3221 5200
306 369 533 422 ouans-r,
565 348 683 431 η]
1189 370 1266 410 na
1297 369 1547 409 scensas
1576 368 1841 410 eamus.
2611 357 2727 414 229

303 521 363 573 et
401 509 694 572 felicitatis
735 518 981 586 aeternae,
1027 515 1064 569 2
1109 511 1239 571 Cor.
1279 510 1380 568 xii.
1412 514 1468 586 2,
1501 514 1556 586 4,
1590 510 1778 588 Apoc.
1809 510 1868 570 ii.
1899 514 1972 587 7;
2009 510 2119 570 Vel
2149 512 2428 573 latronem
2457 514 2568 574 hoc
2597 524 2723 574 tan-

301 603 425 654 tum
527 591 706 663 tiisse,
740 600 804 649 ut
833 591 1097 650 Christus
1126 591 1214 650 sui
1244 610 1464 650 memor
1490 601 1645 650 esset
1687 592 1746 649 in
1775 590 2059 669 paradise,
2092 592 2228 670 quia
2254 613 2371 651 non
2408 594 2722 655 absurdum

303 682 393 732 est
478 673 628 731 icere
678 670 970 730 Christum
1014 671 1182 748 plura
1229 669 1316 729 illi
1359 669 1607 746 dedisse,
1656 690 1829 749 quam
1858 671 2119 748 petierat,
2164 681 2229 731 ut
2269 672 2722 751 benignissimus

305 754 479 811 Pater
506 751 655 810 solet
702 750 890 809 facere
920 770 1094 828 supra
1122 749 1183 808 id
1210 750 1366 828 quod
1393 750 1643 828 petimus
1673 772 1686 827 ;
1746 750 1860 809 Vel
1898 751 2008 810 hoc
2057 771 2185 810 esse
2225 754 2514 829 peculiare
2543 754 2720 832 privi-

300 833 518 911 legium
552 830 837 905 Latronis,
867 850 984 889 non
1033 850 1334 889 commune
1372 829 1629 906 caeteris3
1673 850 1805 889 cum
1849 830 1995 890 fides
2023 840 2082 890 et
2218 831 2478 909 nitentia,
2510 835 2723 912 quibus

301 913 411 972 hoc
440 912 612 971 datur
648 930 683 968 a
726 911 973 986 Christo,
1005 909 1082 969 sit
1129 909 1449 969 communis
1478 910 1732 969 omnium
1764 930 2031 970 verorum
2059 910 2098 968 fi
2142 912 2335 987 elium,
2366 913 2520 973 unde
2571 915 2719 974 Bell.

302 992 404 1051 lib.
434 992 472 1050 i.
504 991 578 1050 de
602 992 767 1049 Beat.
803 992 972 1049 Sanc.
1002 1011 1052 1049 c.
1085 995 1140 1049 7.
1171 990 1319 1049 bene
1347 989 1553 1067 probat
1580 1009 1657 1050 ex
1684 990 1794 1048 hoc
1823 990 1970 1066 locO,
1999 991 2244 1050 Sanctos
2266 992 2459 1052 statim
2483 1014 2518 1053 a
2538 1004 2723 1054 morte

306 1072 419 1132 frui
448 1070 672 1131 visione
710 1070 839 1131 Dei.

301 1178 345 1223 4-
376 1177 453 1223 Ex
488 1174 678 1224 Enochn
697 1179 749 1222 et
870 1150 1051 1208 VIII.
1098 1149 1333 1226 Quart0,
1358 1150 1507 1226 Quia
1536 1149 1740 1209 Enoch
1768 1157 1827 1209 et
1857 1150 2018 1210 Elias
2046 1149 2104 1208 in
2134 1152 2343 1211 coelum
2373 1161 2508 1212 sunt
2536 1162 2720 1213 trans-

476 1234 611 1290 Eliaz
799 1230 920 1305 lati,
956 1230 1108 1289 Heb.
1132 1229 1211 1291 xi.
1244 1232 1300 1305 5,
1332 1241 1391 1290 et
1434 1234 1470 1288 2
1504 1230 1653 1307 Reg.
1683 1229 1743 1289 ii.
1779 1233 1871 1290 11.
1956 1231 2104 1289 Nam
2142 1231 2279 1291 licet
2335 1233 2583 1292 eculiare
2611 1234 2721 1294 hoc

301 1313 445 1392 ipsis
472 1314 662 1389 fuerit,
692 1311 848 1390 quod
877 1331 1115 1386 corpore
1142 1311 1259 1369 sint
1287 1309 1347 1368 in
1374 1310 1585 1369 coelum
1620 1309 1786 1387 rapti,
1818 1329 1935 1369 non
1962 1310 2255 1387 singulare
2282 1253 2392 1371 ‹¹1³1st
2418 1313 2575 1390 quod
2605 1313 2719 1391 spi-

303 1394 418 1453 ritu
447 1394 564 1454 sint
592 1413 661 1453 eo
704 1391 958 1465 admissi,
990 1390 1107 1449 imo
1135 1391 1379 1467 pignora
1414 1389 1628 1449 fuerint
1656 1390 1918 1449 solennia
1943 1390 2056 1468 piis
2085 1391 2287 1469 gloriae
2315 1392 2568 1452 coelestis
2596 1403 2720 1452 tan-

304 1472 436 1534 dem
465 1471 811 1535 obtinendae.
896 1471 1018 1529 Nec
1048 1471 1097 1529 si
1126 1471 1308 1530 literae
1345 1490 1473 1547 quae
1502 1469 1774 1529 dicuntur
1799 1470 1873 1529 ab
1902 1470 2029 1549 ipso
2058 1472 2286 1549 scriptae
2314 1471 2390 1530 ad
2416 1474 2461 1533 J
2464 1493 2718 1532 oramum

305 1557 342 1612 2
374 1554 584 1613 Chron.
616 1553 740 1613 xxi.
776 1555 867 1626 12,
909 1550 1138 1609 traditae
1186 1559 1322 1609 sunt
1352 1550 1502 1627 Regi
1538 1557 1766 1610 tantum
1798 1560 1930 1628 post
1957 1559 2199 1610 mortem
2251 1551 2415 1626 Eliae,
2461 1553 2724 1630 sequitur

306 1653 405 1692 eas
444 1644 577 1711 post
602 1643 829 1711 raptum
872 1650 1040 1690 suum
1068 1629 1177 1689 scri
1223 1631 1385 1689 sisse.
1471 1628 1657 1688 Aliud
1704 1638 1794 1689 est
1839 1640 1974 1707 post
2020 1640 2248 1709 raptum
2303 1631 2547 1709 scriptas
2574 1652 2719 1707 esse,

307 1712 468 1772 aliud
501 1724 633 1791 post
657 1723 884 1790 raptum
912 1720 1137 1770 tantum
1207 1719 1349 1769 atas.
1434 1710 1681 1769 Vanitas
1708 1709 1969 1786 figmenti
1991 1709 2064 1769 de
2093 1709 2468 1770 translatione
2499 1712 2722 1770 Enochi

307 1802 368 1852 et
397 1792 543 1852 Eliae
570 1794 630 1851 in
657 1791 985 1871 paradisum
1015 1798 1362 1864 terrestrem,
1386 1799 1445 1849 et
1473 1789 1544 1849 de
1593 1809 1790 1848 eorum
1821 1789 2012 1848 reditu
2049 1790 2125 1848 ad
2153 1790 2564 1849 debellandum
2596 1791 2719 1849 An-

307 1873 693 1950 ti-Christum,
723 1869 862 1931 alibi
891 1878 1124 1929 ostensa
1151 1879 1240 1929 est
1270 1870 1337 1928 Ρ.
1371 1869 1419 1927 Ι.
1452 1870 1589 1928 Loc.
1621 1869 1803 1927 V111.
1835 1869 1903 1944 Q.
1936 1873 1991 1928 ⁷.
2021 1869 2129 1927 Tb.
2160 1872 2217 1928 9.

909 1950 1029 2009 IX.
1061 1948 1294 2025 Quinto,
1326 1948 1476 2024 Quia
1521 1948 1725 2008 fideles
1753 1958 1979 2008 veteres
2005 1957 2385 2026 expectamnt
2425 1950 2720 2011 civitatem

304 2018 349 2064 ⁶·
365 2018 441 2064 Ex
458 2020 633 2122 ⁸232,ss
658 2018 801 2064 veto-
843 2029 1155 2104 coelestem,
1181 2028 1336 2088 Heb.
1355 2028 1437 2087 xi.
1460 2030 1551 2103 10,
1572 2036 1633 2088 et
1653 2048 1928 2106 magnum
1946 2029 2214 2088 solatium
2243 2038 2302 2089 et
2323 2038 2537 2089 certam
2562 2051 2720 2109 spem

597 2108 609 2120 ’
829 2109 1029 2187 gloriae
1058 2110 1117 2168 in
1146 2117 1329 2168 morte
1369 2108 1713 2183 habuerunt,
1745 2108 1902 2185 quod
1928 2108 2054 2168 fieri
2081 2129 2197 2167 non
2237 2110 2539 2187 potuisset,
2571 2110 2620 2169 si
2663 2112 2722 2169 in

307 2189 592 2249 infernum
624 2189 814 2249 adhuc
843 2188 1188 2249 detrudendi
1231 2188 1492 2248 fuissent.
1576 2187 1879 2263 Quomodo
1907 2188 2097 2247 Jacob
2125 2197 2287 2248 tanto
2309 2189 2501 2248 studio
2530 2209 2592 2250 se
2621 2210 2721 2249 ex·

305 2279 535 2348 pectare
577 2270 823 2330 salutem
854 2268 1089 2327 Domini
1130 2275 1456 2342 testaretur,
1488 2269 1639 2328 Gen.
1670 2268 1815 2326 xlix.
1852 2268 1942 2342 18,
1989 2268 2068 2326 Et
2110 2268 2304 2328 David
2346 2289 2407 2328 se
2435 2268 2497 2326 in
2518 2290 2724 2330 manus

309 2350 543 2409 Domini
573 2350 861 2428 deponere
889 2348 1151 2426 spiritum
1189 2367 1373 2423 suum,
1397 2348 1553 2407 Psal.
1582 2347 1751 2406 xxxi.
1781 2349 1836 2421 5,
1878 2347 1928 2406 si
1955 2349 2157 2425 procul
2186 2349 2509 2408 debuerunt
2535 2350 2724 2411 adhue

306 2450 433 2490 esse
461 2452 498 2490 a
524 2429 672 2490 facie
703 2430 832 2505 Dei,
863 2437 923 2489 et
950 2427 1315 2506 glorificandi
1336 2437 1560 2487 tantum
1577 2435 1712 2506 post
1738 2427 1923 2487 multa
1950 2428 2191 2488 secula?
2245 2429 2368 2488 Nec
2396 2429 2513 2488 dici
2533 2438 2726 2511 potest

308 2510 596 2571 Davidem
635 2510 719 2570 sic
752 2510 889 2570 vitae
916 2507 1326 2587 perfectionem
1372 2509 1498 2568 Deo
1526 2507 1976 2582 commendasse,
2007 2508 2147 2585 quia
2181 2509 2362 2568 verba
2400 2529 2518 2568 non
2547 2510 2724 2569 alium

305 2611 539 2651 sensum
571 2599 815 2669 possunt
843 2590 1102 2651 obtinere
1145 2612 1221 2650 ex
1258 2589 1414 2668 stylo
1456 2589 1783 2666 Scripturae,
1815 2609 1987 2667 quam
2020 2588 2147 2649 Deo
2184 2589 2433 2649 animam
2478 2590 2722 2668 tradere,

306 2681 373 2732 ut
399 2679 559 2750 patet
580 2672 848 2751 exemplo
881 2671 942 2731 S.
976 2671 1273 2749 Stephani,
1307 2671 1443 2730 Act.
1472 2671 1573 2729 vii.
1604 2671 1702 2729 59,

910 2751 996 2812 X.
1042 2752 1184 2827 Quae
1204 2752 1277 2811 de
1296 2753 1591 2828 sepulchro
1612 2758 1673 2810 et
1698 2760 1871 2810 morte
1891 2750 2163 2811 dicuntur
2185 2750 2333 2812 Gen.
2364 2753 2595 2812 xxxvii.
2625 2755 2722 2827 35,

827 2840 886 2890 et
913 2831 1039 2890 xlii.
1062 2835 1157 2906 38,
1188 2830 1347 2909 quod
1372 2831 1562 2891 Jacob
1591 2830 1974 2890 descensurus
2012 2831 2088 2890 sit
2115 2850 2246 2889 cum
2294 2852 2538 2893 moerore
2578 2835 2728 2893 ’νικῶ

828 2912 887 2968 in
912 2914 1281 2986 sepulchrum,
1310 2931 1609 2988 perperam
1644 2910 1951 2968 trahuntur
1977 2910 2053 2968 ad
2082 2910 2353 2969 Limbum
2376 2934 2392 2988 ;
2419 2913 2544 2972 *nutv
2571 2913 2724 2973 enim

306 3007 411 3047 seu
439 2983 562 3051 a..
583 2988 951 3063 sepulchrum
977 2998 1084 3063 est,
1114 2990 1175 3047 in
1202 2989 1360 3066 quod
1386 2990 1650 3047 homines
1676 2997 1809 3064 post
1834 2996 2075 3046 mortem
2105 2988 2482 3049 descendunt.

390 3065 513 3123 XI.
561 3065 821 3124 Cistema
845 3067 959 3125 sive
974 3087 1144 3142 aqua,
1168 3087 1244 3126 ex
1272 3087 1388 3143 qua
1414 3066 1698 3125 educendi
1726 3066 1958 3124 fuerunt
1979 3066 2225 3125 Veteres
2246 3069 2527 3145 sang-uine
2549 3069 2725 3129 foede·

307 3145 407 3221 riS,
441 3144 618 3203 Zach.
648 3144 729 3204 ix,
765 3148 856 3219 11,
887 3164 1006 3202 non
1033 3145 1206 3204 debet
1232 3145 1385 3204 trahi
1411 3144 1487 3203 ad
1516 3144 1806 3217 Limbum,
1838 3163 1969 3202 cum
1996 3144 2108 3202 hoc
2122 3145 2332 3221 partim
2361 3145 2434 3204 de
2461 3145 2730 3209 libertate

302 3247 343 3285 a
385 3224 721 3303 captivitate
769 3224 1130 3302 Babylonica
1156 3234 1214 3284 et
1256 3222 1502 3283 miseriis
1529 3242 1657 3282 eam
1686 3222 2111 3298 comitantibus,
2142 3244 2178 3282 a
2217 3224 2429 3301 quibus
2473 3226 2729 3287 nondum

306 3306 479 3385 plene
506 3304 736 3364 liberati
762 3311 928 3364 erant
946 3304 991 3363 J
997 3303 1162 3380 udaei,
1193 3303 1420 3364 dicatur
1445 3302 1639 3381 quoad
1665 3302 1909 3377 literam,
1933 3301 2141 3379 partim
2170 3303 2363 3380 quoad
2390 3306 2729 3382 mysterium

308 3386 380 3445 de
410 3384 746 3463 captivitate
774 3384 1060 3463 spirituali
1086 3385 1196 3443 sub
1240 3391 1495 3462 peccato,
1526 3403 1562 3441 a
1589 3402 1707 3460 qua
1734 3381 1998 3441 Christus
2035 3402 2142 3442 nos
2179 3383 2387 3443 liberat
2429 3387 2730 3464 sanguinis

306 3466 416 3540 sui,
446 3464 507 3523 in
535 3485 652 3543 quo
689 3464 878 3525 foedus
908 3464 1126 3525 Gratiae
1169 3464 1453 3523 sancitum
1482 3471 1587 3539 est,
1619 3460 1887 3537 efficacia,
1921 3471 1985 3521 ut
2026 3464 2282 3523 omnium
2319 3464 2728 3532 liberationum

306 3545 481 3605 etiam
508 3545 912 3623 temporalium
940 3544 1379 3604 fundamentum
1406 3542 1532 3603 fuit.
2415 3586 2420 3591 -

392 3626 547 3685 XII.
592 3626 725 3684 Non
766 3625 878 3685 fuit
904 3645 1078 3685 verus
1110 3624 1363 3699 Samuel,
1394 3624 1496 3701 qui
1523 3622 1687 3683 visus
1714 3631 1804 3683 est
1835 3623 2219 3702 Pythonissae,
2250 3628 2278 3684 1
2316 3626 2471 3687 Sam.
2518 3630 2726 3692 xxviii.

316 3709 406 3780 12,
439 3705 541 3765 sed
570 3706 698 3783 ejus
724 3715 950 3765 tantum
988 3714 1297 3782 spectrum,
1330 3704 1574 3766 Daemon
1608 3703 1831 3763 seilicet
1876 3704 2180 3783 Prophetae
2227 3726 2531 3784 personam
2566 3729 2725 3769 men-

222 3808 227 3811 ·
309 3786 480 3858 tiens,
510 3785 610 3861 qui
644 3805 677 3844 e
726 3793 877 3845 terra
909 3784 1123 3862 prodiit
1160 3785 1237 3844 ad
1283 3783 1616 3845 terrendum
1649 3785 1899 3859 Saulem,
1929 3794 1996 3845 ut
2039 3786 2358 3863 plerunque
2406 3789 2530 3865 ipse
2562 3788 2726 3851 Sata-

310 3885 418 3923 nas
446 3884 508 3923 se
537 3864 907 3943 transfigurat
932 3864 994 3922 in
1023 3864 1322 3943 Angelum
1349 3864 1514 3924 lucis.
1599 3864 1825 3941 Quippe
1853 3864 1998 3922 nihil
2020 3865 2171 3941 juris
2192 3866 2286 3923 vel
2318 3866 2540 3942 imperii
2570 3887 2725 3925 com-

311 3945 458 4022 petit
507 3945 881 4004 Daemonibus
926 3945 986 4002 in
1029 3944 1254 4022 piorum
1298 3944 1537 4021 animas,
1577 3964 1723 4021 quas
1752 3945 1914 4002 Deus
1961 3945 2178 4020 recepit
2226 3942 2286 4000 in
2331 3945 2729 4006 Tabernacula

312 4034 542 4098 aeterna,
573 4031 640 4099 ut
666 4025 966 4102 quiescant
999 4045 1034 4083 a
1068 4024 1366 4085 laboribus
1394 4025 1514 4085 suis
1538 4045 1552 4097 ;
1596 4024 1741 4081 alias
1769 4021 2019 4081 deterior
2051 4031 2205 4081 esset
2246 4022 2499 4082 conditio
2528 4043 2725 4084 eorum

308 4112 442 4183 post
468 4112 729 4179 mortem,
762 4124 931 4183 quam
962 4103 1023 4162 in
1051 4105 1191 4180 vita,
1221 4104 1283 4162 in
1309 4123 1425 4181 qua
1450 4103 1565 4162 fide
1594 4109 1846 4174 armatae,
1874 4108 2016 4159 tutae
2044 4110 2180 4160 sunt
2207 4101 2282 4159 ab
2310 4103 2578 4162 omnibus
2623 4104 2725 4164 Sa-

309 4192 459 4244 tanae
488 4183 817 4245 insultibus.
902 4182 1077 4242 Adde
1104 4184 1278 4261 quod,
1309 4184 1359 4242 si
1402 4203 1576 4243 verus
1620 4180 1825 4240 fuisset
1876 4180 2125 4254 Samuel,
2157 4199 2272 4237 non
2322 4192 2476 4241 esset
2521 4202 2727 4260 passus

310 4284 371 4323 se
399 4264 626 4323 adorari
664 4285 701 4323 a
732 4263 944 4339 Saule;
990 4264 1114 4322 Nec
1157 4262 1273 4322 dici
1299 4264 1583 4340 potuisset
1627 4262 1814 4319 Deum
1855 4259 2015 4317 Sauli
2043 4260 2231 4335 ipsum
2259 4261 2582 4321 consulenti
2610 4284 2726 4324 non

308 4345 692 4422 respondisse,
723 4364 830 4405 nec
851 4363 954 4421 per
995 4342 1353 4420 Sacerdotes,
1384 4362 1491 4401 nec
1517 4360 1623 4418 per
1664 4339 2000 4417 Prophetas,
2032 4338 2169 4416 quia
2201 4340 2563 4417 repondisset
2589 4350 2728 4404 tuno

309 4444 413 4502 per
442 4425 780 4502 Prophetas,
865 4424 988 4482 Nec
1016 4423 1323 4501 quicquam
1354 4430 1443 4481 est
1470 4420 1746 4479 momenti
1776 4438 1880 4496 pro
1907 4438 2115 4494 errore,
2145 4419 2206 4477 in
2244 4420 2476 4479 nomine
2522 4422 2723 4483 Samu-

310 4503 436 4579 elis,
467 4504 623 4580 quod
666 4504 750 4561 illi
781 4513 1007 4581 spectro
1036 4503 1222 4578 datur,
1263 4502 1400 4579 quia
1428 4502 1510 4560 sic
1540 4499 1654 4559 dici
1685 4500 1871 4577 potuit
1898 4506 2132 4576 propter
2176 4499 2628 4580 similitudinem,
2662 4515 2726 4569 ut

312 4583 502 4643 solent
540 4584 822 4660 imagines
850 4603 1038 4642 rerum
1067 4603 1263 4642 earum
1291 4581 1622 4640 nominibus
1650 4579 1943 4658 appellari,
1975 4599 2215 4656 quarum
2245 4579 2528 4659 imagines
2570 4596 2721 4661 sunt,

311 4674 374 4724 ut
406 4662 661 4741 August.
695 4663 818 4723 fuse
846 4664 1053 4741 probat
1083 4662 1157 4722 ad
1191 4661 1660 4739 Simplicianum3
1706 4660 1802 4719 vel
1830 4661 1891 4720 in
1913 4680 1980 4719 eo
2004 4661 2161 4738 quod
2201 4660 2393 4721 futura
2435 4665 2720 4744 praedixit,

332 2816 513 2863 Fontes
536 2815 742 2863 Solutio·

477 2888 609 2918 num.
