3221 5200
517 359 628 417 126
1409 372 1592 413 Locos
1624 371 1981 413 uanae-mus.
2469 348 2725 431 [Qua-zer.
2757 369 2930 411 xxm.

510 536 642 595 quae
690 513 1129 593 promissionem
1172 512 1373 589 gratiae
1416 521 1473 572 et
1514 514 1781 572 meritum
1820 511 2009 571 Vadis
2051 510 2432 588 amplectitur,
2478 521 2537 570 et
2577 513 2923 588 charitatem,

511 617 642 674 quae
672 595 1034 654 sanctitatem
1066 593 1284 669 Capitis
1313 594 1584 666 imitatur,
1628 592 1949 651 obediendo
1995 592 2123 668 ejus
2166 590 2470 650 mandatis.
2558 592 2731 650 Unde
2776 612 2928 650 mors

469 704 475 710 ¹
513 678 642 754 ejus
669 695 785 734 non
814 674 987 732 modo
1009 681 1098 732 est
1125 673 1300 753 Mereor
1327 673 1720 749 redemptionis
1748 681 1975 747 nostrae,
2008 692 2124 748 quo
2153 670 2432 729 satisfecit
2465 691 2569 748 pro
2596 672 2765 729 nobis
2806 672 2927 748 ple·

512 757 765 829 nissime,
798 754 900 813 sed
929 754 1102 813 etiam
1132 757 1427 828 exemplar
1453 753 1774 811 imitationis
1800 761 2030 827 nostrae,
2062 750 2220 828 quod
2257 751 2425 808 nobis
2466 751 2822 827 proponitur,
2867 758 2930 809 ut

1035 853 1339 909 sequamur
1382 836 1497 908 ejus
1544 834 1792 908 vestigia,
1842 835 1870 888 1
1908 833 2033 890 Pet.
2064 832 2123 889 ii.
2154 834 2228 888 21
2257 853 2271 906 3
2316 834 2373 888 4.
2406 831 2653 888 Ratione
2680 832 2930 906 Spiritus

1037 913 1250 989 Sancti,
1282 913 1384 990 qui
1411 933 1518 971 nos
1547 913 1658 971 sibi
1687 920 1981 970 consecrat
2011 911 2070 969 in
2089 910 2331 987 Templa
2357 910 2419 967 in
2446 911 2657 986 quibus
2686 910 2926 985 habitet,

1042 996 1070 1049 1
1095 993 1224 1052 Cor.
1254 993 1336 1051 iii.
1366 1001 1425 1051 et
1452 993 1549 1068 vi.,
1581 993 1683 1069 qui
1710 1011 1919 1050 nomen
1941 1000 2000 1050 et
2026 1010 2237 1049 munus
2252 990 2429 1048 habet
2460 990 2843 1049 Consolatoris
2873 999 2932 1049 et

514 1073 712 1146 Sancti
747 1076 970 1145 catoris,
1002 1080 1068 1130 ut
1095 1072 1581 1149 quemadmodum
1608 1092 1714 1149 per
1741 1071 1990 1130 officium
2020 1070 2308 1128 Paracleti
2335 1089 2442 1127 nos
2478 1070 2696 1128 solatur
2723 1070 2929 1127 adver-

515 1175 615 1215 sus
655 1153 1118 1213 maledictionem
1163 1152 1377 1229 Legis3
1426 1153 1518 1210 Ita
1559 1173 1676 1229 qua
1720 1151 1969 1228 Spiritus
2011 1149 2482 1209 sanctificationis
2523 1149 2929 1208 necessitatem

482 1235 858 1294 ”obedientiae
889 1232 1036 1308 Legi
1065 1231 1275 1290 debitae
1304 1231 1604 1290 confirmat
1632 1240 1691 1290 et
1719 1231 1920 1290 sancit.

1125 1312 1236 1370 VI.
1283 1314 1337 1369 5.
1373 1312 1621 1370 Ratione
1654 1312 1877 1387 qratiae,
1925 1328 2055 1386 quae
2102 1308 2270 1367 nobis
2312 1309 2408 1366 hic
2448 1307 2573 1385 jam
2619 1307 2927 1384 confertur,

1041 1410 1171 1466 quac
1194 1391 1579 1449 obedientiam
1609 1392 1778 1449 istam
1807 1389 2080 1467 postulat,
2111 1389 2224 1448 Tit.
2256 1389 2316 1446 ii.
2349 1392 2441 1461 14,
2472 1396 2746 1465 tanquam
2758 1391 2926 1461 fruc·

516 1482 632 1530 tum
660 1471 829 1531 istius
858 1470 1109 1543 seminis,
1147 1471 1550 1545 gratitudinem
1593 1491 1697 1547 pro
1746 1469 2042 1528 beneficiis
2083 1468 2351 1545 acceptis,
2399 1468 2613 1526 Psalm.
2645 1467 2798 1526 cxvi.
2834 1470 2926 1542 12,

517 1555 576 1610 et
604 1572 783 1612 cxxx.
813 1555 869 1626 4,
903 1551 1045 1608 Luc.
1076 1550 1113 1606 i.
1148 1553 1242 1624 74,
1275 1558 1332 1608 et
1358 1571 1585 1625 scopum
1614 1549 1689 1607 ad
1717 1570 1890 1626 quem
1930 1548 2181 1626 respicit,
2214 1555 2279 1606 ut
2319 1555 2479 1625 patet
2520 1548 2581 1605 in
2623 1549 2925 1622 Electionc,

518 1631 668 1709 Eph.
718 1632 756 1689 i.
788 1635 843 1707 4,
888 1631 948 1688 in
978 1631 1395 1705 Redemptione,
1429 1631 1541 1688 Tit.
1590 1630 1650 1688 ii.
1686 1633 1777 1704 14,
1822 1629 1882 1687 in
1924 1629 2237 1703 Vocatione,
2275 1631 2303 1684 1
2339 1627 2465 1685 Pet.
2515 1627 2554 1685 i.
2591 1630 2681 1703 15,
2738 1631 2766 1684 1
2801 1628 2927 1686 Pet.

515 1711 573 1769 ii.
623 1714 677 1786 9,
722 1712 784 1768 in
823 1710 1248 1789 Justificatione,
1295 1710 1509 1768 Psalm.
1552 1710 1763 1768 lxxxv.
1808 1711 1863 1784 9,
1918 1708 2049 1766 Gal.
2099 1708 2158 1766 ii.
2203 1710 2298 1782 20,
2345 1707 2501 1765 Psal.
2545 1727 2723 1766 cxxx.
2768 1711 2823 1782 4,
2867 1708 2930 1765 in

1040 1790 1502 1865 Reqeneratione,
1547 1793 1584 1847 2
1634 1790 1763 1848 Cor.
1809 1809 1867 1847 v.
1924 1792 2015 1863 17,
2056 1788 2224 1845 Rom.
2267 1787 2346 1845 vi.
2396 1791 2489 1845 14.
2573 1791 2629 1845 6.
2682 1787 2931 1846 Ratione

1035 1869 1238 1945 ylorioe
1265 1890 1440 1946 quam
1470 1888 1783 1946 speramus,
1805 1867 1880 1926 ad
1908 1887 2081 1944 quam
2111 1867 2440 1925 obedientia
2468 1867 2617 1943 Legi
2644 1867 2840 1926 debita
2869 1886 2931 1926 se

515 1949 692 2008 habet
719 1957 993 2024 tanquam
1023 1950 1264 2007 medium
1292 1950 1367 2007 ad
1394 1949 1585 2022 finem,
1620 1949 1742 2007 sine
1772 1969 1887 2025 quo
1915 1948 1991 2005 ad
2019 1966 2150 2005 eum
2178 1967 2295 2005 non
2328 1948 2679 2024 pervenitur,
2711 1947 2753 2007 J
2757 1948 2928 2005 ohan.

515 2029 597 2087 iii.
629 2030 683 2103 5,
717 2028 886 2087 Matt.
906 2048 964 2087 V.
996 2030 1050 2102 8,
1086 2028 1238 2086 Heb.
1270 2029 1372 2087 xii.
1408 2033 1499 2104 14,
1545 2031 1651 2088 Via
1679 2028 1756 2087 ad
1781 2037 2012 2104 metam,
2040 2027 2253 2105 Ephes.
2277 2027 2337 2084 ii.
2366 2030 2459 2103 10,
2487 2026 2698 2104 Philip.
2728 2027 2808 2084 iii.
2834 2030 2925 2101 14,

517 2110 717 2166 Semen
745 2108 819 2166 ad
848 2127 1111 2181 messem,
1162 2109 1293 2167 Gal.
1324 2108 1403 2167 vi.
1436 2114 1490 2183 7,
1523 2111 1578 2184 8,
1628 2117 1686 2167 et
1720 2108 1993 2185 primitiae
2036 2107 2113 2165 ad
2159 2127 2425 2180 massam,
2475 2107 2644 2165 Rom.
2676 2107 2797 2164 viii.
2829 2110 2926 2181 23,

516 2188 634 2246 imo
662 2196 934 2264 tanquam
964 2207 1099 2265 pars
1126 2188 1428 2265 potissima
1457 2189 1766 2248 felicitatis.
1854 2188 2024 2247 Unde
2053 2188 2345 2245 necessitas
2381 2187 2664 2245 bonorum
2692 2206 2929 2263 operum

517 2267 593 2325 ad
621 2267 861 2342 gloriam
892 2268 1088 2342 oritur,
1119 2287 1236 2326 non
1263 2270 1464 2343 meriti,
1497 2269 1601 2327 sed
1629 2269 1801 2327 medii
1812 2293 1836 2340 ‚·
1877 2275 1944 2326 ut
1970 2286 2139 2324 nemo
2182 2266 2240 2323 in
2271 2266 2417 2324 coelo
2447 2266 2756 2343 glorificari
2796 2286 2927 2342 pos-

519 2346 610 2419 sit,
642 2346 743 2422 qui
786 2367 904 2412 non
941 2366 1045 2424 per
1071 2347 1305 2424 pietatis
1334 2349 1588 2408 studium
1620 2358 1678 2408 et
1709 2348 1886 2425 Legis
1914 2345 2302 2405 obedientiam
2332 2346 2725 2405 sanctificatus
2763 2345 2935 2405 fuerit

519 2426 582 2484 in
610 2426 796 2484 terris.

511 894 556 940 4
579 894 787 940 Ratione
808 893 962 952 spiri-

688 956 783 997 tus.

512 1360 560 1404 5.
583 1359 791 1405 Ratione
811 1358 1000 1418 gratioe.

515 1835 558 1881 6.
592 1836 800 1881 Ratione
820 1835 998 1895 gloriis.

1118 2506 1266 2565 VII.
1312 2505 1497 2565 Aliud
1525 2514 1615 2565 est
1643 2526 1769 2565 esse
1800 2506 1908 2565 sub
1936 2509 2103 2582 Leqc,
2135 2511 2201 2565 ut
2240 2504 2347 2562 sub
2380 2507 2602 2577 foedere
2630 2503 2706 2562 ad
2745 2504 2929 2563 vitam

1041 2605 1118 2644 ex
1166 2606 1234 2645 ea
1282 2586 1708 2664 acquirendam,
1740 2595 1807 2646 ut
1850 2593 1972 2645 erat
2022 2585 2304 2659 AdamuS,
2335 2585 2431 2643 vel
2476 2592 2542 2644 ut
2586 2584 2693 2643 sub
2738 2585 2931 2662 paeda-

1042 2685 1212 2743 gog0,
1271 2675 1330 2725 et
1385 2687 1612 2724 carcere
1670 2666 1746 2724 ad
1793 2667 2083 2724 hominem
2130 2664 2569 2723 custodiendum
2625 2685 2807 2742 usque
2856 2664 2933 2724 ad

518 2745 833 2804 adventum
862 2744 1076 2803 Christi
1100 2768 1114 2820 3
1161 2746 1344 2803 Aliud
1372 2766 1487 2804 non
1516 2766 1644 2804 esse
1673 2746 1782 2804 sub
1814 2746 1989 2822 Lege,
2021 2754 2086 2804 ut
2112 2745 2237 2804 vitae
2264 2749 2461 2821 reyula
2488 2744 2563 2802 ad
2605 2764 2793 2803 mores
2837 2745 2932 2821 pie

518 2834 579 2884 et
606 2834 802 2885 sancte
850 2825 1276 2884 instituendos:
1321 2824 1506 2884 Aliud
1543 2845 1671 2884 esse
1701 2826 1808 2884 sub
1859 2826 2017 2902 Lege
2060 2834 2345 2902 quatenus
2386 2825 2695 2902 opponitur
2735 2824 2933 2882 Evan-

522 2905 677 2982 gelio
706 2905 898 2982 quoad
926 2904 1172 2981 rigidam
1223 2914 1282 2963 et
1327 2905 1641 2984 perfectam
1692 2904 2035 2964 obedientiae
2085 2905 2465 2979 exactionem,
2514 2913 2573 2963 et
2617 2904 2932 2962 terribilem

519 3005 694 3061 quam
722 2986 970 3044 intentat
996 2984 1396 3062 peccatoribus
1430 2985 1913 3061 maledictionem,
1947 2984 2132 3043 Aliud
2176 3004 2303 3043 esse
2333 2985 2441 3042 sub
2468 2986 2620 3059 Leqe
2648 2992 2933 3061 quatenus

519 3064 605 3123 illi
637 3065 1059 3140 subordinatur,
1091 3066 1282 3142 quoad
1312 3085 1548 3125 suavem
1588 3065 1981 3124 directionem.
2071 3064 2256 3123 Priori
2305 3083 2479 3123 sensu
2530 3064 2748 3122 Paulus
2789 3063 2932 3122 dicit

521 3147 559 3178 ‘⁴
587 3166 694 3203 nos
722 3166 837 3204 non
866 3165 993 3205 esse
1021 3146 1130 3204 sub
1161 3146 1336 3224 Lege,
1370 3148 1472 3205 sed
1502 3147 1610 3205 sub
1646 3146 1891 3224 gratia‚”
1924 3146 2093 3203 Rom.
2124 3144 2202 3202 vi.
2238 3147 2328 3217 14,
2360 3143 2551 3220 quoad
2595 3144 2932 3202 relationem

520 3224 869 3301 foederalem,
901 3234 959 3284 et
987 3226 1178 3302 quoad
1206 3227 1670 3286 maledictionem
1699 3236 1759 3285 et
1786 3226 2052 3303 rigorem,
2078 3224 2214 3300 quia
2243 3224 2507 3283 Christus
2535 3243 2639 3301 per
2665 3224 2934 3282 meritum

522 3324 690 3363 suum
719 3325 825 3363 nos
846 3305 920 3362 ab
949 3305 1050 3363 illa
1076 3305 1362 3381 liberavit,
1396 3317 1453 3366 et
1480 3328 1583 3385 per
1616 3307 1892 3383 Spiritum
1922 3325 2028 3363 nos
2057 3304 2259 3362 eximit
2281 3303 2354 3361 ab
2383 3304 2530 3380 isto;
2581 3302 2697 3361 Sed
2738 3312 2931 3379 poste-

519 3385 673 3456 riori,
706 3384 792 3441 illi
819 3404 1117 3441 manemus
1145 3405 1370 3462 semper
1396 3387 1675 3459 obstricti,
1706 3386 1843 3443 licet
1870 3385 2163 3443 diversum
2192 3384 2254 3440 in
2280 3383 2471 3458 finem,
2496 3403 2629 3440 nam
2660 3383 2719 3440 in
2747 3383 2935 3460 primo

521 3462 736 3520 foedere
763 3463 936 3519 homo
966 3465 1066 3519 hoc
1077 3467 1281 3536 facere
1309 3463 1572 3539 debebat,
1619 3474 1682 3522 ut
1705 3464 1911 3523 biver-et
1936 3465 2011 3522 ad
2040 3464 2219 3522 vitam
2247 3463 2700 3540 promerendam,
2743 3461 2846 3520 sed
2875 3462 2938 3521 in

519 3540 634 3598 isto
661 3540 815 3597 idem
845 3549 1115 3621 praestare
1143 3550 1385 3617 tenetur,
1407 3563 1530 3617 ,non
1560 3552 1629 3601 ut
1654 3544 1835 3617 vivat,
1868 3543 1971 3603 sed
1999 3545 2134 3620 quia
2161 3544 2308 3619 vivit,
2340 3543 2414 3601 ad
2443 3543 2580 3602 vitae
2608 3563 2711 3620 per
2739 3543 2935 3601 Chris·

520 3628 645 3678 tum
674 3619 970 3695 acquisitae
991 3620 1432 3698 possessionem,
1464 3632 1522 3682 et
1551 3624 1700 3701 grati
1731 3624 1908 3682 animi
1935 3624 2348 3698 testimonium,
2378 3631 2445 3682 ut
2474 3622 2796 3700 Apostolus
2823 3623 2935 3681 ibi-

521 3699 654 3758 dem
683 3699 884 3758 fideles
913 3700 986 3758 ad
1016 3701 1398 3761 obedientiam
1428 3703 1706 3762 hortatur.
2542 3740 2556 3750 ·

605 3780 785 3839 VIII.
829 3783 958 3839 Lex
986 3801 1020 3839 a
1049 3781 1249 3856 Paulo,
1284 3783 1393 3841 Ro.
1423 3783 1523 3843 vii.
1555 3788 1610 3858 2,
1638 3787 1692 3857 3,
1725 3784 2016 3842 confertur
2043 3782 2248 3841 marito
2275 3791 2512 3856 mortuo,
2557 3801 2673 3839 non
2716 3780 2937 3858 simpli-

520 3860 681 3936 citer,
714 3861 817 3919 sed
845 3862 1161 3921 secundum
1190 3862 1330 3939 quid
1359 3864 1579 3922 ratione
1608 3863 1835 3940 imperii
1864 3871 1923 3921 et
1970 3862 2215 3940 rigorosi
2261 3861 2502 3920 dominii
2529 3860 2686 3938 quod
2728 3861 2787 3918 in
2828 3880 2936 3919 nos

519 3942 834 4015 obtinebat,
867 3951 926 4001 et
953 3941 1372 4001 maledictionis
1401 3944 1494 4002 cui
1521 3943 1889 4020 mancipabat
1926 3952 2290 4018 peccatores3
2336 3940 2440 4000 sed
2484 3961 2600 3998 non
2643 3940 2938 3999 liberatio·

518 4022 610 4080 nis
639 4023 712 4080 ab
741 4022 927 4081 officio
955 4023 1282 4099 praestando
1305 4023 1480 4100 juxta
1508 4044 1655 4083 eam.
1744 4023 1839 4082 Sic
1874 4026 1903 4079 1
1938 4023 2089 4081 Tim.
2109 4023 2148 4081 i.
2179 4024 2234 4097 9,
2270 4022 2395 4079 Lex
2424 4021 2668 4094 minanS,
2701 4040 2935 4097 cogens,

519 4101 816 4176 damnans,
849 4123 960 4161 non
987 4113 1066 4161 est
1083 4103 1274 4178 posita
1286 4106 1460 4178 justo,
1494 4105 1632 4180 quia
1659 4103 1814 4162 ultro
1843 4102 1918 4160 ad
1947 4102 2197 4161 officium
2219 4101 2553 4178 impellitur,
2585 4109 2644 4158 ct
2672 4120 2788 4157 non
2817 4119 2939 4157 am-

518 4182 673 4258 plius
703 4183 908 4259 spiritu
938 4182 1234 4242 servitutis
1264 4192 1322 4242 et
1349 4183 1654 4242 formidine
1697 4202 1883 4260 poenae
1912 4182 2159 4256 ducitur,
2215 4182 2384 4239 Rom.
2416 4180 2538 4238 viii.
2574 4183 2666 4254 15,
2715 4180 2812 4239 ΡΒ.
2844 4200 2939 4239 cx.

519 4265 575 4336 3,
609 4262 711 4321 sed
742 4263 868 4321 Lex
897 4262 1178 4321 directiva
1205 4271 1263 4321 et
1291 4264 1619 4340 regulativa
1646 4282 1871 4321 morum
1925 4281 2151 4338 semper
2179 4262 2267 4319 illi
2313 4260 2563 4338 ponitur,
2596 4268 2655 4317 et
2699 4259 2754 4317 ei
2804 4259 2940 4318 sub-

518 4361 645 4400 esse
675 4342 864 4401 debet.
951 4344 988 4375 “
1018 4342 1131 4417 Qui
1163 4343 1380 4419 Spiritu
1409 4352 1678 4421 aguntur,
1710 4362 1827 4401 non
1871 4350 2006 4400 sunt
2047 4342 2295 4418 amplius
2325 4340 2433 4398 sub
2464 4340 2681 4416 Lege,''
2715 4339 2849 4398 Gal.
2879 4360 2940 4398 v.

525 4423 615 4495 18,
649 4431 892 4498 cogente
922 4421 1142 4481 scilicet
1169 4430 1229 4480 et
1257 4423 1653 4497 maledicente,
1687 4422 1789 4480 sed
1823 4421 1931 4480 sub
1960 4442 2028 4480 ea
2052 4421 2353 4498 dirigente,
2379 4428 2665 4496 quatenus
2692 4418 2943 4495 Spiritus

523 4499 741 4574 Legem
770 4502 939 4559 istam
967 4501 1232 4560 inscribit
1259 4502 1319 4560 in
1348 4504 1619 4561 cordibus
1661 4501 1894 4576 nostris,
1942 4506 1977 4559 2
2010 4501 2226 4561 Corint.
2258 4501 2339 4559 iii.
2384 4504 2439 4575 2,
2485 4500 2704 4559 Jerem.
2750 4499 2940 4575 xxxi„

521 4598 652 4653 quae
683 4579 812 4637 ideo
841 4579 968 4637 Lex
1001 4581 1250 4658 Spiritus
1279 4582 1414 4640 vitae
1443 4591 1701 4657 vocatur,
1736 4582 1980 4639 Roman.
2011 4581 2133 4640 viii.
2164 4585 2221 4639 2.

604 4657 726 4716 ΙΧ.
771 4656 955 4717 Aliud
981 4669 1071 4719 est
1098 4660 1257 4738 loqui
1299 4660 1371 4720 de
1401 4662 1703 4722 duratione
1744 4660 2081 4721 oeconomiae
2126 4659 2378 4738 Legalis,
2424 4658 2611 4718 Aliud
2651 4657 2724 4717 de
2767 4657 2940 4717 dura*

536 2570 717 2618 Fontes
759 2571 970 2618 Solutio-

692 2645 826 2676 num·
