3221 5200
499 348 614 405 456
1348 358 1530 397 Locus
1562 357 1820 396 necinus
1855 357 2124 405 me'rus.
2535 337 2803 418 [QrAEsT.
2852 354 2944 393 η’.

508 511 766 562 cerneret
823 501 1063 557 liberum
1135 500 1434 557 arbitrium
1520 508 1719 557 contra
1772 498 2034 573 Paulum,
2116 502 2139 556 1
2179 499 2306 557 Cor.
2365 500 2444 557 iv.
2506 501 2559 572 7,
2666 498 2819 571 Quis
2874 507 2939 554 te

508 584 797 656 discernit,
844 580 984 657 quid
1025 579 1204 638 habes
1246 579 1402 655 quod
1445 600 1559 637 non
1602 580 1939 656 acceperis?
2050 580 2198 637 Nam
2243 580 2289 636 si
2334 580 2449 638 duo
2506 577 2750 636 eandem
2787 596 2936 634 con·

511 664 733 721 cionem
793 660 1046 734 audiant,
1105 668 1163 717 et
1218 660 1457 717 eandem
1507 660 1745 717 interius
1793 659 2224 736 inspirationem
2270 660 2536 733 habeant,
2584 677 2736 715 unus
2784 676 2940 713 vero

512 743 724 817 credat,
757 742 902 799 alter
928 759 1043 797 non
1087 739 1299 813 credat,
1345 760 1534 798 nonne
1577 739 1766 797 dicere
1810 740 2018 816 poterit
2047 740 2096 797 is
2139 740 2237 816 qui
2294 738 2619 811 crediderit,
2665 738 2803 813 Ego
2834 755 2938 793 me

510 823 760 882 discrevi
803 821 875 879 ab
918 819 1154 893 infideli,
1202 819 1337 895 quia
1379 840 1489 895 ego
1532 819 1765 877 credere
1816 820 1992 892 volui,
2038 820 2136 877 ille
2180 820 2399 894 noluit3
2447 820 2651 877 Nonne
2708 815 2937 893 poterit

510 903 761 980 gloriari,
794 900 950 979 quod
980 909 1317 975 cooperatus
1348 900 1422 957 sit
1450 900 1651 975 gratiae
1683 899 1811 975 Dei,
1843 920 2015 974 quam
2044 900 2190 957 alter
2231 899 2619 976 contempsit?
2702 898 2792 954 At
2815 895 2936 953 hoc

510 984 633 1042 fieri
672 1002 844 1059 posse
873 989 1049 1055 negat
1080 979 1458 1055 ApostoluS,''
1485 978 1592 1037 Sec.
1640 979 1780 1053 Quae
1811 979 1958 1037 ratio
1992 979 2225 1038 omnino
2240 980 2511 1056 jugulum
2551 977 2696 1054 petit
2737 976 2935 1052 ipsius

509 1061 966 1141 pestilentissimi
983 1059 1207 1133 crroriS,
1258 1060 1335 1118 Et
1357 1059 1450 1116 vel
1481 1080 1595 1116 una
1618 1059 1875 1117 sufficere
1896 1068 2087 1136 potest
2109 1060 2181 1117 ad
2200 1060 2509 1118 falsitatem
2538 1059 2665 1135 ejus
2683 1056 2932 1113 demon·

489 1142 821 1215 'strandam,
851 1141 933 1199 Ut
955 1140 1049 1196 hic
1070 1139 1364 1197 mittamus
1384 1140 1706 1215 complures
1737 1139 1896 1214 aliaS,
1921 1160 2049 1216 quae
2069 1140 2141 1198 ab
2160 1139 2408 1197 hominis
2421 1138 2585 1197 totali
2607 1137 2681 1194 ad
2703 1136 2932 1194 bonum

510 1222 865 1299 impotentia,
887 1228 944 1278 et
965 1219 1166 1295 gratiae
1194 1220 1407 1277 virtute
1433 1219 1804 1296 insuperabili
1823 1228 2111 1296 petuntur,
2133 1220 2204 1277 de
2227 1219 2438 1295 quibus
2467 1219 2930 1293 diceturpostea.

510 1342 553 1386 2·
580 1344 627 1386 A
649 1341 686 1386 C
692 1354 754 1384 on
760 1342 991 1397 gruitate.
1116 1298 1234 1356 ΙΙΙ.
1284 1298 1550 1356 Secunda
1578 1299 1790 1375 opinio,
1812 1320 1984 1375 quam
2016 1299 2402 1357 Bellarminus
2425 1298 2678 1356 insinuat
2706 1296 2926 1373 potius,

1035 1398 1207 1454 quam
1263 1379 1526 1453 adstruit,
1586 1379 1694 1436 sub
1741 1379 1914 1437 finem
1964 1380 2167 1456 capitis
2220 1383 2311 1453 12,
2371 1398 2543 1456 supra
2598 1377 2775 1450 citati,
2837 1387 2931 1435 est

507 1481 721 1534 corum,
755 1459 854 1536 qui
883 1458 1191 1516 efficaciam
1210 1459 1411 1535 gratiae
1432 1459 1489 1514 in
1517 1461 1551 1490 “
1575 1458 1917 1517 Vocationis
1947 1460 2346 1537 congruitate”
2380 1459 2680 1531 collocant,
2710 1460 2746 1489 ‘⁴
2769 1457 2922 1513 nim·

508 1542 637 1599 mir.
668 1541 726 1597 in
756 1548 995 1597 externa
1022 1537 1270 1614 quadam
1301 1538 1566 1597 suasione
1596 1539 1816 1614 morali,
1848 1560 1976 1616 quae
2004 1560 2107 1617 per
2132 1540 2377 1597 liberum
2406 1538 2704 1597 arbitrium
2728 1537 2926 1613 respui

508 1630 700 1698 potest
728 1629 785 1679 et
813 1628 1005 1678 tamen
1034 1618 1392 1677 infallibilem
1450 1618 1716 1677 effectum
1745 1620 1935 1694 habet,
1968 1621 2103 1696 quia
2135 1621 2294 1678 Deus
2316 1640 2440 1677 eam
2465 1619 2788 1677 suasionem
2820 1617 2923 1673 ad-

506 1702 684 1777 hibet,
717 1720 889 1777 quam
919 1719 1234 1776 congruere
1263 1700 1427 1757 novit
1454 1699 1689 1775 ingenio
1719 1720 1932 1775 eorum,
1965 1720 2110 1776 quos
2139 1700 2445 1758 efficaciter
2470 1699 2694 1756 trahere
2724 1698 2924 1755 decre-

507 1783 611 1855 vit,
643 1791 702 1840 et
729 1801 901 1859 quam
932 1789 1086 1838 certo
1109 1780 1272 1837 novit
1300 1780 1372 1837 ab
1402 1780 1473 1837 iis
1502 1799 1617 1837 non
1649 1780 2183 1839 contemnendam.'’
2268 1780 2467 1837 Verba
2516 1787 2650 1836 sunt
2698 1777 2923 1835 Benar-

507 1863 650 1922 mini
679 1863 717 1919 l.
749 1861 864 1935 cit„
898 1869 954 1918 et
984 1859 1194 1917 clarius
1222 1869 1474 1918 mentem
1505 1880 1666 1917 suam
1690 1880 2003 1936 exponenS‚
2035 1860 2134 1917 lib.
2159 1860 2237 1918 iv.
2263 1881 2311 1918 c.
2347 1863 2438 1933 11,
2471 1858 2641 1917 docet
2671 1862 2706 1891 “
2729 1857 2919 1915 effica-

509 1944 654 2003 ciam
679 1941 979 2013 suasionis,
1011 1960 1125 1997 non
1154 1949 1272 1997 tam
1323 1960 1397 1997 ex
1452 1940 1818 1998 vehementia
1865 1940 2251 2016 persuasionis
2296 1940 2616 2017 provenire,
2647 1958 2819 2015 quam
2845 1958 2922 1995 ex

507 2022 884 2100 dispositione
914 2019 1247 2094 voluntatis,
1274 2039 1446 2095 quam
1473 2019 1633 2078 Deus
1673 2020 1969 2097 praevidet,
2002 2021 2269 2078 nimirum
2314 2040 2443 2078 cum
2499 2020 2658 2077 Deus
2685 2019 2767 2076 ita
2787 2038 2919 2094 pro-

509 2102 672 2179 ponit
721 2100 941 2177 aliquid
987 2100 1212 2158 interna
1261 2099 1647 2176 persuasione,
1681 2108 1746 2157 ut
1800 2100 1997 2158 videat
2046 2101 2401 2159 voluntatem
2453 2108 2646 2176 aptam
2689 2119 2813 2156 esse
2845 2098 2921 2155 ad

509 2180 1042 2242 consentiendum.'’
1131 2180 1207 2238 Et
1229 2179 1443 2237 ibidem
1467 2179 1645 2254 addit,
1682 2180 2203 2238 “infallibilitatem
2233 2180 2315 2238 rei
2343 2200 2460 2237 non
2490 2179 2624 2237 oriri
2647 2199 2719 2237 ex
2745 2179 2919 2236 vehe-

508 2262 722 2321 mentia
758 2260 1029 2319 motionis
1050 2259 1281 2331 divinae,
1314 2259 1415 2317 sed
1435 2280 1508 2317 ex
1536 2260 1880 2335 praevisione
1926 2260 2264 2337 aptitudinis
2313 2259 2493 2338 ipsius
2542 2258 2920 2317 voluntatiS.''

511 2343 574 2401 Si
611 2350 899 2418 quaeratur
930 2359 1098 2416 porro
1143 2340 1203 2395 in
1249 2360 1363 2416 quo
1394 2340 1672 2398 consistat
1713 2340 2089 2417 congruentia
2118 2340 2229 2398 ista
2278 2340 2635 2412 Vocationis,
2685 2340 2918 2411 Sum-ez,

505 2423 607 2480 lib.
638 2423 717 2479 iii.
750 2441 873 2497 cap.
910 2423 999 2493 15,
1031 2419 1102 2476 de
1126 2419 1343 2476 auxilio
1373 2419 1586 2478 efficaci
1639 2420 1795 2493 dicit,
1843 2420 2134 2493 Quosdam
2164 2440 2396 2478 censere
2446 2429 2667 2478 tantum
2699 2418 2919 2477 consis-

507 2511 626 2561 tere
657 2502 715 2559 in
745 2499 991 2577 quadam
1022 2499 1403 2575 proportione,
1437 2520 1565 2575 quae
1595 2510 1684 2557 est
1703 2500 1850 2558 iuter
1888 2501 2366 2559 illuminationem
2394 2500 2498 2559 tali
2526 2500 2697 2557 modo
2725 2520 2761 2556 a
2791 2499 2920 2556 Deo

509 2581 769 2641 effectam
793 2581 852 2637 in
880 2578 1110 2637 homine
1139 2578 1273 2636 talis
1308 2579 1742 2656 complexionis,
1790 2588 2025 2653 naturae,
2073 2588 2131 2639 et
2175 2580 2548 2656 conditionis3
2597 2581 2784 2638 Deum
2818 2599 2921 2638 au-

510 2673 623 2720 tem
656 2663 778 2718 haec
807 2659 1173 2717 exactissime
1204 2658 1782 2734 comprehendentem
1812 2661 1869 2717 in
1900 2681 2242 2738 quocunque
2265 2662 2513 2736 homine,
2545 2681 2715 2718 nosse
2744 2659 2922 2718 etiam

511 2741 640 2817 quis
660 2738 865 2796 modus
888 2737 1228 2796 Vocationis
1269 2738 1343 2795 sit
1366 2738 1450 2795 illi
1480 2740 1963 2815 accommodatuS,
2004 2749 2070 2800 ut
2108 2742 2154 2798 si
2186 2743 2266 2799 ita
2320 2762 2419 2799 cor
2466 2743 2591 2819 ejus
2630 2749 2921 2816 tangatur,

508 2819 849 2878 consentiat.
899 2818 1047 2892 Quia
1075 2837 1214 2874 vero
1244 2817 1489 2876 Vocatio
1513 2818 1626 2876 ista
1654 2819 1827 2877 debet
1855 2839 1980 2879 esse
2010 2821 2262 2879 medium
2293 2821 2788 2880 accommodatum
2821 2821 2915 2877 in-

510 2898 754 2959 tentioni
788 2897 896 2956 Dei
926 2897 1157 2971 efficaci,
1190 2917 1360 2973 quam
1390 2898 1648 2975 implicat
1677 2919 1790 2956 non
1836 2900 2077 2977 impleri,
2111 2910 2168 2959 et
2216 2902 2547 2979 congruitas
2592 2902 2703 2960 ista
2731 2901 2920 2959 solum

512 2979 733 3040 inducit
753 2977 1045 3055 quandam
1064 2978 1340 3036 moralem
1362 2979 1782 3055 certitudinem,
1816 2980 1905 3039 cui
1931 2981 2193 3039 absolute
2223 3002 2337 3039 non
2368 2989 2666 3059 repugnat,
2699 2991 2763 3040 ut
2793 2981 2921 3039 Vo-

510 3059 721 3120 cationi
779 3059 861 3117 sic
903 3079 1172 3136 congruas
1216 3058 1458 3117 liberum
1501 3059 1799 3118 arbitrium
1843 3061 2112 3120 resistat:
2158 3061 2299 3119 Ideo
2342 3061 2482 3120 dicit
2530 3061 2922 3120 omnimodam

511 3140 820 3201 efficaciam
852 3140 1189 3199 Vocationis
1220 3139 1278 3196 in
1308 3159 1376 3196 eo
1405 3140 1736 3215 consistere,
1766 3145 1799 3173 ‘⁸
1822 3141 1977 3217 quod
2017 3143 2174 3200 Deus
2216 3142 2440 3200 infinita
2485 3162 2589 3199 sua
2638 3142 2927 3218 sapientia

509 3221 851 3300 praevidenS,
883 3220 1025 3298 quid
1053 3239 1410 3296 unaquaeque
1453 3240 1628 3278 causa
1671 3241 1772 3279 seu
1815 3222 2084 3280 voluntas
2128 3222 2184 3278 in
2229 3222 2384 3279 omni
2413 3231 2623 3280 eventu
2669 3231 2727 3279 et
2753 3242 2926 3279 occa·

512 3304 672 3361 sione
694 3309 995 3378 operatura
1025 3300 1117 3373 sit,
1150 3300 1198 3357 si
1240 3300 1301 3356 in
1330 3321 1397 3358 ea
1426 3301 1824 3375 constituatur,
1870 3302 2041 3359 etiam
2099 3302 2412 3378 cognoscit,
2458 3301 2690 3377 quando
2738 3310 2799 3359 et
2826 3303 2926 3360 cui

511 3380 801 3440 vocationi
832 3381 904 3437 sit
934 3398 1292 3454 unaquaeque
1321 3379 1591 3437 voluntas
1615 3400 1913 3439 assensum
1942 3381 2268 3457 praebitura,
2301 3382 2348 3439 si
2391 3382 2446 3440 ei
2474 3382 2660 3440 detur.
2746 3381 2923 3440 Unde

511 3460 742 3537 quando
771 3460 899 3516 vult
928 3459 1216 3515 homincm
1247 3469 1597 3532 convertere,
1632 3461 1758 3518 vult
1802 3461 1974 3519 etiam
2016 3461 2178 3518 illum
2230 3482 2434 3520 vocare
2481 3483 2549 3519 eo
2577 3471 2832 3538 tempore
2861 3472 2926 3521 et

512 3540 702 3611 mod0,
725 3557 838 3614 quo
868 3538 1032 3594 novit
1064 3538 1235 3593 'illum
1266 3556 1694 3611 consensurum,
1754 3549 1813 3598 ct
1867 3541 2000 3598 talis
2030 3541 2276 3600 Vocatio
2325 3542 2646 3619 appellatur
2694 3541 2920 3614 efficax,

511 3617 809 3695 quialicet
851 3636 923 3673 ex
956 3636 1016 3673 sc
1070 3635 1185 3671 non
1239 3616 1449 3675 habeat
1506 3617 1863 3677 infallibilem
1914 3620 2196 3696 effectum,
2228 3630 2421 3680 tamen
2470 3631 2533 3679 ut
2562 3621 2761 3679 subest
2817 3622 2920 3679 tali

512 3696 766 3757 scientiae
797 3696 1027 3769 divium,
1060 3694 1437 3753 infallibiliter
1474 3705 1561 3754 est
1593 3697 1754 3755 illum
1776 3698 2103 3776 habitura,”
2125 3700 2231 3758 Sto.
2279 3701 2434 3759 Hinc
2462 3710 2621 3778 patet
2649 3701 2920 3777 congrui-

522 3787 702 3837 tatem
735 3777 902 3835 istam
930 3774 1245 3835 secundum
1274 3776 1544 3834 authores
1575 3777 1735 3852 istos,
1781 3778 1841 3835 in
1861 3779 2044 3839 tribus
2067 3782 2432 3857 potissimum
2475 3782 2813 3840 consistere.
2862 3785 2916 3840 1.

514 3861 583 3918 In
616 3857 899 3916 suasione.
945 3861 998 3914 2.
1048 3855 1117 3912 In
1147 3855 1251 3914 tali
1278 3858 1804 3933 contemporatione
1836 3861 2136 3934 suasionis,
2170 3862 2270 3919 tali
2315 3882 2574 3938 personae
2605 3862 2687 3919 sic
2719 3863 2916 3939 dispo-

420 3937 428 3944 ’
512 3942 655 4014 sitae,
687 3938 788 3998 tali
819 3939 963 4011 loct),
985 3945 1041 3996 et
1069 3946 1344 4013 tempore.
1416 3940 1472 3996 3.
1500 3938 1569 3995 In
1600 3938 1839 3998 scientia
1867 3940 2072 4012 media,
2105 3961 2219 4017 qua
2247 3942 2491 4018 praescit,
2524 3962 2639 4018 quo
2669 3962 2730 4000 se
2753 3941 2919 4000 incli-

511 4031 715 4079 natura
737 4018 812 4077 sit
840 4018 1127 4091 voluntaS,
1163 4017 1232 4074 In
1262 4018 1363 4076 tali
1394 4027 1647 4095 tempore
1678 4029 1735 4077 et
1764 4020 2162 4078 occasionibus
2183 4021 2391 4080 locata.

596 4100 706 4157 lV.
756 4098 871 4156 Sed
898 4098 1023 4155 haec
1052 4096 1246 4173 opinio
1295 4097 1500 4155 merito
1530 4099 1862 4175 exploditur
1910 4100 1983 4157 ab
2035 4101 2405 4159 Orthodoxis.
2496 4105 2546 4158 1.
2580 4102 2728 4175 Quia
2756 4100 2912 4159 coin·

514 4180 656 4239 cidit
705 4199 834 4237 cum
906 4177 1105 4254 prima,
1168 4197 1339 4253 quam
1402 4178 1787 4236 Bellarminus
1860 4180 2063 4256 rejicit,
2140 4180 2279 4239 licet
2350 4181 2543 4239 verbis
2610 4181 2914 4257 discrepet,

511 4259 648 4337 quia
703 4278 813 4316 non
866 4257 1056 4315 minus
1106 4257 1464 4332 praecedente
1520 4258 1798 4317 adscribit
1847 4259 2156 4317 efficaciam
2213 4261 2414 4337 gratia}
2470 4261 2758 4319 voluntati
2812 4262 2914 4318 ho·

509 4338 699 4411 miniS,
758 4347 815 4396 ct
859 4337 1003 4395 ratio
1033 4356 1147 4413 qua
1184 4336 1425 4412 primam
1457 4339 1798 4397 sententiam
1849 4339 2030 4397 solide
2061 4340 2423 4417 impugnavit
2473 4341 2531 4398 in
2569 4341 2697 4418 ejus
2753 4360 2919 4398 crura

511 4418 732 4478 recidit.
818 4417 963 4474 Nam
1015 4416 1064 4472 si
1093 4435 1267 4491 penes
1318 4437 1423 4474 nos
1453 4425 1540 4475 est
1590 4417 1898 4477 Vocationi
1953 4439 2222 4496 congruae
2261 4420 2525 4478 assentiri
2560 4430 2619 4478 et
2663 4419 2916 4494 obedire,

510 4499 605 4556 vel
633 4517 748 4554 non
799 4495 1063 4554 assentiri
1108 4503 1166 4552 et
1208 4514 1320 4552 non
1368 4496 1620 4571 obedire,
1669 4507 1732 4556 ut
1788 4499 1868 4556 ait
1900 4499 2037 4575 ipse,
2080 4500 2215 4557 dum
2249 4501 2550 4577 suspendit
2606 4500 2917 4559 efficaciam

508 4576 847 4634 vocationis
877 4596 909 4631 a
932 4574 1307 4650 dispositione
1338 4584 1395 4633 et
1423 4576 1744 4652 aptitudine
1769 4579 2086 4637 voluntatis
2108 4581 2373 4638 humanae
2397 4601 2650 4658 congrue
2675 4591 2913 4652 vocatae,

507 4679 574 4717 eo
621 4653 791 4712 modo
842 4662 898 4710 et
947 4662 1219 4731 tempore,
1271 4675 1384 4730 quo
1434 4657 1715 4732 praevidet
1761 4659 1919 4716 Deus
1969 4680 2091 4717 eam
2145 4680 2521 4734 assensuram,
2570 4661 2735 4719 Certe
2802 4681 2919 4720 non
