3221 5200
294 391 514 440 QUAEST.
546 369 636 453 v.]
1181 396 1259 436 nn·
1290 395 1540 436 mmmm
1571 396 1830 438 enarras.
2594 382 2708 439 173

293 532 454 591 sint?
535 532 636 590 An
686 534 1094 627 promissiones
1142 556 1258 596 non
1298 545 1522 597 tantum
1552 539 1917 616 temporales,
1951 538 2053 597 sed
2082 539 2254 598 ctiam
2285 537 2612 616 spirituales
2653 549 2713 597 et

296 614 562 705 coelestes
611 613 685 672 de
728 623 851 673 vita
896 624 1127 690 aeterna,
1180 626 1238 676 et
1289 618 1507 696 Spiritu
1552 618 1783 693 Sanct0,
1816 619 1958 696 ipsis
1987 618 2139 677 datae
2168 618 2430 676 fuerint?
2512 619 2589 676 Et
2614 619 2710 675 An

301 693 455 750 idem
482 693 640 769 qnod
666 694 968 752 nobiscum
1017 695 1078 752 in
1107 697 1336 757 Christo
1365 698 1570 756 initum
1601 707 1691 757 est
1718 698 1925 774 foedus,
1974 718 2104 757 cum
2135 698 2277 776 ipsis
2299 698 2421 775 jam
2452 708 2709 756 contrac-

303 779 424 830 tum
466 771 656 849 fuerit,
702 773 840 832 licet
887 775 1190 835 obscurius
1237 787 1295 836 et
1350 778 1609 837 tectius?
1692 778 1863 854 Quod
1916 784 2148 856 negant,
2211 778 2332 836 Nos
2381 777 2709 853 asserimus,

297 860 615 944 statuentes
664 853 957 913 Christum
1004 875 1121 914 non
1170 865 1392 916 tantum
1438 857 1710 916 Patribus
1747 858 2083 935 praedictum
2123 857 2227 916 sed
2269 866 2326 917 et
2368 857 2712 934 promissum

295 931 489 1007 fuisse,
537 942 595 992 et
641 953 744 1010 per
788 935 1030 1011 gratiam
1077 937 1204 1013 ejus
1244 956 1361 996 non
1389 937 1579 996 minus
1608 938 1864 996 salvatos
1892 938 2068 996 fuisse
2097 937 2157 996 in
2187 937 2263 996 V.
2292 938 2361 995 Τ.
2391 957 2563 1013 quam
2607 957 2714 994 nos

298 1011 589 1071 salvamur
618 1013 678 1071 in
709 1013 893 1090 Nov0,
938 1034 1046 1072 nec
1076 1016 1235 1076 aliud
1263 1036 1472 1074 nomen
1501 1016 1702 1076 datum
1732 1037 1858 1076 esse
1888 1018 1995 1076 sub
2025 1017 2171 1075 coelo
2193 1019 2315 1095 jam
2347 1037 2382 1074 a
2409 1017 2710 1094 principio,

297 1111 372 1183 ex
400 1110 516 1167 quo
546 1092 703 1152 salus
732 1093 947 1171 sperari
995 1096 1195 1172 possit,
1250 1096 1384 1155 Act.
1416 1097 1493 1154 iv.
1529 1100 1621 1172 12,
1653 1096 1827 1174 idque
1850 1098 2024 1175 juxta
2066 1096 2299 1156 foederis
2345 1095 2583 1173 gratuiti
2625 1097 2711 1153 in·

299 1171 629 1230 vxolabilem
658 1173 1113 1250 promissionem.

304 1286 545 1331 mentitas
594 1288 785 1333 foederis
908 1254 1055 1313 VII.
1104 1255 1383 1315 Rationes
1430 1265 1581 1315 sunt.
1632 1259 1684 1315 1.
1717 1257 1788 1314 In
1819 1276 2048 1334 genere,
2083 1257 2232 1332 Quia
2273 1255 2569 1332 Scriptura
2609 1255 2710 1312 foe-

304 1400 344 1446 1.
358 1345 786 1462 ssss‘ssffrffssth'ffl*
824 1332 951 1471 ἕξεί,
965 1335 1184 1473 ἕὲἓῗὲ
1210 1335 1374 1474 3ξὲιᾶ
1384 1337 1785 1474 sffssssssuffl
1788 1336 2526 1476 “523021513'Zi133a11541132’
2550 1335 2710 1474 1⁵33?

303 1488 458 1546 Hinc
504 1490 813 1550 Zacharias
855 1493 915 1550 in
944 1493 1182 1553 Cantico
1225 1515 1347 1570 sUO,
1382 1496 1523 1554 Luc.
1552 1497 1592 1554 i.
1625 1437 1720 1570 518,
1752 1498 1848 1571 70,
1895 1500 1992 1572 72,
2036 1500 2131 1572 73,
2174 1497 2253 1555 ait
2286 1498 2322 1528 “
2354 1497 2541 1554 Deum
2572 1495 2710 1552 visi-

302 1575 455 1627 tasse
484 1577 542 1628 et
569 1568 880 1631 redemisse
909 1574 1184 1650 populum
1214 1595 1399 1650 suum,
1425 1575 1600 1653 juxta
1631 1575 1690 1634 id
1707 1576 1864 1653 quod
1892 1577 2232 1654 promiserat
2260 1596 2363 1654 per
2390 1595 2455 1633 os
2486 1583 2712 1634 sancto·

303 1667 431 1706 rum
462 1649 896 1727 Prophetarum,
928 1653 1030 1729 qui
1060 1655 1290 1713 fuerunt
1319 1655 1393 1713 ab
1423 1655 1580 1713 omni
1610 1675 1754 1731 aevo,
1787 1657 1862 1714 ad
1901 1657 2221 1715 faciendam
2260 1654 2714 1713 misericordiam

302 1747 442 1804 erga
474 1729 691 1804 Patres,
739 1739 798 1790 et
841 1734 1259 1793 recordandum
1301 1735 1484 1794 sancti
1535 1735 1785 1811 foederis,
1821 1738 1997 1813 juxta
2044 1735 2452 1814 jusjurandum
2495 1734 2710 1792 factum

303 1807 641 1868 Abrahamo
665 1810 721 1886 ;’'
769 1812 845 1870 Et
876 1813 1100 1888 Petrus,
1134 1813 1269 1874 Act.
1301 1815 1381 1873 iii.
1412 1817 1509 1889 25,
1541 1814 1786 1874 Judaeos
1815 1816 2118 1892 alloquens
2146 1816 2217 1873 de
2241 1814 2446 1872 diebus
2476 1812 2709 1886 Christi,

301 1888 404 1965 qni
431 1888 506 1947 ab
528 1890 795 1950 omnibus
826 1892 1131 1970 Prophetis
1159 1895 1420 1971 praedicti
1448 1894 1691 1968 fuerant,
1724 1896 1821 1970 ait,
1857 1899 1893 1929 ‘⁴
1923 1897 2049 1955 Vos
2092 1894 2231 1955 estis
2263 1893 2400 1951 Filii
2431 1892 2711 1970 Prophet-

301 1988 463 2027 arum
504 1976 564 2027 et
605 1968 837 2030 foederis
886 1971 1022 2033 facti
1067 1994 1197 2032 cum
1230 1975 1499 2033 Patribus
1540 1974 1788 2033 dicendo
1832 1976 2185 2048 Abrahamo,
2231 1975 2303 2032 In
2347 1973 2563 2032 semine
2611 1980 2713 2030 tuo

302 2048 715 2142 benedicentur
735 2071 934 2110 omnes
963 2056 1226 2130 gentes,”
1257 2053 1365 2113 ὅτε.
1391 2076 1406 2130 ;
1452 2054 1532 2112 Et
1560 2054 1779 2113 Paulus
1807 2055 2243 2134 promissionem
2275 2052 2583 2129 Evangelii
2611 2071 2714 2108 no-

304 2148 458 2186 mme
498 2129 759 2206 insignit,
792 2132 926 2191 Gal.
956 2133 1036 2191 iii.
1067 2136 1122 2208 8,
1172 2137 1207 2168 ‘⁴
1239 2134 1577 2193 Praevidens
1624 2135 1935 2213 Scriptura,
1967 2135 2123 2212 quod
2166 2155 2238 2192 ex
2282 2133 2395 2191 fide
2431 2132 2713 2210 justificat

307 2208 529 2267 Gentes
560 2209 737 2285 Deus,
769 2214 1317 2290 praeevangelizavit
1346 2214 1701 2289 Abrahamo,
1727 2215 1942 2286 dicem,
1969 2216 2038 2272 In
2062 2225 2117 2273 te
2147 2212 2563 2272 benedicentur
2591 2231 2713 2269 om-

304 2306 409 2346 nes
438 2291 704 2365 gentes.''
794 2291 964 2351 Unde
998 2294 1471 2371 justificationem
1502 2292 1759 2352 Abrahae
1787 2314 1890 2372 per
1931 2295 2102 2352 fidem
2133 2294 2192 2352 in
2222 2312 2385 2351 exem
2430 2292 2551 2350 lum
2580 2311 2712 2350 nos·

303 2376 407 2425 trae
437 2367 617 2461 affert,
644 2369 894 2430 Roman.
925 2372 1002 2432 iv.
1036 2376 1090 2448 3,
1122 2381 1180 2433 et
1207 2374 1394 2452 ipsum
1426 2381 1491 2431 ut
1519 2374 1750 2431 Patrem
1776 2376 2115 2432 credentium
2143 2381 2260 2432 tam
2291 2373 2332 2430 J
2339 2393 2374 2430 u
2419 2372 2518 2429 scis
2541 2391 2713 2448 quam

306 2448 596 2507 Gentibus
629 2451 915 2528 proponit,
960 2453 1118 2530 qnod
1144 2473 1261 2512 non
1303 2453 1586 2531 potuisset
1615 2453 1739 2511 fieri
1767 2453 1878 2511 nisi
1916 2474 2020 2531 per
2056 2453 2415 2511 identitatem
2446 2451 2714 2526 foedcris;

305 2528 462 2605 quod
504 2549 579 2586 ex
620 2548 690 2587 eo
727 2531 1113 2608 confirmatur,
1145 2533 1301 2611 quod
1345 2533 1476 2592 Gal.
1510 2531 1589 2590 iii.
1626 2536 1717 2608 17,
1759 2534 2194 2611 promissionem
2234 2532 2426 2590 datam
2459 2531 2718 2588 Abrahae

305 2606 709 2750 vDocatJusgianf
730 2615 1142 2695 πςωιικυςωμίιην
1171 2620 1264 2674 ὑπὸ
1292 2621 1380 2673 τοῦ
1408 2619 1537 2673 Θεοῦ
1564 2619 1626 2680 εἰς
1655 2620 1874 2696 Χςισ-τὸυ,
1890 2618 2082 2691 soedus
2099 2614 2292 2691 primo
2314 2613 2650 2691 ratfficatum
2678 2632 2720 2669 a

376 2708 440 2746 eo
469 2711 525 2748 m
644 2702 798 2751 ruste.

307 2805 350 2850 2,
395 2806 474 2851 Ex
525 2808 795 2855 Identitato
918 2774 1102 2834 VIII.
1131 2778 1188 2833 2.
1222 2775 1292 2832 In
1315 2776 1522 2853 specie,
1555 2797 1630 2835 ex
1650 2775 1911 2852 partibus
1940 2774 2206 2834 omnibus
2234 2772 2467 2831 foederis
2497 2772 2718 2849 gratiae,

366 2866 592 2937 clausulae
604 2868 796 2913 foederis
837 2872 966 2929 quae
995 2854 1301 2932 utrobique
1330 2856 1544 2915 eaedem
1577 2857 1826 2915 fuerunt.
1892 2856 2104 2931 Quales
2134 2864 2284 2928 sunt,
2320 2853 2593 2912 clausula
2607 2855 2718 2928 soe·

364 2929 553 2980 8⁸²⁰&
833 2934 999 3009 deris,
1021 2935 1177 3010 quod
1204 2936 1363 2994 Deus
1386 2936 1612 2995 futurus
1635 2936 1710 2994 sit
1734 2935 1894 2993 Deus
1917 2944 2128 3008 noster,
2155 2943 2212 2993 et
2236 2933 2469 2991 seminis
2498 2933 2678 2991 nostri
2703 2954 2720 3005 ;

309 3028 442 3065 nam
464 3017 529 3068 ut
543 3010 667 3087 jam
694 3013 990 3089 proposita
1028 3013 1135 3073 fuit
1165 3015 1518 3089 Abrahamo‚
1553 3016 1703 3074 Gen.
1735 3015 1898 3089 xvii„
1931 3024 1988 3073 et
2017 3022 2293 3071 renovata
2324 3013 2495 3085 Mosi,
2530 3010 2720 3069 Exod.

311 3088 390 3147 iii.
423 3087 483 3146 in
510 3091 734 3149 visione
778 3101 837 3149 et
876 3094 1092 3170 passim
1136 3094 1194 3151 in
1224 3094 1606 3170 legislatione,
1640 3094 1976 3151 confirmata
2017 3093 2077 3149 in
2106 3092 2458 3168 captivitate,
2491 3099 2549 3148 et
2591 3098 2723 3166 post

313 3187 458 3243 eam,
486 3170 698 3229 Ezech.
730 3173 920 3231 xxxvi
943 3194 957 3249 ;
1004 3174 1097 3231 Ita
1114 3194 1229 3231 non
1260 3174 1373 3231 alia
1400 3173 1696 3251 proposita
1725 3172 1833 3229 fuit
1860 3172 1921 3228 in
1949 3171 2162 3228 foedere
2193 3170 2393 3245 gratiae
2422 3177 2486 3227 ut
2514 3168 2720 3226 sunda·

312 3257 567 3307 mentum
611 3251 865 3310 omnium
895 3253 1305 3312 beneficiorum
1332 3262 1451 3311 tam
1495 3251 1879 3329 spiritualium
1923 3269 2096 3326 quam
2140 3249 2478 3318 coelestium,
2511 3247 2726 3305 Mauh.

314 3328 477 3403 xxii„
510 3333 546 3387 2
578 3330 707 3389 Cor.
738 3331 816 3391 vi.
852 3335 944 3407 16,
979 3334 1131 3411 Apo.
1163 3332 1285 3391 xxi.
1317 3336 1373 3391 3.

685 3475 696 3488 ,
926 3413 1046 3471 ΙΧ.
1090 3415 1145 3471 3.
1189 3413 1465 3471 Identitas
1493 3410 1848 3484 Mediatorz's,
1890 3409 1990 3487 qui
2032 3408 2201 3467 datus
2235 3415 2323 3466 est
2367 3406 2425 3464 in
2457 3407 2531 3464 V.
2563 3414 2620 3464 et
2650 3406 2726 3463 N.

311 3472 357 3517 3.
407 3472 803 3578 ξῇἁὲἷξξιξξῧω
844 3492 1022 3567 Test.,
1047 3492 1147 3569 qui
1160 3490 1394 3551 foederis
1433 3499 1522 3550 est
1550 3490 2001 3564 fundamentum,
2038 3489 2244 3549 Semen
2275 3487 2494 3546 scilicet
2519 3486 2722 3545 mulie-

838 3571 917 3630 ris
959 3572 1344 3645 benedictum,
1403 3570 1560 3649 quod
1609 3570 1809 3629 debuit
1866 3578 2159 3629 conterere
2210 3576 2382 3645 caput
2425 3566 2725 3644 serpentiS,

318 3654 468 3712 Gen.
498 3653 579 3712 iii.
614 3656 704 3728 15,
757 3651 922 3711 colla.
954 3672 1083 3711 cum
1115 3652 1297 3710 Hebr.
1328 3652 1388 3711 ii.
1425 3654 1518 3726 14,
1550 3659 1609 3710 et
1639 3650 1809 3708 Rom.
1840 3649 1963 3707 xvi.
2002 3652 2120 3724 203
2169 3650 2377 3707 Semen
2407 3647 2727 3705 Abrahami

317 3733 377 3789 in
405 3752 520 3809 quo
551 3731 957 3791 benedicendae
997 3731 1228 3791 fuerunt
1271 3751 1470 3790 omnes
1498 3737 1704 3807 gentes
1732 3737 1917 3804 terrae,
1951 3729 2100 3788 Gen.
2145 3728 2289 3786 xxii.
2323 3726 2417 3801 18,
2463 3726 2730 3785 Christus

319 3831 421 3888 sc.,
455 3812 587 3871 Gal.
618 3813 698 3870 iii.
733 3815 841 3885 16;
894 3811 992 3887 qui
1032 3811 1091 3868 in
1120 3811 1197 3869 V.
1227 3811 1294 3869 T.
1325 3812 1573 3888 Anyelus
1587 3810 1773 3885 faciei
1797 3809 2062 3882 Jehovae,
2096 3807 2176 3865 Is.
2216 3807 2363 3864 lxiii.
2394 3808 2449 3879 9,
2481 3807 2732 3881 Angelus

302 3893 561 3966 foederis,
595 3892 735 3949 Mal.
761 3892 841 3950 iii.
878 3893 928 3965 1,
958 3893 1150 3965 foedus
1166 3892 1374 3966 populi
1391 3900 1442 3949 et
1464 3891 1729 3966 yentium,
1762 3888 1841 3946 id.
1871 3888 2000 3965 ejus
2030 3887 2335 3961 Mediator,
2368 3885 2482 3942 Isa.
2513 3885 2637 3941 xlii.
2670 3887 2728 3958 6,

317 3980 376 4029 et
405 3971 549 4029 xlix.
575 3973 629 4046 8,
655 3971 755 4046 qui
783 3970 1015 4028 morbos
1044 3969 1243 4046 populi
1271 3969 1405 4029 tulit
1434 3979 1490 4028 et
1518 3978 1755 4047 propter
1781 3968 1909 4044 ejus
1936 3974 2173 4044 peccata
2200 3965 2431 4023 attritus
2458 3963 2583 4036 fuit,
2612 3963 2729 4020 Isa.

316 4050 419 4107 liii.
452 4053 507 4124 5,
541 4052 575 4109 6
602 4072 625 4127 3·
648 4060 706 4110 et
735 4050 794 4107 in
825 4050 896 4107 N.
927 4050 997 4107 T.
1028 4049 1317 4108 Mediator
1337 4050 1488 4108 inter
1517 4049 1705 4107 Deum
1736 4054 1795 4105 et
1825 4046 2127 4117 IIomineS,
2163 4047 2193 4100 1
2227 4043 2376 4101 Tim.
2421 4042 2479 4100 ii.
2512 4044 2566 4115 5,
2600 4042 2723 4099 Me·

318 4129 507 4188 diator
542 4130 695 4187 Novi
726 4128 1080 4187 Testamenti
1109 4136 1168 4187 et
1195 4128 1449 4187 melioris
1478 4128 1652 4205 pacti,
1684 4126 1838 4184 Heb.
1868 4124 1991 4182 viii.
2024 4127 2078 4197 6,
2110 4132 2169 4181 et
2207 4123 2287 4180 ix.
2325 4125 2415 4197 15,
2447 4121 2544 4197 qui
2585 4121 2731 4177 idem

319 4210 562 4285 estheri,
594 4210 773 4283 hodie,
806 4209 939 4266 etin
967 4211 1172 4283 secula,
1206 4209 1359 4267 Heb.
1389 4208 1516 4266 xiii.
1545 4209 1600 4280 8,
1632 4226 1736 4283 per
1762 4206 1930 4282 cujus
1959 4204 2202 4281 gratiam
2237 4201 2437 4260 Patres
2478 4220 2595 4257 non
2625 4199 2729 4256 mi-

317 4307 429 4346 nus
471 4289 686 4347 servati
730 4296 881 4361 sunt,
923 4308 1095 4366 qnam
1137 4308 1262 4362 nos,
1296 4288 1432 4347 Act.
1474 4307 1573 4345 xv.
1610 4288 1702 4359 10,
1746 4287 1839 4359 11,
1885 4285 1980 4342 cui
2020 4281 2438 4341 Testimonium
2482 4278 2733 4337 reddunt

322 4364 521 4427 omnes
552 4368 875 4445 Prophetae,
910 4368 1044 4426 Act.
1077 4389 1133 4425 x.
1179 4371 1273 4441 43,
1316 4367 1551 4425 unicum
1595 4384 1807 4423 nomen
1841 4363 2037 4421 datum
2083 4361 2191 4420 sub
2237 4361 2400 4434 coe10,
2446 4378 2549 4436 per
2576 4358 2732 4434 quod

323 4446 536 4505 salvari
565 4468 672 4506 nos
701 4456 944 4525 oportet,
978 4448 1112 4507 Act.
1145 4448 1221 4505 iv.
1256 4450 1349 4520 12,
1381 4446 1494 4522 via,
1526 4445 1760 4517 veritaS,
1792 4452 1851 4501 et
1872 4442 2011 4516 vita,
2043 4442 2124 4500 ita
2151 4448 2215 4499 ut
2237 4459 2405 4497 nemo
2423 4438 2607 4515 possit
2635 4457 2731 4495 vc-

320 4526 443 4585 nire
473 4527 547 4584 ad
579 4528 811 4586 Patrem
840 4527 951 4585 nisi
981 4547 1084 4604 per
1111 4528 1317 4605 ipsum,
1348 4527 1447 4585 J0.
1478 4525 1601 4582 xiv.
1635 4527 1689 4582 6.

406 4606 492 4663 X.
542 4608 784 4665 Frustra
820 4607 1107 4685 excipitur
1149 4607 1222 4664 ad
1255 4607 1407 4663 Heb.
1440 4605 1561 4662 xiii.
1608 4609 1663 4678 8,
1695 4603 1795 4662 uhi
1829 4602 2084 4661 Christus
2125 4599 2334 4657 dicitur
2374 4600 2510 4671 heri,
2553 4598 2732 4671 hodie,

324 4696 376 4745 et
420 4687 476 4743 in
520 4690 707 4745 secula
739 4688 902 4759 idem,
948 4687 1060 4746 Vel
1104 4686 1200 4761 agi
1229 4686 1300 4744 de
1341 4684 1620 4757 doctrina,
1667 4702 1784 4739 non
1811 4683 1883 4740 dc
1916 4681 2171 4739 Persona
2212 4686 2268 4737 et
2310 4678 2521 4736 foedere
2567 4679 2622 4734 in
2668 4694 2736 4735 ea
