3221 5200
535 334 650 391 468
1359 349 1542 389 Locus
1571 348 1831 388 oremus
1860 347 2132 396 caurus,
2585 328 2858 409 [Qua-:sau
2888 345 2962 387 iv.

536 489 869 567 contemptu
899 499 957 549 et
979 490 1342 548 aversatione
1364 490 1662 548 hominum
1693 490 2110 566 dignissimam.
2200 487 2261 547 Si
2290 509 2428 547 vero
2451 490 2597 548 talia
2630 488 2969 567 praejudicia

535 592 610 629 ex
640 571 823 628 Verbi
868 571 1274 647 praedicatione
1305 580 1624 628 nascuntur
1651 578 1709 628 et
1738 570 2179 643 confirmantur3
2226 568 2341 642 Qui
2366 570 2488 628 fieri
2537 580 2757 647 potest
2787 580 2852 627 ut
2881 587 2969 645 per

535 671 662 709 eam
713 651 1050 728 simpliciter
1098 651 1378 709 tollantur
1400 653 1428 708 ?
1512 649 1666 724 Quid
1715 649 1871 725 quod
1915 650 2209 725 Scriptura
2258 650 2398 707 satis
2440 658 2709 709 testatur
2739 669 2964 724 corrup·

535 731 751 788 tionem
780 740 1034 789 nostram
1063 730 1420 806 originalem,
1453 749 1569 787 non
1610 730 1672 785 in
1713 729 1886 786 meris
1933 728 2282 805 praejudiciis
2327 740 2385 787 et
2432 729 2599 787 falsis
2657 730 2819 787 ideis
2849 749 2968 785 con-

535 810 754 886 sistere,
786 811 929 868 alias
957 811 1206 868 infantes
1246 810 1306 866 in
1335 830 1481 885 quos
1509 829 1625 866 non
1655 808 1884 882 cadunt,
1916 809 1989 865 ab
2012 809 2123 866 isto
2151 818 2386 884 peccato
2409 818 2611 867 essent
2644 810 2967 880 immune53

540 891 657 950 Sed
684 891 745 948 in
771 891 971 967 pravis
998 890 1310 962 habitibus,
1355 898 1413 947 et
1443 888 1699 964 generali
1745 888 2081 946 facultatum
2111 897 2432 946 nostrarum
2462 895 2667 957 ἐσιξίᾳ,
2695 900 2760 947 et
2785 889 2970 945 innata

537 972 878 1030 mortalibus
921 970 1188 1028 omnibus
1233 969 1307 1025 ad
1356 970 1571 1027 malum
1599 968 1766 1026 totali
1814 988 1881 1026 ac
1911 987 2134 1025 summa
2162 968 2337 1024 animi
2366 969 2794 1045 propensione,
2827 966 2969 1025 unde

538 1060 727 1109 ortum
756 1051 974 1108 duxere
1004 1048 1376 1126 praejudicia3
1422 1068 1594 1124 quam
1626 1048 1903 1122 Verbum,
1935 1047 2243 1123 quantavis
2261 1048 2553 1106 evidentia
2569 1048 2965 1124 propositum,

536 1150 831 1207 nunquam
860 1138 1081 1188 mutare
1111 1137 1305 1205 posset
1334 1128 1445 1186 uisi
1488 1127 1787 1186 accederet
1824 1128 1915 1185 vis
1943 1127 2293 1184 vorticordia
2325 1127 2589 1203 Spiritus,
2628 1129 2745 1204 qui
2778 1148 2881 1185 cor
2906 1126 2968 1182 de

535 1231 691 1269 novo
736 1217 891 1268 creet
919 1219 976 1268 et
1004 1208 1265 1285 refingat,
1298 1217 1356 1267 et
1384 1209 1663 1266 rationem
1693 1205 2252 1285 captivando-flectat
2269 1207 2328 1263 in
2348 1207 2708 1283 obsequium
2737 1206 2970 1265 Christi,

621 1290 917 1348 XXXII.
964 1289 1096 1347 Hoc
1139 1290 1328 1365 ipsum
1372 1308 1511 1346 vero
1553 1287 1766 1345 elarius
1806 1286 1995 1344 adhuc
2044 1285 2414 1345 confirmatur
2461 1307 2535 1344 ex
2586 1286 2968 1363 corruptione

539 1370 806 1447 originali
837 1369 1163 1426 Infantibus
1188 1367 1510 1444 congenita.
1584 1367 1731 1424 Nam
1756 1367 1805 1423 si
1824 1375 2065 1434 constat,
2086 1375 2151 1424 ut
2177 1366 2471 1442 Scriptura
2492 1367 2678 1425 toties
2702 1377 2967 1437 testatur,

540 1470 639 1508 eos
662 1450 823 1527 filios
849 1469 963 1507 esse
991 1449 1108 1522 iroe,
1141 1468 1257 1504 non
1301 1467 1466 1505 secus
1495 1468 1562 1505 ac
1601 1455 1856 1520 caeterOS,
1888 1456 2135 1504 mortuos
2162 1446 2501 1521 inpeccatis,
2537 1447 2700 1523 Eph.
2740 1447 2802 1503 ij.
2833 1450 2883 1518 1,
2915 1449 2963 1516 2,

548 1538 607 1587 et
627 1537 916 1604 conceptos
945 1528 1002 1585 in
1031 1527 1334 1603 iniquitate,
1361 1527 1513 1584 Psal.
1542 1527 1624 1599 li.,
1651 1527 1961 1584 immundos
1990 1535 2043 1584 et
2061 1546 2135 1583 ea:
2161 1546 2333 1584 carne
2359 1536 2536 1600 natos,
2567 1527 2611 1585 J
2617 1527 2727 1585 ob.
2761 1527 2887 1583 xiv.
2915 1529 2964 1594 4,

539 1608 582 1668 J
587 1609 680 1666 oh.
712 1608 792 1666 iii.
844 1611 897 1682 6,
931 1607 1029 1684 qui
1058 1627 1161 1683 per
1208 1626 1567 1683 consequens
1615 1606 1676 1662 in
1707 1606 1975 1681 Regnum
2005 1605 2279 1663 coelorum
2308 1625 2422 1663 non
2451 1615 2711 1682 possunt
2744 1603 2965 1681 ingredi

537 1688 649 1745 nisi
678 1688 838 1765 prius
880 1696 1304 1764 regenerentur,
1337 1687 1476 1745 Joh.
1508 1686 1585 1743 iii.
1633 1688 1687 1758 5,
1734 1684 1919 1761 Apoc.
1964 1685 2087 1742 xxi.
2112 1689 2184 1742 27
2220 1707 2235 1759 3
2322 1685 2624 1759 Quomodo
2658 1683 2965 1762 repurgari

537 1776 781 1846 possunt
809 1788 843 1825 a
871 1767 1138 1828 sordibus
1169 1767 1305 1841 suis,
1337 1774 1396 1825 et
1423 1765 1583 1823 nasci
1615 1786 1688 1823 ex
1731 1785 1886 1841 aqua
1930 1774 1982 1822 et
2022 1764 2257 1840 Spiritu,
2290 1764 2367 1822 id.
2399 1785 2472 1823 ex
2501 1784 2677 1841 aqua,
2715 1786 2853 1842 qnae
2883 1772 2965 1822 est

544 1849 809 1925 Spiritus,
833 1848 928 1905 vel
958 1867 1033 1905 ex
1067 1847 1284 1923 Spiritu
1339 1846 1550 1903 Sancto
1581 1854 1853 1902 exerente
1882 1845 2002 1901 vim
2031 1865 2213 1920 aquae,
2237 1852 2301 1902 ut
2331 1844 2471 1902 alibi
2513 1845 2797 1904 Christus
2825 1843 2958 1901 dici·

539 1937 635 1986 tur
661 1929 1045 2003 baptizaturus
1072 1927 1291 2002 Spiritu
1320 1935 1372 1982 et
1389 1926 1529 2000 ique,
1559 1923 1623 1981 id
1651 1933 1754 1999 est,
1786 1924 2003 2000 Spiritu
2022 1924 2210 2000 ignee,
2239 1924 2447 1982 Matth.
2471 1923 2551 1982 iii.
2588 1928 2687 2000 11,
2724 1926 2781 1983 si
2808 1923 2961 1981 nulla

539 2007 710 2065 datur
737 2008 851 2065 alia
878 2006 1066 2083 gratia
1095 2026 1267 2081 quam
1297 2004 1590 2081 objectiva
1629 2023 1734 2079 per
1761 2003 2149 2080 cognitionem
2181 2003 2459 2078 veritatiS,
2511 2004 2687 2080 eujus
2742 2013 2959 2063 certum

537 2095 625 2145 est
654 2107 753 2145 eos
782 2107 896 2144 non
938 2106 1064 2144 esse
1107 2088 1394 2163 capaces?
1467 2084 1618 2142 Sane
1660 2084 1756 2141 vel
1811 2083 2140 2159 negandum
2192 2083 2500 2141 Peccatum
2555 2084 2853 2161 originale
2900 2082 2954 2137 in

538 2166 882 2240 InfantibuS,
915 2167 1010 2224 vel
1057 2165 1424 2224 statuendum
1445 2183 1546 2221 eos
1594 2163 1782 2239 gratia
1817 2162 2149 2220 immediata
2196 2171 2255 2220 et
2297 2163 2438 2220 reali
2487 2163 2866 2236 sanctificari,
2896 2169 2955 2218 ut

534 2246 883 2323 recipiantur
911 2246 971 2303 in
999 2266 1241 2322 regnum
1273 2245 1401 2317 Dei,
1434 2244 1598 2320 cujus
1628 2243 1955 2320 exemplum
1997 2262 2113 2300 non
2144 2243 2319 2301 semel
2362 2242 2550 2300 visum
2581 2242 2640 2300 in
2673 2245 2723 2302 J
2724 2241 2948 2313 eremis,

535 2325 578 2385 J
583 2327 806 2384 ohanne
838 2326 1117 2402 Baptista,
1150 2333 1207 2384 et
1235 2325 1363 2382 aliis
1397 2324 1614 2400 Spiritu
1641 2322 1852 2382 Sancto
1882 2323 2053 2381 etiam
2072 2331 2204 2381 ante
2233 2342 2400 2380 usum
2430 2322 2671 2381 rationis
2703 2319 2950 2382 donatis,

540 2405 624 2464 At
666 2407 713 2463 si
764 2406 897 2464 talis
927 2406 1112 2482 gratia
1140 2405 1280 2482 ipsis
1331 2403 1667 2476 infunditur,
1716 2423 1843 2479 quae
1889 2402 2379 2478 regenerationem
2422 2422 2618 2460 eorum
2663 2410 2946 2481 operetur,

536 2485 738 2562 quidni
761 2495 818 2544 e't
846 2486 1055 2561 poterit
1083 2484 1298 2542 adultis
1326 2483 1732 2541 communicari
1757 2483 1831 2540 ad
1858 2482 2011 2539 idem
2042 2500 2185 2558 opus
2213 2482 2642 2558 producendum
2661 2486 2693 2541 ἲ
2741 2483 2946 2558 Quam·

537 2565 627 2623 vis
656 2566 808 2624 enim
856 2564 1103 2640 Spiritus
1145 2584 1259 2622 non
1304 2571 1571 2639 operetur
1599 2562 1659 2619 in
1688 2563 1901 2621 adultis
1932 2562 2053 2620 sine
2098 2562 2311 2636 Verbo,
2358 2561 2501 2620 nihil
2532 2563 2731 2623 obstat
2761 2572 2945 2622 tamen

542 2645 820 2720 Spiritum
849 2643 1117 2702 distincte
1167 2664 1202 2700 a
1246 2643 1444 2701 Verbo
1468 2643 1527 2698 in
1555 2641 1697 2718 ipsis
1726 2642 1966 2717 operari,
1998 2651 2064 2700 ut
2094 2642 2216 2699 sine
2246 2643 2424 2700 verbo
2475 2653 2749 2719 operatur
2778 2644 2838 2700 in
2867 2641 2942 2696 in·

535 2723 791 2781 fantibus
839 2721 1232 2779 efficacissima
1279 2721 1510 2794 virtute,
1563 2741 1693 2796 quae
1740 2722 1972 2779 illitam
2014 2721 2201 2779 facilis
2245 2731 2302 2780 et
2349 2732 2614 2799 prompta
2642 2734 2751 2799 est,
2780 2738 2944 2800 quam

536 2801 705 2860 nobis
762 2802 1234 2877 incomprehensa
1303 2808 1360 2858 et
1408 2799 1780 2875 admirabilia,
1838 2810 1903 2858 ut
1958 2802 2170 2878 optime
2226 2811 2389 2860 notat
2444 2802 2743 2877 Calvinus,
2779 2798 2938 2860 Iusti.

543 2882 647 2939 lib.
673 2881 751 2938 iv.
787 2900 841 2939 c.
877 2882 968 2954 16,
1003 2900 1047 2939 S.
1081 2883 1172 2939 18.

1139 2959 1469 3019 XXXIII.
1518 2959 1803 3035 SecundO,
1837 2964 2030 3020 modus
2058 2963 2398 3038 operationis
2423 2964 2644 3023 Gratioe
2661 2963 2724 3021 in
2753 2967 2943 3021 nostra

533 3021 577 3067 ²·
597 3022 1016 3126 tssssffl⁰ffi³g²’
1058 3041 1432 3102 conversione
1462 3041 1570 3100 hoc
1614 3040 1853 3099 ulterius
1897 3042 2111 3101 invicte
2140 3044 2362 3119 probat,
2395 3064 2571 3121 quum
2600 3042 2943 3102 describitur

778 3095 874 3204 gr.
1058 3144 1162 3202 per
1209 3123 1579 3197 Creationem,
1630 3123 2132 3197 Resurrectionem,
2191 3124 2722 3198 Reqenerationem,'
2760 3118 2943 3181 cordis

535 3207 750 3283 lapidei
785 3208 1135 3280 ablationem,
1181 3214 1232 3263 et
1273 3204 1469 3262 carnei
1506 3204 1804 3277 dationem,
1857 3203 2225 3277 Tractionem,
2257 3203 2503 3278 Spiritus
2543 3204 2843 3274 dationem,
2886 3205 2938 3256 et

534 3288 677 3346 alias
705 3287 766 3345 id
795 3308 980 3364 genus
1008 3284 1344 3357 locutioneS,
1390 3303 1518 3359 quae
1548 3302 1830 3341 summam
1860 3290 1918 3341 et
1958 3282 2235 3340 invictam
2265 3283 2573 3360 important
2604 3284 2713 3341 Dei
2745 3290 2941 3360 poten-

535 3367 693 3425 tiam.
781 3367 929 3423 Nam
980 3366 1030 3423 si
1069 3373 1190 3423 tota
1222 3364 1330 3421 Dei
1381 3363 1534 3420 actio
1583 3362 1845 3421 consistit
1875 3362 1933 3418 in
1985 3362 2139 3419 clara
2195 3363 2505 3440 Evangelii
2551 3362 2938 3440 propositione

530 3453 848 3522 opportune
878 3444 1044 3517 facta,
1078 3444 1195 3501 Cur
1230 3441 1645 3516 omnipotentia
1672 3441 1746 3499 ad
1775 3441 1836 3498 id
1863 3441 2172 3517 requiritur
2190 3446 2218 3500 Ρ
2301 3443 2452 3516 Quid
2480 3443 2539 3499 in
2569 3463 2639 3501 eo
2667 3453 2757 3501 est
2786 3435 2933 3519 quod

535 3531 766 3599 superet
793 3521 1027 3579 modum
1058 3520 1268 3595 agendi
1297 3518 1649 3577 ordinarium
1697 3522 1994 3579 hominum
2015 3524 2043 3578 P
2126 3521 2343 3580 Annon
2370 3523 2480 3581 hoc
2529 3531 2617 3581 est
2659 3523 2935 3580 actionem

535 3601 984 3677 omnipotentem
1031 3600 1141 3657 Dei
1195 3598 1518 3673 obscurare,
1564 3599 1710 3656 etin
1751 3600 1994 3658 nihilum
2038 3601 2214 3659 ferme
2259 3601 2567 3678 redigere?
2650 3603 2927 3676 Quorsum

535 3699 674 3756 ergo
703 3678 1051 3738 adhibentur
1098 3698 1132 3735 a
1179 3677 1361 3734 Paulo
1389 3677 1712 3753 magnificae
1760 3678 1876 3736 illae
1923 3700 2097 3738 voces
2145 3681 2219 3738 ad
2268 3681 2723 3751 describendam,
2769 3695 2930 3758 quam

536 3759 723 3818 exerit
753 3759 914 3816 Deus
943 3759 1002 3816 in
1031 3757 1216 3831 nobis,
1268 3756 1758 3833 omnipotentiam,
1793 3759 1942 3835 Eph.
1973 3760 2011 3817 i.
2047 3762 2137 3834 18,
2174 3763 2268 3836 19,
2298 3765 2393 3835 20,
2439 3782 2615 3838 quum
2646 3761 2789 3819 dicit
2815 3775 2932 3818 esse

536 3849 829 3914 ὖι-ιςβάλλη
872 3847 1056 3908 μίγιθος
1105 3843 1209 3893 δυνά
1221 3864 1355 3904 pas-5,
1400 3839 1753 3896 excellentem
1800 3840 2235 3914 maqnitudinem
2302 3843 2536 3915 virtutis,
2595 3849 2653 3900 et
2707 3841 2930 3916 quidem

533 3930 661 3975 κατὰ
677 3929 756 3978 «ἢ,
775 3928 986 3992 meysam
1006 3929 1085 3975 τοῦ
1105 3927 1389 3993 ‚eginonis
1410 3925 1569 3988 ἰσχύος
1593 3927 1747 3986 αὐτοῦ,
1799 3920 2112 3977 Secundum
2156 3922 2458 3992 efficaciam
2476 3921 2694 3980 roboris
2720 3917 2931 3979 virtutis

532 4003 662 4075 qius,
689 3999 765 4056 id.
797 4000 1030 4058 virtutis
1059 3999 1489 4076 potentissimae,
1515 4019 1685 4074 quam
1714 3999 1932 4057 exeruit
1959 4000 2015 4056 in
2049 4000 2286 4073 Christo,
2318 4022 2487 4077 quum
2515 4022 2636 4059 eum
2658 3995 2931 4059 suscitavit

531 4101 571 4137 a
597 4080 846 4152 mortuis,
896 4079 945 4136 si
999 4100 1115 4137 non
1157 4079 1324 4137 aliter
1361 4079 1483 4155 agit
1528 4079 1705 4150 DeuS,
1754 4098 1927 4153 quam
1977 4080 2269 4138 moraliter
2315 4090 2372 4139 et
2420 4081 2724 4158 objective,
2769 4082 2930 4156 prout

530 4159 793 4216 homines
842 4159 1077 4218 solent?
1136 4158 1236 4216 An
1265 4178 1456 4217 creare
1498 4178 1604 4216 nos
1661 4157 1940 4215 dicendus
1969 4167 2137 4234 esset,
2182 4159 2232 4217 si
2260 4160 2406 4218 nihil
2446 4161 2603 4219 aliud
2652 4180 2793 4237 erga
2832 4172 2928 4216 nos

533 4247 768 4315 praestat
811 4258 984 4314 quarn
1028 4239 1233 4297 docere
1263 4248 1321 4296 et
1369 4238 1655 4296 suadere?
1738 4238 1868 4295 Non
1910 4238 2126 4313 patitur
2168 4258 2304 4298 sane
2337 4241 2444 4299 Dei
2477 4240 2775 4318 sapientia,
2808 4255 2927 4315 quae

531 4339 622 4376 res
651 4317 964 4395 aptissimis
993 4318 1188 4376 verbis
1218 4318 1365 4375 solet
1386 4317 1725 4394 exprimere,
1756 4326 1822 4375 ut
1864 4318 2163 4376 credamus
2193 4338 2323 4377 eum
2352 4327 2470 4377 tam
2498 4320 2851 4396 emphaticas
2877 4321 2929 4373 et

530 4398 789 4455 efficaces
829 4397 1151 4455 locutiones
1179 4406 1296 4454 tam
1325 4397 1578 4455 remissae
1608 4406 1666 4455 et
1709 4397 1827 4454 leni
1856 4397 2069 4455 actioni
2098 4398 2488 4459 describendae
2530 4419 2806 4476 usurpare
2835 4415 2928 4454 vo-

529 4477 706 4535 luisse
733 4499 747 4536 ε
803 4476 920 4534 Sed
946 4477 1202 4553 postulat
1231 4486 1294 4533 ut
1336 4477 1455 4533 vim
1485 4477 1775 4552 quandam
1805 4477 2277 4551 efficacissimam,
2304 4479 2353 4536 si
2381 4500 2497 4538 non
2526 4479 2844 4558 physicam,
2875 4482 2929 4533 at

529 4556 1031 4632 hyperphysicam,
1086 4566 1143 4614 et
1191 4555 1442 4613 maxime
1497 4557 1711 4615 realem
1767 4557 1953 4615 notari
2004 4557 2281 4616 dieamus·
2368 4560 2489 4619 Nec
2539 4560 2587 4618 si
2641 4558 2928 4635 Scriptura

520 4634 691 4712 jubet
717 4653 824 4693 nos
851 4634 1038 4696 facere
1066 4635 1235 4695 nobis
1283 4654 1383 4695 cor
1408 4654 1643 4711 novum,
1677 4636 1936 4713 sequitur
1962 4637 2072 4696 hoc
2101 4638 2350 4715 pendere
2379 4640 2453 4699 ab
2480 4639 2728 4713 homine,
2761 4657 2877 4697 non
2900 4654 2932 4693 a
