3221 5200
1275 11 1286 66 l

1285 129 1324 178 l...

1405 263 1426 270 ,Α
1449 261 1496 278 bx

1650 297 1777 316 ‘ffl--u

489 349 603 412 308
1122 368 1304 410 Locus
1335 369 1591 410 »scmus
1610 345 1999 410 ramme&
2507 355 2761 438 [QUAEST⁸
2794 375 2924 417 xm,

484 530 654 588 quam
688 510 916 568 Christo
944 508 1249 567 tribuimus
1268 510 1458 586 excipi
1489 518 1698 586 potest.
1771 511 1937 568 Licet
1956 510 2108 568 enim
2137 505 2361 586 ignor...-
2389 524 2684 588 ,anatenus
2710 533 2897 591 :napo-

485 591 727 664 sitioniS,
759 598 817 647 et
845 588 1187 646 universalis
1215 608 1404 646 rerum
1434 610 1579 666 quas
1609 591 1754 648 scire
1784 610 2017 648 necesse
2042 591 2133 664 sit,
2165 591 2325 648 vitiis
2343 591 2487 648 bene
2511 602 2898 666 accenseatur,

483 671 693 746 quibus
735 668 917 726 caruit
947 668 1245 742 Christu53
1294 669 1424 726 Non
1471 677 1663 727 tamen
1714 670 2002 746 negativa,
2043 679 2101 727 et
2142 669 2501 745 particularis
2542 672 2623 729 rei
2654 672 2900 749 alicujus

482 769 586 826 pro
604 750 704 806 illo
728 757 880 806 statu
903 756 960 805 et
982 756 1234 822 tempore
1258 767 1372 804 non
1397 750 1750 820 necessariae,
1776 770 1891 825 quo
1909 749 2126 807 faciunt
2148 749 2259 806 ista
2283 748 2607 824 Athanasii,
2634 751 2814 809 Serm.
2842 755 2897 809 4.

484 840 682 887 contra
718 828 980 902 Arianos,
1012 826 1071 890 ὥς
1100 824 1346 906 ἅνθρωπος
1363 833 1449 885 <ivn
1478 826 1614 901 3536»,
1647 827 1902 910 ἔοθςόπω
1928 854 2032 905 γαρ
2060 825 2181 886 73η»
2200 834 2255 885 τὸ
2276 853 2478 899 amour.

563 926 741 970 Fontes
773 927 907 970 Solu·
1090 907 1236 964 VII.
1286 908 1344 964 Si
1371 908 1635 965 Christus
1671 909 1862 966 omnia
1908 910 2053 966 scire
2103 908 2312 965 dicitur
2340 910 2381 967 J
2387 910 2478 965 oh.
2526 910 2649 968 xxi.
2703 913 2793 984 17,
2841 920 2900 969 et

643 986 843 1028 tionum.
1017 985 1227 1042 Matth.
1258 987 1338 1043 xi.
1370 991 1465 1061 27,
1501 987 1615 1044 Vel
1642 988 1717 1045 ad
1741 988 2037 1045 seientiam
2061 987 2316 1045 divinam
2339 989 2604 1065 pertinet,
2632 989 2728 1047 vel
2751 990 2803 1046 si
2824 989 2899 1047 ad

484 1066 794 1122 humanam
824 1062 1171 1137 extenditur,
1203 1085 1318 1122 non
1347 1066 1610 1124 absolute
1642 1067 1815 1125 debet
1849 1067 2112 1142 intelligi,
2144 1067 2287 1124 alias
2316 1068 2714 1125 omniscientia
2733 1078 2898 1126 natu-

485 1164 562 1200 rae
619 1144 745 1219 ejus
768 1144 1031 1200 humanae
1062 1144 1365 1202 tribuenda
1394 1155 1562 1217 esset,
1595 1147 1753 1222 quod
1781 1147 1986 1205 nolunt
2010 1147 2383 1221 Adversarii3
2429 1147 2531 1204 sed
2559 1157 2781 1205 tantum
2812 1168 2898 1206 se·

487 1221 738 1357 {undum
767 1221 906 1298 quid
930 1230 985 1280 et
1014 1233 1338 1300 comparate
1370 1236 1635 1301 respectu
1665 1226 1918 1283 scientiae
1946 1226 2261 1299 hominum,
2292 1246 2407 1301 qua
2434 1226 2606 1302 longe
2635 1226 2744 1285 fuit
2771 1247 2895 1303 per-

511 1311 706 1359 ectlor.

505 1383 510 1398 '
571 1380 749 1437 VIII.
799 1382 1075 1438 Thesauri
1097 1382 1337 1438 scientioe
1379 1391 1432 1440 et
1469 1383 1758 1458 sapientv'oe
1798 1383 1897 1459 qui
1939 1384 1998 1440 in
2046 1384 2266 1442 Christo
2288 1384 2550 1441 dicuntur
2577 1386 2897 1459 absconditi,

489 1459 610 1518 Col.
655 1459 714 1517 ii.
760 1461 814 1532 3,
861 1480 977 1516 non
1019 1460 1402 1517 omnimodam
1448 1461 1744 1520 scientiam
1790 1463 1945 1519 omni
1988 1471 2241 1538 tempore
2273 1483 2496 1538 semper
2537 1472 2595 1521 et
2636 1464 2898 1523 absolute

487 1539 662 1596 fuisse
707 1540 766 1596 in
810 1539 934 1615 ipso
977 1540 1286 1614 evincunt;
1337 1540 1452 1598 Sed
1494 1541 1671 1598 fuisse
1714 1561 1839 1598 eam
1863 1561 2090 1599 omnem
2120 1542 2435 1613 seientiam,
2467 1562 2595 1617 quae
2624 1543 2699 1600 ad
2728 1545 2898 1602 ratio-

487 1639 618 1676 nem
649 1617 830 1677 Officii
868 1617 1195 1676 Mediatorii
1237 1620 1519 1696 pertinere
1561 1620 1765 1696 potuit,
1798 1640 1926 1696 quae
1957 1622 2189 1677 omnino
2218 1621 2558 1678 eminentior
2580 1622 2687 1680 fuit
2716 1624 2897 1682 scien-

485 1698 567 1756 tia
595 1698 888 1755 hominum
921 1709 979 1756 et
1009 1698 1389 1773 Angelorum.
1423 1699 1596 1756 Adde
1628 1699 1800 1774 quod,
1834 1709 1898 1756 ut
1926 1700 2066 1756 alibi
2094 1701 2300 1771 visum,
2333 1700 2443 1756 hoc
2472 1710 2662 1774 potest
2684 1703 2900 1778 optime

484 1778 684 1835 referri
741 1777 836 1834 vel
878 1776 953 1834 ad
996 1798 1302 1854 personam
1351 1779 1582 1852 Christi,
1645 1779 1740 1836 vel
1794 1778 1868 1836 ad
1912 1779 2316 1854 Evangelium,
2363 1777 2434 1835 de
2478 1799 2593 1852 quo
2635 1782 2900 1857 proxime

485 1856 713 1914 locutus
731 1855 932 1914 fuerat.

569 1936 688 1993 IX.
735 1935 997 1994 Christus
1025 1945 1092 1996 ut
1114 1937 1300 1996 Filius
1331 1939 1442 1997 Dei
1471 1940 1544 1996 ad
1572 1938 1765 1996 omnia
1785 1937 1938 1996 bona
1979 1946 2215 2013 paterna
2243 1937 2316 1994 ab
2339 1937 2465 2012 ipsa
2495 1937 2897 1996 Incarnatione

478 2017 577 2092 jus
606 2016 823 2090 habuit,
850 2016 950 2074 sed
980 2017 1339 2092 possessione
1368 2018 1728 2094 quorundam
1758 2038 1833 2075 ex
1863 2017 2187 2075 voluntaria
2209 2016 2635 2092 dispensatione
2658 2017 2731 2074 ad
2754 2026 2894 2074 tem-

487 2115 595 2171 pus
626 2116 816 2153 carere
846 2096 1048 2171 potuit.
1137 2097 1354 2155 Debuit
1383 2117 1518 2155 sane
1547 2097 1755 2174 repleri
1786 2096 2052 2154 omnibus
2081 2097 2247 2154 donis
2277 2095 2351 2153 ad
2382 2095 2641 2153 Muneris
2674 2095 2893 2153 Media-

486 2175 614 2232 torii
657 2175 1208 2233 administrationem
1238 2177 1577 2234 necessariis
1607 2199 1622 2246 3
1668 2177 1887 2234 Verum
1919 2196 2023 2234 suo
2053 2175 2251 2233 ordine
2281 2183 2338 2233 et
2368 2175 2551 2251 gradu
2581 2175 2896 2234 secundum

485 2256 862 2312 oeconomiam
913 2255 1227 2312 voluntatis
1276 2255 1507 2314 divinae.
1595 2256 1810 2315 Unctio
1839 2255 1991 2314 facta
2018 2255 2251 2331 quidem
2280 2264 2368 2313 est
2395 2254 2469 2312 ab
2498 2255 2623 2330 ipso
2652 2273 2896 2331 concep-

485 2334 659 2392 tionis
701 2343 1008 2407 momentO,
1051 2335 1153 2391 sed
1195 2336 1319 2411 ejus
1361 2336 1651 2394 unctionis
1693 2344 1855 2393 aetus
1898 2335 2214 2410 dispensati
2258 2344 2391 2391 sunt
2432 2354 2535 2410 per
2574 2343 2897 2411 temporum

485 2424 790 2486 momenta,
808 2422 871 2471 ut
888 2423 946 2470 et
966 2433 1068 2488 per
1085 2412 1313 2488 objecta
1341 2415 1531 2472 varia:
1560 2425 1626 2472 ut
1648 2423 1856 2471 natura
1884 2415 2083 2472 divina
2102 2415 2160 2471 in
2181 2414 2409 2472 Christo
2437 2413 2622 2488 primo
2653 2414 2895 2489 compri-

485 2495 679 2550 mebat
725 2492 1090 2567 aliquomodo
1131 2493 1490 2566 majestatem
1523 2513 1703 2565 suam,
1736 2503 1794 2550 et
1835 2493 1995 2549 illam
2038 2493 2203 2567 quasi
2247 2492 2572 2550 occultabat
2628 2493 2736 2550 sub
2764 2493 2900 2550 velo

488 2573 706 2645 Carnis»,
739 2591 909 2646 quam
933 2579 1132 2645 postea
1161 2571 1370 2628 elarius
1398 2571 1625 2630 exeruit
1654 2572 1710 2628 in
1742 2571 2110 2629 exaltatione.
2176 2571 2272 2629 Sic
2306 2571 2552 2647 Spiritus
2581 2571 2895 2646 sapientiae,

485 2671 600 2726 quo
643 2661 849 2707 unctus
888 2658 991 2720 est,
1025 2649 1330 2707 cohibebat
1359 2658 1522 2707 actus
1551 2669 1704 2721 suos,
1735 2669 1841 2706 nee
1871 2650 2062 2706 statim
2092 2649 2284 2707 radios
2314 2670 2449 2707 suos
2477 2650 2807 2724 plenissime
2836 2651 2898 2707 in

486 2729 842 2786 intellectum
884 2727 1096 2784 Christi
1136 2727 1356 2785 effudit.
1447 2728 1616 2786 Unde
1658 2728 1793 2785 licet
1822 2727 2213 2803 plenissimam
2242 2728 2358 2784 imo
2386 2727 2667 2785 infinitam
2698 2730 2896 2806 cogni·

482 2808 698 2866 tionem
725 2806 975 2878 haberet,
1006 2825 1122 2862 non
1151 2814 1343 2863 tamen
1377 2826 1504 2863 eam
1534 2815 1713 2864 totam
1739 2806 1965 2864 Christo
1984 2806 2202 2863 homini
2231 2807 2694 2865 communicavit.

567 2886 651 2943 X.
698 2885 798 2943 Ad
826 2885 997 2943 finem
1031 2885 1448 2944 Incarnationis
1477 2885 1697 2961 aliquid
1718 2894 1908 2962 potest
1938 2885 2257 2943 conducere
2287 2886 2609 2962 dupliciter,
2642 2887 2756 2945 Vel
2785 2909 2895 2947 me·

485 2966 635 3024 diate
677 2975 734 3023 et
763 2965 1050 3024 communi
1079 2966 1316 3039 ratione,
1351 2966 1445 3024 vel
1475 2966 1788 3023 immediate
1817 2966 2034 3024 ratione
2067 2965 2363 3041 singulari.
2425 2966 2703 3039 Quamvis
2732 2968 2896 3043 igno·

484 3047 671 3105 rantia
699 3046 974 3123 negativa
1003 3045 1233 3120 Christi,
1266 3066 1382 3104 non
1421 3046 1708 3105 diceretur
1752 3045 1911 3103 utilis
1950 3046 2128 3104 fuisse
2171 3045 2246 3102 ad
2277 3046 2697 3105 Incarnationis
2725 3048 2897 3106 finem

485 3126 855 3202 singulariter
882 3134 939 3184 et
977 3125 1322 3199 immediate,
1357 3134 1423 3184 ut
1461 3126 1572 3184 suit
1598 3126 1924 3184 necessaria
1950 3145 2105 3184 mors
2132 3134 2191 3183 et
2219 3125 2559 3184 resurrectio
2583 3148 2597 3199 ;
2643 3127 2782 3184 satis
2810 3135 2900 3184 est

485 3208 642 3282 quod
684 3207 854 3265 fuerit
897 3205 1029 3264 talis
1071 3206 1319 3264 mediate
1358 3214 1416 3264 et
1459 3206 1746 3263 communi
1790 3207 2056 3277 ratione;
2102 3213 2167 3263 ut
2201 3205 2463 3263 Christus
2493 3203 2808 3263 declararet
2837 3224 2897 3263 se

483 3307 619 3344 vere
651 3287 984 3362 participem
1023 3293 1243 3343 naturae
1295 3295 1505 3344 nostrae
1536 3306 1665 3343 cum
1709 3285 2139 3342 infirmitatibus
2183 3285 2305 3342 suis
2335 3282 2672 3349 ἀδιαβλότοις.
2722 3285 2896 3359 Igno-

483 3366 670 3422 rantia
712 3366 923 3440 quippe
952 3364 1064 3421 ista
1092 3372 1180 3421 est
1198 3363 1452 3421 conditio
1483 3383 1712 3421 annexa
1733 3373 1952 3421 naturae
1982 3371 2193 3421 nostrae
2223 3364 2474 3419 animali.

567 3443 685 3499 XI.
762 3444 1065 3516 Perperam
1111 3443 1394 3499 sententia
1436 3450 1633 3499 nostra
1697 3440 1987 3498 confertur
2043 3461 2174 3498 cum
2220 3441 2620 3514 Agnoetarum
2672 3440 2894 3513 haeresi,

484 3541 614 3579 cum
644 3520 789 3576 nihil
818 3520 984 3575 nobis
1014 3520 1090 3575 sit
1118 3539 1419 3576 commune
1449 3539 1576 3576 cum
1599 3520 1734 3592 illis,
1757 3520 1855 3595 qui
1879 3519 2263 3595 ignorantiam
2288 3519 2501 3590 Verbo,
2524 3518 2647 3576 sive
2667 3518 2896 3577 Christo

483 3619 599 3675 qua
650 3599 809 3655 Deus
857 3605 945 3654 est
994 3597 1340 3669 tribuebant,
1365 3606 1428 3655 ut
1459 3597 1639 3672 Alph.
1670 3616 1705 3652 a
1734 3598 1935 3654 Castro
1964 3597 2064 3654 lib.
2097 3600 2150 3654 5.
2192 3597 2415 3654 advers.
2462 3598 2727 3669 haereseS,
2759 3598 2895 3656 haer.

483 3680 539 3735 8.
571 3686 760 3749 notat;
809 3676 885 3734 Et
911 3676 1050 3733 Isid.
1077 3675 1236 3752 Orig.
1267 3676 1367 3732 lib.
1397 3675 1519 3734 viii.
1554 3695 1679 3751 cap.
1705 3679 1758 3732 5.
1795 3674 1966 3734 Unde
1997 3675 2238 3752 Niceph.
2268 3676 2369 3735 lib.
2395 3676 2496 3732 xii.
2534 3696 2584 3733 c.
2605 3679 2701 3750 30,
2722 3675 2899 3736 fuisse

479 3777 579 3815 eos
608 3755 924 3813 Arianismi
954 3756 1326 3831 propaginem
1356 3755 1542 3814 docet.

704 3893 714 3905 ‚
1089 3835 1241 3891 XII.
1289 3835 1446 3892 Hinc
1476 3855 1592 3892 non
1622 3835 1862 3893 obscure
1893 3835 2090 3911 colligi
2118 3844 2323 3911 potest,
2351 3835 2502 3909 Quid
2532 3835 2900 3895 statuendum

481 3891 964 3994 Αξίῐῖῗὲἰῗιῖῗίξξοῗ
1007 3914 1082 3972 sit
1112 3915 1263 3971 circa
1285 3915 1456 3971 aliam
1482 3914 1891 3988 Quaestionem,
1924 3935 2052 3991 quae
2081 3915 2175 3972 hic
2205 3926 2470 3974 movetur
2497 3936 2531 3971 a
2556 3915 2894 3987 Pontificiis,

539 4015 590 4053 et
632 4008 957 4064 Comprehen—
1001 3994 1100 4051 An
1131 3994 1392 4051 Christus
1435 3993 1607 4051 fuerit
1635 3993 1842 4051 Viator
1884 3994 2055 4052 simul
2098 4003 2155 4052 et
2185 3994 2679 4071 Comprehensor?
2729 3993 2898 4067 Quod

539 4066 660 4111 ⁸⁰¹⁹?
712 4066 954 4122 Negativa
995 4073 1078 4130 illi
1125 4074 1487 4149 pertendunt,
1520 4082 1584 4131 ut
1629 4073 1855 4131 facilius
1904 4083 2118 4149 negent
2157 4074 2453 4150 passiones
2482 4074 2808 4149 spirituales
2835 4074 2895 4130 in

539 4126 791 4182 probatur.
1002 4154 1193 4209 anima
1223 4152 1434 4211 Christi
1465 4153 1654 4210 locum
1686 4152 1974 4209 habuisse.
2062 4153 2183 4210 Nos
2224 4172 2363 4211 vero
2405 4172 2701 4227 negamus.
2747 4151 2897 4224 Quia

481 4242 665 4293 status
678 4234 774 4291 isti
794 4234 874 4290 ita
894 4240 1026 4291 sunt
1046 4232 1311 4308 oppositi,
1333 4240 1396 4290 ut
1434 4232 1549 4289 sint
1567 4229 1869 4305 sirionem-003
1892 4232 2100 4289 Viator
2120 4240 2207 4290 est
2225 4232 2282 4287 in
2304 4232 2416 4303 via,
2440 4230 2898 4305 Comprehensor

476 4314 539 4371 in
566 4322 720 4371 meta
749 4335 762 4384 3
810 4312 1015 4369 Viator
1036 4312 1259 4369 laborat
1287 4319 1346 4369 et
1372 4310 1604 4388 patitur,
1639 4311 2094 4386 Comprehensor
2121 4311 2298 4368 finitis
2325 4310 2621 4367 laboribus
2645 4308 2896 4385 perfecta

476 4392 833 4451 beatitudine
877 4390 1099 4447 fruitur.
1185 4391 1327 4447 Cum
1371 4409 1512 4464 ergo
1542 4389 1807 4447 Christus
1836 4389 2007 4446 fuerit
2034 4390 2129 4447 hic
2159 4390 2217 4445 in
2246 4388 2343 4445 via
2370 4388 2445 4445 ad
2475 4387 2894 4446 decurrendum

477 4472 725 4529 stadium
757 4470 864 4546 ipsi
894 4469 1266 4544 propositum,
1292 4479 1356 4526 ut
1385 4488 1530 4544 opus
1560 4468 1971 4543 redemptionis
1998 4478 2207 4525 nostrae
2237 4467 2551 4544 perficeret,
2577 4468 2635 4524 in
2654 4488 2770 4544 quo
2792 4487 2892 4526 va-

475 4550 577 4606 riis
607 4549 875 4606 aerumnis
903 4557 960 4607 et
982 4548 1388 4607 certaminibus
1418 4548 1707 4606 obnoxius
1764 4547 1889 4620 fuit,
1936 4547 2063 4604 Imo
2092 4556 2149 4604 et
2173 4546 2636 4605 maledictionem
2665 4555 2725 4606 et
2752 4567 2891 4623 pon·

476 4627 585 4685 dus
602 4628 702 4685 irae
732 4627 844 4685 Dei
887 4627 1190 4701 sustinuit;
1236 4647 1351 4684 non
1394 4627 1581 4702 potuit
1608 4628 1716 4685 hoc
1747 4627 2022 4702 temporis
2050 4626 2354 4685 intervallo
2385 4627 2894 4703 Comprehensoris
