3221 5200
281 385 506 437 qums-r.
538 366 676 448 v11.]
1203 384 1282 424 ns
1312 384 1560 426 ratosne
1591 385 1853 426 (zm-rm.
2588 372 2700 430 193

282 539 431 589 rent.
518 529 781 605 AEquum
824 526 998 586 etiam
1041 535 1163 586 erat
1204 535 1459 604 apertam
1502 527 1649 587 tanti
1688 526 1948 605 mysterii
1991 525 2435 586 declarationem
2465 525 2696 588 Christo

283 629 509 668 summo
540 610 845 684 Prophetae
886 627 1200 682 reservare,
1244 616 1309 666 ut
1350 607 1561 666 clarius
1602 615 1825 684 pateret
1865 606 2158 684 quodnam
2192 615 2345 665 esset
2386 605 2695 666 discrimen

283 689 435 748 inter
463 690 690 748 Mosem
717 687 1014 762 famulum,
1035 695 1093 746 et
1116 687 1405 746 Christum
1432 687 1762 762 Dominum,
1790 687 1952 746 Inter
1974 687 2284 746 Doctorem
2314 687 2698 765 symbolicum

281 769 468 847 prima
495 769 780 828 elementa
800 766 1121 843 docentem,
1144 776 1206 826 et
1229 768 1539 825 Doctorem
1559 767 1854 826 coelestem
1877 766 2070 825 omnia
2091 773 2299 826 arcana
2319 767 2692 845 revelantem.

283 850 511 908 Deinde
538 846 863 926 praecedere
891 847 1093 906 debuit
1122 847 1409 905 convictio
1436 847 1689 905 hominis
1718 846 2088 924 impotentiae,
2120 855 2186 907 ut
2214 867 2283 906 eo
2311 847 2524 906 clarius
2552 869 2689 925 cog-

280 937 615 988 nosceretur
641 927 957 985 necessitas
1000 927 1218 1004 gratiae,
1249 935 1309 985 et
1344 925 1641 986 ardentius
1687 926 2022 1004 Salvatoris,
2064 947 2169 1003 per
2194 946 2367 1004 quem
2400 926 2693 988 afferenda

278 1008 404 1085 fuit,
437 1008 785 1067 desiderium
814 1006 1179 1066 excitaretur.

880 1087 956 1145 V.
1002 1091 1057 1146 4.
1088 1089 1324 1145 Natura
1351 1107 1543 1146 rerum
1561 1111 1585 1160 ,·
1615 1088 1761 1146 Cum
1779 1087 1931 1146 enim
1960 1087 2166 1147 futurae
2188 1096 2382 1147 essent
2399 1088 2605 1166 adhuc,
2623 1097 2691 1149 et

803 1167 1079 1225 vaticinia
1106 1175 1238 1225 ante
1268 1168 1750 1244 complementum
1780 1168 2004 1227 soleant
2036 1187 2162 1227 esse
2191 1168 2541 1243 obscuriora,
2573 1170 2688 1227 sal-

277 1255 397 1306 tem
426 1247 617 1324 quoad
639 1247 1041 1325 complementi
1063 1247 1360 1323 rationem,
1385 1247 1593 1306 mirum
1615 1265 1731 1306 non
1753 1254 1843 1306 est
1864 1247 1913 1305 si
1934 1247 2118 1324 primo
2141 1248 2458 1324 obscurius,
2479 1249 2690 1308 deinde

278 1326 491 1385 clarius
513 1327 723 1385 fuerint
742 1328 1052 1404 proposita,
1077 1348 1192 1404 quo
1215 1327 1479 1404 proprius
1500 1326 1883 1387 accedebatur
1902 1328 1978 1385 ad
1999 1337 2225 1406 tempus
2247 1329 2687 1406 complementi;

277 1141 323 1186 4.
354 1140 547 1187 Natura
565 1155 744 1186 rerum.

282 1407 381 1465 Sic
409 1407 512 1464 lux
540 1407 728 1483 magis
756 1408 1057 1484 magisque
1100 1416 1269 1466 aucta
1296 1415 1402 1466 est.
1489 1407 1841 1485 Progressus
1868 1407 1934 1466 fit
1974 1408 2362 1484 revelationis,
2396 1409 2689 1486 Propheta

272 1486 587 1564 Prophetae
616 1486 793 1546 tradit
820 1496 879 1546 et
906 1488 1106 1564 arripit
1132 1487 1457 1565 lampadem
1501 1487 1830 1564 Evangelii,
1861 1507 1977 1565 qua
2003 1488 2360 1548 illuminetur
2402 1488 2684 1565 Ecclesia,

277 1575 338 1625 et
366 1587 581 1625 novum
610 1567 854 1644 gradum
895 1567 1041 1626 lucis
1082 1567 1262 1626 addit.
1348 1568 1582 1627 Eaedem
1624 1568 2036 1646 promissiones
2076 1577 2412 1646 repetuntur
2438 1577 2497 1628 et
2525 1569 2686 1628 illus-

277 1655 541 1723 trantur3
586 1657 645 1706 et
683 1667 800 1724 quo
846 1648 1033 1724 magis
1076 1647 1255 1707 instat
1297 1655 1524 1726 tempus
1570 1648 1993 1726 complementi,
2029 1668 2099 1707 eo
2141 1648 2412 1707 clariores
2454 1657 2589 1707 sunt
2631 1657 2690 1708 et

277 1727 585 1804 pleniores.
668 1726 827 1787 Ante
874 1727 1093 1804 Legem
1139 1727 1332 1787 datam
1376 1748 1479 1805 per
1523 1729 1752 1787 Mosem
1792 1728 2093 1787 obscurior
2133 1727 2243 1787 fuit
2287 1728 2618 1804 PromissiO,
2655 1749 2693 1786 a

280 1806 441 1884 Lege
471 1806 606 1866 data
632 1827 814 1885 usque
842 1807 917 1866 ad
945 1816 1204 1886 tempora
1233 1809 1651 1885 Prophetarum
1679 1808 1871 1867 minus
1898 1809 2161 1883 obseura,
2190 1828 2227 1867 a
2270 1808 2690 1885 Prophetarum

275 1886 635 1964 temporibus
676 1908 858 1965 usque
892 1888 967 1945 ad
993 1889 1055 1947 J.
1088 1889 1411 1965 Baptistam
1455 1888 1681 1964 clarior,
1723 1896 1858 1965 post
1885 1889 1928 1947 J
1932 1889 2178 1946 ohannis
2217 1887 2687 1965 praedicationem

276 1976 493 2044 aperta,
526 1967 844 2027 clarissima
869 1976 1004 2045 post
1031 1968 1344 2027 adventum
1368 1968 1601 2028 Christi.
1687 1968 1782 2027 Ita
1805 1968 2053 2027 Messias
2082 1968 2155 2026 ab
2183 1967 2349 2026 initio
2376 1976 2602 2027 tantum
2623 1978 2691 2028 ut

280 2047 490 2107 Semen
531 2048 805 2122 mulieris,
837 2049 987 2108 Gen.
1017 2048 1098 2106 iii.
1135 2051 1225 2122 15,
1268 2048 1586 2125 promissus
1628 2056 1736 2125 est,
1778 2055 1980 2126 postea
2019 2056 2086 2107 ιιι
2128 2048 2317 2107 Filius
2344 2047 2686 2124 Abrahami,

278 2127 431 2187 Gen'.
462 2127 584 2202 xii„
614 2137 681 2187 ut
709 2128 985 2187 oriundus
1014 2148 1088 2187 ex
1117 2128 1294 2202 Juda,
1322 2128 1469 2188 Gen.
1492 2128 1660 2205 xlix„
1685 2136 1744 2187 et
1769 2129 1832 2186 in
1857 2128 2013 2186 tribu
2041 2128 2085 2187 J
2087 2127 2203 2186 uda
2229 2148 2304 2186 ex
2327 2127 2546 2186 familia
2569 2129 2687 2187 Da-

275 2207 447 2283 vidis,
480 2212 515 2266 2
549 2209 704 2268 Sam.
734 2209 835 2267 vii.
867 2207 1098 2266 Exinde
1128 2207 1341 2267 additae
1384 2217 1519 2266 sunt
1552 2208 2001 2267 circumstantiae
2028 2207 2204 2265 variae
2233 2207 2307 2266 de
2358 2207 2691 2268 conditione

276 2286 504 2355 Matris,
536 2287 694 2365 quod
721 2287 915 2347 futura
955 2297 1109 2347 esset
1135 2288 1323 2364 virg0,
1371 2288 1485 2346 Isa.
1517 2288 1639 2360 vii„
1670 2287 1743 2346 de
1770 2287 1900 2346 loco
1941 2287 2281 2362 nativitatis,
2327 2287 2509 2346 Mich.
2538 2309 2596 2347 v.
2627 2293 2685 2365 2,

275 2366 349 2426 de
376 2376 651 2446 tempore,
679 2368 889 2427 Daniel
917 2368 1018 2442 ix„
1050 2368 1122 2426 de
1144 2375 1300 2426 statu
1330 2368 1458 2445 ejus
1486 2366 1704 2443 duplici
1732 2367 2067 2444 passionum
2088 2376 2147 2427 et
2168 2367 2385 2445 gloriae,
2420 2368 2535 2427 Isa.
2559 2368 2684 2445 liii.,

269 2447 345 2505 de
377 2449 755 2525 Praecursore,
782 2447 1035 2507 Malach.
1066 2448 1146 2506 iii.
1181 2451 1233 2525 1,
1266 2455 1325 2508 et
1353 2447 1483 2506 aliis
1511 2447 1821 2528 adjunctis,
1853 2467 1984 2525 quae
2018 2448 2459 2526 promissionem
2498 2449 2689 2527 magis

271 2528 572 2607 magisque
613 2530 994 2588 illustrarunt.

352 2609 463 2669 VI.
510 2611 563 2668 N
567 2631 632 2670 ee
662 2611 785 2669 sine
814 2610 982 2688 gravi
1009 2630 1185 2671 causa
1210 2610 1445 2686 factum,
1486 2617 1553 2670 ut
1580 2609 1920 2688 mysterium
1948 2610 2059 2669 hoc
2086 2629 2157 2669 eo
2185 2610 2488 2670 obscurius
2515 2609 2689 2671 fuerit

272 2690 649 2767 propositum,
680 2712 796 2769 quo
823 2700 1084 2769 tempora
1110 2692 1185 2750 ab
1213 2691 1469 2750 adventu
1498 2691 1712 2750 Christi
1751 2691 1987 2768 longius
2028 2689 2352 2750 abfuerunt.
2442 2694 2495 2750 1.
2540 2691 2691 2766 Quia

272 2780 720 2831 consentaneum
748 2772 874 2845 fuit,
905 2781 971 2831 ut
997 2781 1274 2850 tempora,
1305 2792 1421 2849 quo
1448 2771 1684 2850 longius
1712 2772 1787 2829 ab
1816 2780 2023 2831 exortu
2054 2771 2207 2831 Solis
2239 2772 2485 2850 justitiae
2512 2792 2687 2850 appa-

268 2860 524 2925 ruerunt,
556 2871 625 2910 eo
653 2852 985 2911 obscuriora
1010 2862 1223 2913 essent.
1308 2857 1364 2912 2.
1416 2852 1544 2927 Quo
1590 2851 1829 2930 propius
1856 2852 2110 2912 instabat
2136 2851 2423 2911 adventus
2453 2852 2687 2930 Christi,

272 2948 342 2988 eo
371 2930 561 2988 acrius
588 2932 829 2989 excitari
856 2932 1179 2991 debuerunt
1205 2932 1502 2991 hominum
1530 2933 1707 2990 animi
1736 2932 1796 2989 in
1825 2932 1955 3008 ejus
1981 2932 2400 3007 expectatione.
2485 2935 2542 2992 3.
2574 2933 2685 2992 Ec-

272 3008 466 3083 clesia,
497 3028 613 3084 quo
657 3009 767 3068 fuit
807 3011 1041 3088 propior
1080 3011 1260 3069 initiis
1308 3012 1446 3086 suis,
1497 3030 1567 3069 eo
1595 3010 1795 3070 rudior
1820 3010 1946 3086 fuit,
1978 3010 2334 3088 proindeque
2363 3031 2432 3070 eo
2460 3012 2684 3072 rudiori

274 3085 459 3143 forma
486 3086 856 3147 instituenda.

271 3202 767 3309 vzttfffftfflffi,
809 3167 974 3306 „012¹
980 3168 1593 3325 &Jssffgfieffff‘gssff
1600 3166 1813 3305 dmm?
1823 3186 2083 3306 2⁰33&
2087 3167 2687 3310 ῗέιὲῗέιῗέζᾞὲ

330 3322 391 3366 ¹²⁴¹
414 3321 682 3369 christum.
805 3326 1099 3405 designari
1147 3328 1350 3403 solent,
1380 3292 1448 3387 ut
1475 3335 1647 3386 antea
1674 3326 1930 3404 dictum;
1977 3326 2136 3386 Illud
2163 3327 2321 3405 quod
2348 3328 2422 3387 ab
2451 3328 2684 3389 Adamo

270 3428 456 3487 usque
499 3408 573 3468 ad
618 3408 909 3468 Christum
951 3407 1347 3486 protenditur3
1394 3406 1563 3467 Istud
1590 3428 1626 3466 a
1654 3406 1883 3467 Christo
1911 3409 1986 3468 ad
2014 3408 2188 3467 finem
2230 3410 2427 3468 seculi.
2512 3410 2684 3485 Quie-

269 3490 412 3567 quid
449 3490 511 3548 in
560 3488 987 3567 dispensatione
1036 3488 1204 3548 istius
1250 3487 1484 3548 foederis
1532 3488 1793 3567 typicum
1820 3487 1928 3548 fuit
1956 3498 2014 3549 et
2041 3497 2359 3549 connotans
2385 3490 2684 3569 imperfec-

269 3571 505 3647 tionem,
558 3578 618 3629 et
665 3569 1084 3629 confessionem
1132 3568 1388 3628 nondum
1434 3570 1610 3629 soluti
1638 3567 1837 3677 λῦτςου,
1867 3570 1930 3628 id
1957 3570 2033 3629 ad
2061 3570 2196 3630 Vet.
2227 3570 2384 3630 Test.
2413 3572 2681 3650 pertinet.

272 3650 562 3728 Quicquid
589 3650 1041 3729 redemptionem
1070 3659 1203 3709 actu
1229 3650 1546 3727 praestitam
1585 3671 1691 3728 per
1719 3651 2029 3728 Christum,
2073 3651 2137 3709 id
2165 3651 2344 3711 Novo
2363 3653 2522 3712 Test.
2550 3674 2681 3731 pro-

266 3731 456 3808 prIum
506 3740 612 3790 est.
700 3731 833 3790 Scio
879 3733 1202 3812 rgaznopa'aev
1248 3731 1542 3790 nonnullis
1601 3731 1791 3810 magis
1838 3732 2108 3808 arridere,
2164 3740 2232 3792 ut
2285 3733 2682 3793 consideretur

270 3810 535 3869 Foederis
576 3812 777 3888 gratiae
819 3812 1257 3886 administratio,
1305 3810 1358 3871 1.
1401 3812 1517 3870 Sub
1559 3812 1937 3871 Promissione
1978 3820 2110 3871 ante
2141 3812 2379 3889 Legem,
2412 3833 2447 3871 a
2476 3814 2676 3873 Prote-

268 3890 542 3967 vangelio
570 3911 752 3968 usque
781 3892 855 3950 ad
885 3893 1131 3968 Mosem,
1177 3911 1351 3968 quam
1398 3892 1836 3969 promissionem
1884 3912 2058 3950 merae
2087 3893 2286 3969 gratiae
2315 3900 2374 3951 et
2399 3892 2684 3952 libertatis

268 3970 449 4029 fuisse
478 3971 851 4046 contendunt,
877 3972 1001 4031 sine
1028 3972 1150 4030 ullo
1170 3973 1318 4049 jugo
1347 3991 1414 4030 ac
1444 3972 1623 4049 Legis
1651 3972 1976 4031 accusantis
2005 3991 2210 4047 onere;
2283 3976 2340 4030 2.
2369 3973 2484 4030 Sub
2511 3974 2680 4049 Leqe,

271 4071 308 4109 a
337 4051 504 4110 Mose
532 4050 606 4109 ad
637 4051 948 4127 Christum,
979 4052 1081 4111 ubi
1107 4052 1315 4111 volunt
1341 4051 1571 4111 demum
1600 4052 1852 4129 incipere
1881 4052 2071 4110 Vetus
2098 4051 2550 4127 Testamentum,
2582 4072 2682 4111 cu-

260 4131 363 4209 jus
410 4130 719 4190 haereditas
764 4132 841 4191 sit
881 4140 1036 4191 terra
1084 4131 1354 4207 Canaan3
1420 4135 1476 4192 3.
1519 4131 1635 4190 Sub
1662 4131 1995 4207 Ευαηρεῑίο,
2047 4129 2149 4189 ubi
2195 4130 2398 4208 incipit
2428 4131 2679 4192 Novum.

273 4211 391 4271 Sed
439 4231 555 4269 non
583 4220 855 4289 putamus
881 4221 1078 4271 tamen
1104 4211 1488 4270 recedendum
1515 4231 1644 4271 esse
1673 4231 1708 4270 a
1734 4218 1965 4288 recepta
1994 4210 2294 4285 sententia,
2325 4231 2456 4287 quse
2482 4207 2679 4287 διχοτο-

268 4294 388 4367 μία,
435 4292 661 4367 retinet,
709 4298 769 4350 et
814 4292 1058 4370 primam
1106 4291 1486 4351 oeconomiam
1528 4299 1663 4350 ante
1713 4291 2005 4350 Christum
2054 4290 2286 4351 Veteris
2326 4291 2682 4352 Testamenti

269 4372 504 4431 notione
533 4372 838 4449 designare
883 4373 1049 4432 solet.
1134 4372 1284 4447 Quia
1311 4391 1387 4430 ex
1430 4391 1542 4431 usu
1594 4372 1907 4448 Scripturae
1947 4370 2257 4429 Promissio
2293 4390 2409 4429 non
2455 4379 2681 4432 tantum

269 4451 512 4511 refertur
538 4452 612 4512 ad
640 4460 869 4531 tempus
897 4461 1031 4512 ante
1060 4452 1297 4531 Legem,
1343 4451 1446 4512 sed
1474 4450 1809 4512 extenditur
1835 4450 1911 4509 ad
1938 4450 2130 4509 omnia
2158 4450 2353 4510 secula
2381 4452 2683 4528 sequentia

271 4530 380 4590 sub
412 4531 569 4610 Lege
596 4552 781 4610 usque
810 4534 885 4592 ad
915 4532 1224 4608 Christum,
1268 4540 1335 4591 ut
1362 4531 1658 4609 colligitur
1684 4551 1759 4590 ex
1787 4531 1948 4608 locis,
1979 4530 2117 4589 Act.
2146 4530 2206 4590 ii.
2238 4533 2333 4606 39,
2365 4540 2424 4591 et
2449 4531 2552 4591 vii.
2584 4536 2678 4610 17,

272 4618 331 4669 et
380 4610 504 4669 xiii.
534 4614 630 4687 32,
682 4614 824 4673 Luc.
856 4613 894 4673 i.
926 4617 1022 4689 72,
1076 4614 1246 4672 Rom.
1277 4612 1358 4670 ix.
1389 4615 1447 4687 4,
1500 4612 1652 4689 Eph.
1680 4611 1741 4670 ii.
1776 4614 1868 4671 12.
1955 4611 2034 4671 Et
2088 4612 2301 4671 Veteris
2348 4614 2687 4673 Testamenti

271 4690 657 4750 nomenclatio
683 4713 803 4753 non
830 4693 1204 4771 restringitur
1231 4693 1306 4751 ad
1334 4692 1714 4752 oeconomiam
1743 4692 2084 4770 Menatem,
2117 4692 2220 4752 sed
2248 4693 2582 4754 extenditur
2607 4695 2683 4755 ad

431 4789 500 4829 ΡΑ
510 4790 596 4830 Rs.
627 4791 689 4832 11.
2317 4792 2354 4832 Ν
