3221 5200
530 350 651 404 246
1347 366 1529 405 Locus
1559 366 1818 405 »nemus
1850 365 2118 405 TERTmS.
2626 341 2883 422 [QUAEST.
2918 363 2958 401 1.

544 506 619 564 ad
663 505 792 582 ejus
839 506 1140 564 veritatem
1197 506 1551 581 salvandam,
1610 506 1661 565 si
1709 505 1946 583 aliquod
1997 504 2257 581 regimen
2299 511 2357 561 et
2396 503 2752 580 principatus
2795 503 2855 559 in
2891 522 2964 560 ea

545 585 816 660 viguerit,
841 586 978 661 quia
1004 587 1184 644 verba
1203 586 1333 661 ista,
1358 608 1468 644 non
1486 589 1705 645 recedet
1722 596 2016 663 sceptrum,
2040 606 2140 642 nec
2168 585 2502 659 Leyislator,
2528 581 2656 656 &c.,
2682 582 2964 640 sumenda

549 672 686 723 sunt
713 664 1082 742 disjunctive,
1112 686 1230 724 non
1259 667 1630 743 conjunctim,
1662 677 1727 725 ut
1757 686 1961 725 sensus
1991 665 2065 722 sit
2092 665 2135 722 J
2140 663 2336 722 udae'os
2357 683 2474 721 non
2502 662 2622 720 fore
2650 661 2965 738 privandos

551 753 812 820 utroque,
865 747 1189 822 usquedum
1234 746 1457 805 venerit
1491 747 1671 821 Siloh,
1718 746 1821 804 sed
1862 745 2199 804 alterutrum
2230 762 2455 818 semper
2480 749 2766 799 retentum
2795 741 2882 816 iri,
2915 741 2965 799 si

549 844 667 881 non
700 826 1018 901 Sceptrum,
1051 835 1111 884 at
1141 826 1580 902 Legislatoriam
1610 836 1669 883 et
1691 825 2054 903 judiciariam
2085 830 2428 900 potestatem
2456 829 2514 879 et
2542 821 2823 896 νομοθεσίαν.
2905 824 2964 877 4.

551 904 683 961 Non
715 905 929 981 requiri
956 905 1130 962 etiam
1170 915 1235 964 ut
1279 905 1594 964 dominium
1640 924 1865 982 semper
1905 903 2217 962 obtinuerit
2258 902 2529 960 continua
2555 911 2614 959 et
2641 920 2760 958 non
2785 900 2963 957 inter-

550 992 720 1059 rupta
749 984 928 1059 serie3
975 985 1116 1042 satis
1145 1004 1271 1043 esse
1299 995 1365 1043 ut
1393 985 1782 1044 denominatio
1812 1003 2037 1060 semper
2061 982 2270 1057 fuerit;
2302 990 2366 1039 ut
2393 981 2503 1038 etsi
2524 981 2793 1056 Regnum
2823 979 2966 1036 His-

552 1062 821 1138 panicum
849 1063 1140 1121 transierit
1166 1064 1243 1121 ad
1269 1064 1503 1123 domum
1546 1063 1933 1138 Austriacam,
1963 1082 2080 1120 non
2108 1062 2321 1120 desinit
2348 1060 2543 1118 vocari
2573 1061 2799 1118 Corona
2827 1059 2967 1116 His—

554 1161 777 1218 panica.

638 1220 817 1279 XVI.
864 1221 977 1279 His
1004 1221 1209 1298 positis
1237 1223 1366 1281 dico
1395 1222 1883 1281 continuationem
1918 1222 2141 1297 Sceptri
2169 1228 2227 1278 et
2257 1218 2571 1277 Potestatis
2599 1218 2658 1275 in
2687 1217 2847 1276 Juda
2867 1216 2967 1275 de·

556 1301 864 1357 monstrari
892 1320 1006 1359 non
1037 1301 1277 1360 obscure
1295 1322 1464 1378 posse
1489 1324 1503 1360 :
1538 1306 1590 1360 1.
1623 1303 1679 1360 Α
1706 1301 1933 1360 Davide
1961 1320 2143 1376 usque
2172 1299 2244 1357 ad
2276 1299 2682 1375 Captivitatem
2713 1297 2968 1373 Babylo·

557 1379 746 1436 nicam
775 1399 878 1457 per
918 1383 1037 1438 470
1079 1400 1211 1438 ann.
1255 1386 1311 1440 2.
1357 1382 1429 1438 In
1471 1382 1838 1458 Captivitate,
1887 1381 2072 1458 primo
2115 1381 2174 1437 in
2211 1379 2486 1437 Jechonia
2525 1378 2693 1454 cujus
2743 1379 2972 1453 “caput

561 1459 771 1516 extulit
803 1458 1265 1534 Evilmerodach,
1296 1469 1354 1518 et
1381 1461 1651 1519 thronum
1695 1462 1822 1537 ejus
1863 1459 2189 1535 anteposuit
2217 1459 2456 1516 aliorum
2488 1458 2718 1533 Regum
2747 1456 2969 1530 soliis,”

562 1542 598 1595 2
616 1539 764 1614 Reg.
788 1546 935 1597 xxV.
952 1542 1148 1613 2738,
1171 1539 1423 1597 secundo
1446 1541 1504 1596 in
1525 1541 1786 1615 Daniele,
1806 1540 1908 1616 qui
1919 1549 2042 1598 erat
2060 1560 2131 1597 ex
2154 1538 2308 1596 tribu
2325 1538 2366 1595 J
2372 1537 2499 1595 udae
2518 1546 2576 1595 et
2593 1557 2667 1594 ex
2690 1535 2971 1611 sanguine

564 1618 770 1693 Regio,
807 1618 954 1676 Dan.
986 1619 1045 1676 ii.
1076 1622 1171 1692 25,
1203 1628 1261 1678 et
1287 1640 1345 1678 v·
1394 1623 1484 1693 13,
1530 1620 1700 1678 tertio
1743 1621 1802 1677 in
1843 1619 2352 1677 AEchmalotarchis
2371 1615 2372 1618 ’
2392 1617 2493 1693 qui
2532 1617 2594 1673 in
2636 1616 2973 1692 captivitate

562 1697 809 1772 fuerunt,
842 1698 993 1756 unde
1025 1698 1306 1773 Ramban,
1337 1698 1439 1757 lib.
1469 1699 1574 1758 ult.
1603 1699 1719 1757 lad.
1751 1720 1799 1760 c.
1824 1699 1921 1772 iv„
1956 1702 1991 1732 ‘⁴
2014 1697 2540 1756 AEchmalotarchae
2573 1695 2753 1771 Regis
2779 1694 2972 1752 locum

561 1777 841 1852 obtinent,
873 1778 1010 1853 quia
1037 1777 1263 1851 dicitur,
1297 1779 1429 1837 Non
1462 1779 1751 1838 auferetur
1780 1779 2126 1855 sceptrum,”
2158 1775 2286 1852 δια,
2321 1778 2392 1834 R.
2427 1776 2543 1833 Sal.
2573 1775 2633 1832 in
2667 1775 2841 1832 Sanh.
2871 1774 2972 1832 fol.

564 1859 620 1930 5,
655 1858 690 1888 ‘⁴
715 1858 767 1914 N
772 1877 845 1914 on
874 1856 1164 1915 auferetur
1191 1866 1496 1934 sceptrum,
1530 1859 1654 1917 Ista
1682 1867 1816 1917 sunt
1845 1858 2047 1933 Capita
2074 1857 2252 1931 exilii,
2284 1875 2412 1932 quae
2441 1855 2765 1932 gubernant
2791 1873 2973 1930 popu-

563 1936 685 1993 lum
713 1936 941 1995 indultu
964 1937 1190 2012 Regum
1216 1939 1487 1996 Persiae.''
1572 1942 1629 1997 3.
1655 1938 1712 1995 A
1737 1938 2083 2014 Captivitate
2103 1935 2478 2012 Babylonica,
2509 1935 2569 1991 in
2599 1933 2974 2006 Zorobabele,

564 2016 666 2091 qui
692 2035 873 2093 nepos
900 2017 1219 2092 Jechoniae,
1251 2028 1309 2075 et
1339 2018 1634 2093 Nehemia,
1665 2037 1837 2093 quem
1866 2037 1940 2074 ex
1969 2016 2121 2074 tribu
2140 2017 2181 2074 J
2185 2016 2332 2074 udae
2360 2014 2536 2072 fuisse
2565 2022 2726 2071 notat
2758 2012 2974 2070 Euseb.

566 2095 626 2152 in
674 2095 883 2153 Chron.
933 2116 991 2171 p.
1044 2095 1176 2172 156,
1221 2096 1375 2154 unde
1406 2097 1731 2171 Nehemias,
1762 2097 1862 2173 qui
1889 2096 2133 2154 refertur
2154 2095 2228 2152 ad
2261 2095 2616 2167 SacerdoteS,
2649 2093 2794 2150 Neh.
2824 2112 2884 2149 x.
2919 2095 2973 2164 1,

568 2175 717 2231 alius
748 2174 920 2233 debet
947 2195 1073 2233 esse
1103 2177 1175 2234 ab
1206 2177 1335 2250 isto,
1380 2185 1445 2235 ut
1478 2186 1705 2234 constat
1745 2196 1820 2234 ex
1863 2195 1986 2251 cap.
2030 2175 2131 2232 vii.
2176 2178 2230 2248 5,
2277 2178 2331 2247 7,
2377 2174 2522 2231 duos
2564 2172 2740 2231 fuisse
2784 2172 2977 2229 Nehe-

567 2254 732 2311 mias.
812 2257 869 2310 4.
901 2253 958 2310 A
993 2255 1273 2314 Nehemia
1304 2255 1379 2313 ad
1412 2256 1704 2315 Herodem
1734 2275 1838 2332 per
1873 2274 2055 2312 annos
2083 2256 2219 2327 335,
2251 2253 2539 2311 difficilior
2564 2258 2655 2310 est
2693 2251 2975 2328 probatiO,

567 2333 704 2409 quia
736 2333 1047 2408 Scripturae
1078 2336 1278 2392 Canon
1306 2335 1534 2409 deficit3
1582 2336 1683 2393 scd
1713 2343 1902 2411 potest
1931 2333 2126 2409 colligi
2155 2333 2340 2391 tribus
2366 2356 2379 2391 ε
2428 2336 2480 2389 1.
2511 2332 2716 2405 Quoad
2742 2332 2978 2389 Macca-

565 2414 710 2470 baeos
727 2436 750 2484 ;
792 2412 941 2469 Nam
971 2413 1108 2472 licet
1135 2424 1327 2472 essent
1356 2435 1430 2472 ex
1459 2416 1613 2473 tribu
1645 2415 1807 2487 Levi,
1854 2433 1971 2471 non
2016 2412 2315 2471 desinebat
2363 2412 2628 2487 Regnum
2657 2410 2979 2468 ,Iudaicum

566 2491 779 2566 vocari,
811 2491 962 2567 quia,
994 2503 1058 2551 ut
1100 2494 1143 2552 J
1149 2493 1275 2552 udae
1303 2494 1489 2552 tribus
1530 2494 1716 2552 solum
1760 2493 1932 2551 rediit
1959 2513 2033 2550 ex
2062 2492 2396 2568 captivitate
2425 2511 2554 2548 cum
2582 2490 2737 2548 tribu
2769 2489 2980 2565 Benja-

566 2571 757 2646 minis,
802 2591 931 2648 quae
979 2571 1089 2632 fuit
1132 2573 1259 2649 ejus
1308 2573 1577 2648 accessiO,
1628 2572 1757 2631 ideo
1809 2573 2074 2650 Regnum
2120 2581 2179 2630 et
2225 2571 2574 2648 Respublica
2601 2569 2709 2628 fuit
2736 2569 2797 2628 in
2825 2569 2984 2628 tribu

569 2652 611 2710 J
616 2651 762 2725 udae,
788 2651 967 2727 etqui
994 2663 1292 2728 praeerant,
1323 2661 1454 2711 utut
1495 2673 1570 2711 ex
1613 2654 1726 2710 alia
1753 2653 1908 2711 tribu
1936 2653 2138 2726 forent,
2171 2652 2308 2728 quia
2335 2661 2527 2709 tamen
2555 2658 2842 2726 sceptrum
2885 2670 2982 2707 ac-

569 2739 839 2807 ceperant
866 2751 901 2787 a
930 2731 1083 2789 tribu
1112 2731 1304 2804 Judae,
1337 2742 1394 2790 et
1422 2733 1480 2789 in
1510 2752 1595 2806 ea,
1628 2733 1868 2809 ejusque
1910 2732 2139 2789 nomine
2168 2731 2313 2789 illud
2343 2730 2635 2807 gerebant,
2681 2748 2817 2787 vere
2866 2729 2984 2786 dici

568 2818 793 2887 poterat
822 2818 1108 2884 sceptrum
1138 2811 1321 2868 teneri
1362 2832 1397 2868 a
1442 2812 1484 2870 J
1488 2812 1619 2885 uda,
1673 2812 1810 2888 quia
1852 2812 2074 2887 imperii
2101 2812 2375 2886 majestas
2405 2829 2628 2886 semper
2647 2829 2826 2885 penes
2854 2828 2984 2866 cam

568 2890 854 2963 manebat,
880 2890 1171 2965 quomodo
1200 2890 1308 2948 fuit
1336 2910 1513 2967 penes
1544 2892 1807 2966 Romam,
1842 2891 2120 2966 Hispanis
2150 2899 2207 2948 et
2235 2890 2556 2947 Thracibus
2583 2889 2642 2945 in
2673 2888 2985 2964 Imperium

570 2969 807 3044 electis;
854 2973 909 3027 2.
956 2970 1026 3027 In
1070 2972 1599 3045 AEclzmalotarclnls,
1645 2971 1718 3029 de
1760 2970 1970 3047 quibus
2000 2989 2204 3046 supra;
2251 2972 2306 3027 3.
2339 2970 2411 3026 In
2439 2968 2716 3043 Synedrio
2757 2988 2984 3043 mayno,

573 3050 739 3124 cujus
780 3068 993 3124 magna
1035 3070 1261 3127 semper
1287 3050 1396 3109 fuit
1423 3059 1697 3128 potestas,
1727 3061 1793 3109 ut
1821 3051 1864 3109 J
1868 3050 2117 3124 osephus
2148 3057 2327 3120 notat,
2358 3049 2398 3106 l.
2433 3052 2523 3119 14,
2556 3068 2604 3108 c.
2636 3047 2798 3119 xvii„
2829 3047 2986 3105 unde

572 3130 709 3186 huic
788 3128 1129 3188 Senatorum
1199 3130 1444 3207 collegio
1499 3131 1774 3189 tribuitur
1839 3130 2081 3187 thronus
2153 3129 2390 3203 Regius,
2465 3128 2618 3184 Psal.
2684 3127 2861 3184 cxxii.
2924 3129 2983 3201 5,

574 3213 611 3267 2
661 3207 909 3284 Paralip.
953 3210 1076 3267 xix.
1124 3211 1196 3284 83
1244 3210 1467 3269 Praeses
1510 3210 1835 3288 appellatur
1861 3228 1974 3283 vn,
2005 3208 2149 3266 etin
2179 3207 2518 3266 Judaeorum
2556 3206 2721 3264 libris
2769 3206 2985 3282 passim

573 3294 817 3343 vocatur
863 3294 999 3361 roba,
1050 3288 1274 3362 fuitque
1322 3308 1547 3365 semper
1604 3310 1681 3347 ex
1734 3290 1890 3347 tribu
1944 3288 2138 3361 Judae,
2196 3296 2263 3345 ut
2310 3295 2556 3345 testatur
2598 3286 2990 3361 Chronologia

576 3364 620 3421 J
625 3364 867 3437 udai'ca3
913 3365 991 3422 Et
1018 3385 1150 3424 cum
1180 3366 1303 3424 sola
1329 3368 1516 3426 tribus
1558 3368 1735 3426 Judae
1777 3389 1907 3426 cum
1937 3367 2264 3425 accessione
2301 3365 2661 3443 Benjaminis
2699 3365 2983 3439 rediisset,

579 3441 819 3499 dubium
847 3461 963 3499 non
991 3451 1095 3517 est,
1129 3444 1269 3519 quin
1297 3464 1372 3501 ex
1394 3446 1502 3503 hac
1524 3446 1697 3520 tribu,
1717 3448 1921 3523 majori
1950 3447 2152 3505 saltem
2183 3466 2256 3503 ex
2285 3455 2463 3521 parte,
2495 3444 2804 3504 conflatum
2833 3453 2990 3502 esset

578 3520 688 3576 hoc
740 3520 1075 3592 Concilium,
1108 3541 1284 3596 penes
1328 3523 1485 3597 quod
1534 3525 1834 3601 Regimen,
1867 3526 2066 3600 donec,
2111 3546 2146 3583 a
2185 3526 2463 3582 Romanis
2491 3525 2729 3582 subacta
2756 3523 2987 3597 Judaea,

582 3600 847 3657 Potestas
896 3598 996 3656 illa
1034 3600 1311 3676 paulatim
1354 3603 1551 3660 attrita
1591 3613 1696 3677 est,
1741 3613 1799 3663 et
1840 3606 2071 3664 tandem
2101 3604 2330 3682 penitus
2369 3604 2612 3662 sublata.
2701 3603 2797 3661 Sic
2824 3623 2990 3661 casus

581 3680 749 3755 Reip.
761 3679 1039 3753 Judaicae,
1063 3679 1171 3738 sub
1190 3680 1363 3738 trzbus
1383 3681 1541 3740 hisce
1554 3685 1828 3758 qradibus
1845 3686 2090 3761 spectari
2112 3692 2302 3761 potest
2322 3707 2336 3742 ε
2358 3684 2569 3757 Prim0,
2588 3685 2686 3741 sub
2700 3683 2987 3757 Pompeio,

578 3759 679 3835 qui
708 3758 882 3834 coepit
910 3778 1041 3817 ann.
1074 3762 1151 3818 60
1180 3768 1312 3819 ante
1343 3761 1669 3838 Christum;
1720 3764 2000 3837 Secund0,
2045 3784 2160 3841 quo
2202 3773 2498 3839 promotus
2539 3771 2643 3834 est,
2688 3781 2723 3819 a
2760 3762 2895 3820 Chr.
2925 3781 2988 3818 x.

576 3858 754 3915 quum
782 3840 1063 3897 Archelao
1082 3839 1370 3898 Viennam
1398 3845 1645 3918 releqato
1665 3844 1708 3901 J
1712 3843 1877 3901 udaea
1899 3844 1957 3900 in
1985 3843 2225 3901 formam
2252 3842 2570 3900 Provinciae
2599 3841 2833 3900 redacta
2859 3848 2950 3899 est
2972 3863 2987 3915 3

578 3918 792 3994 Terti0,
823 3938 939 3993 quo
968 3929 1400 3979 consummatus
1428 3921 1539 3981 fuit
1563 3924 1663 3980 sub
1689 3924 1828 3995 Tito,
1854 3923 2147 3981 destructo
2175 3922 2417 3997 Templo
2445 3929 2503 3981 et
2533 3920 2694 3980 Urbe
2722 3920 2930 3978 diruta.

580 4036 799 4080 Secunda
850 4035 1059 4081 Demon-
1182 4000 1398 4059 XVII.
1446 4001 1713 4059 Secunda
1750 4002 2177 4060 Demonstratio
2219 4001 2522 4059 deducitur
2549 4021 2623 4058 ex
2652 3999 2991 4075 Septimum}

636 4094 1061 4206 measa&
1101 4079 2137 4236 Pgssgzt‘ssgissss’ttztfflaehffissa
2146 4081 2294 4218 ¹335.-
2316 4081 2988 4236 ..2531-3‘12’0133223‘1223523

576 4246 635 4296 et
664 4257 837 4314 super
881 4237 1189 4296 Civitatem
1238 4247 1513 4313 sanctam,
1565 4239 1638 4297 ad
1689 4239 2067 4297 cohibendam
2097 4239 2494 4314 defectionem,
2525 4238 2600 4297 ad
2629 4236 2993 4314 obsignanda

574 4324 828 4394 peccata,
874 4316 946 4374 ad
990 4317 1337 4393 expiandam
1385 4318 1768 4394 iniquitatem,
1800 4326 1858 4376 et
1886 4318 2283 4377 adducendam
2326 4319 2610 4396 justitiam
2644 4318 2988 4392 seculorum,

576 4405 636 4453 et
679 4395 755 4453 ad
803 4395 1222 4473 obsignandam
1269 4397 1554 4456 visionem
1598 4405 1658 4456 et
1701 4398 2076 4475 prophetiam,
2125 4405 2183 4456 et
2226 4398 2302 4455 ad
2347 4399 2679 4475 ungendum
2714 4399 2993 4455 Sanctum

583 4474 941 4532 Sanctorum.
1055 4476 1245 4552 Igitur
1272 4478 1606 4553 cognoscito
1636 4485 1695 4535 et
1721 4477 2050 4554 intelligito,
2081 4478 2155 4535 ab
2184 4478 2585 4537 enunciatione
2613 4476 2778 4535 verbi
2801 4476 2874 4534 de
2901 4496 2991 4534 re·

579 4551 841 4610 ducendo
886 4555 1117 4631 popu10,
1159 4564 1217 4614 et
1255 4554 1327 4613 de
1357 4557 1710 4615 aedificandis
1742 4557 2165 4634 Hierosolymis
2205 4578 2389 4634 usque
2418 4558 2492 4615 ad
2524 4557 2799 4616 Messiam
2829 4566 2992 4615 ante·

577 4649 880 4706 cessorem,
912 4632 1031 4690 fore
1061 4635 1411 4710 septimanas
1440 4644 1678 4712 septem,
1723 4636 1931 4695 deinde
1974 4637 2322 4712 septimanas
2352 4638 2657 4713 sexaginta
2687 4637 2848 4711 duas,
2880 4634 2992 4694 &c.
