3221 5200
514 337 594 393 90
1426 346 1610 389 Locus
1639 346 2000 389 monemus.
2530 327 2781 409 [0111331.
2810 349 2914 390 xv.

514 513 564 551 c.
596 494 691 566 39,
724 489 799 548 ad
823 487 1052 547 latriam
1080 486 1254 546 etiam
1282 486 1629 546 festivitates
1663 487 2025 564 pertineant:
2068 485 2318 564 denique
2345 493 2434 545 tot
2461 486 2588 546 dies
2628 489 2805 547 festos
2830 489 2914 546 fa-

515 572 690 644 0111111,
735 578 795 627 31
823 578 940 627 13111
968 566 1298 626 difficilibus
1338 567 1512 644 nugis
1554 576 1616 626 et
1663 568 1949 644 scrupulis
1990 567 2320 625 distrahunt
2345 566 2588 642 animos,
2630 576 2697 627 ut
2722 569 2918 643 magni

514 650 627 708 viri
654 650 715 707 in
745 650 985 725 Papatu,
1031 645 1204 705 taedio
1246 665 1443 705 eorum
1470 646 1630 721 victi,
1676 647 2019 722 gravissime
2060 646 2365 723 conquesti
2405 646 2541 706 sint.
2627 646 2919 706 Audiatur

513 730 790 787 Nicolaus
810 730 880 786 de
899 726 1235 818 empye,
1257 726 1405 784 libro
1434 725 1507 784 de
1534 726 1707 784 novis
1733 726 2160 800 festivitatibus,
2193 725 2608 800 an.1416,uhi
2629 726 2780 785 inter
2806 726 2920 784 alia

513 809 736 885 probat,
767 816 966 865 vetera
992 806 1186 882 potius
1214 805 1360 864 festa
1377 806 1571 881 aliqua
1592 804 1877 863 abolenda
1897 824 2042 880 esse,
2072 813 2308 882 propter
2333 805 2629 881 ingentem
2651 805 2916 879 abusum,

513 907 688 980 quam
729 905 884 944 nova
922 884 1315 960 instituenda;
1359 893 1418 943 et
1444 883 1720 961 queritur,
1765 892 1885 942 tam
1925 884 2109 943 multa
2149 884 2221 942 de
2264 884 2492 942 Sanctis
2530 884 2649 961 legi
2697 893 2758 942 et
2800 884 2916 942 dici

515 967 578 1024 in
616 965 891 1043 Templis,
935 973 1002 1023 ut
1037 964 1161 1040 jam
1207 965 1266 1022 S.
1313 964 1635 1022 Literarum
1674 963 1848 1022 lectio
1884 964 2056 1041 plane
2097 963 2407 1037 omittatur,
2448 961 2556 1021 &c.
2597 965 2804 1021 Petrus
2845 967 2919 1022 de

513 1047 752 1119 Alliaco,
774 1044 845 1102 de
864 1046 1119 1117 Reform.
1142 1045 1320 1117 Eccl„
1351 1050 1547 1101 monet
1575 1043 1725 1101 inter
1750 1043 1866 1100 alia
1889 1043 2178 1101 Primores
2201 1042 2638 1101 Ecclesiasticos
2667 1043 2914 1101 Concilii

516 1123 991 1195 Constantiensis,
1040 1124 1075 1156 “
1101 1122 1524 1199 providendum
1553 1141 1697 1197 esse,
1729 1142 1804 1181 ne
1830 1131 1919 1181 tot
1957 1141 2114 1181 nova
2152 1121 2303 1180 festa
2342 1122 2803 1196 solemnizentur,
2846 1130 2917 1180 ut

514 1211 898 1280 praeterquam
943 1167 1264 1260 Dominicis
1307 1210 1368 1260 et
1414 1201 1729 1278 majoribus
1765 1201 1930 1260 festis
1970 1201 2045 1260 ab
2088 1201 2353 1260 Ecclesia
2393 1200 2674 1260 institutis
2713 1201 2919 1260 liceret

515 1283 741 1360 operari
767 1290 899 1359 post
926 1281 1188 1340 auditum
1216 1281 1481 1354 officium,
1526 1289 1652 1340 tum
1680 1280 1817 1356 quia
1842 1282 1903 1338 in
1930 1280 2094 1340 festis
2123 1300 2275 1358 saepe
2311 1280 2499 1355 magis
2526 1280 2914 1357 multiplican-

513 1371 611 1420 tur
651 1369 887 1438 peccata
914 1360 975 1418 in
1003 1360 1277 1453 tabernis,
1305 1359 1546 1433 choreis,
1578 1368 1637 1419 et
1664 1360 1793 1417 aliis
1832 1359 2091 1419 lasciviis
2130 1379 2277 1437 quas
2317 1359 2488 1417 docet
2528 1359 2745 1418 otium.
2788 1368 2913 1417 tum

515 1440 653 1517 quia
690 1441 815 1498 dies
858 1439 1180 1516 operabiles
1220 1440 1324 1498 vix
1365 1439 1656 1499 sufficiunt
1696 1439 1771 1497 ad
1807 1439 1947 1497 vitae
1981 1439 2307 1498 necessaria
2342 1438 2759 1515 procuranda,''
2803 1436 2912 1496 &c.

513 1522 751 1596 Polydo.
792 1520 1018 1595 Verqil„
1049 1519 1121 1577 de
1151 1519 1355 1578 Inven.
1401 1520 1635 1592 Rerum,
1665 1518 1706 1577 l.
1737 1518 1815 1576 vi.
1846 1539 1896 1577 c.
1927 1522 1983 1593 8,
2029 1518 2228 1578 scribit
2254 1537 2429 1594 quam
2460 1520 2497 1551 ‘⁴
2519 1518 2659 1576 olim
2686 1537 2761 1575 ex
2800 1537 2913 1576 usu

512 1599 687 1658 suerit
727 1599 876 1657 festa
915 1599 1231 1672 instituere,
1275 1606 1395 1656 tam
1434 1618 1588 1657 nunc
1636 1606 1908 1674 praestare
1948 1597 2135 1657 videri
2176 1596 2376 1657 eadem
2415 1597 2736 1673 antiquari3
2780 1616 2912 1654 cum

510 1664 665 1737 bona
705 1697 838 1756 pars
865 1678 1161 1736 hominum
1189 1678 1371 1736 otium
1398 1677 1555 1736 istud
1594 1677 1871 1735 festorum
1908 1696 2025 1736 non
2053 1678 2128 1735 ad
2155 1677 2451 1750 orandum,
2497 1677 2602 1734 sed
2628 1675 2702 1733 ad
2730 1676 2911 1733 omni·

510 1758 714 1816 sariam
742 1758 1022 1817 bonorum
1064 1777 1290 1815 morum
1329 1756 1710 1832 corruptelam
1752 1757 2076 1833 augendam
2117 1758 2179 1813 in
2219 1757 2345 1814 dies
2382 1756 2571 1831 magis
2611 1756 2914 1831 magisque

510 1837 876 1914 impudenter
902 1838 1260 1896 consumatss'
1343 1838 1627 1894 Erasmus
1653 1836 1808 1894 idem
1830 1835 2171 1895 confirmat
2155 1856 2215 1893 ιιι
2245 1835 2415 1894 Μ311.
2444 1836 2525 1893 xi.
2598 1835 2732 1910 Ipse
2754 1835 2916 1910 Papa

521 1918 784 1975 Urbanus
823 1918 993 1974 VIII.
1023 1917 1084 1973 in
1111 1935 1217 1974 sua
1243 1915 1316 1973 (13
1361 1915 1729 1973 observantia
1771 1915 2047 1973 festorum
2096 1915 2287 1990 Bulla,
2335 1933 2485 1972 anno
2532 1916 2685 1973 1642
2733 1913 2907 1989 edita,

511 1995 788 2055 festorum
815 2014 1117 2053 numerum
1145 1994 1490 2086 restringere
1519 2002 1777 2069 conatus,
1808 1995 1959 2053 inter
1985 1995 2100 2052 3113
2126 1995 2353 2068 fatetur,
2428 1995 2463 2027 “
2493 1993 2635 2068 Quae
2662 1992 2809 2051 festa
2835 1993 2913 2050 ad

509 2075 949 2151 glorificandum
979 2075 1209 2132 Numen
1249 2073 1514 2150 primitus
1553 2073 1821 2131 instituta
1847 2073 2075 2147 fuerint,
2121 2093 2189 2131 ea
2215 2072 2492 2149 temporis
2533 2073 2775 2131 decursu
2803 2073 2908 2130 ho-

509 2155 722 2212 minem
751 2155 1046 2213 inimicum
1075 2153 1414 2230 corrupisse,
1458 2161 1517 2212 et
1544 2153 1605 2209 in
1632 2172 1901 2230 magnam
1943 2153 2101 2211 illius
2141 2152 2517 2212 offensionem
2556 2169 2917 2228 gravemque

508 2234 828 2292 animarum
850 2234 1139 2311 jacturam
1166 2232 1578 2308 convertisse,’'
1610 2230 1722 2290 Sec.
2455 2267 2469 2280 ·

1157 2315 1304 2373 VII.
1350 2314 1629 2407 Quamvis
1675 2312 1818 2372 Dies
1861 2311 2200 2371 Dominicus
2244 2312 2372 2370 Deo
2418 2310 2495 2370 sit
2535 2328 2731 2370 sacer·
2716 2355 2731 2386 ‚
2776 2311 2913 2368 Non

1037 2394 1296 2470 sequitur
1337 2393 1461 2469 pari
1503 2393 1725 2451 ratione
1767 2390 1914 2450 alios
1954 2390 2079 2449 dies
2118 2391 2297 2449 festos
2329 2409 2499 2466 posse
2539 2390 2667 2449 Deo
2711 2389 2909 2448 dicari.

1041 2476 1093 2530 1.
1125 2472 1274 2545 Quia
1304 2472 1643 2529 Dominicus
1688 2472 1828 2529 Dies
1856 2472 1930 2529 ab
1967 2470 2109 2547 ipsis
2151 2470 2454 2546 Apostolis
2494 2469 2794 2527 institutus
2821 2477 2914 2527 est

507 2560 568 2612 et
596 2552 954 2624 observatus,
999 2551 1220 2626 reliqua
1248 2550 1395 2608 festa
1422 2569 1457 2607 a
1486 2549 1756 2608 Patribus
1784 2557 2008 2609 tantum
2050 2548 2330 2608 ordinata.
2374 2552 2430 2606 2.
2463 2548 2605 2607 Dies
2645 2547 2908 2606 Domini-

508 2651 612 2689 eus
639 2629 831 2706 quoad
859 2648 1045 2704 genus
1071 2635 1391 2705 praeceptus
1419 2636 1523 2702 est,
1553 2636 1622 2687 ut
1640 2648 1791 2687 unus
1821 2629 1990 2687 (1133
1973 2648 2034 2686 ιιι
2061 2628 2423 2688 hebdomade
2450 2627 2768 2687 destinetur
2788 2628 2911 2685 cul-

509 2709 596 2767 tui
640 2708 750 2765 Dei
792 2707 1041 2783 publico,
1087 2706 1224 2764 licet
1264 2725 1380 2763 non
1428 2705 1622 2782 quoad
1666 2707 1933 2783 speciem.
2018 2706 2105 2767 At
2153 2708 2301 2767 festa
2343 2708 2457 2766 ista
2487 2714 2694 2765 neutro
2736 2707 2910 2766 modo

552 2806 696 2844 raece
739 2793 818 2844 ta.

511 2807 550 2864 p
590 2806 818 2923 VIIPI.
819 2862 1029 2921 Praxis
1055 2861 1412 2937 Judaeorum,
1442 2863 1544 2939 qui
1584 2862 1793 2922 festum
1825 2863 2022 2922 Purim
2052 2863 2207 2943 apud
2249 2864 2573 2939 Esther-am,
2609 2873 2670 2923 31
2706 2865 2909 2923 Encae-

509 2943 736 3002 niorum
777 2942 838 3000 in
875 2941 1208 3000 memoriam
1247 2943 1541 3020 repurgati
1582 2962 1618 3001 a
1644 2942 1688 3002 J
1690 2942 1807 3001 uda
1833 2942 2165 3003 Maccabaeo
2193 2944 2417 3021 Templi
2447 2944 2521 3002 de
2547 2963 2664 3021 quo
2691 2943 2734 3003 J
2737 2944 2908 3002 ohan.

511 3044 571 3082 x.
602 3028 697 3096 22,
742 3022 1145 3097 observabant,
1201 3039 1318 3079 non
1360 3022 1577 3082 evincit
1618 3022 1812 3082 statim
1853 3042 2069 3082 morem
2114 3024 2268 3082 hunc
2310 3023 2567 3082 obtinere
2596 3022 2805 3082 debere
2847 3023 2911 3080 in

514 3102 779 3163 Ecclesia
806 3102 1146 3177 Christiana,
1178 3109 1412 3179 propter
1436 3103 1776 3161 varietatem
1817 3102 2150 3161 oeconomiae
2178 3102 2408 3162 Veteris
2436 3111 2496 3162 et
2524 3102 2680 3160 Novi
2708 3102 2909 3161 Testa-

509 3184 723 3260 menti;
769 3183 905 3250 Vel
912 3182 1163 3241 ostendit
1190 3189 1416 3241 tantum
1442 3182 1615 3241 certis
1649 3180 1855 3240 diebus
1891 3181 2189 3240 annuatim
2216 3181 2642 3241 recurrentibus
2678 3180 2911 3259 publice

508 3263 635 3322 fieri
660 3282 831 3340 posse
859 3262 1459 3320 commemorationem
1485 3261 1867 3338 singularium
1896 3260 2009 3319 Dei
2048 3260 2472 3335 beneficiorum,
2502 3260 2674 3319 modo
2715 3260 2908 3321 absint

508 3343 742 3417 abusus,
776 3340 969 3417 opinio
996 3340 1373 3413 necessitatis,
1404 3340 1681 3416 mysterii,
1712 3349 1772 3399 et
1798 3340 2005 3415 cultus,
2039 3340 2370 3416 superstitio
2398 3348 2457 3399 et
2482 3338 2822 3397 idololatria.

596 3420 715 3477 IX.
762 3419 996 3490 Paulus,
1029 3417 1164 3475 Act.
1195 3439 1298 3475 xx.
1333 3420 1566 3492 16,11011
1592 3419 1780 3477 innuit
1808 3419 2130 3478 necessario
2157 3418 2269 3477 sibi
2297 3418 2507 3477 festum
2537 3419 2908 3476 Pentecostes

510 3496 920 3555 celebrandum
947 3514 1092 3568 esse,
1138 3495 1243 3553 sed
1282 3494 1671 3555 festinandum
1712 3505 1936 3556 tantum
1978 3498 2087 3556 sibi
2129 3517 2273 3573 esse,
2304 3506 2371 3557 ut
2410 3497 2504 3556 die
2535 3497 2909 3556 Pentecostes

511 3575 556 3634 J
559 3574 899 3650 erosolymis
925 3591 1179 3649 praesens
1221 3574 1312 3647 sit,
1352 3582 1585 3651 propter
1612 3594 1952 3636 concursum
1981 3577 2024 3636 J
2025 3576 2338 3651 udaeorum,
2368 3585 2435 3636 ut
2462 3577 2821 3635 occasionem
2850 3585 2910 3635 et

512 3671 714 3710 ansam
742 3652 1075 3730 ampliorem
1103 3652 1470 3730 praedicandi,
1501 3663 1560 3713 et
1586 3655 1801 3714 multos
1828 3655 1903 3714 ad
1932 3656 2222 3715 Christum
2251 3656 2625 3715 convertendi
2650 3656 2909 3714 haberet.

596 3731 682 3789 X.
725 3731 911 3790 Aliud
931 3739 1021 3789 est
1040 3732 1226 3790 facere
1243 3732 1590 3792 mentionem
1615 3734 2036 3812 conceptionis,
2057 3735 2412 3810 Nativitatis,
2439 3735 2665 3809 Mortis,
2692 3735 2908 3793 Resur-

512 3810 802 3886 rectionis,
834 3810 1210 3870 Ascensionis
1230 3812 1460 3887 Christi,
1491 3813 1664 3872 certis
1692 3813 1939 3873 diebus
1923 3834 1984 3871 m
2012 3814 2384 3873 concionibus
2411 3813 2486 3872 ad
2511 3813 2806 3891 populum,
2850 3821 2911 3871 et
2949 3824 2960 3836 ·

511 3891 646 3950 inde
664 3891 1022 3951 occasionem
1040 3910 1262 3950 sumere
1279 3891 1640 3967 adhortandi,
1654 3893 2006 3968 consolandi,
2021 3893 2340 3953 instruendi
2358 3893 2433 3951 ad
2450 3892 2904 3967 aedificationem,

510 3972 801 4048 pietatem,
824 3971 1180 4049 patientiam,
1204 3971 1564 4030 sanctitatem
1585 3972 1863 4049 populum
1882 3972 2296 4047 Christianum3
2329 3971 2511 4031 Aliud
2531 3991 2674 4030 vero
2700 3971 2905 4045 facere,

510 4059 572 4109 et
597 4052 728 4127 lege
757 4051 1070 4110 constituta
1108 4050 1431 4109 necessario
1458 4050 1618 4127 plebi
1646 4050 2029 4109 Christianae
2012 4071 2307 4129 imponere
2334 4051 2460 4110 dies
2485 4050 2664 4110 festos
2694 4051 2821 4108 Deo
2846 4058 2910 4108 et

516 4131 745 4189 Sanctis
774 4149 984 4204 sacros,
1014 4128 1116 4221 qui
1143 4129 1467 4205 Religionis
1507 4137 1568 4188 et
1598 4130 1790 4188 cultus
1817 4129 2001 4189 divini
2027 4139 2250 4207 partem
2278 4130 2645 4205 constituant,
2677 4129 2908 4205 sintque

509 4209 641 4268 aliis
668 4209 874 4269 diebus
901 4208 1233 4267 sanctiores.
1278 4208 1447 4267 Prius
1473 4207 1621 4267 illud
1646 4228 1750 4285 pro
1776 4209 1998 4268 ratione
2026 4209 2580 4269 circumstantiarum
2611 4208 2904 4286 temporis,

509 4288 642 4364 loci,
688 4307 1076 4365 personarum,
1121 4295 1179 4346 et
1220 4307 1425 4362 rerum,
1455 4295 1648 4363 potest
1689 4307 1819 4346 cum
1848 4288 2038 4348 fructu
2079 4289 2389 4367 aliquando
2429 4288 2712 4365 usurpari,
2755 4288 2910 4345 absit

511 4367 684 4425 modo
725 4367 957 4459 abusus,
988 4366 1335 4443 superstitiO‚
1366 4373 1426 4424 et
1464 4365 1808 4440 idololatria,
1837 4375 1903 4426 ut
1929 4367 2094 4426 fuit
2077 4388 2138 4425 m
2165 4368 2459 4446 primitiva
2485 4367 2751 4426 Ecclesia
2789 4384 2907 4422 non

510 4464 640 4502 raro
668 4446 976 4521 usitatum3
1022 4446 1125 4504 sed
1151 4445 1436 4522 posterius
1463 4465 1577 4503 non
1606 4446 1779 4521 licet3
1823 4447 1972 4504 Tum
2000 4446 2139 4523 quia
2165 4447 2279 4506 Dei
2315 4448 2494 4507 solius
2521 4455 2629 4517 est,
2658 4466 2774 4505 non
2801 4445 2905 4503 ho·

510 4522 748 4597 minum,
778 4544 847 4582 ea
874 4545 1002 4600 quae
1032 4533 1167 4583 sunt
1194 4525 1384 4583 cultus
1410 4524 1594 4582 divini
1623 4525 2010 4602 praescribere,
2039 4534 2164 4585 tum
2191 4526 2330 4603 quia
2368 4524 2675 4605 religiosus
2716 4524 2913 4585 cultus

512 4619 629 4658 non
658 4610 747 4659 est
775 4603 1051 4662 creaturis
1079 4604 1231 4676 111113,
1263 4604 1365 4661 sed
1394 4603 1502 4660 soli
1534 4605 1661 4662 Deo
1683 4603 2042 4663 deferendus.

577 2376 758 2421 Fontes
786 2377 920 2422 Solu·

651 2434 858 2480 tionum.
