3221 5200
473 360 593 419 380
728 392 733 395 -
1285 373 1467 414 Locus
1498 375 1758 416 necinus
1786 375 2073 423 anrrus.
2515 351 2768 435 [QuAEsr.
2798 377 2899 418 xr.

470 520 612 578 toris
642 515 1113 590 substituebatur,
1140 514 1214 572 ad
1242 515 1535 574 ferendam
1582 537 1809 594 poenam
1839 516 2042 575 mortis
2091 513 2202 592 ipsi
2230 514 2503 588 debitam,
2535 517 2694 593 quod
2738 518 2901 577 ritus

469 598 833 675 impositionis
859 617 1141 671 manuum,
1173 604 1232 653 et
1259 598 1616 671 consessionis
1634 608 1996 674 peccatorum
2029 615 2199 671 super
2226 604 2401 673 caput
2429 597 2680 655 victimae
2708 598 2785 655 ad
2814 619 2898 657 ea

468 679 751 783 portanda
780 676 1012 736 evincit.
1058 679 1112 734 3.
1174 677 1269 732 Ex
1324 677 1536 754 triplici
1592 678 1799 737 effectu
1874 676 2168 748 Sacrificii,
2216 676 2510 752 Respectu
2577 679 2707 752 Det,
2780 699 2896 756 per

466 762 677 864 ζλασμὶι
720 778 822 815 5511
870 758 1250 832 placatzonem
1296 758 1426 833 ejus
1485 758 1600 831 irae,
1650 760 1940 835 Respectu
1972 756 2209 832 peccati,
2282 776 2385 832 per
2450 763 2754 837 κασαςισ-μὶι
2823 769 2892 818 et

463 842 717 915 ἁγνισμὸν,
806 838 1181 912 eoepzatzonem
1270 846 1329 895 et
1413 837 1761 896 ablationem
1849 847 2057 911 reatuS,
2104 836 2395 928 Respectu
2463 838 2714 911 hominis,
2780 859 2892 915 per

464 920 651 994 ἔφεσιν,
679 939 781 977 5511
805 918 1176 975 remiss-eonem
1199 937 1327 993 quae
1350 936 1424 974 ex
1444 918 1848 994 propitiatione
1873 918 1981 975 Dei
2003 926 2060 974 et
2082 916 2408 991 expiatione
2432 918 2653 993 peccati
2671 938 2886 1011 seque·

463 1001 651 1059 batur.
740 999 861 1056 Nec
891 998 1042 1054 enim
1072 1017 1316 1074 persona
1343 999 1532 1073 potuit
1558 998 1792 1056 liberari
1821 1006 1879 1055 et
1919 997 2147 1054 veniam
2167 996 2441 1071 obtinere,
2475 998 2598 1055 sine
2627 999 2886 1056 victimae

467 1078 893 1156 subrogatione,
926 1098 1033 1134 nec
1085 1078 1246 1135 Deus
1287 1078 1504 1154 placari
1554 1078 1678 1135 sine
1710 1077 2008 1154 sanguinis
2039 1076 2278 1150 fusione,
2311 1095 2418 1134 nec
2446 1088 2745 1153 peccatum
2777 1100 2883 1137 ex·

466 1161 611 1237 piari
655 1160 777 1216 sine
806 1178 990 1233 poenae
1013 1157 1397 1233 perpessione.

546 1240 692 1296 XV.
738 1238 1135 1314 Nequicquam
1164 1238 1258 1294 hic
1315 1237 1648 1296 obtenditur
1676 1258 1710 1295 a
1738 1236 2014 1295 Volkelio
2071 1245 2130 1294 et
2184 1235 2353 1295 aliis:
2414 1239 2464 1293 1.
2510 1239 2645 1295 Νοη
2688 1239 2884 1296 omnia

461 1320 741 1397 saere'ficza
769 1319 1024 1375 hilczstica
1068 1318 1417 1396 Sacrificium
1451 1319 1665 1377 Christi
1679 1319 2082 1388 adumbrasse;
2101 1318 2203 1373 sed
2218 1318 2441 1373 solenne
2469 1327 2522 1374 et
2547 1319 2878 1375 anniversa·

463 1402 628 1473 rium,
661 1402 814 1476 qnod
838 1400 928 1455 die
955 1398 1337 1473 expiationum
1368 1399 1568 1470 offerri
1589 1400 1814 1471 solebat,
1850 1398 1990 1456 LeV.
2037 1396 2158 1453 xvi.
2198 1399 2353 1472 quod
2367 1399 2580 1454 nullam
2610 1399 2884 1456 continuit

461 1482 934 1553 satzsfaetionem;
976 1486 1162 1553 utpote
1189 1498 1313 1552 qaoe
1341 1498 1438 1535 nec
1466 1480 1536 1535 ab
1571 1478 1818 1553 ipsismet
1841 1477 2087 1549 victimiS,
2121 1497 2218 1534 nec
2245 1497 2283 1533 a
2311 1477 2595 1555 Pontgficis
2623 1496 2881 1552 persona

463 1581 701 1618 manare
718 1559 986 1635 potuerit.
1072 1558 1220 1632 Quia
1250 1558 1466 1615 Paulus
1496 1578 1609 1615 non
1652 1578 1830 1615 unum
1860 1556 2096 1633 aliquod
2129 1556 2483 1614 Sacrificium
2523 1558 2876 1633 hilasticum‚

464 1641 565 1698 sed
595 1641 787 1697 omnia
815 1638 1053 1716 opponit
1086 1638 1376 1696 Sacrificio
1408 1638 1640 1712 Christi,
1673 1647 1731 1696 et
1758 1639 1987 1696 illorum
2017 1657 2091 1695 ex
2114 1637 2225 1695 isto
2255 1636 2690 1712 abrogationem
2713 1638 2878 1695 colli-

462 1720 565 1797 git,
595 1721 746 1778 Heb.
766 1720 866 1776 vii.
898 1724 992 1793 27,
1039 1727 1096 1777 et
1119 1739 1177 1775 X.
1199 1722 1253 1791 4,
1281 1721 1333 1791 5,
1372 1721 1464 1775 11.
1551 1719 1673 1776 Ν55
1692 1718 1805 1775 alio
1828 1718 2109 1794 respicere
2132 1718 2316 1793 potuit
2347 1717 2734 1775 sacrificium
2710 1739 2876 1794 juge,

460 1801 616 1877 quod
645 1799 901 1876 quotidie
947 1798 1307 1872 offerebatur,
1358 1798 1455 1856 vel
1500 1799 1615 1856 alia
1660 1798 1938 1856 sacrificia
1984 1800 2229 1855 ἱλαστιιιὰ
2281 1797 2603 1873 Agnorum,
2655 1818 2786 1874 quae
2817 1799 2878 1856 in

459 1901 626 1939 usum
656 1881 1010 1956 privatorum
1040 1879 1337 1953 cedebant,
1368 1899 1541 1954 quam
1583 1878 1659 1936 ad
1687 1877 2139 1935 adumbrandam
2186 1876 2533 1935 oblationem
2571 1897 2675 1953 pro
2706 1879 2878 1935 nobis

460 1961 624 2037 Agni
655 1960 765 2017 Dei
796 1959 1161 2017 immaculati.
1248 1959 1370 2016 Ν55
1400 1959 1607 2032 obstat,
1661 1959 1817 2035 quod
1844 1978 1948 2035 pro
1997 1957 2306 2016 omnibus‘
2292 1977 2349 2014 m
2407 1977 2709 2015 commune
2759 1979 2876 2016 non

460 2041 811 2112 offerrentur,
844 2038 947 2096 sed
967 2059 1071 2115 pro
1101 2039 1390 2115 singulis'
1375 2059 1434 2095 111
1463 2004 1810 2115 particulari.
1897 2038 2046 2096 Nam
2074 2048 2139 2095 ut
2172 2037 2479 2111 Sacrificia,
2511 2057 2640 2113 quae
2659 2038 2878 2096 flebant

461 2141 562 2198 pro
592 2121 857 2179 omnibus
886 2120 945 2177 in
976 2120 1280 2192 communi,
1315 2119 1605 2177 Christum
1636 2119 1890 2176 omnium
1920 2138 2152 2176 suorum
2198 2117 2659 2194 propitiationem
2691 2118 2873 2176 factu-

460 2221 587 2258 rum
618 2199 1020 2277 significabant
1046 2222 1058 2258 :
1104 2200 1184 2256 sic
1205 2220 1333 2275 quae
1361 2199 1577 2257 fiebant
1614 2220 1717 2275 pro
1747 2199 1992 2275 singulis
2021 2200 2079 2255 in
2108 2198 2458 2275 particulari,
2491 2198 2878 2273 designabant

460 2280 719 2358 singulos
742 2280 962 2357 peccati
985 2299 1154 2338 onere
1175 2299 1404 2356 pressos
1426 2280 1887 2356 propitiationem
1907 2279 2114 2336 debere
2144 2297 2416 2353 quaerere,
2442 2286 2499 2335 et
2521 2279 2797 2354 consequi
2817 2281 2876 2336 in

460 2360 754 2419 Sacrificio
786 2360 1016 2417 Christi.
1103 2360 1268 2418 Licet
1297 2379 1434 2417 vero
1465 2359 1758 2418 Sacrifieia
1796 2359 1906 2416 ista
1928 2359 2152 2434 proprie
2183 2358 2395 2415 dictam
2419 2358 2870 2417 satisfactionem

458 2461 649 2499 coram
676 2442 800 2498 Deo
830 2460 946 2497 non
976 2439 1377 2512 continuerint,
1411 2460 1539 2496 cum
1569 2440 1760 2498 anima
1788 2438 2035 2496 hominis
2081 2438 2265 2496 carior
2320 2438 2411 2511 sit,
2444 2458 2618 2514 quam
2647 2449 2710 2509 ut
2739 2458 2872 2496 san·

458 2522 630 2597 guine
654 2521 897 2597 pecuino
927 2519 1129 2576 redimi
1152 2519 1333 2595 possit
1353 2541 1365 2592 ;
1396 2520 1648 2595 typicam
1673 2529 1863 2577 tamen
1887 2528 1946 2576 et
1967 2518 2418 2576 caercmonialem
2442 2517 2632 2593 quoad
2653 2519 2871 2595 purita-

457 2610 571 2658 tem
603 2600 791 2658 carnis
821 2598 1117 2671 dederunt,
1152 2599 1305 2656 Heb.
1337 2599 1416 2656 ix.
1454 2604 1542 2672 13,
1568 2620 1697 2676 quae
1720 2620 1825 2657 nec
1848 2599 2096 2657 victimae
2115 2598 2323 2656 oblatae
2348 2598 2602 2674 seorsim,
2635 2619 2740 2656 nec
2765 2599 2871 2657 Sa-

457 2680 673 2737 cerdoti
699 2678 958 2736 offerenti
971 2678 1349 2735 adscribenda
1367 2688 1470 2753 est,
1499 2680 1599 2736 sed
1614 2680 1837 2755 utrique
1858 2679 2206 2755 conjunctim
2228 2698 2302 2736 ex
2327 2679 2437 2735 Dei
2457 2679 2635 2755 ipsius
2648 2679 2871 2738 ordine.

540 2759 720 2815 XVI.
765 2763 821 2816 2.
869 2759 1013 2814 Exc.
1072 2758 1477 2833 Eaepiationem
1534 2760 1675 2816 nihil
1711 2760 1873 2816 aliud
1918 2780 2046 2833 esse,
2107 2780 2278 2834 quam
2327 2760 2705 2817 liberationem
2741 2763 2872 2835 ple·-

454 2860 588 2896 nam
623 2860 660 2895 a
680 2838 905 2914 peccati
955 2847 1146 2910 morte,
1194 2857 1320 2913 quoe
1361 2858 1471 2894 non
1516 2839 1798 2896 meritorie
1845 2840 2137 2896 tribuenda
2191 2840 2262 2896 sit
2290 2841 2469 2913 morti,
2500 2842 2603 2897 sed
2654 2849 2871 2898 tantum

455 2918 855 2994 exemplariter
898 2926 952 2974 et
997 2918 1353 2975 declarative.
1441 2917 1558 2976 Sed
1597 2919 1693 2976 hic
1735 2918 2104 2977 confunditur
2145 2938 2320 2975 causa
2360 2939 2488 2976 cum
2538 2919 2759 2994 effectO,
2812 2930 2871 2978 et

455 3000 610 3076 quod
667 3008 754 3057 est
809 2998 852 3056 J
856 2997 1040 3055 udicis
1095 2997 1392 3056 liberantis
1438 3018 1566 3055 cum
1617 3019 1685 3056 eo
1741 2999 1897 3074 quod
1952 3008 2039 3056 est
2092 2998 2397 3075 Sponsoris
2444 3020 2547 3076 pro
2601 3000 2723 3057 Reo
2754 3002 2867 3058 sol-

454 3080 644 3139 ventis
676 3103 688 3152 ;
754 3079 1179 3137 Liberationem
1228 3078 1379 3136 enim
1446 3078 1648 3138 Judex
1705 3078 1857 3153 facit,
1923 3078 2025 3136 sed
2080 3079 2467 3155 expiationem
2527 3080 2701 3152 Reus,
2773 3081 2867 3138 vel

452 3161 599 3220 alius
629 3161 758 3238 quis
813 3161 939 3238 ejus
994 3160 1242 3217 nomine.
1358 3159 1527 3218 Unde
1578 3160 1837 3235 sequitur
1883 3159 2151 3235 purgatio
2197 3179 2383 3233 noxae,
2416 3167 2474 3217 et
2528 3169 2722 3217 reatus
2765 3161 2866 3218 ab·

452 3242 591 3300 latio
647 3262 751 3318 per
804 3261 988 3317 poenae
1054 3241 1152 3298 vel
1208 3240 1451 3316 propriae
1518 3239 1610 3297 vel
1679 3239 1880 3296 alienae
1946 3239 2235 3296 lationem.
2305 3239 2529 3297 Deinde
2597 3241 2643 3297 si
2712 3260 2866 3298 mors

452 3322 804 3380 declarative
865 3329 1087 3378 tantum
1161 3340 1220 3377 55
1276 3321 1479 3378 habuit
1541 3319 1616 3377 ad
1665 3320 2050 3396 expiationem
2106 3319 2328 3395 peccati
2383 3319 2719 3393 faciendam,
2778 3321 2865 3377 ni·

450 3402 533 3457 hil
563 3402 749 3474 magis
798 3400 1153 3472 contulisset,
1185 3419 1356 3475 quam
1387 3399 1658 3458 Victimae
1706 3400 1941 3476 legaleS,
1983 3418 2113 3475 quae
2160 3407 2215 3456 et
2246 3398 2396 3456 idem
2449 3401 2646 3458 testari
2701 3410 2862 3477 pote-

451 3489 599 3543 rant,
630 3480 839 3554 quibus
895 3478 1106 3535 diserte
1136 3487 1310 3552 negat
1343 3479 1558 3536 Paulus
1586 3480 1807 3556 expiari
1837 3479 2091 3556 potuisse
2113 3487 2366 3555 peccata.
2455 3480 2552 3537 Sic
2581 3500 2862 3538 resurrec-

450 3559 595 3615 tioni
624 3558 804 3632 ipsius
825 3577 941 3613 non
963 3557 1153 3614 minus
1182 3577 1248 3613 ac
1277 3558 1445 3616 morti
1470 3559 1849 3617 adscribenda
1870 3568 2022 3616 esset
2050 3558 2161 3616 ista
2183 3559 2454 3635 expiatio,
2488 3560 2643 3635 quod
2672 3569 2862 3618 tamen

451 3656 743 3713 nunquam
775 3635 911 3693 facit
945 3636 1254 3712 Scriptura.
1342 3637 1513 3695 Adde
1543 3640 1700 3713 quod
1729 3639 2040 3697 declaratio
2061 3638 2294 3714 respicit
2324 3639 2600 3714 homincS,
2648 3641 2734 3697 At
2762 3661 2860 3697 ex-

449 3717 628 3794 piatio
662 3717 866 3773 Dcum.
956 3716 1067 3772 Illa
1088 3716 1163 3773 ad
1192 3715 1455 3774 Officium
1488 3717 1891 3794 Propheticum
1922 3719 2114 3796 potius
2158 3719 2421 3794 pertinet,
2470 3721 2594 3777 Ista
2622 3740 2760 3777 vero
2788 3721 2862 3777 ad

451 3797 836 3855 Sacerdotale.
924 3796 1044 3853 Nec
1068 3796 1117 3853 si
1146 3797 1398 3873 expiatio
1441 3798 1752 3874 aliquando
1784 3800 1909 3857 Deo
1953 3799 2062 3875 ipsi
2106 3799 2376 3856 tribuitur
2424 3809 2489 3858 ut
2535 3800 2706 3859 Deut.
2739 3801 2861 3858 xxi.

450 3884 503 3955 8,
537 3887 594 3936 et
628 3878 779 3936 Psal.
813 3876 871 3934 li.
904 3878 958 3950 9,
1007 3876 1106 3953 qui
1153 3885 1344 3934 tamen
1388 3898 1502 3935 non
1549 3879 1843 3950 satisfacit,
1877 3880 2075 3936 eadem
2128 3880 2321 3937 statim
2351 3879 2524 3938 debet
2561 3900 2687 3937 esse
2715 3880 2863 3938 ratio

447 3958 812 4036 expiationis,
845 3977 973 4033 quoe
1004 3957 1232 4016 Christo
1267 3966 1331 4015 ut
1360 3959 1631 4016 Victimae
1673 3959 1961 4016 tribuitur.
2047 3958 2195 4032 Quia
2223 3979 2326 4037 pro
2349 3959 2567 4017 ratione
2598 3960 2860 4037 subjecti,

447 4040 540 4097 cui
570 4039 824 4114 expiatio
854 4038 1141 4111 tribuitur,
1179 4038 1566 4096 diversimode
1616 4038 1994 4113 intelligenda
2022 4048 2126 4096 est.
2174 4040 2323 4096 Nam
2371 4049 2636 4115 respectu
2667 4041 2779 4098 Dei
2805 4042 2862 4097 τό

446 4120 683 4194 expiare
711 4127 799 4177 est
821 4118 1208 4194 expiationem
1265 4138 1298 4174 a
1332 4117 1642 4176 Sacerdote
1672 4118 1880 4176 factam
1910 4119 2229 4194 admittere,
2262 4139 2364 4195 per
2391 4120 2774 4195 placationem
2803 4131 2862 4180 et

444 4199 665 4275 peccati
696 4198 1110 4256 remissionem.
1202 4198 1316 4256 Sed
1341 4199 1398 4255 in
1454 4197 1782 4271 Sacerdote,
1835 4206 1893 4255 et
1938 4198 2209 4272 Victima,
2264 4208 2352 4257 est
2396 4219 2523 4256 cam
2552 4219 2859 4275 procurare

444 4279 733 4336 meritorie
762 4298 864 4354 per
894 4278 1191 4353 sanguinis
1221 4278 1520 4352 Fusionem,
1553 4287 1612 4336 et
1639 4298 1823 4354 poenae
1853 4278 2083 4336 vicariae
2111 4279 2555 4355 perpessionem.

528 4358 744 4416 XVII.
792 4358 840 4414 F
846 4377 937 4415 xc
984 4360 1041 4415 3.
1086 4359 1381 4436 Saerzficia
1418 4379 1530 4434 pro
1573 4359 1865 4416 levioribus
1908 4368 2120 4416 tantum
2163 4360 2426 4434 peccatis,
2479 4379 2603 4435 quae
2631 4362 2719 4417 vel
2746 4379 2864 4435 per

444 4439 880 4514 incoqz'tantmm,
932 4440 1019 4494 vel
1035 4457 1148 4512 per
1188 4458 1441 4496 errorem
1483 4440 1952 4496 committerentur
1990 4441 2176 4497 oblata
2189 4441 2386 4513 sutis-se,
2432 4461 2542 4497 non
2571 4460 2704 4497 zero
2743 4460 2861 4514 pro

440 4518 798 4593 yravz'orz‘bus
854 4526 906 4574 et
932 4517 1214 4589 ultroneis,
1240 4537 1354 4592 pro
1410 4519 1603 4594 quibus
1658 4522 1872 4576 nullu-m
1925 4520 2260 4597 sacrificium
2300 4520 2603 4577 insecutum
2630 4524 2860 4594 suerat.

444 4599 523 4654 At
551 4606 779 4654 mortem
813 4597 1026 4655 Christi
1040 4617 1155 4687 pro
1184 4599 1432 4655 omnibus
1448 4600 1695 4673 peccatis
1715 4600 1833 4657 sine
1877 4600 2209 4673 descrimine,
2242 4602 2419 4657 latam
2452 4600 2653 4693 fiisse.
2743 4600 2864 4658 Sed

446 4676 554 4734 hoc
602 4676 940 4751 supponitur
988 4675 1184 4752 gratie,
1216 4696 1331 4734 non
1361 4678 1670 4752 probatur.
1708 4679 1824 4737 imo
1853 4698 2122 4755 expresse
2154 4680 2209 4736 in
2257 4680 2649 4738 anniversario
2684 4681 2863 4739 Sacro
