3221 5200
508 354 545 409 4
1430 373 1618 415 Locus
1649 373 2011 414 unnscmus.
2591 352 2848 433 [ouaesr.
2880 376 2922 416 ι.

510 511 673 571 Deus
722 533 820 571 eas
858 513 1061 589 jubet;
1108 512 1261 572 unde
1290 514 1536 573 liberum
1584 514 1694 573 fuit
1744 515 1871 573 Deo
1918 515 2092 573 talem
2140 513 2328 591 legem
2357 512 2453 571 vel
2479 532 2596 572 non
2623 513 2777 590 dare,
2829 516 2930 573 vel

510 592 679 650 aliter
721 592 1037 667 instituere,
1078 593 1266 670 qualis
1296 593 1403 653 fuit
1432 597 1561 653 Lex
1588 595 1805 653 cibaria
1833 603 1891 652 et
1916 594 2214 670 symbolica
2241 593 2377 651 data
2402 592 2648 667 Adam0,
2681 594 2830 653 Gen.
2863 594 2926 653 ii.

515 674 607 745 16,
646 676 735 745 17,
783 680 841 730 et
872 672 1061 747 Leges
1099 674 1526 732 caeremoniales
1557 674 1632 731 V.
1663 674 1840 748 Test.,
1878 673 1937 731 in
1965 675 2175 749 quibus
2215 673 2375 731 nulla
2415 681 2537 731 erat
2575 693 2678 749 per
2717 693 2777 731 se
2820 674 2924 731 bo·

510 750 662 809 nitas
692 751 785 809 vel
818 752 1037 810 malitia
1063 753 1314 828 moralis,
1348 753 1451 811 sed
1478 762 1701 812 tantum
1733 774 1809 811 ex
1839 753 1951 811 Dei
1978 752 2285 827 mandato;
2329 751 2467 809 Alia
2504 772 2641 810 vero
2685 762 2927 811 natura-

511 831 594 904 lis,
644 850 772 907 quue
812 831 870 888 in
913 832 955 889 J
962 852 1060 890 ure
1107 832 1217 890 Dei
1267 832 1515 891 naturali
1563 832 1854 907 fundatur,
1898 833 2068 909 eujus
2106 839 2367 908 respectu
2393 850 2486 888 res
2513 851 2628 889 non
2655 831 2930 891 dicuntur

502 910 682 983 justae
711 910 847 987 quia
876 919 1011 969 sunt
1045 914 1244 989 jussae,
1277 911 1381 970 sed
1416 912 1597 988 jussas
1628 921 1763 970 sunt
1810 912 1947 987 quia
1980 913 2155 988 justae
2203 917 2365 969 erant
2405 920 2463 968 et
2501 911 2667 968 bonae
2694 920 2924 970 antece-

511 988 714 1047 denter
731 990 805 1047 ad
821 990 930 1048 Dei
954 1001 1321 1067 prmeeptum,
1346 991 1406 1048 in
1430 991 1734 1049 sanctitate
1753 991 1965 1067 quippe
1988 992 2113 1067 ipsa
2132 999 2190 1049 et
2212 990 2489 1066 sapientia
2511 990 2620 1048 Dei
2639 990 2890 1049 fundatae
2907 1014 2925 1051 ε

514 1069 592 1127 Et
614 1070 746 1127 talis
774 1078 863 1128 est
891 1070 1016 1147 ejus
1046 1079 1268 1141 natura,
1312 1080 1379 1129 ut
1428 1070 1726 1147 supposita
1772 1071 2021 1128 hominis
2063 1070 2452 1146 productione,
2502 1089 2618 1127 non
2672 1071 2928 1146 potuerit

512 1168 627 1205 non
658 1149 742 1206 illi
766 1149 917 1223 ferrI,
948 1159 1149 1228 utpote
1178 1169 1308 1226 qua>
1338 1149 1524 1208 offieia
1552 1150 1638 1207 illi
1667 1150 2001 1225 praeseribat
2029 1149 2512 1226 indispensabilia,
2542 1169 2670 1223 quae
2697 1150 2771 1207 ab
2799 1169 2922 1208 om-

512 1227 683 1287 nibus
708 1248 934 1307 semper
961 1240 1019 1289 et
1048 1229 1260 1306 ubique
1289 1229 1617 1306 praestanda
1645 1238 1796 1287 sunt.
2381 1307 2394 1320 ·
2647 1307 2662 1319 .

514 1344 870 1450 Νὶῖζῗΐὲῖ-ιξῖἒ,
886 1346 987 1449 ’2ζῖ
1029 1308 1173 1446 11ti
1168 1311 1934 1464 sstsstiffigfflssffx‘
1923 1307 2640 1445 affifflssssffl?
2624 1316 2794 1444 ἐῖἶῖᾴ
2818 1309 2922 1445 32⁶3!

574 1461 744 1506 mitur.
1034 1466 1307 1541 tenditur,
1359 1476 1418 1525 et
1466 1467 1613 1524 nihil
1661 1466 1818 1524 aliud
1846 1475 2026 1539 notat,
2076 1486 2248 1542 quam
2277 1465 2660 1524 Providentiae
2690 1466 2802 1524 Dei
2830 1487 2918 1524 sa-

510 1546 928 1624 pientissimam
978 1546 1452 1623 gubernationem
1501 1555 1908 1620 creaturarum,
1960 1555 2018 1603 et
2064 1546 2140 1602 ad
2185 1545 2329 1603 fines
2376 1565 2511 1603 suos
2551 1545 2918 1603 directionem

511 1625 981 1699 efficacissimam,
1030 1646 1145 1702 quo
1195 1646 1386 1699 sensu,
1440 1625 1653 1683 Psalm.
1684 1625 1841 1683 exix.
1872 1628 1967 1699 91,
2015 1624 2116 1682 ubi
2159 1624 2351 1700 agitur
2397 1624 2469 1682 de
2517 1624 2645 1681 coeli
2673 1633 2831 1682 motu
2861 1634 2924 1685 et,

511 1713 677 1764 terrm
725 1706 1057 1779 stabilitate,
1107 1706 1144 1737 “
1173 1704 1419 1763 Omnia''
1471 1704 1741 1762 dicuntur
1784 1708 1820 1737 “
1849 1704 2102 1780 perstare
2143 1704 2318 1780 juxta
2365 1712 2578 1762 statuta
2626 1703 2752 1777 Dei,
2784 1705 2920 1780 quia

510 1785 703 1842 omnia
745 1785 852 1862 ipsi
897 1785 1215 1857 serviunt,''
1247 1793 1306 1843 et
1351 1782 1503 1841 Psal.
1541 1783 1758 1841 cxlviii.
1793 1786 1848 1858 6,
1896 1786 1934 1816 “
1964 1783 2209 1842 Omnia''
2253 1782 2462 1840 dieitur
2505 1786 2540 1816 “
2568 1783 2916 1841 stabilivisse

510 1862 569 1919 in
599 1871 892 1939 oeternum,
924 1873 982 1926 et
1010 1864 1270 1939 posuisse
1304 1864 1519 1938 Legem
1548 1883 1679 1939 quae
1706 1882 2005 1938 nunquam
2034 1861 2392 1936 intercidet,''
2421 1862 2521 1920 ubi
2550 1861 2621 1920 de
2650 1862 2917 1938 operibus

510 1942 816 1999 creationis
859 1962 1045 2000 sermo
1087 1951 1210 1999 est:
1258 1942 1369 1999 Per
1411 1942 1557 1999 hane
1592 1942 1807 2016 Legem
1849 1941 2060 2018 plantae
2089 1950 2367 2014 crescunt,
2396 1940 2594 1999 bestiae
2622 1952 2913 2016 generant,

510 2028 568 2081 et
610 2020 1058 2099 unumquodque
1101 2020 1313 2077 animal
1357 2040 1490 2077 suas
1525 2024 1681 2099 ὁρμὰς
1723 2030 1781 2078 et
1821 2021 2128 2078 instinctus
2169 2030 2512 2096 spontaneos
2551 2020 2759 2078 habet:
2803 2021 2912 2078 Vel

1038 2099 1226 2157 stricte
1255 2108 1313 2157 et
1330 2101 1571 2174 proprie
1599 2119 1705 2175 pro
1737 2099 1962 2175 Regula
1989 2100 2240 2176 praetiea
2266 2099 2576 2158 officiorum
2594 2099 2910 2174 moralium,

570 2164 928 2269 Βωᾶἱᾶξα·
1040 2178 1115 2236 ad
1145 2197 1317 2254 quam
1349 2187 1553 2236 natura
1579 2178 1844 2236 homines
1892 2177 2240 2253 obligantur.
2324 2179 2414 2236 De
2461 2198 2575 2254 qua
2624 2179 2780 2255 Lege
2820 2179 2914 2237 hie

826 2255 838 2269 ⁹
1039 2258 1333 2334 quaeritur,
1381 2255 1478 2314 An
1509 2256 1678 2316 detur
1704 2257 1837 2316 talis
1864 2257 2127 2333 quasdam
2158 2258 2284 2315 Lex
2315 2258 2422 2315 Dei
2450 2258 2741 2330 naturalis,
2786 2278 2914 2333 quae

509 2331 663 2410 apud
693 2352 891 2392 omnes
939 2334 1214 2411 obtineat,
1262 2344 1328 2394 ut
1363 2336 1510 2412 justi
1554 2346 1614 2396 et
1663 2335 1863 2412 injusti
1907 2336 2125 2412 regula,
2176 2336 2577 2394 antecedenter
2623 2337 2696 2393 ad
2728 2337 2914 2413 Leges

508 2410 804 2470 hominum
823 2414 1159 2548 1positivam
1206 2415 1305 2472 An
1346 2434 1486 2473 vero
1527 2416 1759 2492 justitia
1799 2425 1858 2474 et
1898 2416 2171 2473 honestas
2197 2436 2233 2473 a
2259 2417 2383 2473 sola
2409 2416 2702 2473 voluntate
2730 2416 2912 2473 homi-

508 2510 645 2548 num
708 2510 819 2566 pen
864 2501 972 2565 eat,
1031 2503 1089 2551 et
1143 2513 1217 2551 ex
1274 2513 1557 2552 consensu
1613 2495 1878 2552 humanae
1934 2494 2225 2552 societatis
2282 2495 2511 2568 oriatur,
2572 2503 2630 2553 et
2684 2494 2914 2571 propria

508 2570 789 2706 ‹Imjipsqne
818 2570 1065 2630 utilitate
1093 2570 1383 2630 metienda
1412 2572 1504 2631 sit.
1561 2572 1731 2632 Prius
1759 2582 2022 2632 asserunt
2051 2574 2408 2651 Orthodoxi3
2455 2573 2748 2633 Posterius
2775 2594 2912 2633 vero

564 2649 580 2704 i
625 2648 811 2705 ertini.

587 2726 700 2783 VI.
746 2726 911 2800 Nam,
943 2734 1009 2785 ut
1028 2727 1150 2804 jam
1181 2730 1319 2787 olim
1353 2730 1682 2790 Carneades
1708 2740 1768 2793 et
1796 2733 2098 2809 Cyrenaici
2128 2733 2488 2810 Aristippum
2518 2733 2716 2806 secuti,
2739 2733 2909 2809 justi-

505 2801 645 2861 tiam
675 2822 901 2861 omnem
943 2809 1261 2865 naturalem
1299 2809 1674 2884 abnegarunt,
1719 2813 2124 2889 pertendentes
2161 2811 2305 2889 μηὶίν
2345 2811 2458 2871 elim
2498 2812 2638 2882 φύσα
2665 2810 2844 2870 δικαίου
2879 2811 2917 2882 ἦ

505 2887 729 2962 aie-7433»,
759 2882 909 2940 ἀλλὰ
944 2885 1067 2961 κ’μρ
1094 2893 1182 2945 καὶ
1210 2885 1307 2959 ἴου,
1339 2889 1477 2946 nihil
1501 2899 1713 2947 natura
1738 2894 1958 2966 justum
1986 2902 2040 2950 et
2064 2902 2227 2968 turpe
2262 2913 2391 2968 esse,
2421 2896 2522 2949 sed
2559 2896 2674 2968 leye
2701 2902 2755 2950 ct
2779 2913 2907 2950 con-

505 2962 807 3036 suetudine,
833 2972 898 3020 ut
924 2964 1180 3041 loquitur
1199 2968 1479 3042 Laertius,
1512 2967 1583 3026 de
1608 2969 1710 3027 vit.
1737 2971 1919 3029 Phil.:
1963 2971 2103 3045 Quae
2133 2973 2240 3030 suit
2268 2972 2438 3030 etiam
2467 2992 2628 3029 mens
2652 2972 2903 3048 Epicuri,

503 3059 608 3117 pro
636 3060 751 3117 quo
780 3043 962 3101 multa
989 3043 1130 3103 dicit
1163 3045 1499 3122 Gassendoe,
1532 3048 1599 3106 T.
1633 3051 1688 3106 3.
1721 3049 1872 3107 Phil.
1897 3070 2036 3109 mor.
2067 3071 2122 3127 p.
2154 3054 2322 3126 1526,
2355 3049 2493 3108 &et
2538 3051 2631 3108 Ita
2657 3071 2774 3109 non
2802 3050 2901 3107 de·

506 3129 641 3178 sunt
670 3120 841 3179 etiam
881 3122 1053 3181 hodie
1083 3125 1246 3200 varii,
1279 3126 1377 3203 qui
1407 3128 1674 3204 vestigiis
1714 3149 1912 3188 eorum
1941 3131 2286 3203 insistentes,
2317 3131 2534 3188 nullam
2555 3129 2702 3206 justi
2728 3138 2788 3188 et
2814 3130 2901 3186 in·

495 3198 642 3275 justi
671 3201 931 3278 regulam
960 3203 1083 3262 dari
1126 3225 1161 3262 a
1202 3215 1407 3264 natura
1448 3216 1701 3282 censent,
1748 3209 1851 3267 sed
1893 3230 2017 3268 eam
2048 3209 2276 3267 demum
2318 3229 2354 3266 a
2383 3209 2564 3266 libera
2602 3208 2899 3266 hominum

501 3278 973 3341 determinatione
1002 3284 1267 3359 pendere,
1299 3293 1359 3343 et
1399 3306 1473 3344 ex
1502 3287 1734 3362 propria
1775 3289 2056 3365 cujusque
2090 3289 2337 3347 utilitate
2378 3288 2722 3346 metiendam
2752 3307 2896 3361 esse,

501 3365 565 3414 ut
592 3359 764 3415 homo
792 3368 996 3417 natura
1023 3361 1099 3417 sit
1140 3363 1296 3418 omni
1338 3365 1560 3422 solutus
1589 3367 1736 3440 lege,
1769 3367 2043 3443 nullaque
2071 3368 2186 3425 alia
2225 3366 2337 3443 ipsi
2378 3368 2452 3425 sit
2479 3367 2619 3424 recti
2648 3367 2899 3442 bonique

501 3454 717 3508 norma,
776 3454 949 3508 quam
1007 3437 1280 3511 suiipsius
1329 3443 1708 3515 conservatiO,
1768 3455 1826 3502 et
1880 3446 2138 3504 defensio
2192 3447 2328 3503 vitae
2383 3454 2442 3504 et
2495 3446 2897 3503 membrorum.

503 3513 686 3583 Quem
743 3512 980 3586 impium
1034 3514 1452 3574 Later-tinorum
1506 3539 1755 3578 errorem
1812 3542 1937 3582 esse
1993 3521 2122 3584 eum
2172 3525 2300 3582 aliis
2347 3524 2606 3601 pluribus
2654 3534 2900 3583 testatur

504 3588 726 3723 Calviljn.
778 3589 1058 3650 adversus
1088 3592 1456 3655 Libertinos:
1499 3597 1601 3656 Ad
1630 3619 1776 3676 quos
1818 3601 1878 3659 in
1906 3603 2014 3662 hae
2057 3613 2219 3681 parte
2255 3603 2476 3662 aeeedit
2502 3605 2808 3662 Hobbesius
2836 3605 2895 3661 in

500 3685 606 3723 suo
684 3686 796 3724 we.

557 3744 723 3836 ’VIL
773 3745 888 3804 Sed
917 3747 1091 3826 longe
1135 3752 1303 3811 aliter
1339 3754 1655 3830 loquuntur
1683 3757 2024 3834 Orthodoxi,
2055 3761 2153 3837 qui
2197 3761 2480 3819 affimant
2521 3761 2644 3818 dari
2676 3762 2890 3837 Legem

495 3823 747 3899 aliquam
775 3829 1111 3903 naturalem,
1143 3850 1258 3888 non
1288 3843 1471 3891 ortam
1501 3855 1575 3892 ex
1605 3846 1901 3897 contractu
1931 3841 2026 3898 vel
2068 3841 2199 3916 lege
2229 3841 2552 3899 voluntaria
2581 3841 2888 3914 societatis,

494 3901 598 3993 sed
625 3922 700 3995 ei}
729 3903 927 3996 divina
955 3907 1324 3984 obligatione,
1346 3931 1380 3968 a
1405 3912 1528 3970 Deo
1547 3915 1761 3992 quippe
1783 3919 2048 3993 primitus
2076 3919 2137 3975 in
2165 3920 2452 3977 creatione
2480 3920 2728 3977 hominis
2756 3939 2889 3976 eon-

493 3990 747 4074 scientiae
790 4002 1144 4059 impressam,
1177 3988 1235 4044 in
1278 4009 1393 4064 qua
1420 3991 1694 4050 fundetur
1735 3995 2046 4054 discrimen
2085 3997 2311 4056 honesti
2346 4006 2405 4056 et
2445 3999 2646 4074 turpis,
2677 4006 2735 4055 et
2762 4019 2892 4075 quae
2996 4002 3002 4007 ’

490 4077 770 4134 pnnclpla
811 4064 1062 4138 praetiea
1104 4065 1353 4125 immotae
1395 4071 1657 4128 veritatis
1698 4075 2005 4148 contineat,
2048 4075 2243 4152 qualia
2270 4085 2405 4135 sunt
2433 4079 2619 4134 Deum
2646 4097 2761 4135 esse
2800 4098 2889 4134 co-

490 4138 728 4229 lem-lum,
760 4141 1034 4203 Panentes
1061 4144 1435 4221 honorandos,
1481 4151 1700 4207 honeste
1740 4153 2048 4227 vivendum,
2093 4156 2364 4212 neminem
2405 4158 2733 4229 laedendum,
2778 4175 2890 4214 non

470 4217 803 4304 [acuendum
844 4221 1015 4276 alteri
1050 4225 1204 4295 quod
1240 4225 1339 4280 ciba·
1356 4227 1500 4302 fieri
1535 4230 1796 4304 nolum-is,
1842 4240 1900 4288 et
1941 4232 2187 4306 similia3
2234 4231 2431 4309 Atque
2472 4234 2648 4310 hujus
2692 4234 2886 4310 Legis,

485 4292 759 4384 lieet-per
785 4307 1083 4370 peecatum
1111 4299 1495 4361 diversimode
1525 4315 1792 4382 corrupta
1819 4308 1991 4367 fuerit
2018 4319 2077 4369 et
2104 4311 2425 4386 obscurata,
2460 4333 2758 4389 superesse
2785 4314 2887 4370 ad-

485 4367 599 4459 hne
628 4391 688 4426 1n
716 4383 919 4432 natura
947 4384 1033 4434 tot
1062 4378 1334 4453 reliquias
1355 4390 1413 4437 et
1441 4382 1800 4459 documenta,
1832 4396 1897 4444 ut
1925 4407 2093 4447 nemo
2136 4389 2211 4447 sit
2251 4392 2600 4466 mortalium,
2631 4393 2732 4467 qui
2759 4392 2888 4468 ejus

483 4465 604 4502 vim
632 4449 728 4505 vel
764 4455 949 4528 magis
977 4457 1072 4513 vel
1100 4458 1291 4515 minus
1319 4477 1434 4516 non
1464 4463 1690 4520 sentiat.
1736 4464 1953 4541 Legem
1982 4476 2175 4526 autem
2204 4468 2375 4527 istam
2403 4471 2611 4529 volunt
2637 4470 2752 4529 diei
2782 4491 2884 4528 na·

483 4528 737 4614 turafem,
767 4546 882 4585 non
910 4535 1064 4606 quod
1093 4555 1128 4592 a
1155 4555 1313 4595 mera
1339 4545 1544 4596 natura
1571 4550 1758 4600 ortum
1782 4564 1949 4603 suum
1978 4545 2204 4623 habeat,
2236 4569 2366 4607 eum
2396 4570 2432 4607 a
2457 4550 2585 4608 Deo
2615 4569 2885 4626 supremo

482 4600 839 4677 Legtslatore
866 4611 1127 4687 pendeat,
1153 4616 1256 4674 sed
1283 4617 1419 4693 quia
1446 4617 1753 4679 innotescit
1784 4623 2072 4698 objective
2095 4646 2170 4683 ex
2199 4636 2591 4687 ereaturarum
2622 4637 2880 4706 aspectu,
