3221 5200
471 369 585 428 198
1332 380 1513 421 meus
1541 381 1941 422 nuovscmus.
2492 363 2743 444 [QUAEST.
2775 382 2881 424 vn.

472 525 808 587 missionem
834 523 1006 582 istam
1047 540 1164 581 non
1193 528 1499 580 contentus
1540 519 1651 581 fuit
1678 522 1873 581 verbis
1907 522 2246 599 exprimere,
2292 523 2396 582 sed
2421 524 2611 584 voluit
2651 524 2887 601 insuper

473 626 602 667 eam
643 603 1014 664 multifariam
1056 602 1411 677 confirmare,
1454 611 1522 661 ut
1562 604 1691 680 ejus
1733 603 2171 661 immutabilitas
2213 604 2601 679 denotaretur,
2636 605 2769 664 Gal.
2798 603 2880 662 iii.

478 690 572 761 15,
607 688 699 744 17.
770 683 1011 762 Triplex
1038 692 1230 742 autem
1258 682 1368 740 fuit
1394 681 1619 764 κὺςωπς.
1692 683 1888 740 Prima
1915 703 2019 761 per
2047 682 2314 744 solennes
2343 684 2532 742 foedus
2560 684 2883 742 ineuntium

474 768 637 841 ritus,
671 766 819 825 Gen.
849 784 970 838 xv.,
1003 765 1062 821 in
1078 763 1426 822 dissectione
1456 763 1807 838 animalium,
1839 771 1898 821 et
1924 764 2171 822 transitu
2199 784 2303 841 per
2324 765 2579 822 medium
2607 765 2879 841 ipsorum,

476 866 651 924 quem
679 864 896 904 morem
924 844 985 901 in
1013 843 1327 902 foederibus
1355 843 1680 920 pangendis
1707 844 1985 902 usitatum
2013 863 2141 902 esse
2170 844 2355 918 docet,
2388 846 2430 903 J
2436 865 2514 903 er.
2544 844 2754 903 xxxiv.
2789 846 2881 902 18.

482 925 749 986 Secunda
775 944 879 1003 per
910 924 1344 983 Sacramentum
1359 923 1835 994 ,Circumcisionis
1862 923 2230 1000 promissioni
2259 925 2538 1000 additum,
2565 926 2715 985 Gen.
2739 924 2882 982 xvii.

476 1007 674 1066 Tertia
714 1026 818 1082 per
852 1003 1279 1082 jusjurandum,
1326 1004 1474 1063 Gen.
1505 1004 1651 1062 xxii.
1682 1013 1741 1063 et
1782 1003 1937 1062 Heb.
1967 1002 2047 1061 vi.
2081 1007 2175 1080 17,
2220 1007 2313 1080 18,
2383 1007 2417 1038 “
2449 1005 2521 1062 In
2563 1025 2679 1081 quo
2725 1005 2884 1062 Deus

475 1086 681 1146 volens
709 1084 952 1143 ulterius
981 1083 1282 1142 ostendere
1310 1083 1638 1143 haeredibus
1678 1083 2075 1162 promissionis
2103 1084 2630 1144 immutabilitatem
2661 1084 2884 1143 consilii

478 1167 586 1238 sui,
611 1165 941 1242 juramento
969 1164 1337 1237 intervenit,''
1369 1161 1476 1223 810.

562 1245 789 1302 XXII.
836 1245 1192 1303 Conditiones
1220 1243 1394 1302 etiam
1422 1243 1656 1302 foederis
1684 1254 2097 1322 proponuntur.
2171 1244 2384 1319 Primo,
2398 1247 2549 1323 fides
2577 1265 2681 1322 per
2708 1263 2883 1321 quam

480 1324 782 1384 credidisse
821 1327 950 1382 Deo
978 1323 1206 1398 dicitur,
1239 1323 1387 1382 Gen.
1417 1344 1517 1382 xv.
1549 1327 1605 1383 6.
1693 1323 1979 1400 SecundO,
2023 1326 2307 1384 conversio
2334 1333 2393 1384 et
2432 1324 2887 1403 sanctificationis

480 1405 742 1479 studium,
792 1405 940 1462 Gen.
990 1403 1135 1462 xvii.
1191 1406 1243 1477 1,
1286 1404 1530 1462 Ambula
1571 1424 1766 1462 coram
1810 1425 1898 1463 me
1942 1414 1997 1464 et
2031 1415 2144 1463 esto
2185 1406 2438 1481 inteqer‚·
2479 1405 2637 1482 quod
2662 1413 2886 1464 utrum·

484 1504 598 1562 que
628 1484 689 1541 in
722 1483 1093 1543 Sacramento
1118 1482 1583 1543 Circumcisionis
1612 1483 1953 1560 obsignatur
1975 1492 2033 1543 et
2059 1486 2405 1563 praecipitur,
2430 1494 2673 1562 utraque
2696 1493 2887 1543 autem

486 1584 613 1624 sese
655 1564 716 1621 in
760 1564 932 1622 Patre
961 1562 1318 1622 credentium
1345 1564 1583 1622 mirifice
1613 1564 1857 1622 exeruit.
1926 1567 1979 1623 1.
2025 1566 2216 1640 Fides,
2247 1586 2423 1643 quum
2455 1566 2757 1642 amplexus
2799 1571 2887 1622 est

482 1644 921 1723 promissionem
956 1642 1027 1701 de
1062 1643 1308 1719 Semine,
1352 1644 1501 1703 Gen.
1530 1644 1633 1702 xii.
1665 1649 1722 1719 4,
1755 1645 1809 1719 5,
1855 1645 1911 1719 6,
1943 1646 2274 1723 expectavit
2302 1645 2375 1704 ab
2404 1666 2472 1704 eo
2499 1646 2654 1704 bona
2680 1644 2888 1719 omnia,

483 1745 603 1784 non
630 1733 856 1784 tantum
904 1724 1259 1799 temporalia,
1292 1724 1394 1782 sed
1420 1724 1706 1802 praecipue
1737 1723 2059 1801 spiritualia
2086 1733 2144 1784 et
2172 1735 2401 1800 aeterna,
2435 1746 2564 1802 quse
2591 1725 2722 1784 ideo
2763 1725 2889 1802 jus·

485 1806 712 1864 tificans
740 1804 867 1864 fuit.
952 1804 1157 1863 Virtus
1199 1806 1325 1882 ejus
1367 1813 1613 1881 augetur
1640 1825 1715 1863 ex
1744 1805 2209 1882 circumstantiiS,
2255 1806 2412 1883 quod
2453 1805 2758 1864 crediderit
2799 1823 2891 1862 res

483 1894 604 1945 tam
634 1885 842 1943 arduas
870 1891 929 1942 et
954 1884 1125 1961 plane
1154 1883 1537 1960 incredibileS,
1568 1893 1735 1943 terrae
1775 1886 2196 1962 possessionem
2237 1906 2517 1963 possessae
2547 1906 2582 1944 a
2617 1885 2892 1962 potentis·-

486 1966 633 2040 sima
660 1974 850 2042 gente,
882 1984 1014 2023 cum
1042 1965 1164 2041 ipse
1194 1966 1351 2023 solus
1380 1974 1564 2040 esset3
1607 1965 1846 2042 prolem,
1877 1966 2002 2044 ipso
2031 1974 2090 2024 et
2121 1966 2264 2024 Sara
2282 1967 2406 2044 jam
2434 1965 2676 2042 effoetis3
2719 1966 2893 2024 bene-

486 2045 797 2104 dictionem
827 2045 1082 2102 omnium
1127 2046 1386 2122 gentium
1415 2045 1474 2102 in
1506 2045 1737 2104 Semine
1777 2065 1898 2120 suc,
1944 2054 2003 2103 at
2031 2065 2323 2122 nunquam
2353 2067 2386 2103 a
2415 2066 2477 2105 se
2518 2046 2686 2104 viso:
2728 2046 2896 2122 cujus

486 2125 623 2185 fidei
640 2125 969 2184 firmitatem
993 2124 1211 2184 Paulus
1233 2125 1504 2204 graphice
1527 2125 1817 2202 describit,
1845 2127 2013 2184 Rom.
2038 2126 2116 2184 iv.
2145 2128 2235 2202 18,
2266 2129 2358 2202 19,
2384 2129 2479 2202 20,
2501 2129 2599 2185 21.
2669 2130 2726 2184 2.
2756 2127 2893 2185 Obe-

488 2206 699 2264 dientia
726 2205 900 2264 etiam
928 2205 1171 2264 illustris
1214 2205 1323 2265 fuit
1362 2207 1423 2263 in
1464 2205 1726 2282 duobus;
1775 2209 1827 2264 1.
1859 2207 1929 2264 In
1959 2207 2113 2264 eaeitu
2157 2227 2186 2264 e
2214 2210 2377 2266 domo
2418 2207 2599 2284 'patris
2628 2214 2687 2264 et
2713 2206 2897 2283 patria

489 2305 595 2344 sua
622 2286 875 2344 incertus
903 2305 1018 2363 quo
1045 2285 1172 2360 iret,
1220 2286 1375 2344 Heb.
1404 2286 1486 2344 xi.
1517 2289 1572 2361 8,
1620 2307 1749 2364 quae
1792 2305 2016 2345 summa
2056 2286 2319 2364 obsequii
2362 2287 2548 2364 gloria
2589 2294 2677 2345 est
2707 2286 2896 2345 Deum

488 2373 795 2442 vocantem
816 2374 882 2443 ⁴et
929 2364 1234 2423 ducentem
1265 2367 1446 2442 sequi,
1491 2375 1664 2443 atque
1711 2367 1792 2425 ire
1837 2386 1951 2443 quo
1993 2367 2237 2443 nescias,
2283 2375 2342 2425 et
2385 2367 2486 2426 ubi
2530 2367 2777 2444 ignoreS,
2823 2385 2899 2423 an

488 2445 655 2520 bene,
700 2466 775 2503 an
816 2445 964 2503 male
1006 2445 1113 2503 tibi
1153 2444 1409 2503 futurum
1452 2446 1545 2505 sit.
1590 2450 1646 2505 2.
1680 2447 1752 2504 In
1793 2449 2065 2506 oblatione
2097 2448 2229 2526 filii,
2277 2447 2430 2505 Heb.
2461 2447 2557 2505 xi.
2605 2451 2697 2521 17,
2744 2446 2894 2505 Gen.

490 2525 636 2583 xxii.
667 2529 722 2599 2,
753 2544 883 2602 quae
910 2525 1164 2582 maxima
1184 2526 1439 2582 omnium
1467 2534 1526 2584 et
1547 2525 1854 2584 durissima
1874 2526 1984 2586 fuit
2013 2527 2274 2603 tentatio,
2306 2527 2490 2586 filium
2513 2527 2893 2600 innocentem,

492 2604 786 2679 dilectum,
830 2605 1066 2663 unicum
1094 2624 1211 2661 non
1240 2612 1465 2664 tantum
1507 2606 1788 2681 amittere,
1833 2607 1937 2665 sed
1965 2609 2224 2667 occidere
2253 2615 2311 2667 et
2351 2608 2599 2686 propriis
2627 2607 2896 2665 manibus

492 2692 764 2757 mactare,
810 2691 890 2759 ut,
922 2685 1022 2761 qui
1057 2693 1234 2758 pater
1272 2684 1460 2743 fuerat
1500 2685 1576 2742 ad
1610 2685 1793 2743 vitam
1823 2686 2089 2764 dandam,
2139 2697 2292 2747 esset
2332 2689 2610 2748 homicida
2651 2687 2728 2745 ad
2771 2707 2901 2745 eam

494 2762 901 2822 auferendam:
947 2765 1025 2823 Et
1050 2763 1199 2821 illud
1238 2773 1501 2841 prompte
1538 2773 1597 2824 et
1639 2765 1762 2825 sine
1804 2785 1981 2840 mora,
2025 2766 2201 2826 ducto
2241 2788 2344 2844 per
2373 2769 2603 2845 singula
2643 2766 2902 2826 membra

494 2842 663 2917 ferr0,
696 2842 962 2901 sacrificii
987 2844 1049 2900 in
1076 2862 1294 2901 morem
1316 2843 1613 2920 dilaniare,
1645 2846 1784 2903 etin
1810 2845 2211 2905 holocaustum
2241 2847 2461 2924 offerre,
2492 2857 2558 2908 ut
2579 2856 2735 2907 totus
2763 2867 2899 2905 con-

496 2930 832 2995 sumeretur,
863 2922 1038 3000 idque
1064 2923 1478 3000 praemeditatO‚
1523 2932 1646 2984 toto
1675 2925 1867 2984 triduo
1905 2926 2056 2985 inter
2082 2927 2224 2986 istas
2252 2929 2633 3004 cogitationes
2661 2935 2902 3001 exact03

495 3001 653 3081 quod
676 3004 1043 3081 sacrilegium
1072 3003 1265 3080 potius
1287 3023 1459 3081 quam
1490 3025 1716 3063 sacrum
1739 3005 2060 3083 videbatur,
2093 3016 2292 3066 contra
2311 3009 2412 3085 jus
2441 3028 2609 3066 omne
2638 3007 2901 3066 divinum

495 3093 555 3143 et
581 3085 914 3160 humanum,
948 3092 1147 3144 contra
1175 3093 1394 3144 naturae
1433 3085 1616 3164 ipsius
1644 3085 1840 3145 lumen
1868 3076 1930 3145 et⁸
1954 3096 2191 3163 motum,
2224 3096 2424 3146 contra
2463 3088 2901 3165 promissionem

496 3163 688 3223 datam
719 3165 791 3223 de
824 3165 1053 3224 Semine
1094 3164 1399 3224 benedicto
1428 3174 1486 3225 et
1526 3166 1922 3240 benedicente,
1967 3166 2227 3245 adeoque
2267 3176 2466 3226 contra
2495 3168 2816 3226 Abrahami
2845 3175 2905 3225 et

497 3246 753 3304 omnium
782 3244 1187 3305 foederatorum
1217 3254 1489 3304 aeternam
1530 3245 1705 3304 fidem
1734 3256 1793 3305 et
1835 3247 2098 3306 salutem.
2185 3248 2263 3305 Et
2290 3255 2483 3305 tamen
2526 3248 2801 3322 obedivit,
2846 3254 2906 3304 et

496 3334 731 3402 paratus
759 3325 867 3383 fuit
895 3345 971 3383 ex
1013 3325 1126 3382 fide
1168 3326 1603 3384 resurrectionis
1646 3335 2001 3385 mortuorum
2044 3327 2217 3385 etiam
2245 3326 2417 3386 talem
2462 3326 2643 3384 filium
2683 3326 2907 3401 offerre,

501 3404 654 3462 Heb.
677 3405 758 3461 xi.
793 3406 883 3477 19,
929 3424 1058 3481 quae
1088 3403 1398 3480 singularis
1427 3404 1758 3464 obedientia
1800 3406 1886 3462 ini
1913 3426 2126 3465 nomen
2167 3408 2339 3465 amici
2363 3408 2483 3465 Dei
2506 3407 2773 3482 obtinuit,
2819 3406 2903 3479 Is.

497 3482 601 3540 xli.
634 3484 687 3556 8,
720 3483 849 3541 Jac.
880 3482 940 3539 ii.
970 3486 1066 3540 23.

580 3561 839 3619 XXIII.
886 3561 1047 3620 Inter
1073 3562 1249 3638 hujus
1278 3562 1481 3638 aetatis,
1514 3570 1572 3621 et
1612 3563 1991 3640 praecedentis
2033 3567 2411 3625 oeconomiam
2452 3567 2758 3644 multiplex
2800 3564 2912 3624 fuit

497 3640 824 3701 discrimen.
909 3641 1023 3698 Illa
1040 3642 1445 3717 promissionis,
1480 3643 1603 3700 Ista
1615 3645 1857 3717 saederis
1882 3645 2114 3704 nomine
2152 3646 2340 3723 magis
2381 3646 2610 3724 proprie
2653 3645 2908 3723 appella-

496 3729 607 3796 tur,
638 3721 776 3798 quia
800 3720 894 3778 hic
923 3721 1223 3798 perspicue
1253 3730 1310 3779 et
1339 3742 1610 3799 expresse
1638 3725 1977 3801 proponitur
2015 3725 2270 3784 conditio
2299 3726 2578 3803 obsequii,
2611 3746 2740 3803 quae
2783 3725 2907 3784 illic

495 3801 726 3860 nonnisi
766 3800 1043 3878 implicite
1086 3802 1504 3861 continebatur.
1593 3803 1708 3861 Illa
1755 3804 2162 3863 sacrificiorum
2205 3804 2439 3882 quidem
2481 3807 2626 3864 ritus
2667 3805 2906 3880 habuit;

496 3882 601 3940 sed
640 3882 754 3941 ista
783 3881 1248 3941 Circumcisionis
1291 3891 1647 3942 sacramento
1689 3892 1961 3961 tanquam
2004 3885 2280 3961 peculiari
2328 3885 2522 3961 sigillo
2561 3885 2669 3944 fuit
2711 3885 2908 3961 obsig-

494 3969 648 4020 nata.
735 3962 849 4020 Illa
888 3961 1267 4021 communiter
1303 3970 1363 4021 et
1399 3962 1697 4023 indefinite
1740 3965 1938 4041 generi
1978 3965 2231 4023 humano
2273 3966 2739 4042 proponebatur3
2786 3965 2914 4022 Ista

494 4041 865 4118 singulariter
892 4042 967 4099 ad
1003 4041 1323 4101 Abramum
1373 4052 1431 4101 et
1479 4044 1605 4120 ejus
1653 4052 1916 4120 posteros
1961 4044 2434 4122 restringebatur.
2523 4047 2594 4103 In
2637 4045 2742 4103 illa
2789 4052 2911 4102 tam

493 4122 663 4179 clarae
691 4141 808 4180 non
837 4130 1038 4180 extant
1064 4122 1490 4199 promissiones,
1514 4143 1622 4182 nec
1654 4124 1735 4181 ita
1764 4124 2066 4201 perspicua
2092 4125 2413 4184 vocationis
2456 4125 2716 4202 gentium
2758 4124 2914 4182 facta

491 4202 725 4275 mentiO,
756 4221 864 4260 nec
892 4201 1219 4278 propositus
1249 4201 1458 4279 aliquis
1486 4211 1762 4279 tanquam
1791 4203 2198 4263 foederatorum
2229 4205 2418 4280 Pater,
2465 4206 2566 4283 qui
2605 4213 2914 4282 propterea

490 4278 676 4339 haeres
703 4280 914 4339 dicitur
941 4280 1158 4356 mundi,
1192 4281 1361 4340 Rom.
1393 4282 1471 4341 iv.
1506 4284 1598 4357 16,
1636 4285 1726 4356 17,
1760 4283 1895 4359 quia
1922 4285 2219 4359 mundum,
2252 4283 2329 4342 id.
2354 4294 2557 4361 gentes
2586 4304 2802 4359 omneS,
2834 4283 2916 4342 ad

491 4377 637 4434 quas
663 4369 1011 4437 perventura
1039 4369 1162 4419 erat
1188 4360 1532 4436 benedicti0,
1564 4371 1839 4438 tanquam
1867 4363 2018 4422 filios
2047 4384 2182 4423 suos
2209 4365 2430 4423 habuit.

495 4459 665 4507 Tertia
734 4464 874 4510 AEtaa
948 4480 977 4509 a
1116 4440 1366 4499 XXIV.
1436 4442 1631 4500 Tertia
1678 4451 1816 4500 oetas
1866 4444 2143 4502 Ecclesiae
2188 4452 2246 4502 et
2295 4444 2629 4503 oeconomiae
2677 4441 2919 4502 Veteris

551 4520 688 4567 Mose
722 4524 783 4567 nd
815 4524 981 4569 chris·
1022 4519 1380 4580 Testamenti
1407 4541 1442 4579 a
1472 4522 1640 4580 Mose
1670 4521 1745 4579 ad
1775 4522 2068 4581 Christum
2099 4543 2200 4582 seu
2230 4543 2265 4581 a
2304 4524 2768 4602 promulgatione
2798 4522 2913 4580 Le-

551 4580 677 4623 tum.
1017 4599 1109 4676 gis
1137 4600 1198 4657 in
1226 4601 1454 4660 deserto
1483 4622 1667 4678 usque
1697 4601 1772 4660 ad
1817 4602 2050 4662 Messias
2097 4603 2513 4663 exhibitionem
2559 4602 2913 4662 extenditur.

494 4674 621 4751 Quo
651 4675 924 4752 temporis
970 4676 1297 4755 intervallo,
1349 4681 1464 4739 alia
1510 4681 1686 4759 longe
1735 4702 1924 4741 rerum
1973 4683 2150 4743 facies
2195 4682 2323 4743 fuit.
2408 4684 2572 4743 Tunc
2620 4683 2774 4742 facta
2821 4691 2917 4741 est
