3221 5200
265 371 485 421 qums-r.
510 349 642 431 xv.]
996 369 1072 408 m:
1102 369 1334 410 oss-icio
1361 370 1595 411 cnmsrr
1629 369 2012 411 nunu-roffio.
2559 353 2677 410 425

268 513 327 569 in
388 510 787 570 Sanctuarium
842 509 1248 584 manufactum,
1304 510 1550 588 figuram
1605 512 1729 570 veri
1764 534 1778 585 ;
1834 512 1936 571 sed
1990 512 2049 568 in
2103 511 2290 587 ipsum
2348 509 2557 568 coelum
2613 517 2677 568 ut

268 611 534 668 compare
609 598 669 647 at
723 609 914 647 coram
968 590 1113 648 facie
1194 591 1301 649 Dei
1370 610 1472 668 pro
1528 590 1755 667 nobis,'’
1827 589 1955 667 δια,
1994 590 2096 650 ubi
2170 588 2532 648 manifestum
2590 599 2678 648 est

270 670 627 747 Apostolum
648 669 904 727 alludere
932 669 1007 726 ad
1039 668 1097 727 S.
1133 668 1500 729 Sacerdotem
1531 671 1665 728 Vet.
1716 671 1873 729 Test.
1904 670 2005 747 qui
2043 669 2236 728 oblato
2280 668 2558 727 sacrificio
2587 670 2673 726 in-

269 750 639 827 grediebatur
659 749 718 806 in
752 748 1074 807 Sacrarium
1104 769 1233 807 cum
1264 750 1542 827 sanguine
1564 750 1817 809 victimae
1855 750 2271 808 intercessurus
2296 768 2399 823 pro
2440 748 2673 825 popu10.

273 830 444 890 Unde
473 828 816 887 describitur
835 848 938 905 per
964 829 1264 904 ἐμφανισμὶι
1291 849 1482 887 coram
1513 829 1657 887 facie
1709 830 1836 905 Dei,
1868 830 1969 906 qui
1996 848 2114 887 non
2157 835 2348 905 potest
2376 827 2573 886 referri
2602 828 2676 886 ad

269 909 607 968 exercitium
635 908 936 985 potestatis
969 909 1184 984 Regiae,
1218 909 1319 967 sed
1348 909 1493 967 bene
1528 908 1602 967 ad
1632 907 2090 986 deprecationem
2136 907 2565 966 sacerdotalem.

349 988 530 1047 VIII.
575 994 631 1045 2.
665 987 883 1045 Eodem
915 1007 1086 1045 sensu
1108 997 1347 1046 vocatur
1368 988 1690 1082 fugabam-oc
1717 997 1911 1046 noster
1928 987 2081 1066 apud
2101 988 2307 1060 Deum,
2337 991 2364 1043 l
2382 988 2425 1045 J
2429 988 2521 1046 oh
2546 986 2604 1044 ii.
2624 989 2674 1061 l,

268 1078 333 1128 ut
361 1068 701 1144 deprecetur
740 1068 967 1124 veniam
1017 1087 1120 1144 pro
1167 1069 1418 1144 peccatis
1466 1068 1696 1143 nostris,
1728 1077 1787 1126 et
1830 1087 2063 1126 causam
2111 1076 2366 1125 nostram
2394 1076 2530 1144 agat
2552 1075 2676 1124 tan-

270 1168 441 1224 quam
474 1146 813 1204 Advocatus
841 1156 899 1205 et
932 1148 1213 1205 Patronus
1241 1148 1394 1241 apud
1425 1148 1613 1206 Deum
1662 1156 1861 1206 contra
1898 1147 2213 1205 calumnias
2242 1155 2300 1205 et
2327 1146 2677 1205 criminatio-

272 1248 374 1286 nes
406 1226 639 1284 Diaboli
668 1226 948 1306 κατηγόρου
975 1229 1318 1285 accusator-ts
1328 1230 1607 1302 fratrum,
1643 1226 1827 1303 Apoc.
1858 1228 1960 1285 xii.
1996 1230 2090 1285 10.
2151 1226 2398 1303 Spiritus
2431 1227 2677 1284 Sanctus

272 1306 503 1383 quidem
533 1306 732 1365 eodem
762 1307 993 1364 nomine
1043 1307 1367 1383 insignitur,
1418 1308 1461 1365 J
1465 1308 1557 1366 oh
1617 1306 1737 1365 xiv.
1768 1310 1862 1381 26,
1915 1307 2019 1364 sed
2072 1306 2302 1364 diverso
2332 1305 2678 1398 significatu.

275 1387 425 1444 Nam
453 1394 518 1444 ut
545 1406 663 1443 vox
713 1386 883 1444 modo
928 1386 1297 1444 Hortatorem
1328 1406 1427 1444 seu
1461 1388 1770 1444 Doctorem
1800 1394 1858 1445 et
1881 1387 2227 1462 Magistrum
2256 1386 2459 1457 innuit,
2504 1384 2677 1443 modo

272 1465 658 1538 Advocatum,
690 1465 861 1523 modo
892 1465 1338 1540 Consolatorem,
1387 1466 1652 1525 Christus
1697 1466 1922 1543 proprie
1969 1466 2294 1558 παςλιλητος
2321 1473 2563 1523 vocatur
2590 1484 2678 1523 se·

273 1545 460 1604 cunda
487 1544 718 1603 notione
768 1553 1001 1622 propter
1056 1545 1569 1621 Intercessionem;
1621 1546 1868 1622 Spiritus
1917 1546 1976 1604 S.
2006 1566 2145 1604 vero
2201 1546 2385 1622 prima
2406 1553 2466 1602 et
2490 1545 2678 1619 tertia,

271 1626 408 1702 quia
435 1625 563 1701 ejus
591 1632 781 1700 partes
810 1632 960 1698 sunt,
1002 1632 1123 1682 tum
1155 1625 1424 1683 Doctoris
1473 1633 1530 1684 et
1556 1592 1848 1701 Magistri,
1900 1626 2000 1702 qui
2029 1625 2237 1683 ducere
2266 1643 2373 1682 nos
2420 1623 2636 1682 debet
2621 1644 2678 1680 ιιι

274 1724 500 1764 omnem
542 1704 861 1778 veritatem,
905 1712 1028 1762 tum
1073 1704 1464 1762 Consolatoris
1506 1724 1717 1762 munus
1758 1704 1933 1778 obire,
1965 1703 2438 1781 promissionibus
2481 1704 2681 1779 gratiae

273 1804 379 1842 nos
407 1782 698 1860 erigendO,
731 1790 788 1841 et
816 1783 1066 1859 gemitus
1094 1783 1504 1842 inenarrabiles
1532 1783 1699 1841 nobis
1722 1783 2010 1857 dietand0,
2036 1784 2246 1859 quibus
2267 1782 2579 1841 clamemus
2608 1782 2683 1839 ad

277 1865 484 1922 Deum.

357 1943 475 2001 IX.
560 1945 616 2001 3.
648 1941 834 2018 Apoc.
892 1942 1013 1999 viii.
1045 1945 1100 2016 3,
1148 1942 1495 2001 Intercessio
1545 1942 1760 2001 Christi
1805 1943 2150 2001 describitur
2202 1942 2371 2000 nobis
2425 1960 2529 2017 per
2556 1939 2680 1999 An-

274 2023 468 2100 gelum
498 2042 627 2079 cum
685 2021 980 2079 thuribulo
1036 2041 1226 2094 aureo,
1285 2022 1377 2079 cui
1427 2021 1549 2079 dati
1584 2030 1720 2080 sunt
1768 2023 2038 2080 incensus
2092 2021 2276 2095 multi,
2337 2030 2399 2079 ut
2428 2021 2527 2078 det
2555 2038 2680 2078 ora-

274 2102 530 2161 tionibus
563 2102 920 2173 Sanctorum,
952 2099 1026 2156 ad
1054 2102 1233 2159 altare
1261 2120 1494 2158 aureum
1526 2120 1718 2159 coram
1746 2101 1971 2175 thron0‚
2012 2101 2112 2177 qui
2158 2110 2292 2158 sunt
2340 2108 2503 2158 actus
2531 2119 2684 2158 mere

281 2180 696 2252 SacerdotaleS,
727 2199 844 2237 non
876 2179 1066 2254 Regii.
1153 2180 1285 2237 Hoc
1313 2180 1465 2237 enim
1495 2180 1570 2237 ad
1613 2179 1838 2238 nullum
1867 2181 2043 2239 alium
2073 2200 2244 2256 quam
2289 2179 2362 2237 ad
2393 2179 2684 2237 Christum

278 2279 446 2338 posse
476 2259 673 2317 referri
700 2258 838 2315 alibi
867 2258 1188 2333 probatum,
1220 2258 1482 2316 refutatis
1511 2259 1950 2335 exceptionibus
1979 2259 2482 2317 Adversariorum.

359 2339 443 2395 X.
488 2342 545 2396 4.
594 2337 658 2396 Si
708 2338 1052 2395 Intercessio
1108 2338 1254 2396 nihil
1309 2337 1468 2395 aliud
1516 2348 1621 2413 est,
1669 2358 1843 2416 quam
1903 2339 2103 2416 Regiae
2163 2339 2465 2415 potestatis
2518 2358 2685 2396 usur-

276 2418 452 2495 pati0,
485 2416 970 2476 confunderentur
997 2417 1112 2475 duo
1142 2418 1252 2476 ista
1278 2418 1490 2491 munia,
1542 2438 1672 2494 quae
1726 2418 2021 2495 Scriptura
2061 2418 2307 2476 sollicite
2362 2416 2687 2494 distinguit.

281 2499 403 2555 Nec
432 2497 695 2555 Christus
723 2516 854 2554 cum
888 2495 1315 2571 Sacerdotibus,
1347 2497 1451 2555 sed
1478 2517 1609 2555 cum
1645 2498 1785 2556 solis
1816 2498 2077 2575 Regibus
2109 2497 2436 2555 adumbrari
2466 2505 2523 2555 et
2552 2516 2687 2555 con-

276 2577 411 2637 ferri
439 2576 750 2636 debuisset.

881 2657 1000 2716 XI.
1087 2659 1432 2717 Intercessio
1487 2678 1617 2735 quae
1674 2658 1945 2719 tribuitur
2000 2658 2229 2718 Christo
2276 2678 2393 2716 non
2449 2657 2691 2733 derogat

372 2738 558 2783 Fontes
589 2737 730 2783 Solu·
811 2737 937 2813 ejus
986 2737 1203 2814 gloriae,
1235 2739 1371 2814 quia
1397 2758 1513 2796 non
1542 2747 1631 2798 est
1665 2739 2073 2816 supplicatoria
2102 2748 2160 2798 et
2186 2758 2289 2816 per
2314 2737 2548 2796 modum
2573 2737 2689 2796 suf·

442 2798 646 2840 nonum.
803 2817 989 2893 fragii,
1035 2819 1221 2893 qualis
1271 2825 1360 2877 est
1388 2818 1711 2894 Viatorum,
1770 2828 1828 2877 et
1876 2819 2172 2877 hominum
2221 2838 2325 2895 pro
2374 2838 2435 2877 se
2490 2826 2692 2876 mutuo

281 2894 601 2968 orantium,
646 2895 749 2953 sed
777 2896 980 2954 efficax
1009 2897 1395 2974 interpellatio
1422 2918 1526 2974 per
1552 2898 1789 2956 modum
1832 2897 2269 2975 jurisdictionis,
2295 2906 2360 2956 ut
2388 2897 2568 2973 vulgo
2606 2897 2691 2954 di-

279 2973 443 3046 citur,
476 2993 578 3048 per
604 2992 777 3049 quam
808 2976 1070 3034 Christus
1120 2978 1461 3053 sanguinem
1508 2977 1687 3035 semel
1725 2977 1916 3036 fusum
1966 2979 2091 3035 Deo
2140 2977 2455 3036 identidem
2484 2996 2689 3052 reprae-

283 3059 487 3142 sentat,
512 3059 578 3109 ut
605 3052 665 3108 vi
688 3060 746 3111 et
774 3052 1027 3112 efficacia
1054 3057 1180 3131 ejus
1208 3064 1445 3131 peecata
1472 3057 1642 3113 nobis
1670 3056 2050 3128 remittantur,
2096 3065 2155 3115 et
2182 3056 2396 3113 donum
2427 3074 2691 3133 perseve-

282 3130 482 3189 rantiae
512 3130 680 3189 nobis
708 3132 1092 3209 concedatur3
1136 3134 1292 3211 quod
1332 3134 1501 3192 officii
1525 3135 1758 3209 quidem
1805 3135 2182 3192 oeconomiam
2212 3134 2420 3210 arguit,
2453 3134 2556 3192 sed
2568 3133 2692 3209 glo

282 3211 427 3268 riam
456 3210 582 3302 eju-s
611 3228 725 3267 non
755 3210 1057 3271 imminuit.
1106 3212 1247 3271 Ideo
1280 3213 1496 3271 Paulus
1524 3222 1826 3289 utramque
1855 3213 2125 3271 distincte
2156 3213 2386 3271 Christo
2415 3213 2691 3288 vindicat,

287 3291 456 3348 Rom.
479 3289 600 3347 viii.
632 3292 727 3364 34,
781 3291 1095 3349 sessionem
1152 3292 1227 3350 ad
1255 3292 1536 3367 dextram,
1589 3301 1648 3351 et
1688 3293 2205 3368 interpellationem
2254 3312 2357 3368 pro
2413 3292 2597 3367 nobis,
2628 3300 2694 3351 ιιι

286 3371 487 3428 innuat
513 3369 600 3425 illi
638 3378 941 3447 utramque
984 3371 1157 3430 etiam
1185 3373 1412 3449 proprie
1463 3380 1822 3449 competere;
1870 3371 2041 3430 Illam
2079 3370 2313 3448 quidem
2363 3392 2467 3431 ceu
2521 3372 2689 3449 Regi,

286 3451 457 3508 Hanc
486 3469 625 3507 vero
654 3469 761 3508 eeu
792 3450 1106 3510 Sacerdoti.

366 3529 521 3587 XII.
568 3529 653 3589 Ut
699 3530 1027 3590 humanitas
1074 3531 1287 3590 Christi
1344 3551 1460 3591 non
1516 3532 1725 3607 obstat,
1784 3533 2091 3609 quominus
2131 3539 2197 3590 ut
2248 3533 2379 3590 Rex
2435 3551 2694 3591 summus

285 3620 344 3668 et
372 3610 734 3686 omnipotens
787 3610 1091 3670 invocetur
1116 3619 1175 3670 et
1205 3611 1474 3670 adoretur
1522 3633 1556 3669 a
1604 3578 1789 3686 nobis,
1820 3612 1957 3689 quia
2004 3633 2119 3671 non
2162 3620 2252 3671 est
2280 3633 2473 3672 merus
2500 3612 2690 3687 hom0,

287 3689 391 3748 sed
431 3708 546 3747 una
588 3698 836 3749 aeternus
878 3711 1008 3750 cum
1054 3692 1224 3750 Patre
1276 3693 1475 3751 Deus:
1550 3693 1643 3750 Ita
1697 3691 1896 3750 divina
1950 3694 2076 3770 ejus
2132 3701 2189 3751 et
2227 3692 2387 3769 regia
2439 3699 2696 3769 potestas

288 3788 402 3825 non
431 3768 687 3844 impedit,
744 3771 1053 3847 quominus
1093 3779 1159 3829 ut
1204 3772 1486 3830 Sacerdos
1526 3773 1855 3849 interpellet
1882 3792 1985 3849 pro
2027 3773 2213 3847 nobis,
2244 3772 2380 3849 quia
2408 3780 2497 3830 est
2547 3773 2695 3829 θυίν-

291 3856 489 3926 θςυπος,
521 3856 580 3904 et
607 3866 721 3923 qua
748 3849 881 3906 talis
912 3850 1202 3908 Mediator
1225 3851 1333 3909 Dei
1363 3860 1420 3909 et
1448 3851 1764 3909 hominum.

387 3987 396 3997 ,
515 3986 525 3996 ‚
898 3928 1086 3985 XIII.
1148 3930 1354 4002 Quoad
1409 3933 1635 3988 modum
1688 3929 2154 3988 intercessionis:
2225 3933 2274 3986 l.
2321 3930 2450 3987 Non
2507 3937 2695 3987 atten-

299 3985 773 4089 Qfflffemssgsiffifflgs
815 4006 1019 4064 dendae
1076 4016 1210 4065 sunt
1265 4008 1539 4065 orationis
1593 4009 2053 4082 circumstantiae,
2112 4009 2277 4085 quasi
2332 4008 2408 4066 ad
2461 4008 2694 4066 modum

819 4085 1264 4162 supplicantium
1307 4087 1367 4143 in
1401 4107 1591 4162 genua
1617 4087 2033 4164 procumberet,
2064 4107 2270 4146 manus
2298 4088 2393 4146 vel
2412 4088 2611 4146 oculos
2633 4089 2692 4145 in

293 4168 502 4227 coelum
531 4166 774 4238 tolleret,
806 4173 864 4223 et
904 4165 1099 4242 aliqua
1127 4166 1381 4242 corporis
1411 4167 1500 4223 sui
1527 4167 1907 4242 prostratione
1938 4186 1998 4224 se
2029 4186 2219 4225 coram
2250 4167 2376 4225 Deo
2405 4167 2695 4245 abjiceret,

292 4248 450 4326 quod
476 4266 677 4324 parum
707 4245 1040 4303 conveniret
1068 4245 1266 4322 gloriae
1295 4265 1465 4321 quam
1500 4265 1603 4322 per
1632 4246 1946 4304 sessionem
1991 4245 2064 4304 ad
2106 4246 2369 4306 dextram
2421 4247 2532 4305 Dei
2561 4267 2694 4305 con-

294 4336 524 4387 secutus
553 4335 678 4395 est;
715 4325 817 4383 sed
845 4324 1118 4384 orationis
1140 4333 1361 4383 tantum
1392 4325 1729 4399 substantia,
1753 4346 1856 4403 per
1872 4345 2043 4402 quam
2072 4326 2285 4385 bonum
2315 4326 2481 4385 nobis
2503 4347 2697 4386 neces-

295 4408 508 4466 sarium
564 4406 890 4464 declaratur
943 4414 1001 4464 et
1056 4405 1362 4482 expetitur.
1467 4409 1522 4463 2.
1571 4405 1915 4464 Intercessio
1964 4405 2090 4481 ista,
2148 4406 2246 4464 vel
2298 4406 2364 4465 fit
2412 4409 2700 4484 expressis

299 4485 512 4560 verbis,
544 4485 639 4544 vel
666 4486 1114 4563 interpretative,
1145 4485 1332 4562 magis
1362 4485 1419 4542 in
1449 4485 1637 4559 rebus,
1670 4505 1842 4561 quam
1871 4486 1931 4543 in
1978 4451 2189 4561 verbis,
2234 4506 2337 4563 per
2383 4506 2698 4563 repraesen-

295 4566 570 4625 tationem
600 4566 800 4624 mortis
849 4584 967 4623 suae
1015 4566 1075 4623 in
1104 4565 1281 4640 coelis,
1314 4585 1428 4642 quo
1458 4584 1629 4624 sensu
1677 4565 1926 4641 Sanguis
1956 4566 2170 4624 Christi
2197 4566 2407 4624 dicitur
2434 4567 2698 4642 clamare,

303 4645 455 4703 Heb.
501 4644 602 4701 xii.
632 4645 728 4701 24.
808 4647 862 4702 3.
895 4645 1250 4721 Quocunque
1294 4645 1464 4703 modo
1507 4644 1624 4722 fiat,
1671 4665 1783 4704 non
1807 4645 2123 4721 putandum
2154 4654 2242 4705 est
2283 4667 2408 4704 eam
2454 4646 2577 4705 fieri
2627 4649 2701 4707 ad
