3221 5200
271 323 500 368 QUAEsT.
532 302 629 382 ιι]
1168 320 1245 360 na
1275 318 1793 360 JusrlrlcaTloNss.
2581 307 2695 364 563

267 462 415 532 De0,
459 463 721 518 clamans
762 479 899 517 cum
944 460 1193 531 Davide,
1228 467 1260 494 ‘⁶
1282 461 1556 534 Domine,
1605 460 1655 517 si
1702 459 2049 534 iniquitates
2092 458 2511 531 observaveris,
2556 463 2690 537 quis

267 541 547 597 subsistet
570 541 630 597 3’'
715 538 795 595 Et
821 537 983 610 alibi,
1015 545 1049 573 “
1073 540 1170 596 Ne
1197 539 1381 597 intres
1407 538 1468 593 in
1488 538 1789 611 judicium
1813 557 1949 594 cum
1978 555 2146 595 servo
2176 544 2300 612 tu0,
2334 538 2477 612 quia
2518 541 2689 598 nulla

265 636 404 675 caro
425 617 852 690 justificabitur
880 617 943 673 in
972 624 1290 693 conspectu
1333 618 1498 673 tu0.''

322 695 519 752 VIII.
552 694 673 752 Hic
693 713 835 769 ergo
858 714 1031 754 verus
1053 704 1142 754 est
1166 694 1591 754 Controversiae
1614 698 1837 766 status3
1864 694 2071 762 Quum
2087 711 2254 750 mens
2271 695 2692 768 perterrefacta

268 781 358 833 est
397 773 756 832 conscientia
802 774 1044 847 peccati,
1099 780 1160 831 et
1205 790 1381 830 sensu
1422 772 1526 830 irae
1557 773 1690 842 Dei,
1720 790 1855 846 quae
1885 775 1964 831 sit
1987 791 2079 829 res
2105 772 2213 828 illa
2238 780 2479 847 propter
2506 793 2690 847 quam

267 871 470 909 coram
494 850 623 908 Dco
647 852 1008 922 absolvatur,
1032 859 1093 908 et
1109 852 1312 925 justus
1334 859 1643 908 censeatur
1662 852 1847 908 homo
1872 868 2186 926 ;quaenam
2208 850 2285 906 sit
2311 851 2419 908 illa
2430 851 2691 923 justitia,

270 949 455 1005 quam
484 948 782 1005 opponere
810 931 988 986 debet
1029 929 1073 986 J
1075 928 1274 987 udicio
1304 927 1417 985 Dei
1462 947 1536 985 ne
1567 927 1754 1001 juxta
1795 929 1974 1003 Legis
2002 934 2328 1001 aagendam„
2355 930 2692 999 damnetur,

267 1011 375 1066 sed
406 1016 472 1065 ut
499 1008 842 1065 remissione
869 1016 1264 1082 peccatorum,
1295 1013 1356 1062 ct
1387 1006 1490 1079 jus
1518 1008 1593 1063 ad
1625 1007 1814 1064 vitam
1840 1015 2126 1064 aeternam
2156 1006 2439 1081 consequi
2466 1008 2696 1081 possit?

281 1087 385 1143 An
428 1087 504 1144 sit
543 1086 584 1142 J
591 1086 796 1142 ustitia
838 1086 1009 1145 nobis
1046 1086 1358 1153 inhaerenS,
1401 1091 1462 1140 et
1510 1085 1790 1142 inchoata
1837 1086 2150 1153 sanctitas3
2216 1085 2322 1142 An
2369 1103 2513 1142 vero
2564 1086 2698 1144 sola

270 1163 315 1221 J
322 1164 525 1220 ustitia
551 1170 610 1220 et
650 1164 990 1221 obedientia
1014 1163 1229 1221 Christi
1260 1163 1431 1219 nobis
1459 1161 1803 1237 imputata?
1888 1163 2235 1220 Adversarii
2264 1165 2431 1238 prius
2459 1165 2694 1234 volunt,

272 1242 406 1300 Nos
433 1242 743 1316 posteriuS‚
776 1244 939 1317 quod
969 1242 1245 1299 distincte
1273 1241 1741 1298 demonstraturi
1770 1258 1999 1309 sumus,
2053 1241 2105 1297 1.
2138 1241 2350 1314 Quoad
2390 1241 2697 1315 justitiam

274 1320 682 1379 inhaerentem.
728 1321 781 1376 2.
815 1322 1025 1395 Quoad
1060 1321 1434 1393 imputatam.
1480 1318 1571 1375 De
1599 1319 1731 1389 ista,
1754 1318 2103 1387 Quaestione
2124 1320 2398 1394 sequenti
2431 1321 2697 1394 disputa·

277 1398 458 1455 bitur.
544 1398 634 1455 De
663 1397 771 1455 illa
797 1418 957 1456 nunc
985 1398 1201 1473 agitur.

270 1516 531 1561 ,Iustitiam
607 1515 757 1561 inhae-
881 1478 1000 1536 IX.
1063 1478 1194 1535 Non
1237 1496 1406 1554 posse
1471 1476 1517 1535 J
1519 1475 1777 1536 ustitiam
1846 1478 2225 1538 inhaerentem
2281 1498 2409 1538 csse
2465 1497 2700 1536 causam

334 1581 525 1619 rentem
540 1563 635 1619 non
648 1587 761 1631 pos-
803 1556 1150 1616 meritoriam
1171 1555 1605 1634 justificationis
1662 1564 1873 1616 nostrae
1917 1559 2247 1636 probamus,
2298 1562 2349 1615 1.
2408 1557 2559 1631 Quia
2600 1578 2699 1616 ne-

335 1647 387 1701 se
422 1647 617 1734 ὓίῑὲωῦἷῦ
650 1647 756 1702 9536
797 1658 892 1696 mo
913 1637 1267 1715 justificatur
1310 1657 1413 1714 per
1458 1636 1851 1713 imperfectam
1886 1638 2203 1714 justitiam;
2256 1636 2540 1712 siquidem
2590 1637 2700 1696 Dei

328 1697 572 1804 {222ssssss
591 1704 710 1799 prus,
790 1717 1076 1795 judicium
1106 1724 1195 1775 est
1223 1715 1538 1775 secundum
1566 1716 1888 1789 veritatem,
1921 1725 1979 1775 et
2008 1717 2069 1773 in
2097 1735 2165 1774 eo
2194 1735 2309 1773 non
2339 1715 2510 1774 datur
2536 1716 2701 1774 locus

281 1806 324 1851 1.
366 1807 496 1856 Quia
545 1812 622 1851 est
671 1807 755 1849 im·
796 1795 1221 1873 acceptilationi
1245 1818 1258 1870 3
1320 1815 1428 1852 nec
1457 1794 1603 1870 Legi
1635 1814 1702 1851 ac
1723 1795 1968 1871 justitiae
1998 1796 2125 1872 ejus
2154 1795 2310 1853 fraus
2338 1794 2461 1852 fieri
2491 1804 2700 1871 potest.

406 1865 635 1922 perfecta.
805 1876 921 1934 Sed
950 1877 992 1934 J
999 1874 1196 1933 ustitia
1224 1873 1509 1931 inhaerens
1537 1893 1653 1930 non
1699 1882 1790 1932 est
1832 1874 2105 1950 perfecta,
2137 1894 2244 1932 nec
2286 1873 2548 1948 actualis,
2594 1894 2700 1933 nec

277 1955 590 2014 habitualis
616 1977 628 2029 ;
677 1957 808 2013 Non
837 1955 1089 2028 actualis,
1122 1953 1258 2030 quia
1300 1954 1360 2010 in
1388 1952 1586 2011 multis
1632 1953 2009 2031 impingimus
2040 1973 2255 2026 omnes,
2288 1955 2418 2013 Jac.
2449 1953 2530 2010 iii.
2554 1959 2610 2028 2,
2643 1964 2702 2013 et

279 2055 452 2092 nemo
483 2044 570 2092 est
599 2035 700 2109 qui
728 2054 844 2092 non
871 2042 1087 2110 peccet,
1139 2036 1166 2089 1
1193 2033 1340 2108 Reg.
1356 2032 1476 2089 viii.
1508 2035 1606 2105 46,
1639 2033 1796 2107 quod
1824 2053 1941 2091 non
1970 2033 2251 2092 diffitetur
2278 2033 2401 2110 ipse
2426 2033 2700 2092 Bellarm.

278 2113 379 2171 lib.
409 2114 467 2171 ii.
501 2112 572 2171 de
615 2114 659 2171 J
664 2114 836 2172 ustifi.
880 2134 1004 2189 cap.
1054 2115 1161 2187 163
1211 2112 1341 2170 Non
1383 2112 1697 2185 habitualis
1742 2113 1879 2188 quia
1920 2113 2200 2190 perfectio
2246 2121 2304 2171 ct
2346 2112 2702 2189 imperfectio

276 2201 459 2266 actuS,
491 2192 704 2269 pendet
733 2214 766 2250 a
795 2193 1143 2269 perfectione
1172 2192 1268 2249 vel
1289 2190 1720 2267 imperfectione
1750 2192 1989 2251 habitus
2013 2215 2026 2266 ;
2074 2194 2152 2251 Et
2180 2193 2539 2269 regeneratio
2568 2213 2702 2252 nos·

283 2280 373 2329 tra
399 2273 493 2329 hic
524 2291 749 2348 semper
799 2271 1133 2349 imperfecta
1161 2277 1265 2346 est,
1317 2274 1346 2327 1
1381 2271 1510 2328 Cor.
1541 2269 1664 2328 xiii.
1703 2274 1793 2346 12,
1840 2280 1898 2330 et
1928 2272 2060 2331 Gal.
2092 2293 2150 2329 v.
2185 2276 2278 2330 17.
2366 2273 2486 2330 Nec
2516 2274 2703 2349 regeri

281 2350 460 2410 debet
489 2352 586 2410 vel
633 2354 668 2384 ‘⁶
691 2351 1100 2429 perfectionem
1143 2351 1313 2409 istam
1343 2348 1731 2408 omnimodam
1773 2351 2108 2427 requisitam
2151 2351 2328 2410 fuisse
2372 2351 2479 2410 sub
2523 2353 2701 2428 Lege,

281 2431 387 2489 sed
430 2451 547 2489 non
595 2432 702 2489 sub
749 2431 1131 2508 Evangeli0.’'
1220 2431 1369 2504 Quia
1396 2429 1677 2488 relaxatio
1721 2450 1852 2505 quae
1881 2430 2034 2490 facta
2076 2439 2164 2491 est
2207 2431 2315 2490 sub
2359 2432 2702 2509 Evangelio,

282 2532 399 2569 non
428 2531 498 2569 eo
528 2511 731 2586 tendit,
786 2519 850 2570 ut
889 2510 1226 2588 imperfecta
1268 2509 1500 2587 justitia
1537 2529 1642 2586 pro
1671 2512 1927 2586 perfecta
1957 2517 2321 2588 acceptetur3
2397 2512 2522 2570 Deo
2551 2513 2705 2570 enim

282 2612 399 2650 non
426 2599 617 2669 potest
645 2591 927 2666 satisfieri,
957 2591 1070 2649 nisi
1098 2611 1202 2668 per
1229 2589 1538 2668 perfectam
1562 2589 1885 2667 justitiam3
1932 2591 2035 2650 sed
2083 2591 2143 2650 in
2189 2612 2257 2651 eo
2303 2591 2462 2668 quod
2488 2591 2707 2651 vicaria

283 2680 344 2730 et
372 2672 560 2729 aliena
579 2672 810 2749 justitia
841 2672 1150 2750 Sponsoris
1177 2671 1500 2730 admittitur
1526 2690 1631 2747 pro
1659 2671 1905 2747 propria.
1960 2738 1965 2743 ⁵
1991 2672 2106 2730 Vel
2161 2674 2196 2705 “
2218 2673 2262 2731 J
2266 2672 2522 2731 ustitiam
2550 2681 2705 2733 recte

283 2751 402 2809 dici
428 2752 763 2829 perfectam,
794 2752 932 2828 quia
959 2760 1048 2811 est
1076 2772 1150 2811 ex
1180 2751 1450 2828 operibus
1494 2749 1623 2826 Dei,
1671 2770 1800 2827 quae
1849 2771 1967 2809 non
1996 2760 2242 2830 possunt
2268 2772 2387 2810 non
2414 2772 2541 2811 esse
2579 2772 2706 2829 per-

287 2831 452 2905 fecta,
507 2832 644 2906 quia
692 2832 852 2908 Opus
881 2832 1068 2909 Rupis
1096 2831 1473 2909 perfectum,'’
1521 2831 1696 2889 Deut.
1727 2831 1916 2889 xxxii.
1949 2836 2007 2892 4.
2093 2832 2241 2889 Nam
2288 2832 2401 2889 alia
2444 2841 2533 2890 est
2560 2832 2709 2891 ratio

283 2929 539 2985 operum,
572 2930 701 2985 quae
733 2912 893 2969 Deus
920 2910 1249 2969 immediate
1277 2930 1380 2987 per
1398 2929 1459 2968 se
1481 2910 1635 2983 facit,
1660 2929 1790 2985 quae
1808 2919 1960 2969 recte
1979 2911 2231 2988 perfecta
2247 2910 2520 2970 dicuntur
2540 2911 2709 2969 abso-

285 2989 406 3046 lute
426 2996 484 3046 et
504 2988 857 3065 simpliciter,
884 2998 942 3047 et
962 2989 1360 3062 mediatorum,
1394 3008 1523 3063 quae
1552 2988 1700 3046 fiunt
1740 2989 2069 3048 interventu
2093 2998 2498 3064 creaturarum,
2538 2990 2708 3065 quale

287 3087 435 3144 opus
480 3074 569 3125 est
606 3068 982 3145 regeneratio,
1014 3089 1144 3143 quae
1173 3086 1288 3124 non
1318 3066 1513 3125 statim
1539 3066 1794 3142 perfecta
1823 3075 1972 3142 sunt,
2006 3068 2141 3144 quia
2191 3068 2352 3126 Deus
2380 3067 2456 3126 ad
2477 3077 2708 3145 captum

286 3155 546 3205 nostrum
569 3148 857 3224 operando
885 3147 1161 3225 paulatim
1190 3146 1292 3203 illa
1319 3151 1622 3223 promovet
1649 3154 1708 3204 et
1734 3145 1974 3222 perficit.

289 3282 322 3326 2
491 3283 503 3295 ,
699 3284 714 3326 1
897 3227 982 3285 X.
1027 3231 1082 3285 2.
1139 3226 1289 3300 Quia
1332 3225 1376 3285 J
1380 3224 1689 3284 ustificatio
1730 3233 1928 3283 nostra
1956 3225 2023 3284 fit
2051 3226 2173 3285 sine
2192 3227 2499 3304 operibus3
2548 3227 2707 3303 Ergo

325 3282 538 3385 “1ss3ss
558 3296 773 3397 0532&
819 3315 877 3365 et
906 3307 1029 3364 sine
1050 3306 1280 3383 justitia
1328 3305 1663 3379 inhaerente,
1696 3324 1825 3381 quae
1868 3313 1991 3364 tota
2029 3307 2295 3366 consistit
2322 3307 2382 3364 in
2416 3307 2704 3384 operibus,

816 3386 914 3445 vel
942 3388 1001 3444 in
1029 3385 1324 3446 habitibus
1362 3405 1438 3444 ex
1466 3384 1678 3461 quibus
1721 3404 1911 3462 opera.
1998 3386 2154 3445 Loca
2199 3395 2333 3446 sunt
2361 3387 2551 3463 obvia,
2603 3388 2707 3445 vix

289 3467 444 3525 enim
474 3466 783 3544 quicquam
827 3467 1036 3544 saepius
1085 3465 1321 3541 dictum,
1368 3473 1426 3524 et
1454 3465 1817 3524 constantius
1843 3474 2144 3541 assertum,
2176 3467 2323 3525 nihil
2371 3476 2528 3527 certe
2575 3488 2706 3545 pro·

291 3545 471 3605 lixius
522 3546 916 3625 disputatum:
948 3546 1118 3605 Rom.
1168 3546 1250 3604 iii.
1302 3548 1398 3620 20,
1446 3545 1600 3602 “Ex
1644 3545 1914 3623 operibus
1945 3546 2122 3624 Legis
2150 3548 2310 3605 nulla
2338 3568 2470 3606 caro
2491 3548 2707 3625 justifi-

291 3628 574 3702 cabitur,''
619 3636 677 3685 et
705 3647 825 3686 ver.
873 3629 968 3701 28,
1017 3631 1052 3661 “
1077 3627 1418 3704 Colligimus
1445 3624 1739 3685 hominem
1777 3626 2085 3703 justificari
2134 3627 2247 3685 fide
2287 3627 2409 3686 sine
2439 3628 2709 3704 operibus

295 3706 473 3782 Legis
494 3707 549 3779 ;’'
597 3707 765 3781 Quod
795 3707 1093 3768 confirmat
1136 3707 1345 3784 Apost.
1390 3727 1440 3764 c.
1471 3706 1550 3764 iv.
1608 3708 1663 3780 6,
1712 3714 1770 3765 et
1820 3707 1953 3765 Gal.
2004 3708 2061 3764 ii.
2099 3710 2188 3780 16,
2222 3715 2280 3765 et
2307 3706 2446 3764 alibi
2472 3707 2707 3783 passim.

294 3785 418 3843 Nec
465 3786 560 3843 hic
617 3787 1024 3862 reponendum,
1071 3787 1203 3844 Non
1245 3786 1480 3844 excludi
1523 3787 1716 3843 omnia
1760 3805 1934 3862 opera
1975 3785 2253 3858 absolute,
2299 3784 2403 3842 sed
2445 3785 2709 3860 quaedam

293 3872 536 3939 tantum,
562 3884 767 3940 nempe
798 3865 1212 3924 caeremonialia
1228 3889 1251 3938 ,·
1294 3865 1391 3923 vel
1420 3865 1469 3923 si
1498 3865 1745 3924 moralia
1772 3864 2176 3936 excluduntur,
2207 3864 2456 3939 intelligi
2484 3872 2708 3923 tantum

296 3964 427 4021 quae
450 3946 784 4019 proeeedunt
809 3944 993 4023 fidem
1029 3954 1087 4004 et
1115 3943 1378 4021 gratiam,
1410 3952 1469 4002 et
1500 3964 1631 4021 quae
1659 3945 1806 4002 fiunt
1832 3943 2001 4002 liberi
2051 3943 2272 4002 arbitrii
2319 3943 2559 4020 viribus,
2590 3965 2708 4003 non

297 4044 437 4082 vero
466 4044 595 4100 quae
625 4023 771 4082 fiunt
799 4043 874 4081 ex
900 4023 1015 4082 fide
1038 4031 1096 4083 et
1125 4022 1329 4101 gratia.
1357 4044 1360 4047 ’
1417 4023 1564 4097 Quia
1593 4044 1725 4083 cum
1755 4023 2080 4100 Apostolus
2108 4023 2371 4085 absolute
2401 4031 2460 4083 et
2486 4024 2707 4101 simpli·

296 4104 440 4163 citer
468 4104 660 4162 omnia
687 4124 862 4181 opera
903 4103 1177 4163 excludat
1206 4103 1424 4180 absque
1452 4103 1574 4162 ulla
1615 4103 1974 4181 exceptione,
2005 4111 2268 4162 nostrum
2297 4123 2414 4161 non
2442 4112 2531 4164 est
2556 4105 2706 4163 limi-

297 4193 436 4261 tare,
469 4184 625 4262 quod
654 4184 750 4242 ille
781 4204 896 4241 non
924 4184 1154 4244 limitat.
1240 4184 1318 4242 Et
1366 4202 1458 4241 res
1499 4183 1628 4261 ipsa
1674 4184 1785 4243 hoc
1814 4182 2068 4261 evincit3
2100 4204 2175 4243 ex
2224 4183 2501 4243 antithesi
2555 4185 2707 4243 enim

297 4266 537 4343 opponit
564 4265 738 4323 fidem
768 4264 1036 4343 operibus
1066 4265 1126 4322 in
1155 4265 1264 4323 hoc
1292 4263 1528 4340 negotio
1552 4285 1566 4339 3
1615 4263 1787 4323 Unde
1830 4264 2015 4340 liquet
2043 4263 2239 4322 omnia
2265 4264 2326 4320 in
2373 4264 2710 4323 universum

297 4365 471 4421 opera
500 4346 921 4423 qualiacunque
944 4346 1076 4422 sint,
1109 4352 1166 4404 et
1193 4364 1310 4403 non
1339 4351 1494 4402 certa
1515 4343 1798 4419 quaedam,
1824 4344 2091 4421 excludi3
2117 4344 2260 4403 alias
2288 4364 2406 4402 non
2426 4345 2710 4421 potuisset

299 4424 635 4501 simpliciter
662 4446 948 4503 opponere
979 4435 1321 4504 operantem,
1342 4433 1394 4483 et
1413 4426 1741 4500 credentem,
1755 4428 1976 4502 faeere,
2007 4433 2066 4485 et
2093 4426 2338 4501 eredere,
2358 4424 2463 4485 sed
2491 4432 2710 4485 certum

301 4501 549 4563 faciendi
579 4525 765 4581 genus
793 4506 939 4564 aliis,
