3221 5200
260 392 494 445 QuAEs'r.
524 372 641 455 nm]
1286 394 1366 435 m:
1392 395 1547 436 Laui:
1577 395 1698 435 nm.
2601 381 2677 439 49

254 537 536 609 Testatus,
569 541 629 592 et
656 532 755 591 alii
787 531 848 591 in
880 534 1053 594 Dent.
1085 533 1164 594 iv.
1251 535 1374 595 Nec
1413 536 1653 595 dubium
1696 543 1786 596 est
1826 534 1968 614 quin
1997 534 2348 596 cordatiores
2376 544 2436 596 et
2476 538 2668 598 ocula-

250 615 433 674 tiores
461 634 538 673 ex
570 613 896 673 Pontificiis
922 634 991 673 eo
1018 616 1431 693 propendeant.
1488 617 1711 676 Verum
1737 636 1855 675 non
1881 636 2053 694 posse
2080 616 2281 675 haberi
2308 637 2412 694 pro
2439 628 2672 695 recepta

253 696 327 754 E.
360 696 435 753 R.
464 694 769 769 sententia,
800 701 978 771 patet,
1009 715 1127 752 non
1156 694 1329 755 modo
1357 716 1433 756 ex
1464 696 1758 772 Bellarm.,
1789 704 1850 756 et
1877 696 2024 772 aliis,
2055 696 2157 774 qui
2184 715 2310 755 eam
2340 696 2549 757 acriter
2576 718 2668 757 re-

242 774 461 852 jiciunt
489 784 765 852 tanquam
794 774 1156 833 temerariam
1184 784 1243 834 et
1268 776 1617 853 haereticam,
1648 776 1793 835 adeo
1841 783 1908 836 ut
1937 776 2108 836 Baro,
2138 775 2214 834 ad
2254 795 2347 835 an.
2392 779 2528 851 794,
2579 777 2669 836 in-

253 855 497 913 saniisse
525 874 627 913 eos
655 854 827 928 dicat,
841 854 944 930 qui
972 854 1057 913 sic
1084 866 1446 932 censuerunt,
1479 864 1539 915 et
1569 856 1928 931 Sirmondus,
1953 856 2118 915 Tom.
2148 856 2207 914 ii.
2229 856 2448 915 Concil.
2469 857 2665 935 Galli„

255 942 428 993 vocet
482 934 634 992 hanc
681 934 938 992 haeresim
992 933 1292 994 Gallorum
1311 960 1337 1009 ‚·
1394 936 1499 995 sed
1544 936 1826 1014 imprimis
1873 956 1949 995 ex
2000 936 2259 996 Concilio
2307 936 2665 1014 Tridentino,

212 1090 220 1101 ·
251 1013 413 1091 quod
440 1014 664 1073 cultum
693 1014 1023 1091 Imaginum
1052 1035 1322 1092 expresse
1352 1016 1552 1075 sancit.
1764 1093 1779 1109 ⁶

251 1118 740 1234 vum-‚1212
780 1093 2344 1253 ..1³2{affluite..12109331313513-2322211353.11,3.-
2373 1096 2669 1235 Ἐζᾶ

315 1235 461 1294 Lege.
782 1270 1072 1328 expresse,
1104 1273 1176 1312 ne
1205 1254 1300 1312 vel
1341 1254 1619 1314 faciamus
1662 1254 1960 1331 Imagines
2001 1253 2326 1331 Religionis
2366 1274 2525 1332 erg0,
2569 1255 2668 1314 vel

249 1351 355 1391 eas
383 1329 690 1388 adoremus
716 1337 775 1389 et
801 1331 1076 1408 colamus,
1123 1333 1274 1391 Exo.
1304 1354 1408 1393 xx.
1439 1337 1494 1407 4,
1541 1337 1578 1368 ‘⁴
1608 1334 1740 1392 Non
1781 1333 1958 1394 facies
2001 1333 2108 1392 tibi
2150 1333 2435 1412 sculptile,
2480 1354 2668 1412 neque

249 1429 483 1470 omnem
514 1409 967 1486 similitudinem,
998 1430 1128 1489 quae
1157 1421 1246 1472 est
1272 1414 1333 1471 in
1363 1414 1509 1472 coelo
1537 1412 1802 1491 desuper,
1831 1422 1892 1473 et
1919 1433 2049 1491 quae
2091 1413 2151 1472 in
2194 1421 2348 1473 terra
2375 1413 2663 1489 deorsum,

247 1511 362 1550 nec
390 1509 589 1548 eorum
617 1509 747 1566 quae
775 1499 911 1550 sunt
936 1492 998 1549 in
1038 1492 1205 1570 aquis
1249 1493 1357 1553 sub
1406 1502 1573 1567 terra,
1621 1513 1739 1551 non
1786 1492 2054 1552 adorabis
2100 1512 2171 1553 ea
2211 1513 2400 1572 neque
2447 1494 2665 1570 coles,''

249 1569 413 1648 quod
441 1568 811 1629 confirmatur
849 1570 1093 1630 Levitic.
1141 1572 1305 1631 xxvi.
1351 1576 1407 1647 1,
1458 1577 1494 1607 ‘⁴
1524 1574 1655 1632 Non
1704 1572 1927 1633 facietis
1970 1572 2141 1632 vobis
2187 1572 2427 1650 idolum,
2477 1593 2667 1652 neque

249 1648 542 1727 sculptile,
578 1668 767 1727 neque
795 1650 965 1708 vobis
1008 1651 1243 1729 erigetis
1292 1661 1558 1728 statuam,
1609 1653 1707 1711 vel
1753 1653 2004 1730 lapidem
2049 1652 2359 1729 figuratum
2405 1652 2467 1711 in
2513 1661 2668 1712 terra

249 1738 468 1803 vestra,
497 1735 565 1786 ut
590 1730 968 1806 prosternatis
994 1749 1103 1789 vos
1130 1741 1263 1791 ante
1291 1728 1482 1808 ei1m,”
1528 1734 1610 1791 sic
1642 1733 1816 1792 Deut.
1857 1732 1938 1790 iv.
1974 1735 2065 1806 15,
2097 1730 2237 1808 ἕως
2280 1732 2495 1809 quibus
2521 1732 2668 1791 locis

246 1809 634 1887 prohibentur
659 1808 864 1883 facere,
893 1829 1012 1868 non
1039 1818 1264 1871 tantum
1290 1810 1429 1888 ²500,
1460 1813 1727 1888 sculptae,
1758 1811 1837 1870 id.
1883 1811 2194 1888 imaginem
2229 1810 2533 1888 sculptam,
2564 1811 2669 1871 sed

252 1890 436 1949 etiam
464 1903 660 1965 ι-ιιπυι-ν,
690 1889 1103 1949 similitudinem
1129 1890 1448 1969 quamlibet
1473 1892 1648 1951 etiam
1692 1892 1924 1968 pictam,
1971 1890 2388 1967 exprimentem
2432 1910 2538 1951 seu
2579 1911 2667 1950 re·

250 1978 703 2048 praesentantem
730 1970 1117 2047 quancunque
1146 1970 1335 2048 effigie
1363 1972 1613 2049 speciem
1641 1971 1912 2048 aliquam,
1944 1971 2069 2029 sive
2110 1970 2171 2027 in
2211 1969 2392 2045 coelis,
2439 1970 2564 2029 sive
2606 1970 2668 2029 in

249 2051 443 2124 terris,
493 2050 619 2108 sive
663 2048 813 2106 infra
858 2057 1087 2108 terram.
1182 2050 1583 2127 Quidquamne
1672 2051 1821 2110 otuit
1863 2069 2119 2127 unquam
2146 2049 2332 2109 vetari
2375 2049 2666 2125 disertius,

247 2149 431 2207 quam
458 2128 646 2186 omnis
672 2127 769 2186 hic
797 2127 990 2205 imago
1017 2128 1394 2205 interdicitur,
1423 2150 1555 2207 quae
1582 2071 1671 2188 ad²
1700 2130 1919 2189 cultum
1959 2128 2297 2206 religiosum
2339 2135 2625 2187 statuatur
2639 2132 2670 2188 ἲ

251 2209 387 2266 Aut
413 2207 802 2283 quidquamne
830 2206 939 2266 fuit
965 2227 1220 2284 unquam
1247 2208 1530 2268 violatum
1555 2209 1933 2284 manifestius,
1964 2228 2136 2285 quam
2164 2215 2514 2286 praeceptum
2559 2209 2671 2269 hoc

250 2287 512 2345 violatur
536 2287 596 2344 in
624 2287 1025 2346 communione
1056 2288 1319 2346 Romana
1337 2292 1365 2346 ἲ

367 2366 548 2423 VIII.
590 2366 984 2444 Nequicquam
1027 2387 1167 2426 vero
1213 2367 1547 2427 obtenditur
1593 2368 1670 2426 ad
1713 2367 1834 2426 vim
1880 2365 2050 2426 istius
2094 2366 2197 2426 teli
2245 2366 2665 2446 declinandam,

261 2448 326 2504 1.
354 2447 698 2520 Proeceptum
718 2447 828 2504 hoe
856 2465 985 2505 esse
1006 2447 1164 2522 juris
1182 2448 1424 2523 positivi,
1467 2446 1627 2525 quod
1667 2448 1712 2508 J
1714 2448 1911 2506 udaeos
1950 2454 2175 2506 tantum
2217 2447 2507 2524 obligarit,
2550 2467 2669 2506 non

250 2545 403 2584 vero
430 2526 719 2602 naturalis,
750 2545 865 2603 quo
894 2546 1094 2585 omnes
1122 2526 1574 2604 obstringamur,
1604 2535 1671 2587 ut
1709 2529 1956 2605 Vasquaz
1995 2527 2108 2585 hoc
2147 2525 2426 2605 effugium
2453 2534 2665 2606 captat,

253 2606 494 2683 Disput.
525 2606 603 2665 iv.
633 2627 757 2685 cap.
788 2610 846 2681 3,
877 2615 936 2665 et
963 2607 1290 2666 Ambrosius
1321 2608 1681 2684 Gathar-inm,
1714 2627 1908 2686 opusc.
1939 2607 2012 2666 de
2043 2607 2170 2665 Ima
2216 2652 2250 2682 .‚
2281 2606 2358 2666 ad
2383 2627 2531 2685 quos
2571 2627 2665 2667 ac-

250 2685 414 2745 eedit
447 2685 695 2745 Gratim.
779 2687 929 2745 Nam
958 2687 1307 2747 contrarium
1347 2696 1649 2763 testantur,
1679 2695 1803 2747 tum
1830 2687 1961 2747 finis
1988 2687 2162 2746 imme
2208 2688 2357 2747 'atus
2384 2695 2444 2746 et
2469 2687 2668 2765 proxi-

252 2785 390 2824 mus
420 2765 719 2844 Praecepti,
749 2765 852 2843 qui
878 2776 969 2826 est
996 2767 1230 2826 moralis
1258 2776 1318 2826 et
1335 2768 1488 2845 juris
1514 2768 1793 2845 perpetui,
1823 2767 2012 2825 nimir.
2042 2776 2109 2826 ut
2136 2787 2309 2827 verus
2334 2767 2496 2827 Deus
2522 2786 2667 2846 pure

252 2856 317 2905 et
347 2846 673 2922 incorrupte
701 2846 919 2923 absque
947 2847 1103 2904 omni
1131 2846 1459 2907 idololatria
1487 2848 1727 2922 colatur,
1758 2856 1882 2906 tum
1910 2847 2040 2906 duae
2068 2847 2196 2925 ejus
2221 2855 2433 2924 partes,
2480 2847 2669 2925 prima

252 2926 333 2984 de
362 2922 690 3004 ιὶὶυλοω-ωῗᾳ,
721 2926 858 3003 quia
885 2923 1240 3002 impossibile
1268 2936 1328 2986 et
1353 2926 1516 2987 nefas
1543 2936 1633 2986 est
1662 2928 1850 2985 Deum
1882 2936 2292 3004 repraesentare
2332 2943 2436 3003 per
2462 2926 2666 3003 imagi-

254 3025 409 3081 nem,
442 3005 625 3064 altera
651 3005 724 3064 de
751 3002 1144 3087 σίὃαλολατςωξι,
1176 3027 1305 3084 quae
1324 3007 1536 3084 simpli.
1566 3006 1944 3082 interdicitur,
1979 3007 2152 3065 Dent.
2184 3006 2263 3064 iv.
2288 3008 2389 3081 153
2436 3005 2667 3064 Deinde

254 3085 526 3162 repetitio
545 3084 696 3145 facta
710 3105 829 3143 non
851 3086 1030 3144 semel
1056 3088 1117 3144 in
1146 3086 1219 3146 N.
1238 3087 1307 3145 T.
1332 3087 1507 3145 etiam
1534 3094 1667 3163 post
1695 3085 2031 3162 abrogatam
2052 3085 2269 3161 Legem
2299 3084 2665 3143 caeremonia-

254 3165 392 3239 lem,
425 3163 564 3223 A'ct.
589 3185 690 3224 xv.
721 3167 816 3240 20,
853 3167 882 3222 1
915 3165 959 3224 J
961 3186 1015 3224 ο.
1044 3185 1108 3224 v.
1133 3169 1228 3239 21,
1260 3174 1319 3224 et
1347 3165 1558 3243 saepius
1584 3165 1648 3222 in
1666 3164 1931 3241 Epistola
1957 3172 2200 3239 utraque
2221 3162 2297 3220 ad
2319 3163 2666 3221 Corinthios.

254 3244 473 3320 Tertio,
505 3245 645 3320 quia
670 3254 1018 3323 praeceptum
1047 3254 1136 3305 est
1167 3253 1374 3303 natura
1413 3252 1633 3317 notum,
1676 3242 1830 3302 unde
1874 3242 2139 3302 Gentiles
2172 3261 2248 3298 ex
2276 3259 2345 3298 eo
2371 3241 2675 3318 redarguit

256 3324 496 3399 Paulus,
520 3324 661 3383 Act.
684 3324 806 3384 xiv.
826 3334 884 3384 et
904 3325 1066 3400 xvii„
1086 3332 1144 3384 et
1162 3325 1332 3384 Rom.
1356 3324 1413 3400 i.,
1428 3322 1587 3400 quod
1603 3322 1975 3382 confirmatur
1994 3341 2070 3380 ex
2090 3319 2330 3378 historia
2356 3320 2667 3379 multarum

255 3403 539 3480 gentium,
571 3424 702 3480 quae
730 3404 1011 3481 imagines
1038 3404 1340 3464 admittere
1368 3404 1693 3477 noluerunt,
1725 3402 1842 3460 vid.
1876 3401 2030 3460 Plut.
2070 3400 2132 3458 in
2173 3399 2381 3476 Numa,
2426 3400 2499 3459 de
2549 3401 2666 3460 Ro-

255 3483 473 3557 manis3
521 3483 765 3543 Tertull.
796 3482 1048 3562 Apolog.
1078 3504 1128 3543 c.
1158 3488 1264 3561 253
1306 3484 1488 3544 Tacit.
1520 3484 1592 3542 de
1624 3483 1855 3543 Germa.
1885 3502 1934 3541 c.
1966 3483 2023 3540 9.
2106 3479 2340 3556 Quarto,
2374 3479 2668 3540 Adversa-

255 3563 329 3620 rii
356 3562 622 3641 plerique
650 3563 760 3621 hoc
788 3564 1088 3622 nobiscum
1115 3573 1454 3642 agnoscunt,
1484 3566 1763 3623 Bellarm.
1792 3563 1894 3621 lib.
1923 3561 2005 3620 iii.
2048 3581 2098 3620 c.
2130 3564 2186 3637 7,
2239 3561 2459 3620 Suara
2502 3560 2562 3620 in
2611 3563 2668 3637 3,

259 3643 367 3701 Το.
398 3643 438 3700 i.
468 3663 527 3720 q.
560 3644 656 3718 25,
687 3651 794 3702 art.
825 3646 880 3717 8,
912 3642 1059 3721 disp.
1091 3647 1186 3703 54.
1217 3652 1355 3703 sect.
1386 3648 1442 3702 7.

340 3722 465 3780 IX.
510 3727 569 3780 2.
599 3724 809 3799 Επεὶ).
842 3722 964 3800 Agi
992 3722 1065 3780 de
1106 3724 1290 3783 Idolis
1330 3744 1461 3802 quae
1502 3709 1619 3783 sint
1665 3742 1856 3782 rerum
1904 3741 2021 3781 non
2056 3719 2447 3797 existentium,
2477 3720 2673 3797 qualia

258 3811 447 3876 erant,
472 3800 621 3860 falsa
663 3803 940 3863 Gentium
979 3802 1246 3878 Numina,
1288 3823 1405 3862 non
1434 3823 1572 3862 vero
1615 3803 1698 3878 de.
1730 3802 2092 3879 Imaginibus,
2136 3820 2267 3879 quae
2317 3801 2433 3859 sint
2479 3819 2672 3858 rerum

257 3881 674 3959 existentium;
734 3882 878 3941 Ideo
935 3885 1030 3944 ben
1084 3882 1424 3942 vertendum
1473 3889 1711 3942 censent
1761 3901 1864 3959 per
1911 3879 2127 3954 ἄὸυλυ,
2198 3898 2316 3937 non
2370 3897 2510 3938 vero
2568 3897 2673 3955 per

258 3961 457 4020 ἀκόνας
501 3961 557 4019 N
560 3981 654 4019 am
682 3962 852 4021 inane
886 3962 1045 4022 istud
1071 3961 1348 4039 effugium
1389 3981 1516 4021 esse
1562 3969 1740 4040 patet,
1790 3964 1842 4019 1.
1874 3960 2022 4034 Quia
2061 3980 2183 4017 vox
2224 3961 2318 4019 ben
2360 3957 2432 4016 de
2461 3957 2672 4033 quovis

261 4042 615 4099 simulachro
644 4041 870 4115 dicitur,
900 4041 1056 4100 unde
1103 4061 1139 4099 a
1178 4044 1257 4100 70
1297 4041 1557 4100 redditur
1595 4041 1768 4099 modo
1808 4058 1913 4117 per
1951 4037 2168 4116 ιῖὶυλυ,
2212 4047 2280 4099 ut
2318 4036 2473 4114 apud
2514 4037 2674 4095 Exo-

262 4120 420 4195 dum,
453 4121 628 4179 modo
657 4141 761 4198 per
784 4127 1030 4197 γλυπὶν,
1060 4129 1128 4180 ut
1158 4121 1430 4181 Deutero.
1459 4120 1538 4179 iv.
1573 4123 1665 4195 16,
1697 4127 1757 4179 et
1781 4139 1839 4177 v.
1870 4121 1926 4195 8,
1969 4118 2143 4177 modo
2184 4138 2288 4197 per
2327 4116 2499 4192 dudm,
2553 4115 2671 4174 Isa.

263 4201 347 4259 xl.
376 4203 470 4275 18,
503 4203 617 4275 203
664 4201 971 4261 Chaldaeus
998 4200 1188 4260 reddit
1227 4221 1329 4279 per
1368 4202 1515 4277 ⁸³:¹22,
1558 4199 1873 4276 imaqinem.
1958 4201 2016 4258 2.
2060 4198 2210 4273 Quia
2250 4198 2389 4256 licet
2414 4216 2536 4254 vox
2581 4197 2676 4257 ’κου

262 4289 419 4339 esset
446 4280 767 4356 angustior,
798 4300 918 4338 vox
944 4301 1111 4355 naun,
1141 4289 1200 4339 et
1225 4281 1460 4357 quidem
1488 4300 1620 4340 cum
1657 4286 1795 4337 nota
1833 4277 2306 4351 universalitatis,
2348 4276 2673 4335 necessario

263 4380 494 4418 omnem
527 4359 851 4436 Imaginem
880 4360 1055 4419 debet
1099 4359 1409 4436 includere,
1460 4360 1573 4418 nisi
1609 4359 1857 4417 velimus
1905 4357 2342 4416 similitudinem
2385 4374 2502 4413 non
2549 4376 2678 4416 esse

263 4439 596 4516 imaginem,
626 4447 689 4497 et
715 4438 841 4498 viee
872 4459 1060 4498 versa.
1145 4442 1201 4497 3.
1245 4440 1505 4516 Vulgata
1532 4438 1760 4510 Versi0,
1795 4438 1968 4496 Deut.
1997 4437 2078 4494 iv.
2113 4438 2205 4510 16,
2246 4436 2396 4493 hanc
2436 4434 2678 4497 distinc-

264 4519 483 4577 tionem
539 4519 777 4596 respuit,
824 4538 1003 4595 quum
1051 4518 1242 4578 reddit
1293 4522 1329 4552 “
1372 4518 1655 4596 sculptam
1702 4516 2154 4591 similitudinem,
2205 4523 2307 4574 aut
2355 4514 2677 4594 Imaginem

264 4598 577 4671 masculi,''
600 4606 662 4657 et
684 4598 799 4657 Isa.
822 4598 905 4656 xl.
941 4601 1031 4674 18,
1066 4600 1103 4631 “
1131 4618 1305 4674 quam
1331 4597 1643 4675 imaginem
1671 4595 1898 4675 ponetis
1926 4595 1979 4653 ei
1999 4595 2064 4653 ?''
2117 4595 2175 4655 4.
2207 4595 2405 4656 Gratis
2441 4595 2681 4674 fingitur

262 4677 566 4737 distinctio
594 4678 744 4738 inter
769 4676 972 4738 ἄδηλοι
999 4687 1058 4739 et
1085 4679 1278 4754 aalm3
1323 4678 1461 4756 quia
1487 4677 1626 4737 licet
1652 4675 1713 4734 in
1741 4695 1849 4736 usu
1888 4675 2242 4754 Theologico
2270 4684 2330 4737 et
2359 4676 2677 4736 Ecclesias-

427 4775 579 4816 rans
607 4776 670 4816 11.
2400 4774 2440 4814 n
