3221 5200
355 360 573 408 Quam.
609 339 696 420 v.]
1237 360 1310 397 m:
1344 358 1889 398 snxc'ririswrtoxrt.
2660 346 2768 400 031

958 500 1112 560 XII.
1158 502 1441 560 Caeterum
1471 501 1608 577 quia
1640 499 1997 558 communior
2028 498 2459 559 Pontificiorum
2490 502 2775 560 sententia

872 600 941 638 ea
968 590 1072 656 est,
1124 602 1296 658 quam
1348 581 1737 640 Bellarminus
1786 580 2060 656 sequitur,
2092 580 2193 657 qui
2240 580 2505 639 meritum
2537 601 2771 658 operum

872 661 1079 720 astruit
1105 663 1313 739 partim
1342 682 1415 720 ex
1447 671 1633 739 paetO,
1663 661 1870 737 partim
1914 680 1987 718 ex
2029 660 2339 718 intrinseca
2367 663 2556 737 operis
2586 661 2772 738 digni-

352 746 484 813 tato,
518 739 798 798 adversus
826 760 951 798 eam
981 741 1344 818 disputaturi,
1380 742 1602 799 Statum
1638 740 1984 816 Quaestionis
2006 749 2137 799 ante
2161 741 2353 798 omnia
2381 741 2657 800 debemus
2687 743 2773 799 in-

351 819 658 894 vestigare.
745 821 876 878 Non
904 821 1195 897 quaeritur,
1233 825 1284 880 1.
1333 822 1429 878 An
1460 822 1610 879 bona
1640 842 1813 897 opera
1855 829 2020 897 grata
2047 821 2163 878 sint
2191 830 2248 878 et
2277 829 2511 896 accepta
2543 822 2685 894 Deo,
2717 832 2776 881 et

352 899 674 958 mercedem
706 900 839 958 vitae
869 921 904 958 a
935 902 1059 959 Deo
1103 904 1575 977 consequantur?
1637 902 1766 958 Hoc
1809 902 1962 958 enim
1994 900 2362 959 Adversariis
2393 901 2542 958 ultro
2572 922 2774 960 conce-

355 977 560 1053 dimna,
594 979 764 1038 modo
793 1000 1016 1039 merces
1048 983 1313 1056 gratuita,
1345 1002 1462 1039 non
1505 981 1701 1038 debita
1749 981 2122 1058 intelligatur.
2208 985 2264 1038 2.
2309 981 2439 1037 Non
2478 982 2774 1058 quaeritur,

355 1058 453 1114 An
482 1059 651 1118 liceat
680 1061 903 1135 operari
937 1061 1150 1119 intuitu
1194 1060 1475 1120 mercedis
1498 1064 1525 1118 Ρ
1585 1061 1714 1118 Hoc
1759 1060 1912 1118 enim
1959 1081 2074 1118 non
2119 1060 2426 1119 diffitemur
2456 1060 2576 1118 ficri
2606 1081 2774 1137 posse

356 1138 572 1214 duplici
600 1139 859 1197 adhibita
886 1140 1168 1199 cautione.
1258 1141 1467 1215 Prim0,
1500 1150 1563 1198 ut
1593 1141 1667 1198 sit
1697 1139 1937 1198 intuitus
1967 1141 2247 1199 mercedis
2275 1151 2339 1199 ut
2368 1141 2601 1216 gratuiti
2633 1162 2773 1217 pra:-

354 1217 471 1290 mii,
505 1238 619 1276 non
651 1239 786 1277 vero
817 1229 880 1278 ut
908 1219 1087 1279 debiti
1115 1222 1301 1297 pretii.
1391 1219 1673 1293 SecundQ
1706 1229 1771 1278 ut
1798 1239 1912 1277 nou
1957 1230 2247 1296 spectetur
2275 1222 2413 1295 sola,
2447 1223 2540 1279 vel
2569 1223 2777 1297 prima-

357 1297 442 1356 rio
472 1309 529 1356 et
557 1299 964 1376 principaliter,
998 1300 1100 1358 sed
1128 1302 1318 1360 minus
1347 1300 1741 1377 principaliter
1769 1309 1827 1359 et
1850 1300 2189 1358 secundario
2213 1310 2342 1378 post
2372 1302 2615 1376 gloriam
2647 1303 2777 1378 Dei,

359 1398 487 1455 quae
517 1379 609 1436 hic
639 1389 771 1438 ante
802 1381 993 1438 omnia
1021 1401 1055 1438 a
1082 1382 1249 1441 nobis
1279 1381 1591 1458 spectanda
1620 1390 1723 1438 est.

443 1458 634 1518 XIII.
679 1463 735 1517 3.
781 1460 911 1518 Non
940 1462 1233 1537 quaeritur,
1268 1463 1367 1519 An
1396 1481 1569 1538 opera
1586 1461 1837 1519 habeant
1863 1461 2116 1537 aliquam
2146 1460 2481 1520 relationem
2505 1462 2579 1520 ad
2603 1462 2780 1522 vitam

360 1547 630 1597 aeternam
652 1542 681 1598 Ρ
721 1548 795 1616 et,
829 1541 927 1600 An
957 1541 1126 1600 detur
1153 1543 1347 1619 aliqua
1389 1541 1793 1600 convenientia
1835 1551 1892 1600 et
1934 1543 2226 1618 proportio
2257 1542 2405 1600 inter
2433 1543 2584 1600 bona
2613 1562 2786 1620 opera

363 1629 421 1678 et
450 1620 628 1678 vitam
652 1629 921 1680 aeternam
944 1625 972 1680 Ῥ
1056 1623 1330 1682 Fatemur
1357 1623 1509 1681 enim
1539 1623 1662 1679 dari
1692 1622 2026 1680 relationem
2056 1621 2273 1679 ordinis
2303 1631 2360 1679 et
2389 1622 2782 1696 connexionis,

364 1699 552 1775 qualis
581 1711 669 1757 est
697 1701 847 1760 inter
874 1702 1125 1761 medium
1168 1703 1243 1761 ad
1284 1703 1473 1776 finem,
1507 1703 1619 1759 viae
1661 1702 1732 1759 ad
1777 1709 2005 1773 metam,
2038 1700 2364 1758 certaminis
2393 1701 2465 1757 ad
2497 1722 2786 1776 coronam,

362 1778 755 1838 antecedentis
783 1782 857 1840 ad
886 1802 1243 1857 consequens
1267 1805 1281 1857 ;
1330 1784 1405 1840 Et
1427 1782 1553 1839 dari
1575 1781 2036 1839 convenientiam
2067 1788 2123 1837 et
2151 1779 2575 1855 proportionem
2606 1781 2786 1839 veluti

364 1858 517 1915 inter
544 1878 634 1914 res
657 1860 917 1935 ejusdem
948 1861 1184 1934 ordiniS,
1217 1861 1404 1936 qualis
1451 1869 1538 1917 est
1587 1860 1737 1917 inter
1782 1869 2096 1917 sementem
2125 1870 2182 1917 et
2212 1878 2472 1931 messem,
2506 1859 2788 1935 primitias

366 1947 425 1995 et
453 1957 718 2011 massam,
750 1939 973 1997 initium
1006 1941 1089 1997 rei
1131 1951 1188 1998 et
1230 1943 1356 2017 ejus
1398 1940 1898 2015 complementum.
1951 1938 2064 1998 Sed
2089 1939 2379 2015 quaeritur,
2414 1939 2509 1995 An
2538 1940 2790 1998 habeant

364 2017 699 2075 relationem
722 2039 910 2077 causae
938 2020 1165 2095 proprie
1189 2020 1397 2078 diotae?
1426 2030 1483 2077 ct
1517 2022 1609 2077 An
1631 2019 1798 2078 detur
1825 2019 1974 2078 inter
2003 2039 2071 2076 ca
2098 2018 2390 2095 proportio
2420 2019 2784 2095 aequalitatiS,

367 2105 426 2155 et
454 2100 1025 2157 commensurationis
1045 2103 1073 2157 P
1117 2099 1284 2173 Quod
1314 2119 1610 2175 negamus.

458 2176 637 2235 XIV.
683 2183 739 2236 4.
787 2179 915 2236 Non
946 2180 1239 2254 quaeritur,
1274 2181 1369 2237 An
1406 2182 1564 2237 Deus
1594 2179 1802 2237 debeat
1831 2199 1899 2234 ex
1935 2187 2101 2255 pacto
2131 2178 2449 2236 mercedem
2479 2178 2790 2255 rependere

369 2255 538 2314 bonis
568 2259 836 2333 operibus
858 2262 885 2316 ⁰?
968 2260 1098 2316 Non
1128 2280 1408 2334 negamus
1455 2261 1606 2316 enim
1640 2260 1824 2316 Deum
1858 2279 1932 2315 cx
1977 2278 2092 2334 qno
2137 2259 2573 2333 promissionem
2613 2258 2790 2333 dedit,

370 2338 694 2395 necessario
739 2339 813 2396 ad
858 2359 984 2396 eam
1030 2339 1379 2414 implsu-,tim
1430 2340 1624 2410 tcum-i,
1660 2351 1717 2396 ct.
1747 2339 1827 2395 sic
1858 2338 2175 2396 debitorem
2203 2338 2645 2414 quodammodO,
2679 2359 2794 2397 non

371 2416 555 2490 nobiS,
589 2418 689 2477 sed
714 2419 841 2491 sibi,
868 2429 924 2476 et
948 2439 1065 2476 sua}
1087 2420 1352 2478 fidelitati
1376 2420 1516 2478 ficri.
1605 2418 1722 2477 ‚Sed
1744 2418 2034 2494 quaeritur,
2059 2419 2156 2476 An
2180 2438 2352 2494 opera
2381 2439 2456 2477 ex
2484 2418 2794 2477 intrinseco

373 2496 569 2554 valore
598 2507 656 2556 et
684 2498 966 2575 dignitate
998 2499 1295 2575 praemium
1325 2522 1359 2558 a
1390 2501 1516 2557 Deo
1566 2499 1911 2575 promissum
1956 2506 2283 2557 mereantur
2311 2506 2368 2556 et
2398 2498 2710 2572 obtineant,
2737 2509 2796 2557 et

368 2577 536 2655 cujus
581 2579 641 2636 vi
688 2580 869 2656 ipsam
918 2581 1160 2639 salutem
1207 2579 1322 2638 dici
1372 2579 1594 2658 possint
1639 2578 1906 2638 efficere?
1946 2577 2255 2637 Affirmant
2283 2577 2641 2654 Adversarii,
2675 2579 2797 2639 Nos

373 2677 669 2734 negamus.

482 2739 626 2799 XV.
688 2739 1023 2799 Adversarii
1092 2750 1341 2799 mentem
1404 2760 1565 2798 suam
1634 2739 1717 2798 sic
1767 2740 2060 2817 explicant
2086 2762 2099 2799 z
2161 2739 2431 2816 Vasquez
2494 2739 2552 2797 in
2618 2742 2669 2798 1.
2728 2744 2799 2799 2·

374 2819 537 2876 Tom.
570 2820 628 2878 ii.
655 2821 819 2897 Disp.
866 2822 1000 2896 214,
1036 2825 1069 2853 “
1095 2822 1204 2880 Est
1222 2820 1531 2880 Catholicae
1554 2819 1829 2880 doctrinae
1852 2820 2039 2897 magis
2068 2830 2531 2895 consentaneum,
2553 2820 2799 2897 primum

376 2898 632 2956 valorem
663 2910 719 2958 et
765 2900 1106 2975 dignitatem
1138 2902 1272 2960 vitae
1320 2914 1546 2960 aeternae
1592 2901 1810 2977 absque
1856 2901 1975 2958 ullo
2021 2910 2189 2977 pacto
2218 2911 2276 2959 et
2306 2901 2500 2958 favore
2532 2900 2799 2976 operibus

369 2977 660 3053 justorum
680 2980 1120 3038 adscribendum
1145 3002 1270 3038 esse
1292 2983 1345 3051 ;’'
1381 2983 1457 3039 Et
1485 2982 1655 3056 paulo
1685 2990 1816 3057 post
1837 2980 2089 3057 subjicit,
2125 2983 2159 3012 ‘⁴
2184 2980 2467 3055 Operibus
2495 2980 2536 3038 J
2542 2990 2798 3037 ustorum

379 3056 597 3113 nullam
627 3059 1010 3115 accessionem
1043 3059 1343 3134 dignitatis
1372 3061 1674 3135 provenire
1706 3080 1780 3116 ex
1802 3060 2020 3116 meritis
2054 3059 2267 3116 Christi
2290 3068 2389 3115 aut
2411 3078 2484 3114 ex
2508 3059 2634 3134 ejus
2666 3059 2801 3117 Per-

381 3137 579 3194 sona.''
668 3137 939 3194 Bellarm.
970 3138 1071 3195 lib.
1103 3158 1158 3195 ν.
1190 3138 1261 3197 de
1297 3139 1337 3197 J
1345 3138 1550 3196 ustific.
1595 3157 1719 3214 cap.
1753 3142 1807 3211 3,
1863 3141 1897 3169 “
1923 3137 2118 3213 Magis
2145 3137 2524 3195 honorificum
2560 3147 2649 3195 est
2697 3138 2793 3195 ha·

380 3216 514 3274 bere
544 3216 763 3293 aliquid
791 3238 864 3275 ex
895 3218 1115 3291 merite,
1147 3237 1319 3293 quam
1364 3237 1438 3274 ex
1482 3217 1605 3274 sola
1648 3216 2010 3289 donatione,’'
2043 3226 2101 3274 et
2129 3236 2252 3292 cap.
2289 3220 2378 3287 17,
2412 3225 2469 3274 et
2502 3218 2593 3290 18,
2625 3236 2801 3275 ausus

381 3304 470 3354 est
498 3298 874 3372 pronunciare
900 3298 1087 3354 Deum
1109 3316 1235 3355 esse
1259 3296 1575 3354 debitorem
1600 3296 1820 3353 homini
1838 3305 1896 3354 et
1923 3296 2257 3368 obnoxium,
2293 3298 2327 3328 “
2353 3297 2404 3353 N
2410 3316 2483 3353 on
2513 3316 2586 3353 ex
2618 3296 2800 3371 sola,''

383 3376 586 3452 inquit,
623 3381 656 3410 “
678 3377 1072 3454 promissione,
1106 3376 1208 3434 sed
1237 3376 1409 3435 etiam
1439 3397 1513 3433 ex
1543 3396 1714 3452 opere
1745 3385 1939 3434 nostro
1972 3375 2131 3433 Deus
2160 3375 2402 3433 efficitur
2429 3374 2710 3433 debitor.’'

384 3495 591 3540 Nullum
608 3499 864 3541 dax-imeri·
991 3457 1170 3515 XVI.
1228 3456 1345 3515 Sed
1390 3456 1696 3532 superbam
1751 3457 1898 3514 hanc
1945 3465 2003 3513 ct
2049 3455 2438 3512 Pharisa'icam
2485 3454 2803 3513 doctrinam

445 3560 553 3601 tum
635 3556 863 3613 condigni
910 3537 1207 3614 Scriptura
1235 3556 1349 3594 non
1380 3537 1557 3594 semel
1586 3537 1951 3595 anathemate
1973 3535 2237 3612 percutit.
2326 3539 2377 3594 l.
2424 3535 2479 3593 A
2494 3545 2669 3612 parte
2691 3536 2808 3594 Dei

446 3617 717 3687 probatur-'z
742 3614 781 3658 1.
810 3618 855 3660 A
899 3618 1070 3677 vitam
1098 3617 1300 3677 dantis.
1388 3617 1577 3691 Quum
1606 3618 1786 3676 vitam
1831 3626 2101 3675 aeternam
2144 3625 2315 3674 vocat
2344 3616 2556 3674 donum
2589 3615 2716 3691 Dei,
2749 3623 2806 3674 et

446 3676 702 3778 ffirss‘i'tssff
743 3676 860 3717 ‘¹³¹¹‘
900 3718 1016 3756 non
1045 3698 1295 3775 quodvis
1323 3697 1557 3773 donum,
1598 3700 1702 3758 sed
1722 3708 1936 3770 χάρισμα
1965 3696 2123 3773 qnod
2150 3704 2238 3754 est
2267 3695 2480 3754 donum
2511 3716 2645 3752 vere
2675 3715 2804 3771 gra·

904 3778 1475 3855 tuitum‚quodvenit
1495 3785 1955 3849 aaebmvxagfzuom
1982 3783 2040 3834 et
2070 3776 2224 3851 quod
2258 3775 2563 3850 opponitur
2592 3773 2804 3847 debito,

392 3859 561 3917 Rom.
582 3859 660 3915 iv.
678 3862 732 3931 4,
768 3862 803 3890 ‘⁴
823 3859 1186 3934 Stipendium
1206 3859 1484 3933 peccati,'’
1504 3857 1693 3932 inquit
1714 3856 1921 3930 Apost.
1947 3856 2112 3911 Rom.
2129 3855 2204 3910 vi.
2238 3858 2331 3924 23,
2352 3859 2552 3910 “mors
2575 3862 2679 3925 est,
2706 3852 2808 3910 sed

389 3937 602 3996 donum
628 3938 737 3994 Dei
751 3936 872 3995 vita
883 3939 1153 3995 aeterna.'’
1189 3937 1297 3994 vis
1319 3936 1644 4013 argumenti
1664 3934 1868 3991 crescit
1880 3954 1952 3990 ex
1971 3932 2243 3991 antithesi
2264 3931 2551 4008 stipendii,
2566 3942 2624 3991 et
2642 3932 2805 4008 doni3

392 4017 693 4075 Postulare
724 4016 874 4073 enim
907 4015 1211 4073 videbatur
1230 4016 1393 4092 justa
1420 4013 1799 4092 oppositionis
1846 4013 2007 4085 ratic,
2040 4021 2104 4070 ut
2133 4012 2615 4088 quemadmodum
2645 4012 2806 4071 dixe-

390 4106 480 4155 rat
506 4097 837 4171 stipendium
858 4096 1082 4170 peccati
1106 4105 1185 4153 est
1211 4116 1378 4168 more,
1413 4095 1505 4153 Ita
1553 4114 1628 4151 ex
1675 4092 1918 4150 adverso
1964 4093 2196 4165 diceret,
2243 4092 2575 4167 stipendium
2624 4102 2808 4151 autem

374 4178 609 4253 justitiae
637 4176 751 4235 vita
779 4185 1011 4233 aeterna.
1098 4175 1220 4234 Nec
1249 4175 1416 4232 aliter
1455 4172 1617 4249 loqui
1659 4171 1971 4246 debuisset,
2004 4172 2054 4229 si
2081 4171 2421 4230 credidisset
2450 4192 2576 4230 cum
2611 4173 2807 4232 Ponti-

384 4258 532 4317 ficiis
562 4256 779 4314 meritis
807 4255 1018 4314 nostris
1047 4255 1227 4313 vitam
1257 4254 1475 4330 acquiri
1500 4276 1514 4327 ;
1560 4252 1676 4309 Cur
1706 4271 1841 4310 vero
1871 4252 2191 4328 Apostolus
2221 4252 2463 4311 violavit
2490 4252 2677 4328 legem
2709 4274 2809 4311 an-

389 4339 682 4411 titheseOS,
732 4345 790 4395 et
834 4337 1064 4394 inverso
1094 4354 1353 4393 sermone
1383 4334 1538 4405 dicit,
1575 4336 1609 4363 “
1633 4333 1863 4390 Donum
1898 4332 2006 4389 Dei
2036 4341 2125 4391 est
2153 4332 2272 4391 vita
2302 4337 2566 4405 aeterna,'’
2595 4333 2706 4390 nisi
2750 4343 2815 4393 ut

391 4418 718 4477 ostenderet
747 4415 1199 4474 diversissimam
1243 4435 1369 4473 esse
1414 4414 1712 4488 utriusque
1759 4412 2036 4471 rationem
2064 4435 2077 4486 ;
2123 4412 2299 4469 vitam
2332 4422 2388 4470 et
2420 4421 2656 4470 mortem
2687 4414 2814 4490 qui-

391 4497 524 4555 dem
553 4518 678 4555 esse
708 4498 941 4556 ultimos
971 4496 1219 4553 hominis
1246 4496 1409 4563 fines,
1436 4493 1537 4551 sed
1558 4512 1752 4568 parem
1777 4513 1890 4551 non
1914 4512 2041 4550 esse
2065 4492 2360 4568 utriusque
2391 4492 2776 4552 conditionem
2800 4518 2813 4570 3

392 4586 631 4634 mortem
665 4579 878 4653 acquiri
913 4576 1064 4633 veris
1086 4575 1321 4648 meritis,
1350 4574 1406 4631 id
1432 4585 1533 4647 est,
1562 4574 1828 4649 peccatis,
1849 4574 2065 4649 quibus
2094 4594 2167 4629 ex
2191 4572 2418 4648 justitia
2449 4572 2818 4633 distributiva

394 4657 495 4714 illa
525 4657 803 4732 debetur-3
848 4657 947 4715 sed
980 4676 1094 4713 non
1126 4656 1261 4713 item
1294 4655 1469 4712 vitam
1502 4665 1773 4711 aeternam
1819 4652 2034 4728 acquiri
2067 4673 2166 4729 per
2188 4652 2490 4728 justitiam,
2524 4656 2666 4712 nulli
2697 4675 2814 4714 me-

401 565 577 610 Status
601 566 774 616 Quaes-

506 627 669 669 tionls.
