3221 5200
502 353 614 410 162
1358 365 1539 407 Locus
1567 364 1968 406 nonuncium.
2552 345 2812 429 [Quaesr.
2843 365 2908 406 n.

501 507 648 568 nihil
675 507 844 566 nobis
870 506 1211 581 nociturum,
1242 504 1380 583 quia
1404 525 1511 583 pro
1537 505 1707 565 nobis
1734 514 1824 565 est
1853 507 2031 582 Deus,
2078 509 2115 539 “
2141 506 2206 565 Si
2236 506 2397 566 Deus
2423 526 2529 584 pro
2557 506 2745 583 nobis,
2776 507 2912 584 quis

506 597 708 647 contra
736 587 901 664 nos,''
955 587 1124 645 Rom.
1156 584 1279 643 viii.
1309 588 1383 645 31
1411 607 1427 661 3
1483 594 1543 645 et
1576 605 1709 645 cum
1738 586 1968 644 Davide
2005 586 2153 644 nihil
2189 586 2540 662 defuturum,
2569 586 2708 663 quia
2746 587 2911 645 Deus

505 676 596 726 est
615 668 820 726 Pastor
835 674 1047 740 noster,
1068 664 1282 724 Psalm.
1301 665 1469 725 xxiii.
1494 669 1544 742 1,
1572 669 1608 699 ‘⁶
1623 665 1785 725 Deus
1805 673 1894 725 est
1912 666 2121 725 Pastor
2135 685 2315 741 meus,
2336 667 2483 724 nihil
2500 665 2642 724 mihi
2664 665 2910 740 deerit,'’

506 747 645 824 quia
670 747 813 805 nihil
845 745 1095 824 denegat
1132 764 1194 803 se
1221 744 1575 820 timentibus,
1623 744 1727 804 sed
1753 745 1946 803 omnia
1985 745 2300 805 liberaliter
2341 745 2623 821 concedit,
2653 753 2714 804 et
2740 745 2913 803 nobis

505 825 796 885 benedicit
822 826 980 884 omni
1005 824 1405 885 benedictione
1434 824 1736 903 spirituali,
1770 825 1920 902 Eph.
1948 824 1989 884 i.·
2018 827 2074 884 3.
2160 827 2197 858 “
2220 825 2484 901 Christus
2512 833 2601 885 est
2629 825 2823 884 omnia
2848 825 2911 882 in

508 906 814 965 omnibus’'
845 905 906 963 in
935 904 1138 982 gratia,
1171 903 1294 963 Col.
1324 904 1405 963 iii.
1440 907 1531 981 11,
1563 913 1624 964 et
1653 906 1689 938 “
1714 904 1875 964 Deus
1903 904 2131 964 futurus
2172 913 2261 965 est
2288 904 2481 964 omnia
2512 905 2573 963 in
2602 904 2910 963 omnibus”

510 985 570 1043 in
588 985 790 1063 gloria,
817 988 846 1043 1
870 984 998 1043 Cor.
1029 1003 1129 1042 xv.
1154 987 1230 1043 28
1251 1005 1266 1059 3
1314 986 1353 1016 “
1376 983 1488 1058 Qui
1509 983 1715 1043 vicerit
1734 983 2054 1043 haeredabit
2074 985 2283 1061 omnia,
2307 993 2367 1044 et
2388 1005 2486 1044 ero
2506 985 2594 1043 illi
2616 985 2675 1042 in
2700 984 2910 1059 Deum,

509 1074 570 1125 et
597 1065 695 1124 ille
722 1065 866 1123 mihi
892 1064 955 1122 in
979 1063 1223 1137 filium,’'
1254 1063 1452 1141 Apoc.'
1470 1063 1595 1124 xxi.
1627 1068 1684 1122 7.

859 1209 872 1222 ⁸
1111 1142 1374 1202 XXIII.
1404 1146 1461 1203 3.
1487 1144 1648 1203 Deus
1664 1151 1861 1203 noster
1880 1152 1969 1204 est
1985 1144 2204 1204 ratione
2221 1143 2641 1219 conformitatis.
2686 1142 2913 1221 Quippe

549 1209 593 1256 ³·
626 1209 952 1313 fflssf‘ssffssfu
1032 1243 1149 1282 non
1178 1223 1319 1284 satis
1346 1230 1436 1282 est
1468 1223 1556 1281 illi
1591 1222 1797 1316 effecta
1835 1225 2249 1302 proprietatum
2277 1222 2551 1283 salutaria
2577 1223 2637 1280 in
2665 1242 2772 1316 nos
2800 1222 2911 1316 dif-

511 1381 706 1442 dinem
747 1381 808 1441 in
843 1380 1013 1440 nobis
1033 1302 1715 1458 filiiixgssiligersgdqtlldiiffl
1740 1304 1887 1441 {ux-13
1926 1392 2118 1461 potest
2130 1303 2623 1442 ‹elffiaemfinnia
2644 1302 2915 1456 ffindt

501 1462 816 1538 participes
839 1460 1010 1518 simus
1036 1470 1260 1519 naturoe
1285 1462 1503 1537 divinoe,
1534 1466 1570 1519 2
1603 1462 1730 1521 Pet.
1760 1462 1798 1521 i.
1828 1465 1883 1537 4,
1916 1471 1976 1522 et
2014 1463 2101 1520 illi
2143 1463 2361 1522 similes
2386 1463 2609 1536 fiamus,
2640 1462 2742 1539 qui
2781 1481 2912 1539 per-

511 1540 859 1600 fectissimus
880 1547 969 1598 est
988 1539 1406 1599 communionis
1426 1539 1668 1600 modus:
1713 1540 1798 1600 Ut
1818 1541 1905 1600 sol
1932 1541 2125 1601 radios
2151 1542 2467 1601 immittens
2492 1542 2555 1600 in
2575 1541 2914 1618 crystallum

511 1619 610 1679 vel
638 1638 847 1698 corpus
874 1619 1109 1713 aliquod
1130 1618 1496 1696 diaphanum,
1535 1619 1792 1680 lucidum
1814 1620 1960 1680 illud
1987 1621 2194 1697 reddit,
2216 1629 2283 1681 ut
2303 1622 2485 1681 instar
2506 1621 2645 1680 solis
2672 1620 2912 1697 fulgeat,

512 1699 596 1760 ita
638 1700 812 1759 Pater
848 1699 1131 1758 luminum
1172 1718 1279 1757 nos
1320 1698 1555 1758 irradiat
1593 1699 1725 1760 luce
1765 1720 1887 1775 sua,
1930 1720 2047 1759 non
2087 1702 2260 1760 modo
2296 1710 2362 1761 ut
2389 1702 2656 1760 tenebras
2683 1700 2912 1775 erroris,

511 1779 658 1855 vitii,
689 1785 750 1838 et
774 1778 1019 1838 miseriae
1047 1778 1335 1853 discutiat,
1365 1778 1469 1837 sed
1509 1778 1683 1838 etiam
1719 1788 1786 1839 ut
1820 1780 2008 1840 lucem
2038 1801 2199 1840 suam
2227 1782 2396 1840 nobis
2423 1780 2823 1855 communicet,
2854 1789 2916 1839 et

511 1859 675 1919 velut
702 1858 944 1919 totidem
976 1859 1141 1918 Soles
1159 1856 1385 1917 lucidos
1412 1857 1650 1934 reddat3
1680 1859 1834 1918 unde
1865 1863 1901 1892 ‘⁴
1916 1860 2111 1938 justi''
2142 1861 2413 1920 dicuntur
2442 1864 2478 1894 ‘⁴
2499 1860 2703 1918 fulsuri
2732 1859 2916 1918 instar

517 1939 674 1998 Solis
699 1939 760 1997 in
791 1958 974 2017 regno
1002 1938 1251 2013 Patris,”
1282 1938 1494 1997 Matth.
1533 1938 1659 1997 xiii.
1688 1942 1764 1997 43
1789 1961 1807 2014 3
1849 1959 1965 2017 quo
1991 1941 2241 2018 pertinet
2268 1941 2379 1999 ista
2407 1940 2592 2016 Pauli,
2624 1944 2661 2000 2
2692 1939 2912 1999 Corint.

512 2018 594 2078 iii.
643 2021 734 2094 18,
778 2037 957 2095 quum
999 2017 1082 2077 ait
1121 2037 1228 2077 nos
1272 2020 1308 2051 ‘⁴
1330 2018 1789 2095 contemplantes
1828 2019 1890 2078 in
2034 2021 2165 2081 culo
2178 2022 2213 2048 ''
2260 2020 2571 2098 Evangelii
2613 2022 2650 2054 “
2668 2019 2914 2096 gloriam

389 2155 402 2172 ,
514 2098 752 2158 Domini
805 2097 950 2158 facie
1004 2106 1237 2174 retecta,
1286 2097 1682 2158 transformari
1729 2098 1790 2157 in
1831 2119 1939 2159 ean
1982 2120 2073 2159 em
2127 2100 2436 2178 imaginem
2486 2100 2564 2192 de
2613 2099 2799 2192 gloria
2852 2100 2914 2157 in

512 2179 815 2256 gloriam,''
846 2188 907 2238 et
932 2178 1034 2237 illa
1060 2177 1274 2237 Johan.
1303 2182 1370 2235 1·
1392 2177 1473 2237 iii.
1495 2181 1552 2254 2,
1587 2180 1624 2212 “
1643 2178 1766 2238 Nos
1794 2178 2013 2239 similes
2039 2178 2161 2240 fore
2188 2180 2316 2258 ipsi,
2347 2179 2485 2258 qnia
2503 2199 2685 2238 visun
2713 2198 2915 2238 sumus

510 2257 700 2335 ipsum
729 2258 901 2318 sicuti
941 2266 1032 2319 est
1054 2258 1108 2317 :¹⁹
1152 2258 1374 2318 scilicet
1413 2258 1574 2318 nulla
1615 2259 1942 2318 communio
1980 2269 2173 2338 potest
2213 2280 2345 2319 eum
2375 2261 2503 2318 Deo
2543 2258 2760 2334 haberi,
2800 2257 2915 2317 nisi

508 2339 700 2476 posita
724 2338 853 2416 ejus
880 2337 1294 2414 conformitate,
1324 2359 1454 2417 quae
1483 2338 1718 2416 duplex,
1747 2347 1871 2399 tum
1899 2339 1960 2399 in
1985 2341 2277 2399 sanctitate
2302 2348 2361 2399 et
2386 2338 2699 2398 virtutibus
2728 2358 2914 2397 mora·

536 2413 681 2493 'bus,
709 2426 777 2478 ut
817 2417 997 2478 simus
1034 2418 1235 2492 sancti,
1274 2418 1440 2496 justi,
1482 2419 1785 2496 patientes,
1829 2419 2229 2480 misericordes
2256 2428 2317 2479 et
2357 2419 2598 2496 perfecti
2639 2417 2913 2494 quemad-

512 2497 747 2557 modum
787 2498 948 2557 Deus
989 2505 1095 2572 est,
1137 2496 1348 2557 Matth.
1379 2517 1437 2557 v.
1467 2500 1563 2574 48,
1601 2501 1631 2556 1
1667 2499 1791 2558 Pet.
1821 2499 1859 2557 i.
1895 2502 1986 2575 15,
2029 2509 2153 2559 tum
2194 2500 2255 2559 in
2295 2500 2411 2559 vita
2454 2508 2507 2558 et
2531 2497 2817 2576 filie-itate,
2847 2506 2916 2556 ut

509 2576 939 2637 immortalitate
966 2584 1026 2636 et
1052 2574 1239 2654 gloria
1265 2577 1391 2655 ejus
1419 2575 1710 2638 fruamur:
1743 2581 1778 2612 “
1798 2578 1948 2653 Quia
1974 2598 2084 2657 ego
2121 2579 2277 2657 vivo,
2308 2599 2416 2639 vos
2444 2578 2617 2639 etiam
2639 2577 2912 2653 vivetis,’'

509 2656 768 2715 Johann.
796 2657 919 2715 xiv.
953 2658 1045 2730 19,
1075 2664 1135 2714 et
1164 2655 1377 2714 Psalm.
1408 2655 1500 2714 cii.
1539 2661 1636 2731 27,
1682 2659 1718 2690 “
1740 2658 1830 2716 Tu
1871 2658 2023 2718 idem
2066 2679 2292 2738 semper
2330 2679 2530 2718 manes
2557 2667 2617 2718 et
2651 2658 2789 2716 anni
2828 2656 2914 2716 tui

509 2753 629 2793 non
668 2735 961 2810 deficiunt,
1004 2734 1310 2812 progenies
1350 2742 1451 2794 tua
1489 2735 1551 2793 in
1600 2744 1878 2795 aeternum
1927 2738 2252 2798 stabilietur
2293 2739 2353 2798 in
2398 2746 2711 2817 conspectu
2752 2737 2914 2797 tuo.'’

510 2814 640 2889 Quo
681 2814 930 2892 pertinet
967 2813 1248 2873 invictum
1278 2814 1491 2873 Christi
1534 2825 1954 2893 argumentum,
1986 2818 2123 2877 dum
2167 2827 2366 2879 contra
2413 2819 2764 2879 Sadducaeos
2791 2816 2912 2875 ani·

508 2913 733 2954 morum
770 2893 1258 2954 immortalitatem
1300 2902 1359 2953 et
1400 2914 1704 2973 corporum
1747 2898 2221 2958 resurrectionem
2271 2919 2347 2958 ex
2394 2898 2640 2958 formula
2683 2896 2916 2955 foederis

1034 2972 1467 3050 demonstravit,
1524 2975 1665 3053 quia
1715 2985 1959 3037 vocatur
2011 2982 2171 3038 Deus
2216 2980 2547 3055 Abrahami,
2598 2977 2806 3052 Isaact',
2863 2986 2918 3035 et

1033 3054 1253 3130 Jacobi,
1289 3054 1473 3114 »etiam
1515 3064 1650 3135 post
1693 3056 1947 3136 ipsorum
1988 3067 2249 3137 mortem,
2280 3063 2440 3118 Deus
2467 3069 2654 3118 autem
2693 3077 2805 3117 non
2843 3056 2918 3114 sit

508 3135 671 3193 Deus
696 3142 1062 3208 mortuorum,
1091 3137 1195 3193 sed
1216 3136 1509 3195 *rubentium
1527 3160 1551 3195 .-
1591 3136 1713 3196 Ubi
1750 3137 1866 3197 duo
1893 3141 2219 3200 necessario
2247 3148 2664 3217 supponuntur,
2697 3136 2911 3210 Primo,

508 3212 813 3273 formulam
841 3213 1011 3274 istam
1032 3214 1267 3274 foederis
1288 3215 1595 3293 importare
1618 3218 2189 3279 communicationem
2211 3220 2349 3278 vitae
2370 3228 2429 3277 et
2448 3214 2916 3289 immortalitatis,

507 3301 575 3352 ut
602 3302 886 3370 quotquot
913 3295 989 3353 ad
1029 3295 1155 3371 ejus
1183 3296 1643 3355 communionem
1684 3298 2055 3374 recipiuntur,
2100 3298 2321 3357 similes
2364 3297 2452 3354 illi
2494 3296 2603 3353 hac
2647 3295 2706 3351 in
2751 3302 2916 3369 parte

506 3371 666 3448 fiant,
696 3373 834 3449 quia
862 3374 1023 3432 Deus
1050 3374 1258 3431 vivens
1298 3374 1360 3430 in
1387 3376 1583 3433 secula
1619 3394 1737 3433 non
1857 3384 1971 3435 test
2012 3397 2143 3435 cum
2184 3375 2426 3434 mortuis
2453 3371 2915 3430 communionem

506 3451 728 3527 colere;
766 3449 921 3509 unde
949 3470 1184 3510 neeesse
1212 3460 1335 3509 erat
1363 3452 1729 3510 Patriarchas
1816 3454 1828 3468 ‘
1873 3474 1949 3512 ua
1977 3455 2066 3512 sui
2092 3462 2254 3531 parte
2283 3470 2508 3529 semper
2534 3451 2749 3525 vivere,
2781 3470 2916 3509 cum

508 3530 672 3589 Deus
699 3548 898 3589 eorum
928 3530 1117 3587 Deum
1146 3548 1208 3588 se
1235 3536 1407 3588 vocet
1432 3529 1607 3588 etiam
1635 3539 1768 3607 post
1794 3540 2035 3590 mortem
2058 3554 2075 3609 ς
2119 3530 2390 3606 secundo,
2419 3529 2609 3589 foedus
2636 3549 2754 3587 non
2781 3550 2916 3590 cum

505 3608 687 3669 altera
728 3607 979 3666 hominis
1020 3616 1183 3684 parte
1219 3614 1461 3682 tantum,
1507 3608 1610 3667 sed
1655 3628 1786 3667 cum
1826 3610 2058 3668 homine
2086 3618 2210 3669 toto
2238 3618 2595 3669 contractum
2622 3610 2818 3683 fuisse,
2848 3621 2918 3671 ut

504 3686 788 3747 beneficia
825 3686 1060 3747 foederis
1100 3687 1176 3745 ad
1220 3695 1406 3747 totum
1446 3686 1738 3747 hominem
1779 3688 2065 3766 pertinere
2112 3688 2398 3767 debeant;
2456 3689 2612 3750 unde
2656 3691 2918 3767 sequitur

503 3767 821 3827 necessitas
860 3766 1294 3827 resurrectionis
1335 3787 1656 3846 corporum,
1706 3776 1774 3829 ut
1820 3767 2022 3829 fideles
2064 3769 2257 3829 animo
2301 3777 2361 3829 et
2397 3789 2634 3848 corpore
2672 3770 2810 3829 vitae
2854 3779 2917 3829 et

503 3847 796 3909 beatitatis
822 3846 965 3907 fiant
990 3867 1117 3906 com
1195 3856 1301 3907 tes.

1179 3926 1360 3986 XIV.
1404 3926 1553 4003 Quia
1572 3948 1714 3989 vero
1740 3928 1895 3989 bona
1922 3927 2036 3989 ista
2060 3929 2197 3990 licet
2224 3928 2439 3989 eximia
2465 3930 2717 4008 perfecte
2744 3929 2915 3988 beare

523 3994 569 4042 ⁴·
587 3993 827 4098 3⁰⁰2&
847 3996 987 4041 ’‘⁰¹'‘
1027 4026 1135 4067 nos
1163 4027 1279 4067 non
1307 4016 1560 4085 possent,
1590 4009 1704 4068 nisi
1732 4010 1909 4069 tantis
1936 4010 2272 4070 muneribus
2293 4010 2601 4069 adderetur
2627 4008 2914 4087 perpetui-

674 4066 708 4097 n
809 4084 822 4098 '
1026 4095 1152 4164 tas3
1196 4087 1305 4146 hac
1333 4088 1461 4166 ipsa
1486 4089 1865 4165 promissione
1888 4089 2270 4150 constantiam
2292 4090 2505 4150 amoris
2533 4089 2624 4149 sui
2653 4089 2832 4162 Deus,
2856 4095 2917 4146 et

503 4165 778 4226 bonorum
805 4166 1168 4226 oetentitatem
1195 4167 1597 4227 commendare
1626 4169 1847 4229 voluit:
1891 4170 2036 4229 Cum
2079 4170 2232 4230 enim
2260 4168 2303 4228 J
2307 4170 2494 4229 ehova
2533 4169 2596 4227 in
2632 4173 2915 4244 conceptu

503 4264 609 4303 suo
663 4246 1041 4306 aeternitatem
1091 4246 1264 4321 dicat,
1315 4247 1453 4306 dum
1498 4248 1689 4308 Deum
1729 4257 1990 4308 nostrum
2033 4269 2096 4308 se
2135 4249 2261 4308 fore
2300 4249 2623 4326 pollicetur,
2674 4267 2743 4305 eo
2785 4246 2913 4323 ipso

501 4323 690 4383 innuit
718 4343 780 4383 se
808 4324 871 4383 in
898 4333 1174 4385 aeternum
1203 4333 1464 4385 nostrum
1491 4326 1765 4402 futurum,
1794 4336 1862 4387 ut
1887 4327 2142 4405 quandiu
2176 4328 2337 4387 Deus
2364 4327 2591 4389 futurus
2613 4335 2702 4386 est
2730 4326 2911 4400 Deus,

502 4401 757 4479 (futurus
783 4411 874 4463 est
899 4413 1091 4463 autem
1120 4404 1182 4461 in
1209 4405 1533 4484 aetcrnum,)
1576 4405 1804 4465 futurus
1831 4407 2004 4465 etiam
2034 4407 2112 4465 sit
2139 4407 2301 4466 Deus
2328 4417 2540 4482 noster,
2570 4413 2636 4466 ut
2664 4406 2723 4464 in
2751 4412 2915 4463 aeter-

494 4498 640 4537 num
657 4481 784 4557 ejus
805 4483 1204 4542 communione
1226 4491 1285 4542 et
1303 4483 1577 4544 beatitate
1598 4485 1871 4560 fruamur,
1896 4485 2054 4562 quod
2069 4486 2281 4545 Psalm.
2304 4487 2492 4546 xlviii.
2511 4489 2602 4561 14,
2627 4484 2914 4544 innuitur:

499 4557 660 4617 Deus
685 4570 768 4617 est
793 4563 952 4621 Deus
978 4570 1166 4621 noster
1191 4562 1252 4620 in
1278 4572 1564 4622 oeoemum.
1651 4563 1821 4639 Quod
1864 4564 2181 4623 maximum
2223 4573 2314 4625 est
2356 4563 2738 4643 proculdubio
2775 4583 2914 4621 con-

496 4634 796 4697 solationis
824 4648 882 4698 et
919 4640 1145 4699 fiduciae
1187 4641 1458 4701 fidelibus
1486 4641 1768 4703 adversus
1795 4663 1996 4702 omnes
2024 4643 2372 4704 tentationes
2400 4654 2824 4721 argumentum,
2857 4652 2918 4702 et

567 3026 715 3074 Matt·
737 3026 859 3072 xxii.
878 3016 954 3073 34.
