3221 5200
510 243 624 303 552
1310 255 1492 296 Locus
1523 256 1781 295 nummus
1811 256 2082 303 quim-us.
2479 236 2802 318 [QUAEs‘r.
2843 261 2997 299 xvn.

515 403 690 462 timor
745 399 988 474 servilis,
1023 398 1195 456 Alius
1237 397 1447 455 filialis.
1529 397 1638 455 Ille
1695 397 1930 473 respicit
1978 399 2158 457 solam
2187 418 2434 474 pomam,
2467 400 2563 456 vel
2638 411 3000 476 peccatum

514 490 746 561 propter
772 499 1018 557 poenam,
1050 479 1149 555 qui
1194 476 1467 535 convenit
1514 477 1715 551 servis,
1747 478 1845 553 qui
1875 479 2041 537 unice
2089 479 2379 555 proprium
2429 481 2872 538 commodum
2906 482 3002 539 vel

514 560 940 619 incommodum
971 557 1292 618 attendunt.
1361 556 1477 614 Sed
1500 556 1606 614 iste
1636 557 1870 633 respicit
1890 558 1987 616 vel
2008 558 2192 616 solum
2215 566 2534 634 peccatum,
2567 560 2695 617 vel
2731 580 3001 637 poenam

513 650 748 718 propter
787 649 1103 716 peccatum,
1156 638 1255 713 qui
1297 636 1568 693 convenit
1622 635 1758 693 filiis
1800 646 1858 695 et
1898 638 2207 714 respondet
2250 638 2591 696 reverentiae
2659 649 2742 697 et
2797 641 3001 697 amori

519 721 769 779 filiorum
813 740 953 796 erga
1000 728 1211 796 patres.
1300 716 1408 773 Ille
1447 725 1536 773 est
1562 723 1822 776 bebrua-oe
1866 737 1996 774 cum
2046 717 2404 790 certitudine,
2438 726 2495 775 et
2526 718 2845 777 charitas
2880 721 2996 776 hoc

517 821 689 859 sensu
717 801 927 858 dicitur
981 796 1269 874 expellere
1313 796 1593 870 timorem,
1652 798 1679 852 1
1733 796 1872 854 Joh.
1919 797 1997 854 iv.
2032 800 2124 870 18,
2156 804 2214 855 et
2250 797 2449 855 fideles
2499 797 2838 857 dicuntur
2872 819 2997 856 non

513 881 803 958 accepisse
849 877 1122 954 Spiritum
1165 874 1461 932 servitutis
1502 874 1576 932 ad
1617 883 1850 948 metum,
1898 877 2066 934 Rom.
2096 877 2217 934 viii.
2252 880 2342 950 15,
2389 876 2490 934 sed
2542 876 2668 935 iste
2732 887 3000 936 tantum

516 961 681 1019 abest
728 969 794 1018 ut
823 959 897 1016 sit
946 954 1393 1030 incompatibilis
1442 974 1571 1012 cum
1620 955 1978 1029 certitudine,
2008 964 2074 1014 ut
2103 956 2179 1013 sit
2224 957 2477 1014 medium
2518 975 2627 1032 per
2695 958 2905 1033 quod
2938 959 2998 1015 in

513 1041 682 1099 nobis
728 1045 1036 1114 generatur
1083 1043 1141 1093 et
1186 1033 1569 1091 confirmatur.
1657 1035 1800 1093 Cum
1843 1036 1995 1093 enim
2037 1035 2319 1094 certitudo
2361 1035 2563 1112 gratiae
2592 1038 2821 1094 nobis
2857 1059 2999 1095 esse

511 1140 628 1176 non
656 1118 838 1194 possit
866 1136 996 1174 cum
1035 1113 1327 1191 proposito
1354 1113 1632 1190 peccandi
1660 1123 1718 1172 et
1759 1124 1923 1173 extra
1963 1135 2133 1173 usum
2180 1113 2514 1187 mediorum,
2562 1115 2819 1174 Timor
2871 1118 2993 1174 iste

511 1199 745 1274 quinon
767 1196 880 1253 alio
903 1195 1151 1271 respicit,
1176 1212 1348 1270 quam
1370 1192 1443 1249 ad
1463 1203 1763 1269 peccatum
1785 1195 2119 1270 fugandum,
2145 1203 2203 1253 et
2225 1195 2545 1253 sanctitatis
2566 1197 2891 1254 studium
2928 1198 2990 1253 in

513 1277 681 1334 nobis
728 1275 1200 1353 promovendum,
1261 1291 1377 1328 non
1421 1281 1612 1348 potest
1649 1274 2049 1332 certitudinem
2093 1275 2330 1349 tollere;
2403 1274 2505 1331 sed
2549 1295 2694 1332 eam
2758 1278 2991 1353 potius

512 1356 712 1433 ponit3
760 1357 903 1414 Cum
934 1353 1215 1412 certitudo
1244 1351 1389 1409 fines
1438 1372 1555 1409 non
1599 1354 1887 1426 excludat,
1921 1354 2023 1412 sed
2052 1363 2336 1432 supponat
2362 1354 2815 1413 necessitatem
2855 1376 2984 1413 me-

513 1437 757 1494 diorum.
846 1435 908 1492 Si
937 1453 1075 1509 ergo
1124 1432 1295 1490 timor
1336 1431 1504 1488 nobis
1552 1434 2000 1508 commendatur,
2051 1454 2168 1492 non
2196 1443 2285 1492 est
2328 1433 2571 1508 servilis,
2623 1436 2757 1510 qui
2817 1436 2986 1493 diffi-

510 1516 765 1574 dentiam
834 1523 891 1574 et
959 1511 1374 1571 dubitationem
1447 1529 1641 1569 secum
1711 1514 1903 1587 trahit,
1976 1513 2078 1574 sed
2144 1514 2355 1588 filialis,
2426 1513 2525 1589 qui
2597 1513 2659 1571 in
2757 1516 2980 1573 tribus

510 1596 872 1673 potissimum
921 1601 1222 1652 versatur:
1272 1592 1322 1647 1.
1354 1591 1426 1647 In
1451 1591 1633 1668 filiali
1661 1594 1971 1651 reverentia
2016 1602 2070 1651 et
2113 1595 2418 1651 humilitate
2465 1602 2761 1670 respectu
2824 1595 2971 1668 Dei,

511 1676 776 1753 opposita
831 1673 1113 1751 superbiae
1168 1679 1226 1729 et
1281 1672 1711 1747 praesumptioni
1770 1673 2214 1731 Pharisaeorum.
2321 1677 2376 1731 2.
2407 1674 2478 1729 In
2524 1673 2971 1747 sollicz’tudhze,

512 1758 768 1815 cautione
797 1766 851 1814 et
889 1752 1182 1830 viyilantia
1224 1759 1489 1826 respectu
1541 1752 1790 1826 Diaboli,
1849 1752 1924 1809 ad
1972 1752 2277 1829 fugiendas
2321 1772 2518 1810 omnes
2560 1755 2966 1811 tentationes

509 1837 748 1914 peccati,
809 1844 866 1894 et
908 1831 1236 1891 adhibenda
1290 1829 1483 1888 omnia
1529 1831 1721 1889 media
1774 1831 1848 1888 ad
1897 1833 2259 1891 sanctitatem
2308 1832 2593 1904 ducentia,
2646 1834 2965 1910 opposita

511 1916 806 1975 securitati
861 1913 1077 1972 carnali
1133 1910 1564 1987 Epicureorum.
1671 1914 1726 1969 3.
1784 1912 1857 1969 In
1894 1914 2170 1970 constanti
2205 1915 2499 1988 proposito
2547 1914 2677 1970 Deo
2746 1913 2965 1988 magis

507 1997 792 2071 magisque
819 1992 1163 2066 adhaerendi,
1196 1997 1254 2048 et
1282 1988 1394 2045 viis
1422 1988 1639 2047 domini
1668 1990 1969 2049 insistendi
1997 1991 2171 2068 longe
2199 2012 2235 2049 a
2258 1992 2367 2049 viis
2389 1991 2577 2050 carnis
2606 2000 2665 2049 et
2694 1993 2956 2064 mundi,

507 2077 770 2152 opposito
825 2073 1072 2132 licentiae
1128 2079 1185 2130 et
1226 2067 1453 2126 levitati
1481 2069 1865 2145 profanorum.
1948 2071 2128 2130 Tollit
2171 2091 2309 2148 ergo
2338 2072 2507 2129 timor
2551 2071 2660 2129 iste
2709 2072 2957 2130 falsum

506 2154 866 2213 certitudinis
907 2152 1157 2225 modum,
1189 2149 1290 2225 qui
1338 2147 1466 2206 fluit
1493 2169 1527 2206 a
1557 2150 1859 2208 securitate
1905 2151 2120 2208 carnali
2149 2158 2207 2209 et
2248 2150 2484 2227 profana
2524 2150 2792 2226 licentia,
2834 2151 2950 2210 sed

504 2253 705 2292 verum
728 2234 1026 2292 confirmat
1074 2239 1132 2290 et
1175 2235 1365 2303 auget,
1397 2236 1455 2286 et
1482 2248 1596 2304 quo
1625 2231 1811 2306 magis
1838 2229 2026 2287 fidelis
2054 2231 2165 2289 hoc
2193 2230 2364 2308 modo
2385 2251 2488 2307 per
2513 2231 2668 2306 piam
2698 2232 2948 2290 sollici·

509 2314 769 2372 tudinem
799 2322 983 2386 cavet,
1014 2331 1086 2370 ne
1130 2307 1419 2368 exorbitet
1445 2328 1480 2365 a
1507 2310 1605 2367 via
1634 2309 1972 2383 sanctitatis,
2005 2317 2063 2367 et
2103 2310 2289 2384 magis
2318 2312 2617 2388 magisque
2650 2311 2791 2370 Deo
2827 2331 2948 2370 suo

503 2413 607 2469 per
634 2403 905 2452 constans
934 2392 1272 2468 obsequium
1302 2386 1573 2466 adhaeret,
1607 2409 1676 2447 eo
1704 2388 1890 2465 magis
1932 2388 2103 2446 etiam
2133 2389 2509 2465 persuadetur
2537 2390 2609 2447 de
2638 2393 2848 2467 gratia
2880 2400 2945 2449 et

505 2491 697 2531 amore
728 2474 840 2532 Dei
881 2481 940 2531 et
966 2473 1038 2538 de
1062 2472 1245 2530 salute
1275 2486 1396 2525 sua.
2346 2533 2350 2538 ¹

587 2552 848 2610 XXIX.
894 2552 1133 2626 Quoties
1165 2560 1390 2620 vacuet
1414 2559 1571 2623 ηὸμος
1602 2550 1662 2608 in
1706 2550 2002 2628 Scriptura
2036 2550 2381 2627 junguntur,
2413 2559 2479 2609 ut
2531 2554 2558 2609 1
2595 2550 2725 2609 Cor.
2762 2552 2830 2610 ii.
2866 2554 2927 2625 3,
3138 2547 3143 2558 ’

503 2639 562 2690 et
604 2635 639 2688 2
672 2633 800 2690 Cor.
832 2632 931 2688 vii.
961 2634 1051 2705 15,
1101 2632 1250 2706 Eph.
1282 2634 1359 2690 vi.
1392 2634 1447 2704 5,
1492 2639 1550 2689 et
1580 2631 1731 2688 Phil.
1761 2632 1820 2689 ii.
1857 2635 1947 2705 12,
1999 2652 2115 2689 non
2164 2632 2434 2707 ingerunt
2460 2631 2638 2688 ullam
2678 2631 2930 2691 dubita-
3140 2593 3152 2709 l

501 2711 735 2785 tionem,
767 2709 861 2768 vel
892 2709 1374 2786 incertitudinem,
1421 2717 1480 2767 et
1529 2708 1941 2786 diffidentiam;
1988 2711 2090 2769 sed
2132 2711 2516 2769 humilitatem
2560 2719 2812 2786 tantum,
2866 2720 2930 2770 et

501 2809 786 2847 summam
814 2788 990 2846 animi
1035 2787 1439 2847 demissionem
1487 2797 1718 2865 notant3
1781 2790 1938 2867 quod
1986 2791 2082 2849 vel
2137 2811 2211 2849 ex
2238 2798 2526 2867 postremo
2570 2791 2699 2848 loco
2757 2793 2927 2850 clare

501 2868 809 2945 colligitur,
842 2868 901 2926 in
931 2888 1045 2945 quo
1066 2868 1235 2945 jubet
1265 2869 1483 2928 Paulus
1511 2868 1761 2928 Salutem
1792 2871 2029 2947 operari
2053 2892 2174 2929 cum
2198 2870 2393 2927 timore
2421 2880 2475 2927 et
2501 2879 2757 2943 tremore,
2794 2891 2923 2930 non

498 2948 698 3025 utique
728 2949 1058 3008 diffidentiae
1088 2957 1145 3008 et
1186 2949 1578 3024 dubitationis,
1622 2949 1904 3027 siquidem
1948 2950 2140 3008 statim
2171 2949 2332 3008 addit
2376 2952 2559 3007 Deum
2586 2953 2832 3024 operari
2857 2953 2919 3008 in

497 3030 652 3089 nobis
678 3033 815 3089 velle
861 3039 916 3088 et
949 3035 1239 3106 perficere,
1272 3032 1428 3108 quod
1477 3050 1606 3088 eum
1637 3028 1708 3087 de
1739 3030 1924 3105 gratia
1952 3038 2171 3088 certum
2214 3028 2445 3086 omnino
2474 3029 2765 3101 reddebat,
2804 3029 2919 3090 sed

496 3111 833 3170 reverentiae
855 3119 914 3169 et
936 3110 1356 3185 sollicitudinis,
1381 3132 1485 3188 per
1505 3130 1679 3186 quam
1702 3110 1888 3185 gratia
1919 3109 2027 3166 Dei
2059 3108 2302 3166 salutem
2329 3116 2584 3166 nostram
2614 3118 2911 3185 operatur.

501 3189 659 3248 Hinc
687 3191 768 3266 fit,
802 3200 866 3250 ut
910 3190 1082 3248 timor
1109 3210 1239 3249 cum
1280 3191 1623 3249 certitudine
1668 3197 1726 3246 et
1776 3187 1988 3264 gaudio
2018 3208 2134 3246 non
2163 3189 2340 3245 semel
2374 3188 2672 3264 jungatur.
2758 3189 2914 3262 Quis

501 3268 684 3328 Paulo
713 3272 922 3329 certior
950 3270 1021 3328 de
1052 3271 1239 3346 gratia
1270 3270 1380 3328 Dei
1403 3279 1461 3328 et
1482 3270 1554 3328 de
1583 3269 1769 3327 salute
1799 3287 1918 3340 sua,
1950 3267 2010 3324 in
2040 3288 2155 3343 qua
2182 3268 2421 3341 exultat,
2456 3267 2624 3326 Rom.
2649 3267 2769 3325 viii.
2802 3271 2908 3343 38,

498 3351 535 3404 2
559 3348 706 3406 Tim.
726 3349 805 3407 iv.
832 3352 885 3422 6,
913 3353 967 3422 7,
994 3352 1029 3407 8
1051 3352 1079 3406 ¹?
1123 3349 1264 3422 Quis
1286 3358 1479 3408 tamen
1508 3368 1576 3407 eo
1605 3347 1793 3424 magis
1823 3347 2104 3406 sollicitus
2132 3347 2240 3405 fuit
2269 3347 2329 3403 in
2358 3347 2631 3405 cavendis
2648 3349 2908 3423 peccatis

498 3434 557 3483 et
585 3426 979 3500 promovenda
1007 3428 1472 3501 sanctificatione,
1529 3431 1558 3484 1
1593 3426 1722 3486 Cor.
1752 3428 1833 3484 ix.
1883 3430 1978 3501 27,
2027 3427 2175 3485 Phil.
2208 3426 2287 3484 iii.
2323 3430 2414 3500 13,
2445 3429 2535 3483 14.
2624 3427 2719 3485 Sic
2745 3428 2904 3486 Psal.

495 3504 555 3561 ii.
591 3506 683 3575 11,
733 3508 766 3536 “
789 3505 1018 3562 Servire
1060 3505 1185 3562 Deo
1235 3507 1294 3561 in
1322 3506 1526 3564 timore
1567 3506 1858 3582 jubemur,
1901 3514 1959 3564 et
2007 3506 2266 3564 exultare
2311 3507 2371 3563 in
2400 3507 2704 3580 tremore,''
2751 3507 2906 3581 Quia

497 3582 792 3642 Gaudium
811 3582 935 3640 sine
956 3583 1159 3640 timore
1183 3584 1466 3660 superbia,
1491 3584 1689 3642 Timor
1718 3586 1839 3643 sine
1863 3585 2075 3662 gaudio
2097 3585 2419 3661 desperatio
2441 3596 2545 3661 est,
2574 3586 2906 3663 Utrumque

487 3662 737 3741 junctim
768 3670 982 3722 certam
1010 3660 1278 3720 fiduciam
1308 3684 1437 3721 cum
1465 3663 1750 3741 profunda
1776 3665 2097 3724 humilitate
2127 3666 2317 3724 animo
2346 3665 2524 3724 addit.
2592 3666 2683 3724 Ita
2708 3665 2904 3726 fidelis

493 3744 660 3802 timet
689 3744 762 3802 ob
791 3750 1044 3822 peccata,
1091 3743 1305 3820 gaudet
1332 3744 1406 3801 ob
1457 3742 1720 3822 gratiam,
1768 3744 1932 3803 timet
1960 3745 2035 3803 ob
2084 3745 2471 3803 infirmitatem
2505 3746 2810 3823 propriam,
2843 3756 2905 3805 et

491 3824 748 3901 pericula
795 3823 1139 3902 ingruentia,
1172 3832 1230 3882 et
1278 3824 1521 3883 sollicite
1569 3823 1761 3882 media
1788 3825 1980 3881 omnia
2007 3824 2259 3899 adhibet,
2303 3845 2376 3883 ne
2430 3825 2491 3882 in
2534 3825 2903 3884 securitatem

494 3905 782 3963 carnalem
811 3904 1057 3977 labatur,
1090 3904 1306 3981 gaudet
1350 3913 1544 3964 tamen
1571 3903 1783 3962 fiducia
1812 3903 2015 3961 auxilii
2043 3904 2228 3962 divini
2273 3904 2384 3962 sibi
2412 3905 2697 3981 promissi,
2736 3924 2809 3962 ne
2838 3905 2901 3963 in

493 3981 947 4059 desperationem
979 3993 1125 4043 ruat.
1213 3985 1289 4043 Et
1318 3985 1366 4043 si
1396 4004 1524 4061 quae
1550 3985 1682 4042 loca
1724 3983 1799 4041 ad
1849 3984 2111 4042 timorem
2140 3992 2198 4042 et
2225 3993 2440 4043 metum
2484 3985 2802 4058 hortantur,
2832 3994 2903 4043 ut

493 4060 667 4121 Prov.
720 4063 927 4121 xxviii.
963 4065 1056 4137 14,
1106 4067 1135 4120 1
1165 4063 1289 4122 Pet.
1322 4064 1359 4123 i.
1396 4068 1487 4138 17,
1533 4072 1591 4123 et
1620 4063 1766 4139 sim.,
1800 4062 2093 4122 inculcant
2132 4063 2326 4139 potius
2350 4064 2795 4123 sollicitudinem
2822 4063 2897 4122 de

489 4160 582 4199 me
594 4141 723 4216 diis,
756 4162 928 4219 quam
981 4142 1399 4202 dubitationem
1450 4143 1523 4202 de
1571 4143 1686 4202 fine
1717 4165 1731 4216 ;
1778 4143 1857 4200 Et
1897 4142 2032 4200 talis
2060 4143 2233 4201 timor
2259 4162 2375 4200 non
2405 4144 2781 4220 opponendus
2807 4152 2898 4201 est

490 4220 716 4279 fiduciae
778 4242 915 4298 erga
972 4223 1255 4298 promissa
1312 4223 1542 4297 Christi,
1604 4222 1708 4281 sed
1775 4222 2211 4299 praesumptioni
2279 4223 2495 4280 carnali
2535 4222 2608 4281 de
2678 4223 2901 4281 viribus

529 4319 592 4358 ro
634 4321 751 4359 rus.

489 4319 528 4376 P
571 4321 794 4437 {XX
840 4380 1005 4439 Licet
1052 4379 1186 4437 fidei
1235 4380 1448 4439 veritas
1489 4382 1739 4458 pendeat
1786 4401 1821 4440 a
1862 4379 2189 4439 conditione
2239 4381 2429 4439 cordis
2485 4382 2713 4459 integri,
2761 4381 2898 4441 Act.

488 4457 611 4515 viii.
644 4464 738 4533 37,
791 4459 960 4518 Rom.
991 4480 1051 4517 x.
1099 4462 1153 4535 9,
1191 4462 1281 4535 10,
1313 4480 1427 4517 non
1457 4461 1648 4520 minus
1691 4469 1881 4539 potest
1909 4480 2036 4520 esse
2073 4468 2247 4535 certa,
2279 4462 2415 4537 quia
2458 4461 2636 4535 Deus,
2681 4461 2779 4538 qui
2809 4481 2896 4519 re-

488 4535 664 4613 quirit
690 4538 863 4599 fidem
891 4560 967 4599 ex
996 4540 1223 4618 integro
1245 4540 1433 4616 corde,
1463 4540 1525 4599 id
1553 4550 1657 4619 est,
1684 4542 1905 4600 sincero
1934 4549 1994 4600 et
2020 4540 2254 4600 minime
2284 4540 2491 4618 fucat0,
2528 4544 2559 4600 1
2590 4541 2740 4599 Tim.
2768 4540 2807 4599 i.
2838 4542 2894 4615 5,
