3221 5200
475 343 588 400 152
1355 353 1538 395 Locus
1566 353 1969 396 nuonncnms.
2549 332 2805 415 [omes-r.
2834 354 2877 395 1.

476 499 724 578 quadrat
744 497 805 556 in
827 495 1015 555 foedus
1037 494 1476 572 Evangelicum,
1496 495 1654 572 quod
1676 495 1737 554 in
1759 496 1988 555 Christo
2008 504 2234 554 mortuo
2255 493 2544 570 fundatur,
2565 504 2632 554 ut
2653 494 2882 572 dicitur,

479 581 612 640 Gal.
643 580 724 637 lii.
758 583 851 637 17.
894 575 1089 640 διαθήκη
1116 577 1409 656 κανςυμὲιη
1436 582 1497 642 tic
1526 589 1746 657 Χςιστον,
1789 576 1977 635 foedus
2014 576 2219 634 initum
2269 575 2329 632 in
2369 575 2598 634 Christo
2642 575 2783 634 laeso
2825 584 2884 634 et

479 679 753 738 percusso
782 702 798 733 ,
829 678 896 716 ac
924 655 1166 735 proinde
1193 656 1384 715 diviso
1412 676 1565 733 agno
1593 657 1695 715 illo
1723 656 2111 731 immaculatO,
2139 654 2201 712 in
2229 675 2345 732 quo
2375 655 2537 713 Deus
2565 665 2690 714 erat
2717 676 2883 714 mun-

480 740 619 798 dum
649 739 759 796 sibi
790 737 1185 812 reconcilians,
1228 740 1264 793 2
1310 736 1439 794 Cor.
1469 756 1528 794 v.
1564 738 1656 812 19,
1697 745 1756 795 et
1791 756 1896 814 per
1935 756 2108 813 quem
2150 735 2317 812 quasi
2357 735 2661 812 transiens,
2694 735 2886 794 foedus

475 818 627 878 illud
653 817 1050 878 confirmatum
1078 823 1138 875 et
1163 823 1353 874 ratum
1379 814 1535 875 fecit.

610 953 622 965 ,
707 953 717 965 ,
790 952 802 964 ,
983 917 986 918 ⁷
1086 895 1208 954 III.
1254 894 1434 971 Apud
1484 897 1722 954 Graecos
1770 915 1890 953 vox
1938 894 2171 954 foederis
2219 892 2368 954 solet
2406 894 2589 972 vulgo
2638 894 2885 972 exprimi

527 952 920 1063 qmgssffffwt
1011 995 1115 1052 per
1141 972 1395 1052 ὃισιθιὶκιιη
1441 995 1570 1051 quae
1610 975 1686 1032 ad
1728 994 1896 1033 omne
1929 974 2120 1035 foedus
2160 981 2218 1033 et
2258 982 2489 1051 pactum
2519 974 2717 1033 referri
2758 975 2884 1051 qui·

1013 1055 1146 1113 dem
1173 1064 1398 1132 potest;
1440 1063 1508 1113 ut
1535 1074 1653 1113 non
1680 1055 1858 1113 semel
1885 1055 1996 1113 hoc
2024 1074 2197 1113 sensu
2225 1054 2505 1113 sumitur:
2538 1054 2679 1113 Luc.
2708 1054 2747 1112 i.
2768 1059 2882 1129 72;

484 1135 622 1195 Act.
653 1134 736 1192 iii.
765 1136 863 1208 25,
903 1140 962 1192 et
988 1134 1090 1194 vii.
1120 1136 1192 1210 8;
1242 1134 1485 1194 Roman.
1514 1135 1597 1193 ix.
1628 1138 1700 1210 43
1748 1135 1941 1193 Galat.
1970 1134 2050 1193 iii.
2086 1136 2177 1207 15,
2221 1144 2279 1193 et
2305 1134 2386 1191 iv.
2417 1137 2529 1210 243
2576 1134 2794 1212 Ephes.
2823 1134 2884 1192 ii.

486 1219 598 1291 123
645 1214 800 1273 Heb.
828 1213 951 1271 viii.
983 1216 1037 1289 6,
1069 1215 1124 1288 8,
1158 1216 1213 1289 9,
1245 1213 1354 1273 Sec.
1421 1214 1538 1273 Sed
1564 1214 1931 1291 peculiariter
1956 1234 2087 1273 cum
2116 1213 2376 1272 foederali
2403 1215 2667 1291 pactione
2694 1216 2887 1272 Testa-

480 1295 819 1353 mentariam
864 1294 1272 1369 dispositionem
1311 1302 1489 1368 notat,
1534 1313 1651 1371 quo
1692 1293 2020 1370 significatu
2058 1294 2303 1353 sumitur
2345 1293 2556 1352 Matth.
2587 1294 2752 1353 xxvi.
2783 1296 2882 1367 28,

486 1378 518 1433 1
553 1374 770 1433 Corint.
800 1373 880 1431 xi.
912 1376 1008 1449 25,
1053 1382 1111 1432 et
1138 1373 1424 1451 praecipue
1455 1374 1639 1432 Hebr.
1667 1373 1750 1432 ix.
1784 1376 1875 1450 15,
1912 1376 2002 1448 16,
2042 1372 2143 1431 ubi
2191 1372 2332 1431 dicit
2363 1373 2580 1432 Paulus
2625 1376 2662 1406 ‘⁶
2691 1373 2885 1431 Chris-

482 1462 608 1513 tum
636 1453 850 1512 factum
879 1451 1056 1511 fuisse
1085 1453 1468 1512 Mediator-em
1497 1454 1569 1511 N.
1600 1453 1874 1528 Testam.,
1902 1461 1985 1528 ut,
2017 1461 2201 1511 morte
2239 1453 2629 1512 intercedente
2667 1453 2741 1511 ad
2783 1473 2885 1511 ex·

484 1533 798 1611 piationem
838 1540 1204 1609 peccatorum
1246 1533 1692 1610 praecedentium
1722 1533 1830 1591 sub
1869 1533 2055 1609 primo
2084 1532 2471 1609 TestamentO,
2516 1533 2709 1591 vocati
2736 1533 2885 1596 acci·

484 1614 648 1691 piant
691 1613 1129 1690 promissionem
1173 1613 1584 1672 haereditatis.''
1672 1613 1805 1671 Non
1847 1613 1971 1672 sine
2017 1613 2267 1671 Numine
2310 1621 2501 1671 autem
2543 1612 2776 1688 factum,
2818 1621 2890 1671 ut

485 1692 714 1768 LXX„
747 1712 893 1770 quos
920 1692 1015 1751 hic
1044 1693 1303 1770 sequitur
1332 1693 1561 1770 Apost.,
1580 1712 1785 1751 vocem
1814 1713 1962 1751 rav-n:
1991 1712 2096 1769 per
2123 1691 2343 1755 Bono-ianr
2367 1693 2560 1770 potius
2588 1712 2761 1768 quam
2782 1712 2889 1768 per

485 1775 707 1837 συνθήκην
742 1772 1114 1849 reddiderint,
1158 1792 1288 1851 quse
1327 1773 1646 1850 simplicem
1686 1773 2015 1849 pactionem
2042 1781 2238 1849 notat;
2282 1773 2419 1849 quia
2453 1772 2643 1831 foedus
2684 1772 2886 1849 gratiae

483 1854 661 1912 habet
689 1852 908 1929 aliquid
935 1852 1181 1912 mixtum
1212 1872 1286 1910 ex
1333 1855 1678 1911 Testamento
1708 1861 1767 1911 et
1790 1855 2011 1927 soedere
2027 1876 2051 1924 ;
2096 1852 2269 1911 Unde
2310 1871 2427 1910 non
2454 1852 2604 1910 male
2646 1860 2887 1910 vocatur

486 1935 1063 2006 Testamenta-findas,
1094 1935 1302 1990 Foedus
1334 1933 1852 2008 Testamentarium,
1883 1941 1943 1991 et
1974 1935 2380 1991 Testamentum
2403 1934 2705 2007 soederale.
2755 1935 2884 1990 Fae-

483 2017 589 2072 dus
617 2022 721 2089 est,
747 2013 882 2089 quia
909 2013 985 2070 ad
1025 2012 1262 2070 modum
1290 2011 1522 2070 foederis
1551 2012 1860 2070 conventio
1902 2011 1968 2071 fit
1994 2013 2147 2071 inter
2184 2021 2396 2088 parteS,
2427 2021 2485 2071 et
2527 2012 2887 2070 conditiones

485 2094 758 2170 utrinque
786 2100 1095 2169 ponuntur,
1126 2100 1185 2150 et
1212 2112 1247 2150 a
1274 2100 1434 2169 parte
1466 2091 1594 2167 Dei,
1620 2100 1678 2151 et
1699 2112 1734 2149 a
1760 2100 1922 2168 parte
1944 2092 2261 2166 hominum,
2292 2100 2350 2149 et
2381 2092 2671 2150 Mediator
2697 2091 2885 2167 datur,

484 2175 585 2250 qui
614 2181 806 2251 partes
836 2172 1185 2232 dissidentes
1212 2172 1512 2247 conciliet;
1562 2170 1680 2230 Sed
1712 2174 2115 2230 Testamentum
2145 2172 2318 2230 etiam
2348 2180 2453 2247 est,
2502 2175 2556 2231 l.
2589 2171 2736 2245 Quia
2762 2171 2886 2248 agi·

482 2261 579 2312 tur
606 2254 680 2311 de
707 2252 939 2328 foedere,
970 2271 1085 2329 quo
1113 2252 1463 2329 promittitur
1489 2250 1813 2326 haereditas,
1844 2270 1974 2328 quae
2002 2251 2325 2310 necessario
2353 2260 2596 2310 mortem
2624 2251 2888 2309 Testato-

481 2333 564 2391 ris
601 2332 1036 2392 antecedentem
1075 2331 1364 2410 postulat;
1410 2333 1474 2390 Is
1515 2332 1730 2409 quippe
1771 2331 2004 2390 demum
2045 2340 2315 2390 censetur
2350 2332 2552 2405 haeres,
2599 2331 2693 2389 eui
2735 2331 2890 2390 bona

481 2413 796 2489 obtingunt
864 2411 1282 2471 interveniente
1324 2412 1685 2488 disponentis
1721 2411 2041 2470 voluntate.
2126 2412 2272 2470 Cum
2334 2411 2514 2488 igitur
2555 2408 2752 2475 >muna
2815 2412 2890 2470 sit

483 2492 769 2569 ejusmodi
800 2493 1104 2567 ἔπαγγιλιὸι,
1149 2492 1317 2567 cujus
1345 2491 1408 2548 vi
1435 2491 1741 2551 haereditas
1770 2491 2038 2566 cernitur,
2082 2510 2324 2550 necesse
2365 2499 2454 2549 est
2480 2499 2546 2549 ut
2584 2492 2661 2549 sit
2687 2492 2887 2549 Testa-

483 2572 784 2631 mentaria.
867 2571 1012 2630 Ideo
1040 2570 1276 2648 subjicit
1304 2569 1644 2649 Apostolus,
1683 2571 1798 2631 Ubi
1819 2571 1964 2630 enim
1990 2567 2203 2647 ὶιαθίκη,
2247 2570 2517 2628 nimirum
2545 2590 2661 2647 qua
2708 2571 2889 2629 haere-

483 2651 636 2711 ditas
678 2649 1049 2728 promittitur,
1079 2650 1159 2709 id.
1203 2659 1600 2727 testamentum,
1646 2672 1799 2709 mors
1839 2653 2143 2710 Testatoris
2183 2652 2491 2709 intercedat
2529 2671 2743 2709 necesse
2791 2660 2888 2710 est.

486 2735 546 2789 2.
577 2730 727 2804 Quia
753 2730 815 2787 in
843 2729 1207 2788 commodum
1236 2739 1496 2788 nostrum
1538 2739 1763 2790 tantum
1792 2730 1983 2791 foedus
2010 2731 2168 2790 istud
2206 2749 2541 2807 percussum
2570 2738 2676 2805 est,
2719 2739 2788 2790 ut
2827 2732 2891 2789 in

486 2810 877 2884 Testamento,
923 2828 1041 2867 non
1089 2808 1426 2886 Testatoris,
1476 2808 1581 2869 sed
1627 2810 1924 2870 haeredum
1972 2811 2336 2870 commodum
2379 2808 2733 2885 attenditur;
2780 2830 2890 2868 nec

487 2890 650 2949 Deus
679 2889 752 2948 de
793 2889 1010 2947 mutuis
1037 2888 1354 2964 beneficiis,
1400 2889 1503 2948 sed
1531 2890 1604 2949 de
1633 2892 1755 2949 suis
1796 2899 2020 2950 tantum
2063 2889 2390 2968 paciscitur.
2474 2891 2530 2948 3.
2563 2887 2712 2963 Quia
2751 2888 2892 2947 licet

480 2970 754 3048 utrinque
783 2968 1144 3028 conditiones
1185 2978 1594 3047 proponantur,
1626 2971 1798 3030 unius
1826 2978 2050 3030 tantum
2078 2970 2276 3048 partis,
2306 2967 2578 3026 nimirum
2609 2968 2738 3045 Dei,
2769 2970 2887 3026 vir-

486 3057 611 3108 tute
654 3058 714 3109 et
754 3049 1033 3109 fidelitate
1076 3050 1408 3108 executioni
1447 3050 1812 3111 mandantur.
1899 3050 2071 3110 Unde
2113 3050 2238 3110 sola
2281 3048 2392 3106 Dei
2433 3049 2622 3125 gratia
2661 3047 2885 3124 nititur,

481 3130 645 3189 nulla
671 3150 810 3190 vero
839 3128 1089 3189 hominis
1119 3129 1496 3208 dispositione
1525 3140 1585 3190 et
1610 3131 1837 3207 merito,
1866 3138 1934 3189 ut
1961 3150 2067 3190 suo
2094 3130 2223 3188 loco
2251 3128 2435 3188 fusius
2462 3128 2820 3205 probabitur.

1091 3209 1201 3268 IV.
1246 3210 1445 3288 Atque
1472 3211 1608 3270 hinc
1638 3210 1805 3270 facile
1834 3210 2144 3286 colligitur,
2159 3209 2301 3287 quid
2329 3207 2698 3267 statuendum
2728 3208 2804 3267 sit
2830 3208 2892 3265 in

481 3282 574 3334 ⁴3¹¹»
608 3282 718 3328 V⁰¹
758 3276 964 3330 3¹“5'5W‘
1008 3289 1356 3365 Quaestione,
1388 3312 1517 3368 quae
1572 3291 1668 3350 hic
1716 3311 1752 3349 a
1797 3290 2091 3349 nonnullis
2138 3298 2406 3348 movetur
2452 3288 2524 3347 de
2572 3309 2684 3347 usu
2726 3288 2890 3346 vocis

541 3344 965 3443 ssssffissentffintffi
1005 3368 1226 3433 Βαδάκης
1251 3392 1265 3428 :
1309 3369 1411 3427 An
1438 3390 1514 3428 ex
1540 3389 1653 3428 usu
1682 3370 1754 3428 N.
1779 3371 1956 3445 Test.,
1980 3378 2039 3428 et
2066 3369 2364 3446 speciatim
2394 3369 2579 3444 Pauli,
2605 3367 2891 3446 significet

540 3454 605 3499 N·
630 3455 719 3508 Τ-;
779 3456 970 3523 ,Annon
1011 3455 1237 3505 tantum
1266 3448 1717 3524 Testamentum,
1748 3469 1865 3508 non
1893 3469 2037 3507 vero
2078 3449 2251 3507 etiam
2294 3451 2517 3512 nveniam
2558 3468 2659 3507 seu
2701 3447 2891 3506 foedus

540 3513 873 3615 {ffiqatetmm
889 3511 974 3555 foe-
1012 3534 1072 3583 et
1111 3527 1453 3602 pactionem.
1539 3529 1682 3586 Cum
1725 3530 1877 3587 enim
1926 3528 2255 3606 promiscua
2297 3529 2374 3586 sit
2412 3528 2568 3607 apud
2596 3527 2893 3586 Authores

1005 3605 1277 3681 profanos
1325 3615 1384 3664 et
1432 3626 1626 3665 sacros
1673 3604 1895 3673 ὶιιοιὶιιης
1945 3607 2310 3686 significatiO,
2366 3616 2486 3666 tam
2534 3628 2639 3685 pro
2689 3608 2890 3666 Testa·

482 3691 697 3753 ment0,
728 3702 902 3759 quam
929 3704 1034 3760 pro
1074 3683 1304 3760 foedere,
1335 3686 1481 3744 ratio
1523 3687 1685 3745 nulla
1725 3689 1911 3747 solida
1950 3688 2142 3747 afferri
2181 3695 2391 3764 potest,
2435 3708 2539 3746 cur
2580 3688 2705 3746 sola
2745 3686 2893 3745 ratio

482 3762 841 3822 Testamenti
877 3762 1031 3841 apud
1062 3763 1308 3822 Paulum
1349 3765 1540 3823 locum
1584 3767 1796 3827 habere
1842 3768 2065 3842 debeat,
2098 3767 2336 3826 exclusa
2376 3768 2597 3826 ratione
2638 3766 2890 3826 foederis.

484 3844 727 3902 Henric.
761 3842 960 3921 Steph.
990 3840 1263 3919 ὃιαιτιᾌιμαι
1292 3846 1530 3922 exponit
1556 3865 1660 3924 per
1691 3849 1928 3923 Testari,
1959 3857 2017 3907 et
2044 3868 2147 3925 per
2163 3847 2385 3922 pacisci
2391 3869 2410 3903 .·
2441 3847 2587 3905 Cum
2610 3867 2727 3924 quo
2754 3846 2893 3904 facit

482 3923 759 3998 Budaeus,
791 3924 891 4000 qui
932 3921 1150 3986 διαθήκην
1191 3943 1294 4000 pro
1343 3925 1715 3986 Testamento
1757 3937 1815 3986 et
1858 3948 1963 4005 pro
2007 3926 2221 3985 foedere
2262 3926 2527 4003 usurpari
2567 3926 2893 4010 promiscue

481 4004 718 4062 asserit:
747 4005 1059 4080 Διειτίδιμαι,
1074 4008 1184 4062 ἀντὶ
1204 4012 1290 4063 τοῦ
1310 4007 1604 4081 συν-πίθηαι,
1617 4008 1900 4083 paciscor.
1934 4007 2267 4084 Hesychius
2284 4004 2504 4070 tuot...»
2520 4006 2776 4083 explicat
2790 4024 2894 4082 per

481 4084 800 4159 nnuma-1221,
833 4103 961 4160 quse
1011 4084 1070 4141 in
1119 4085 1384 4160 pactione
1412 4085 1646 4144 foederis
1688 4087 1837 4146 solet
1863 4106 1989 4145 esse
2032 4087 2093 4144 in
2118 4106 2247 4144 usu.
2295 4086 2501 4145 LXX.
2535 4085 2892 4162 Interpretes

479 4183 684 4222 vocem
712 4183 830 4221 rm:
861 4162 1155 4239 explicant
1182 4184 1284 4240 per
1310 4161 1543 4239 ὶιαοέιιηι,
1575 4165 1676 4224 ubi
1703 4167 1865 4224 nulla
1893 4166 2007 4224 alia
2034 4185 2205 4242 quam
2233 4166 2389 4243 pacti
2429 4174 2489 4225 et
2529 4165 2762 4224 foederis
2789 4184 2891 4241 po-

482 4251 601 4302 test
629 4241 887 4301 obtinere
919 4242 1281 4319 significatio,
1318 4247 1348 4301 1
1386 4244 1538 4303 Sam.
1569 4244 1651 4302 xi.
1687 4248 1738 4318 1,
1772 4246 1920 4304 Gen.
1949 4246 2115 4303 xxxi.
2147 4249 2245 4303 44.

560 4322 637 4380 V.
685 4321 749 4380 Si
778 4321 979 4379 sedulo
1008 4322 1410 4399 expendantur
1434 4323 1564 4381 loca
1591 4324 1665 4381 N.
1695 4324 1852 4383 Test.
1880 4325 1981 4383 ubi
2008 4345 2125 4382 vox
2165 4322 2386 4390 ὃιοιδιίκης
2414 4324 2679 4399 occurrit,
2713 4323 2891 4400 signi·

477 4400 806 4459 ficationem
849 4404 1071 4466 συνθήκης
1114 4420 1232 4460 ιιοιι
1272 4402 1446 4460 modo
1486 4423 1603 4461 non
1645 4403 1981 4477 excludunt,
2012 4404 2120 4463 sed
2163 4414 2222 4464 et
2262 4425 2378 4463 non
2423 4424 2552 4463 raro
2595 4403 2894 4481 postulant

478 4480 825 4539 necessario.
910 4481 1052 4540 Luc.
1083 4480 1120 4539 i.
1153 4485 1248 4555 72,
1280 4482 1418 4540 Act.
1448 4481 1528 4541 iii.
1561 4485 1657 4557 25,
1686 4483 1902 4542 mentio
1930 4482 1996 4542 fit
2023 4481 2260 4557 δασέας,
2292 4504 2422 4562 quse
2451 4484 2601 4544 facta
2643 4491 2732 4541 est
2760 4502 2891 4541 cum

481 4557 754 4616 Patribus
780 4560 841 4617 in
871 4560 1224 4634 Abrahamo,
1256 4581 1429 4637 quam
1457 4561 1737 4620 rationem
1767 4561 2037 4621 habuisse
2067 4565 2299 4622 foederis
2326 4564 2527 4640 negari
2555 4582 2673 4622 non
2699 4570 2892 4640 potest

478 4656 557 4697 ex
587 4637 799 4696 Genes.
831 4640 975 4697 xvii.
1013 4642 1104 4716 10,
1143 4643 1233 4717 ll,
1279 4639 1431 4698 unde
1475 4640 1664 4701 foedus
1705 4641 1808 4699 illo
1848 4651 2207 4717 sacramento
2250 4643 2621 4720 obsignatum
2649 4651 2892 4703 vocatur
