3221 5200
218 366 459 412 QUAEST.
492 347 608 425 111]
1128 367 1206 405 ns
1236 366 1740 408 aus‘rirlcxriom.
2531 355 2602 411 57
2615 355 2644 410 l

298 577 301 578 ⁷
842 507 961 564 XI.
1007 507 1102 564 Ex
1130 507 1341 583 quibus
1382 507 1466 566 ita
1492 507 1698 584 positis
1727 507 1893 566 facile
1927 509 2125 567 Status
2155 508 2504 583 Quaestionis
2533 511 2651 570 col-

279 573 459 642 Status
481 571 655 643 Qum·
755 586 862 662 ligi
890 593 1098 663 potest.
1186 587 1381 644 Primo
1423 596 1623 645 contra
1655 588 1995 646 Socinianos
2024 589 2315 665 quaeritur,
2364 590 2463 647 An
2504 592 2646 650 Jus-

242 636 689 733 Cumtszssiiiianis.
752 666 896 740 titia,
940 666 1283 725 Obedientia
1325 675 1383 725 61
1430 666 1759 725 Satisfactio
1804 667 2017 725 Christi
2072 669 2240 726 nobis
2295 670 2650 747 imputentur

757 745 832 803 ad
865 745 1199 819 justitiam?
1283 747 1367 804 Ut
1409 747 1563 804 enim
1602 755 1822 823 negant
1864 747 2247 806 obedientiam
2292 758 2351 808 et
2389 750 2648 808 satisfac-

220 827 448 885 tionem
479 825 692 886 Christi
720 845 823 901 pro
851 826 1017 883 nobis
1048 825 1360 900 praestitam
1385 848 1399 900 3
1447 827 1540 885 Ita
1581 827 1923 886 obedientiae
1966 827 2133 885 istius
2161 838 2218 888 et
2247 829 2656 888 satisfactionis

220 907 669 984 imputationem
720 913 778 963 et
824 906 1266 982 applicationem
1315 905 1599 980 rejiciunt,
1652 915 1711 965 et
1737 907 1902 965 velut
1922 918 2308 967 commentum
2335 910 2651 967 humanum

225 987 576 1063 explodunt,
609 985 842 1043 Socinus
871 986 1061 1043 Tract.
1088 985 1159 1042 (16
1201 986 1243 1043 J
1248 986 1441 1060 ustifi.,
1480 988 1701 1044 Ostoro.
1734 986 1927 1045 Instit.
1960 1007 2084 1063 cap.
2110 987 2202 1062 36,
2236 992 2330 1063 37,
2379 989 2655 1046 Smalcius

226 1066 401 1142 Disp.
446 1067 518 1125 de
540 1067 581 1125 J
585 1065 983 1123 ustificatione.
1071 1064 1395 1123 Orthodoxi
1424 1084 1562 1123 vero
1591 1076 1828 1124 censent
1858 1066 2257 1125 Obedientiam
2288 1087 2355 1124 ac
2385 1067 2657 1127 satisfac·

224 1146 450 1203 tionem
503 1145 714 1204 Christi
762 1146 930 1203 nobis
976 1145 1245 1222 imputari
1275 1144 1671 1219 adjustitiam,
1720 1155 2005 1221 quatenus
2046 1166 2149 1222 per
2190 1147 2500 1225 gratuitam
2546 1148 2657 1205 Dei

224 1225 683 1283 misericordiam
712 1234 908 1282 nostra
937 1234 1217 1299 censetur,
1264 1233 1321 1282 et
1362 1243 1470 1282 nos
1496 1233 1731 1302 propter
1758 1245 1884 1284 eam
1915 1225 1974 1282 in
2006 1226 2114 1283 Dei
2137 1227 2364 1302 judicio
2394 1247 2429 1284 a
2455 1247 2653 1303 pecca-

230 1305 314 1361 tis
343 1305 717 1377 absolvimur,
751 1314 807 1362 et
827 1305 973 1378 justi
1005 1304 1466 1381 pronunciamur.

845 1385 1000 1442 XII.
1046 1385 1261 1442 Contra
1291 1382 1627 1442 Pontificios
1657 1404 1795 1442 vero
1824 1404 1941 1442 non
1970 1385 2263 1460 quaeritur,
2300 1389 2352 1444 1.
2384 1385 2483 1443 An
2513 1388 2654 1446 Jus-

226 1463 301 1507 Et
352 1477 472 1534 cuni·
514 1461 718 1509 Pontifi-
758 1465 887 1523 titia
916 1464 1130 1522 Christi
1159 1464 1236 1522 sit
1263 1484 1438 1522 causa
1460 1463 1715 1522 formalis
1730 1464 2164 1540 justificationis
2191 1474 2421 1540 nostrae,
2454 1466 2532 1524 id.
2557 1467 2654 1523 An

414 1536 518 1568 ⁰¹¹⁸·
763 1545 839 1602 sit
865 1543 1065 1618 forma,
1098 1564 1201 1621 per
1238 1563 1413 1620 quam
1441 1544 1614 1602 homo
1659 1545 2029 1603 constituitur
2069 1546 2264 1621 justus
2292 1547 2656 1622 inhaerenter,

231 1629 301 1679 ut
326 1621 618 1680 Pontificii
645 1624 999 1701 intelligunt,
1032 1625 1074 1683 J
1077 1623 1521 1683 ustificationem
1550 1644 1654 1700 per
1682 1623 2028 1682 infusionem
2050 1625 2295 1701 justitiae
2324 1625 2654 1684 describen-

232 1709 343 1759 tes.
431 1702 578 1758 Nam
607 1723 737 1762 cum
767 1714 938 1762 antea
983 1704 1286 1781 probatum
1318 1704 1394 1762 sit
1420 1724 1547 1762 esse
1593 1712 1785 1762 actum
1833 1703 2133 1777 forensem,
2185 1724 2302 1762 non
2330 1705 2655 1781 physicum,

232 1780 451 1838 frustra
479 1784 755 1857 quaeritur
783 1783 854 1840 de
912 1803 1086 1841 causa
1139 1783 1365 1841 formali
1422 1783 1664 1855 interna,
1723 1802 1854 1858 quae
1908 1783 2157 1858 pertinet
2184 1783 2258 1839 ad
2315 1783 2659 1842 beneficium

241 1860 747 1921 Sanctificationis.
837 1863 953 1920 Sed
992 1863 1269 1937 quaeritur
1296 1861 1368 1919 de
1418 1880 1593 1919 causa
1636 1861 1930 1919 meritoria
1974 1869 2032 1918 et
2076 1862 2386 1938 impulsiva
2440 1862 2484 1922 J
2489 1862 2664 1921 udicii

234 1939 425 1998 divini
455 1961 556 2000 seu
586 1941 886 2001 sententiae
914 1950 1125 1999 nostrae
1154 1941 1520 1999 absolutorias
1545 1962 1559 2016 3
1593 1941 1743 2015 Non,
1778 1940 1878 1997 An
1905 1941 1949 1998 J
1952 1940 2149 1998 ustitia
2178 1941 2392 2000 Christi
2422 1943 2498 2001 sit
2526 1963 2659 2001 nos-

234 2027 329 2077 tra
356 2020 612 2079 formalis
640 2030 699 2079 et
746 2021 1030 2079 inhaerens
1078 2020 1398 2098 subjective
1438 2020 1702 2096 justitia3
1759 2020 1892 2095 Sed,
1918 2018 2018 2076 An
2064 2021 2140 2078 sit
2166 2021 2412 2079 Justitia
2460 2032 2659 2081 nostra

233 2099 409 2156 realis
438 2109 495 2157 et
524 2100 812 2159 sufficiens
855 2101 1212 2177 imputative,
1258 2120 1360 2177 per
1402 2119 1592 2176 quam,
1626 2101 1676 2158 si
1740 2119 1856 2157 non
1907 2118 2105 2157 sumus
2148 2099 2462 2160 formaliter
2511 2104 2659 2179 justi

227 2178 461 2253 justitia
488 2179 819 2255 inhaerente,
852 2199 1050 2239 sumus
1078 2190 1272 2239 tamen
1305 2181 1636 2256 formaliter
1648 2180 1946 2255 justificati
1979 2199 2082 2255 per
2131 2179 2286 2238 illius
2325 2182 2657 2259 imputatio·

238 2276 391 2331 nem,
422 2266 488 2316 ut
515 2268 723 2335 praeter
750 2280 876 2319 eam
904 2260 1066 2318 nulla
1086 2260 1201 2318 alia
1228 2261 1303 2318 sit
1330 2259 1571 2317 materia
1591 2259 1836 2336 justitiae
1864 2268 2076 2317 nostrae
2095 2279 2288 2318 coram
2320 2262 2445 2319 Deo
2466 2264 2495 2319 P

325 2337 514 2396 XIII.
559 2344 614 2396 2.
662 2340 793 2397 Non
815 2340 1121 2415 quaeritur3
1155 2339 1253 2397 An
1274 2339 1503 2416 justitia
1531 2347 1589 2398 et
1609 2339 1878 2398 meritum
1899 2339 2113 2398 Christi
2141 2340 2310 2397 nobis
2329 2341 2659 2418 imputetur.

243 2416 377 2474 Hoc
406 2418 557 2475 enim
592 2416 880 2478 Pontificii
909 2439 1024 2477 non
1053 2419 1267 2478 audent
1313 2418 1559 2477 diffiteri.
1628 2420 1847 2478 Concil.
1889 2419 2123 2478 Triden.
2159 2419 2314 2478 Sess.
2346 2423 2400 2494 6,
2448 2440 2570 2495 cap.
2602 2421 2660 2495 8,

243 2496 386 2555 dicit
416 2498 769 2557 “Christum
799 2499 1160 2558 sanctissima
1205 2519 1310 2557 sua
1350 2498 1617 2576 passione
1666 2499 1726 2556 in
1756 2499 1916 2576 ligno
1966 2500 2154 2558 crucis
2192 2499 2360 2557 nobis
2382 2499 2663 2575 justifica-

242 2575 458 2635 tionem
488 2579 782 2654 meruisse,
814 2589 873 2639 et
914 2599 1017 2657 pro
1061 2580 1229 2639 nobis
1282 2579 1406 2637 Deo
1454 2579 1612 2638 Patri
1661 2579 2026 2655 satisfecisse,
2059 2588 2116 2640 et
2145 2580 2433 2638 neminem
2490 2598 2657 2657 posse

242 2676 368 2715 esse
390 2659 631 2734 justum,
665 2662 775 2717 nisi
806 2661 895 2719 cui
927 2660 1131 2718 merita
1157 2660 1444 2738 passionis
1496 2660 1730 2717 Domini
1770 2661 1952 2719 nostri
1980 2661 2022 2719 J
2027 2681 2129 2719 esu
2160 2661 2373 2719 Christi
2404 2680 2657 2718 commu-

235 2737 559 2797 nicantur.''
648 2741 802 2798 Hine
834 2742 1100 2817 Vasques
1149 2742 1208 2798 in
1251 2743 1301 2798 1.
1334 2744 1389 2797 2.
1420 2758 1476 2815 q.
1529 2743 1664 2799 114.
1710 2740 1858 2817 disp.
1888 2744 2023 2799 222.
2057 2761 2183 2818 cap.
2217 2745 2269 2814 1,
2319 2740 2651 2799 “Concedi-

244 2820 430 2891 111116,”
474 2820 676 2895 inquit,
727 2822 946 2879 “nobis
995 2821 1265 2898 imputari
1313 2820 1389 2878 ad
1416 2820 1668 2896 aliquem
1717 2820 2002 2896 effectum,
2034 2841 2151 2879 non
2207 2822 2395 2880 solum
2441 2840 2659 2898 eaquae

249 2897 416 2953 nobis
438 2898 652 2974 insunt,
678 2909 742 2958 ut
770 2910 1086 2977 peecatum,
1133 2901 1305 2959 fidem
1352 2909 1410 2959 et
1430 2901 1735 2976 justitiam,
1789 2900 1892 2959 sed
1936 2901 2108 2959 etiam
2151 2901 2345 2977 aliqua
2387 2902 2666 2959 extrinse-

247 2994 329 3049 66,
363 2985 428 3033 111
456 2979 658 3035 11161116
687 2988 745 3036 61
773 2980 1159 3038 obedientiam
1184 2980 1414 3049 Christi,
1447 2980 1582 3055 quia
1623 2999 1739 3037 non
1769 2980 1939 3037 modo
1974 3001 2043 3037 ea
2070 3000 2199 3056 quae
2243 2980 2410 3037 nobis
2451 2980 2663 3052 insunt,

245 3054 345 3112 sed
363 3055 538 3112 etiam
567 3056 769 3129 aliena,
803 3059 1014 3115 intuitu
1043 3078 1286 3133 quorum
1308 3058 1479 3115 nobis
1508 3058 1728 3133 aliquid
1752 3058 2012 3132 donatur,
2045 3059 2362 3134 computari
2393 3058 2663 3115 dicuntur

247 3133 393 3192 inter
420 3144 616 3192 nostra
634 3135 708 3192 ad
736 3136 985 3214 aliquem
1015 3137 1299 3209 effectum,
1331 3156 1399 3194 ac
1445 3138 1493 3194 si
1535 3156 1672 3193 vere
1709 3146 1907 3194 nostra
1934 3139 2185 3195 essent.''
2273 3136 2441 3210 Quod
2485 3137 2657 3194 etiam

252 3215 513 3289 agnoscit
555 3214 827 3275 Bellarm.
856 3215 956 3273 lib.
977 3217 1037 3273 ii.
1084 3215 1155 3272 de
1193 3215 1398 3273 Justif.
1443 3235 1566 3291 cap.
1600 3219 1655 3288 7,
1704 3218 1739 3248 ‘³
1767 3216 1828 3273 Si
1873 3215 2266 3274 protestantes
2327 3216 2437 3273 hoc
2478 3216 2664 3273 solum

251 3293 520 3367 vellent,’'
546 3294 750 3371 inquit,
786 3299 820 3328 ‘⁴
842 3296 1012 3352 nobis
1039 3295 1311 3371 imputari
1358 3294 1572 3353 Christi
1609 3295 1831 3368 merita,
1879 3294 2013 3371 quia
2041 3315 2075 3352 a
2108 3296 2234 3352 Deo
2263 3295 2430 3352 nobis
2453 3295 2667 3353 donata

253 3380 399 3445 suut,
426 3383 484 3430 et
511 3394 817 3450 possumus
856 3395 924 3433 66
956 3375 1113 3433 Ρ611·1
1159 3373 1360 3432 offerre
1399 3393 1502 3450 pro
1537 3374 1790 3449 peccatis
1817 3374 2045 3443 11061116,
2094 3374 2365 3451 quoniam
2401 3374 2664 3433 Christus

253 3452 503 3529 suscepit
558 3474 704 3512 onus
757 3454 1145 3514 satisfaciendi
1195 3474 1298 3531 pro
1346 3454 1532 3530 nobis,
1574 3474 1795 3531 nosque
1849 3456 1973 3512 Deo
2018 3455 2176 3512 Patri
2234 3453 2661 3530 reconciliandi,

252 3541 405 3590 recta
460 3542 613 3592 esset
669 3536 1010 3594 sententia.'’
1096 3534 1281 3611 Atqui
1330 3535 1475 3592 nihil
1512 3534 1672 3592 aliud
1717 3534 2022 3610 volumus3
2068 3535 2218 3592 Nam
2275 3534 2432 3611 quod
2481 3533 2659 3607 addit,

257 3616 290 3643 “
315 3613 436 3672 Nos
466 3615 615 3673 velle
646 3614 727 3672 ita
749 3615 1018 3692 imputari
1047 3615 1215 3673 nobis
1246 3615 1457 3673 Christi
1481 3615 1787 3691 justitiam,
1819 3623 1884 3674 ut
1911 3635 2015 3691 per
2030 3635 2156 3673 66111
2179 3615 2495 3673 formaliter
2516 3614 2663 3691 justi

254 3693 629 3769 nominemur,
668 3704 726 3753 et
769 3697 1006 3771 simuS,''
1052 3696 1161 3754 hoe
1185 3695 1365 3772 gratis
1394 3703 1452 3753 et
1480 3694 1626 3752 falso
1656 3695 1944 3771 supponit,
1976 3715 2050 3752 ex
2100 3715 2370 3772 perversa
2419 3704 2476 3752 et
2520 3714 2666 3770 prae·

257 3781 480 3845 postera
508 3793 611 3831 sua
640 3775 948 3851 hypothesi
997 3776 1068 3833 de
1107 3775 1534 3834 Justificatione
1576 3775 1800 3833 morali.
1888 3773 2003 3833 Sed
2048 3775 2339 3849 quaeritur,
2403 3773 2498 3829 Ad
2527 3772 2667 3847 quid

257 3851 553 3927 imputatio
581 3854 694 3911 ista
719 3855 867 3912 fiat?
898 3855 997 3912 An
1020 3854 1093 3912 ad
1130 3855 1603 3929 justificationem
1649 3862 1707 3911 et
1750 3854 1949 3926 vitam,
1982 3862 2045 3910 ut
2076 3854 2196 3909 Nos
2251 3851 2660 3927 pertendimus,

260 3930 352 3985 An
380 3950 519 3987 vero
548 3938 772 3988 tantum
801 3933 876 3989 ad
905 3934 1104 4008 gratiae
1149 3933 1389 3991 internae
1446 3942 1503 3991 et
1523 3933 1768 4008 justitiae
1817 3932 2149 3988 inhaerentis
2205 3930 2565 4003 infusionem,
2599 3938 2665 3989 ut

259 4009 352 4065 Illi
397 4010 635 4083 volunt3
687 4010 759 4067 Id
788 4021 892 4085 est,
947 4012 1045 4068 An
1096 4011 1175 4069 ita
1219 4012 1572 4088 imputentur
1600 4020 1659 4069 et
1707 4010 2200 4068 communicentur
2245 4010 2414 4067 nobis
2461 4009 2668 4067 merita

260 4088 484 4163 Christi,
517 4097 582 4147 ut
610 4089 727 4148 sint
757 4111 929 4149 causa
957 4090 1248 4149 meritoria
1277 4092 1400 4149 sola
1428 4100 1638 4149 nostrae
1660 4090 2108 4166 justificationis,
2141 4109 2248 4147 nec
2275 4089 2395 4147 ulla
2423 4088 2536 4145 alia
2564 4088 2665 4146 de·

257 4177 345 4227 tur
365 4169 594 4246 justitia
621 4180 854 4246 propter
881 4190 1051 4246 quam
1081 4170 1451 4231 absolvamur
1477 4171 1537 4226 111
1586 4178 1897 4244 conspectu
1943 4169 2090 4242 Dei;
2138 4168 2307 4242 Quod
2355 4169 2660 4243 volumus;

263 4248 354 4305 An
377 4270 516 4307 vero
545 4249 627 4308 ita
656 4250 1024 4327 imputentur,
1056 4259 1121 4308 ut
1150 4249 1266 4307 sint
1295 4249 1655 4308 conditiones
1684 4269 1870 4305 causae
1899 4249 2170 4324 formalis,
2203 4248 2281 4306 id.
2307 4247 2549 4325 justitioe
2579 4248 2678 4304 111--

258 4330 538 4403 haerentis,
571 4338 637 4388 ut
665 4350 732 4388 66
750 4331 920 4388 1101110
949 4329 1153 4387 donari
1178 4330 1378 4406 possit,
1410 4328 1505 4386 vel
1562 4347 1750 4385 causae
1794 4328 2149 4402 extrinsecae,
2182 4347 2311 4404 quae
2340 4336 2667 4386 mereantur

262 4408 598 4466 infusionem
636 4410 897 4486 justitioe,
949 4429 1052 4485 per
1099 4428 1273 4484 quam
1320 4406 1673 4485 justificatur
1725 4407 1897 4464 homo
1922 4429 1935 4481 ;
1980 4416 2045 4466 ut
2088 4408 2171 4467 ita
2224 4427 2339 4465 non
2394 4407 2664 4465 meritum

263 4487 469 4545 Christi
514 4492 757 4566 proprie,
807 4490 909 4548 sed
958 4489 1187 4566 justitia
1215 4489 1499 4545 inhaerens
1546 4505 1648 4562 per
1693 4487 1959 4544 meritum
1992 4484 2204 4546 Christi
2260 4486 2561 4563 acquisita,
2588 4487 2664 4546 sit

263 4586 430 4623 causa
457 4568 688 4645 propria
708 4580 765 4629 et
794 4591 946 4645 vera,
978 4578 1213 4646 propter
1239 4587 1411 4645 quam
1440 4567 1614 4624 homo
1635 4566 2018 4643 justificatur3
2051 4567 2218 4641 Quod
2247 4567 2331 4624 illi
2363 4575 2660 4643 statuunt3

267 4647 617 4706 Coarctando
647 4648 726 4706 ita
755 4650 1096 4707 beneficium
1124 4647 1517 4724 imputationis
1546 4646 1879 4704 meritorum
1903 4646 2114 4706 Christi
2138 4647 2212 4706 ad
2233 4646 2497 4707 effectum
2531 4667 2658 4723 gra-
