3221 5200
524 301 641 359 580
1348 314 1529 358 Locus
1560 318 1817 358 naeuius
1849 317 2083 360 ssxrcs.
2596 298 2848 382 [QUAEST.
2883 317 2951 362 v.

523 461 860 520 absolutus:
906 461 1037 519 Non
1085 470 1277 519 tamen
1322 468 1622 538 propterea
1669 469 1934 518 accurate
1978 461 2268 536 loquendo
2314 470 2503 539 potest
2545 461 2762 520 censeri
2792 462 2949 519 nihil

524 541 785 599 omisisse
833 541 1022 618 reipsa
1058 541 1212 614 boni,
1259 550 1317 598 et
1357 540 1497 597 nihil
1546 539 1899 598 commisisse
1944 541 2099 597 mali.
2186 542 2347 599 Deus
2383 550 2578 600 censet
2616 561 2718 618 per
2739 542 2946 601 remis-

525 620 745 678 sionem
772 621 1062 679 hominem
1091 641 1207 678 nou
1252 620 1547 694 injustum,
1600 640 1714 677 non
1757 619 1891 695 quia
1916 620 2144 694 judicat
2172 642 2304 679 eum
2333 641 2626 697 nunquam
2671 641 2948 697 peccasse

526 708 584 758 et
613 719 804 759 carere
833 701 980 775 labe,
1014 700 1116 759 sed
1144 699 1279 777 quia
1308 698 1594 758 condonat
1638 708 1696 758 et
1741 700 1990 776 ignoscit
2030 721 2126 758 reo
2156 701 2430 778 quicquid
2467 702 2604 759 mali
2634 702 2946 761 commisit.

528 780 837 855 Ignoscere
867 791 1075 853 autem,
1108 789 1165 838 et
1191 788 1424 856 propter
1454 788 1786 850 κατορθώματα
1817 781 2052 856 praemio
2095 781 2331 857 dignum
2377 801 2609 839 censere
2638 790 2697 839 et
2723 780 2947 840 honore

524 858 763 935 afficere,
795 862 967 937 longe
997 859 1284 917 differunt.
1370 859 1523 918 Vide
1553 879 1682 935 quae
1712 879 1884 936 supra
1913 859 2068 918 dicta
2096 869 2247 936 sunt,
2280 861 2418 918 Loc.
2451 859 2636 918 XIV.
2669 859 2777 935 Qu.
2808 860 2944 920 xiii.

525 939 633 998 Th.
665 945 758 1016 28,
792 949 848 999 et
877 959 995 1015 seq.

1480 1182 1869 1255 QUAESTIO
1911 1182 1987 1239 V.

1264 1359 1341 1397 un
1385 1359 1734 1398 nsmssmnn
1777 1358 2188 1400 Pecca‘roamr.

524 1500 617 1557 An
659 1498 932 1557 Remissio
968 1506 1328 1572 peccatorum
1370 1499 1631 1556 consistat
1668 1500 1724 1556 in
1767 1519 1959 1557 eorum
1986 1501 2238 1558 absoluta
2267 1499 2560 1558 abolitione
2585 1499 2614 1553 ἓ
2680 1500 2774 1557 An
2799 1519 2940 1558 vcro

606 1579 665 1637 in
693 1599 882 1647 eorum
908 1578 1307 1636 condonatione
1329 1581 1356 1635 ,²
1398 1580 1479 1637 Et
1507 1581 1616 1649 An,
1642 1580 1875 1636 remissa
1902 1582 2085 1654 culpa,
2111 1580 2420 1637 retineatur
2447 1581 2706 1654 quaedam
2723 1587 2946 1655 pana!

605 1661 698 1718 An
725 1680 858 1718 vero
886 1660 1062 1718 omnis
1089 1658 1406 1716 remittatur
1426 1661 1453 1715 ,²
1524 1658 1693 1716 Prius
1724 1658 1891 1735 Neg.,
1925 1657 2147 1718 Poster.
2180 1659 2405 1716 Affirm.
2429 1669 2628 1717 contra
2658 1659 2870 1719 Pontis.

526 1846 692 1892 Prima
733 1846 1009 1903 Propositio
1133 1818 1181 1878 Ι.
1229 1819 1377 1893 Quia
1425 1819 1577 1878 circa
1628 1818 2047 1877 Remissionem
2090 1827 2452 1895 peccatorum
2492 1819 2667 1876 variae
2713 1817 2937 1875 moveri

584 1906 644 1949 do
706 1905 1008 1951 Remissione
1050 1900 1237 1957 solent
1268 1899 1644 1974 Quaestiones,
1676 1899 1874 1976 paucis
1923 1918 2021 1957 eas
2070 1899 2177 1957 sub
2221 1899 2406 1958 tribus
2437 1896 2937 1975 Propositionibus

581 1970 908 2076 gflff‘cdawggnm’
943 2025 1009 2067 sit.
1050 1979 1418 2055 attingemus.

581 2093 753 2123 eorum
795 2081 1005 2132 abolitio,
1132 2059 1216 2116 11.
1263 2056 1475 2130 Prima,
1508 2059 1781 2117 Remissio
1811 2059 2034 2134 peccati
2071 2079 2182 2116 non
2223 2040 2466 2117 c'onsistit
2492 2059 2547 2116 in
2575 2060 2810 2116 maculae
2834 2076 2936 2114 seu

583 2144 756 2207 ⁶9⁰³&
804 2138 1007 2184 Pontifi-
1049 2139 1335 2215 qualitatis
1376 2140 1583 2197 vitiosae
1627 2139 1935 2213 abolitione,
1985 2140 2101 2197 Sed
2144 2139 2200 2196 in
2243 2141 2420 2213 culpae
2461 2148 2513 2195 et
2548 2148 2737 2195 reatus
2765 2157 2838 2195 ex
2866 2156 2939 2194 ea

576 2208 699 2240 ⁰¹⁰⁸·
1050 2219 1275 2276 orientis
1324 2219 1584 2293 yratuita
1625 2220 2042 2293 condonatione,
2088 2219 2411 2295 Opponitur
2454 2217 2787 2287 Pontificiis,
2832 2216 2940 2292 qui

521 2302 588 2353 ut
618 2294 872 2354 serviant
898 2297 1207 2375 hypothesi
1236 2298 1306 2355 de
1330 2298 1744 2372 justificatione
1784 2299 2026 2375 physica
2068 2318 2170 2374 per
2198 2297 2557 2371 infusionem,
2589 2295 2941 2373 pertendunt

524 2374 946 2434 Remissionem
975 2377 1194 2453 peccati
1213 2378 1524 2435 consistere
1554 2378 1613 2433 in
1643 2378 1769 2452 ejus
1791 2377 1928 2435 reali
1952 2377 2253 2449 deletione,
2281 2386 2394 2436 tam
2420 2377 2608 2453 quoad
2631 2374 2938 2450 maculam,

523 2473 695 2529 quam
727 2456 916 2531 quoad
944 2467 1162 2514 reatum
1188 2478 1202 2531 ;
1246 2466 1311 2514 ut
1341 2457 1599 2514 remissio
1629 2476 1744 2514 non
1781 2456 1882 2514 fiat
1910 2457 2022 2515 nisi
2050 2457 2320 2515 succedat
2347 2457 2556 2516 infusio
2576 2456 2840 2533 justitiae,
2871 2465 2943 2513 ut

516 2534 773 2591 tenebrae
802 2555 916 2592 non
947 2536 1222 2612 fugantur
1249 2536 1359 2592 nisi
1389 2536 1583 2593 lumen
1613 2535 1899 2593 succedat.

601 2613 722 2670 ΙΙΙ.
771 2614 887 2671 Sed
915 2615 1222 2672 falsitatem
1247 2615 1414 2671 istius
1433 2616 1741 2672 commenti
1760 2616 2001 2674 evincit:
2026 2618 2076 2672 1.
2097 2618 2305 2672 alodus
2324 2616 2597 2689 loquendi,
2624 2624 2682 2673 et
2702 2617 2939 2692 propria

519 2692 873 2749 remissionis
902 2693 1246 2768 significatio
1289 2693 1439 2749 inter
1460 2694 1737 2765 homineS,
1764 2713 1890 2767 quae
1921 2712 2036 2749 nou
2059 2694 2228 2750 insert
2247 2694 2466 2769 peccati
2496 2695 2934 2770 extinctionem,

512 2771 622 2829 sed
634 2779 854 2829 tantum
868 2772 1372 2845 condonationem;
1402 2772 1483 2830 Ut
1498 2770 1772 2846 Princeps
1783 2771 1996 2828 crimen
2009 2772 2353 2830 remittendo
2371 2791 2485 2829 non
2504 2771 2672 2845 tollit,
2689 2773 2793 2831 sed
2808 2785 2936 2833 tan-

517 2859 641 2910 tum
665 2850 967 2927 condonat,
993 2860 1049 2910 et
1068 2872 1101 2908 a
1114 2871 1282 2928 poena
1292 2858 1522 2927 propter
1532 2849 1677 2907 illud
1699 2850 1892 2908 debita
1910 2851 2133 2909 liberat.
2158 2856 2213 2911 2.
2249 2849 2558 2927 Scripturae
2576 2853 2817 2928 phrases
2836 2875 2936 2930 sy-

516 2953 786 3010 nonymae
829 2931 981 2990 idem
1015 2932 1239 3005 docent,
1265 2951 1441 3007 quum
1470 2930 1732 2988 remissio
1752 2931 2093 3007 exprimitur
2114 2952 2215 3008 per
2234 2932 2533 3007 tectionem,
2562 2932 2716 2991 l'sal.
2737 2935 2930 2993 xxxii.

522 3016 574 3089 1,
600 3034 715 3071 non
735 3022 926 3072 utnon
938 3013 1072 3087 sint,
1095 3013 1193 3071 sed
1209 3013 1351 3070 utin
1380 3011 1486 3069 Dei
1509 3010 1550 3071 J
1557 3011 1762 3069 udiciis
1785 3021 2154 3088 conspectum
2176 3032 2289 3070 non
2312 3013 2549 3071 veniant
2567 3012 2640 3070 ad
2662 3013 2933 3071 condem·

516 3094 825 3167 nationem,
846 3113 961 3170 qua
982 3093 1053 3151 de
1077 3113 1250 3151 causa
1269 3092 1558 3151 Christum
1583 3091 1819 3149 induere
1843 3092 2136 3164 debemuS,
2151 3102 2215 3150 ut
2236 3093 2362 3168 ejus
2375 3093 2603 3167 justitia
2622 3101 2781 3167 tegat
2793 3112 2925 3168 pec-

520 3184 649 3232 cata
677 3184 874 3233 nostra
917 3193 1105 3232 coram
1139 3174 1299 3248 Deo;
1344 3193 1447 3249 per
1473 3192 1583 3229 non
1614 3172 2046 3247 imputationem,
2082 3191 2198 3229 ver.
2230 3177 2283 3243 2,
2333 3182 2397 3229 ut
2437 3182 2669 3249 propter
2697 3191 2764 3229 ea
2813 3192 2933 3231 non

512 3255 838 3331 puniamur,
860 3263 924 3312 ut
946 3263 1267 3327 merentur;
1312 3272 1415 3329 per
1436 3272 1545 3310 non
1566 3255 2027 3325 recordationem,
2050 3253 2091 3311 J
2096 3272 2173 3309 er.
2198 3250 2382 3325 xxxi„
2408 3263 2472 3310 ut
2493 3252 2651 3310 Deus
2681 3252 2933 3327 practice

519 3354 587 3389 ea
627 3334 870 3408 justitiae
921 3353 1039 3390 suae
1069 3353 1183 3390 non
1234 3333 1400 3389 sistat
1427 3331 1498 3388 ad
1528 3351 1758 3407 poenam
1788 3332 1860 3390 de
1911 3332 1981 3388 iis
2037 3330 2371 3389 sumendam
2396 3353 2410 3405 3
2456 3351 2558 3407 per
2606 3332 2927 3391 deletionem

519 3419 576 3468 et
605 3413 1044 3485 expunctionem,
1079 3412 1231 3467 Psal.
1262 3410 1322 3467 li.
1354 3420 1412 3467 et
1440 3410 1572 3482 ciii.,
1617 3410 1752 3468 Act.
1783 3411 1864 3468 iii.
1901 3413 1990 3484 19,
2024 3410 2148 3467 Col.
2171 3410 2229 3467 ii.
2268 3414 2355 3484 14,
2381 3430 2497 3468 non
2535 3411 2791 3482 maculae,
2824 3412 2931 3470 sed

515 3498 725 3560 reatuS,
749 3488 1039 3563 quomodo
1058 3487 1388 3546 creditorde
1410 3488 1558 3545 libro
1589 3489 1871 3546 rationum
1897 3490 2180 3565 expungit
2197 3489 2473 3562 debitum,
2491 3492 2656 3566 cujus
2679 3491 2926 3565 gratiam

516 3567 701 3625 facere
715 3567 841 3624 vult
859 3565 1121 3638 debitori,
1148 3566 1591 3640 chirographum
1612 3568 1799 3642 ipsum
1824 3568 2069 3625 delendo
2093 3578 2150 3625 et
2178 3568 2510 3644 scindend0‚
2532 3590 2604 3627 ne
2617 3570 2791 3627 ullam
2806 3569 2928 3627 vim

514 3647 763 3725 amplius
788 3645 1001 3703 habeat
1025 3667 1038 3719 3
1085 3645 1165 3703 ita
1195 3645 1355 3701 Deus
1384 3652 1619 3720 peccata
1648 3664 1777 3719 quae
1813 3656 1947 3703 sunt
1976 3647 2187 3722 scripta
2214 3647 2275 3703 in
2295 3646 2444 3706 libro
2474 3669 2596 3724 suc,
2629 3659 2687 3706 et
2714 3649 2928 3724 quibus

516 3730 695 3788 simus
723 3727 834 3805 ipsi
859 3730 1074 3791 ὁπὸδικοι,
1127 3724 1282 3783 delet
1308 3742 1484 3801 quum
1514 3743 1581 3781 ea
1603 3725 1906 3799 condonat,
1931 3725 2229 3784 liberando
2258 3746 2364 3784 nos
2386 3747 2420 3784 a
2442 3738 2619 3800 reatu,
2643 3728 2733 3785 cui
2755 3748 2926 3806 prop-

516 3819 605 3870 ter
632 3808 732 3866 illa
761 3806 1021 3867 obstricti
1050 3824 1313 3877 eramus;
1357 3824 1459 3881 per
1504 3805 1904 3879 projectionem
1945 3815 2076 3881 post
2102 3816 2332 3881 temam,
2379 3818 2437 3866 et
2472 3809 2822 3883 dejectionem
2865 3810 2925 3867 in

505 3892 876 3967 profundum,
911 3886 1089 3944 Mich.
1120 3886 1221 3943 vii.
1257 3887 1346 3956 19,
1372 3905 1444 3943 ne
1473 3884 1843 3942 inveniantur
1861 3886 2108 3962 amplius
2137 3886 2209 3943 ad
2233 3887 2547 3964 judicium3
2578 3908 2681 3965 per
2697 3908 2922 3963 pur-ya-

512 3972 714 4028 tionem
742 3988 845 4045 per
871 3966 1104 4024 modum
1134 3965 1570 4043 propitiationis,
1603 3969 1901 4033 etfama,
1930 3965 2081 4023 Heb.
2122 3966 2160 4023 i.
2207 3970 2261 4039 3,
2294 3975 2352 4024 et
2380 3967 2459 4024 ix.
2490 3971 2580 4040 14,
2632 3975 2696 4026 ut
2738 3967 2927 4043 culpae

510 4059 722 4122 reatuS,
747 4047 971 4124 quinos
993 4065 1201 4104 exosos
1221 4054 1280 4104 et
1303 4044 1716 4103 abominabiles
1741 4044 1868 4101 Deo
1886 4045 2090 4115 reddit,
2111 4045 2435 4121 mundetur,
2461 4046 2704 4104 allusive
2722 4046 2794 4103 ad
2819 4057 2923 4119 ῥυ.

513 4136 673 4198 ταμὸν
703 4126 1111 4185 sacrificiorum
1142 4126 1438 4198 Veterum,
1489 4123 1734 4199 quinon
1779 4123 2019 4182 tollebat
2066 4124 2348 4183 maculam
2379 4126 2769 4198 inhaerentem,
2818 4126 2926 4184 sed

509 4218 730 4268 reatum
777 4206 1201 4278 adhaerentem3
1260 4225 1363 4281 per
1404 4204 1748 4262 aversionem
1769 4204 1965 4275 faciei,
2021 4204 2173 4262 Psal.
2203 4204 2264 4261 li.
2296 4208 2350 4279 9,
2382 4215 2440 4264 ct
2482 4206 2922 4281 translationem,

508 4293 546 4348 2
583 4289 735 4347 Sam.
766 4285 867 4343 xii.
904 4289 994 4357 13,
1026 4292 1084 4342 et
1113 4284 1328 4342 similes
1369 4284 1624 4360 phrases,
1676 4303 1805 4358 quae
1843 4283 2153 4359 juridicam
2201 4293 2393 4343 reatus
2443 4285 2926 4344 condonationem

505 4377 661 4427 recte
691 4366 1016 4441 important,
1050 4363 1151 4421 sed
1179 4383 1294 4420 non
1322 4363 1532 4420 realem
1565 4362 1804 4420 maculae
1833 4363 2220 4422 abolitionem.

592 4446 706 4504 IV.
752 4445 807 4502 3.
856 4444 918 4502 Si
951 4444 1234 4501 Remissio
1263 4442 1656 4518 peccatiesset
1678 4441 2010 4500 vitiositatis
2033 4441 2364 4500 inhaerentis
2386 4443 2660 4503 abolitio:
2710 4444 2794 4502 Ut
2820 4443 2926 4501 illa

509 4527 764 4601 perfecta
792 4532 896 4598 est,
928 4524 1040 4582 ista
1068 4522 1239 4582 etiam
1280 4520 1533 4599 perfecta
1560 4541 1689 4580 esse
1739 4521 1991 4595 deberet,
2050 4521 2206 4597 quod
2255 4532 2538 4600 repugnat
2588 4522 2920 4600 Scripturas,

505 4624 634 4681 quae
666 4611 959 4680 peccatum
985 4602 1043 4660 in
1087 4602 1254 4660 uobis
1284 4621 1508 4677 semper
1551 4620 1847 4677 superesse
1895 4610 2154 4677 testatur,
2187 4611 2244 4661 et
2273 4604 2515 4679 propriae
2577 4603 2918 4671 Sanctorum
