3221 5200
297 376 520 427 QUAEST.
550 355 689 438 Ἧι]
1236 375 1315 414 ns
1345 375 1595 414 rutnans
1626 373 1890 416 emmas.
2601 364 2717 422 203

297 518 631 579 continuam
653 516 820 595 quasi
846 516 1196 576 anxietatem
1226 525 1284 575 et
1313 515 1737 576 solicitudinem
1768 516 2148 576 communiter
2167 517 2355 594 magis
2383 519 2728 596 operabatur

296 619 401 677 per
430 600 667 676 Legem,
700 599 942 676 ejusque
970 597 1155 655 minas
1184 596 1441 674 quotidie
1483 597 1721 656 auribus
1762 597 2113 672 insonantes,
2146 617 2319 674 quam
2347 599 2721 676 alacritatem,

295 700 400 758 per
427 680 745 739 doctrinam
777 679 977 754 gratiae
1005 677 1232 755 parcius
1260 684 1319 735 et
1346 678 1648 736 obscurius
1675 677 2080 754 praedicatam:
2125 678 2257 736 Non
2278 677 2435 754 quod
2462 679 2726 739 absolute

296 759 747 819 destituerentur
772 758 972 816 fideles
1005 757 1222 835 Spiritu
1265 757 1605 833 adoptionis,
1638 767 1703 816 ut
1728 767 1931 835 postea
1958 758 2184 832 dicitur,
2231 758 2334 817 sed
2361 759 2498 835 quia
2532 768 2727 819 motus

298 841 593 899 excitabat
621 838 1031 899 convenientes
1060 838 1147 895 illi
1168 838 1502 914 conditioni,
1526 858 1643 915 qua
1670 839 1837 897 heres
1859 838 2052 896 infans
2073 858 2189 896 non
2209 839 2453 897 multum
2472 839 2728 900 distabat

301 939 338 979 a
367 940 555 980 serve.

754 1065 765 1077 ⁶
908 998 1299 1056 XXXVIII.
1345 998 1503 1057 Hinc
1551 999 1607 1056 4.
1651 998 1836 1076 Riyor‘·
1882 1006 1941 1057 et
1983 999 2250 1057 severitas
2303 998 2595 1057 oriebatur
2649 1001 2725 1058 ob

300 1066 346 1111 4·
368 1066 592 1169 Rigormest
613 1079 785 1111 seven·
826 1078 1027 1137 crebro
1054 1079 1500 1137 intercurrentes
1542 1079 1849 1137 conciones
1876 1078 2112 1155 legaleS,
2145 1086 2203 1137 et
2244 1079 2428 1137 rarius
2469 1079 2724 1138 obscuri-

576 1155 588 1169 ”
824 1179 1008 1235 usque
1036 1159 1309 1235 repetitas
1336 1158 1747 1235 promissiones
1789 1159 1989 1236 gratiae
2014 1180 2028 1234 3
2073 1159 2153 1217 Et
2188 1160 2399 1217 coactio
2427 1178 2542 1235 qua
2569 1168 2728 1218 metu

301 1256 489 1316 poenae
516 1236 725 1313 potius„
756 1258 931 1315 quam
962 1239 1073 1297 Dei
1102 1247 1161 1297 et
1193 1238 1437 1316 justitiae
1466 1258 1659 1297 amore
1688 1238 1764 1296 ad
1791 1239 2038 1298 officium
2067 1239 2525 1316 impellebantur,
2559 1239 2727 1298 Mose

303 1317 577 1376 continuo
632 1318 813 1376 instar
860 1318 989 1377 duri
1040 1319 1275 1378 Domini
1317 1318 1704 1378 obedientiam
1745 1319 1912 1396 virga
1957 1339 2060 1377 sua
2101 1339 2217 1377 non
2263 1327 2380 1377 tam
2430 1318 2726 1394 suadente,

303 1417 479 1474 quam
521 1406 919 1475 extorquente.
1006 1399 1134 1474 Quo
1175 1399 1426 1478 pertinet
1466 1407 1776 1477 apparatus
1818 1399 2106 1472 terribilis,
2153 1399 2261 1457 sub
2304 1419 2419 1476 quo
2463 1398 2590 1456 Lex
2639 1409 2728 1458 est

302 1477 439 1553 lata,
460 1497 575 1554 quo
597 1497 715 1536 non
735 1479 984 1557 populus
1006 1487 1248 1555 tantum,
1270 1479 1374 1539 sed
1402 1480 1525 1557 ipse
1559 1480 1756 1539 Moses
1794 1499 2024 1556 quoque
2053 1479 2265 1538 dicitur
2292 1479 2542 1553 territus,
2571 1479 2724 1538 Heb.

304 1557 408 1615 xii.
439 1561 537 1616 21.
607 1559 729 1617 Nec
758 1559 862 1617 abs
884 1580 943 1617 re
973 1560 1130 1637 rigor
1156 1561 1256 1619 ille
1285 1567 1343 1618 et
1370 1569 1553 1620 terror
1574 1569 1730 1635 erat;
1774 1560 1879 1616 vix
1907 1559 2060 1618 enim
2089 1560 2257 1618 aliter
2283 1559 2538 1619 edomari
2565 1569 2727 1636 pote·

302 1645 396 1695 rat
425 1637 658 1697 Isra‘elis
684 1639 992 1717 protervia,
1019 1641 1111 1699 eui
1141 1642 1312 1700 toties
1334 1640 1538 1700 duram
1560 1640 1845 1699 cervicem
1867 1647 1926 1698 et
1947 1659 2047 1698 cor
2073 1639 2505 1698 adamantinum
2530 1640 2729 1698 Moses

307 1725 369 1776 et
395 1718 588 1776 eaeteri
619 1719 923 1797 Prophetae
952 1722 1389 1797 exprobrarunt.

914 1800 1243 1860 XXXIX.
1289 1803 1344 1859 5.
1396 1799 1497 1859 Ad
1525 1800 1695 1858 istam
1738 1800 2116 1858 oeconomiam
2155 1797 2480 1876 pertinebat
2497 1799 2728 1873 puritas

830 1889 1065 1938 externa
1108 1882 1330 1956 Carnis,
1380 1881 1502 1940 sive
1552 1880 1886 1938 immunitas
1934 1900 1969 1938 a
2015 1887 2179 1937 reatu
2221 1877 2452 1952 carnali,
2497 1897 2612 1954 qua
2656 1898 2731 1936 ex

308 1955 487 2032 Legis
515 1955 779 2017 instituto
808 1961 1056 2037 purgati,
1086 1961 1266 2020 libere
1295 1969 1562 2038 poterant
1590 1960 1868 2018 interesse
1899 1958 2145 2018 coetibus
2172 1958 2437 2036 publicis,
2471 1966 2530 2015 et
2558 1957 2730 2016 simul

307 2056 440 2094 cum
467 2035 597 2094 aliis
626 2039 845 2098 cultum
886 2040 1181 2116 publicum
1208 2061 1502 2118 peragere,
1543 2040 1731 2117 qualis
1771 2039 2093 2097 habebatur
2117 2058 2222 2115 per
2261 2037 2731 2096 caeremoniarum

307 2115 787 2194 observationem,
822 2119 974 2178 Heb.
1007 2120 1086 2181 ix.
1131 2124 1221 2197 13,
1255 2122 1347 2179 cui
1391 2119 1969 2197 contradistinguitur
2001 2120 2230 2195 puritas
2271 2118 2627 2192 conscientiae‚
2673 2126 2731 2177 et

307 2195 640 2255 immunitas
669 2218 704 2255 a
731 2207 894 2256 reatu
925 2200 1208 2276 spirituali
1236 2201 1475 2279 peccati.
1561 2201 1698 2258 Huc
1726 2199 1950 2258 aceedit
1977 2199 2296 2256 immunitas
2322 2218 2361 2255 α
2385 2198 2569 2273 poenis
2598 2207 2729 2255 tem-

297 2276 595 2351 poralibus
624 2278 681 2336 in
692 2281 836 2353 foro
863 2282 982 2354 soli,
1014 2301 1144 2358 quae
1182 2281 1374 2358 quoad
1401 2289 1640 2357 peccata
1666 2299 1782 2338 non
1810 2279 2116 2337 commissa
2144 2279 2298 2336 elata
2324 2297 2497 2336 manu
2528 2297 2730 2337 conce-

307 2354 553 2414 debatur
579 2378 683 2435 per
724 2359 1032 2436 sacrificia,
1065 2380 1195 2438 quae
1223 2361 1366 2419 eitra
1392 2368 1717 2437 respectum
1737 2359 1833 2418 vel
1860 2358 2288 2436 resipiscentiae,
2319 2358 2416 2417 vel
2443 2357 2596 2433 fidei,
2626 2357 2730 2416 ho·

306 2435 493 2494 mines
521 2438 903 2498 restituebant
932 2459 1036 2499 suo
1065 2441 1270 2516 ordini,
1316 2448 1374 2499 et
1411 2441 1695 2499 immunes
1739 2440 1813 2498 ab
1854 2440 2009 2498 omni
2047 2459 2218 2517 poena
2246 2437 2459 2496 forensi
2496 2446 2730 2514 praesta·

307 2515 468 2574 bant.
514 2517 662 2575 Nam
693 2519 850 2596 quod
887 2521 964 2578 ad
993 2541 1223 2597 pomam
1250 2522 1600 2598 spiritualem
1639 2522 1696 2578 in
1721 2524 1864 2596 foro
1898 2520 2037 2596 poli,
2069 2520 2199 2597 ejus
2241 2517 2572 2576 immunitas
2614 2537 2731 2575 non

307 2595 500 2674 potuit
542 2598 742 2658 haberi
788 2620 863 2659 ex
908 2602 1203 2661 sacrificiis
1243 2602 1559 2661 bestiarum
1588 2623 1702 2678 qua
1744 2604 1959 2677 talibus,
1991 2600 2127 2678 quia
2168 2599 2252 2658 sic
2294 2599 2445 2657 inter
2482 2598 2726 2676 culpam,

307 2698 437 2755 quae
466 2679 700 2738 moralis
728 2691 868 2757 erat,
900 2690 958 2741 et
986 2682 1453 2758 satisfactionem,
1485 2682 1646 2742 nulla
1673 2682 1875 2743 fuisset
1901 2680 2212 2760 proporti0,
2259 2679 2363 2739 sed
2389 2686 2612 2737 tantum
2656 2699 2732 2737 ex

306 2757 423 2816 illis
451 2777 567 2835 qua
594 2759 796 2837 figuris
825 2770 883 2821 et
910 2764 1083 2840 typis,

514 2903 524 2914 ,
920 2843 1058 2901 XL.
1104 2844 1369 2921 Denique
1387 2843 1675 2920 Acb’zmctcz
1693 2842 1853 2900 varia
1871 2842 2102 2901 fuerunt
2123 2864 2137 2900 ε
2183 2839 2397 2915 Prim0,
2419 2838 2731 2919 Infimitas

397 2901 741 3005 Ιῆᾟζξῐζξζω
839 2928 896 2979 et
926 2922 1282 2997 imperfectio,
1314 2924 1468 2999 quia,
1500 2932 1565 2979 ut
1592 2923 1718 2980 haee
1746 2923 2067 2980 oeconomia
2110 2940 2228 2979 non
2275 2920 2480 2979 habuit
2527 2938 2731 2978 verum

840 2999 1012 3080 λῦτςυ
1039 3021 1142 3076 pro
1163 3012 1417 3076 peccatO,
1440 3001 1542 3058 sed
1580 3008 1802 3059 tantum
1821 3002 1948 3077 ejus
1970 3010 2191 3076 typum,
2216 3019 2322 3057 nec
2341 3000 2460 3056 vim
2483 2999 2732 3076 Spiritus

313 3076 599 3151 comitem,
631 3097 747 3153 qua
790 3098 1021 3135 earnem
1062 3079 1370 3151 edomaret,
1404 3087 1461 3136 et
1489 3079 1644 3151 vires
1690 3079 1967 3154 implendi
1997 3080 2214 3154 Legem
2255 3086 2588 3154 praestaret3
2636 3078 2731 3136 Ita

310 3175 416 3233 per
444 3175 570 3213 eam
600 3165 886 3234 quatenus
914 3156 1108 3233 talem,
1140 3160 1444 3215 causaliter
1472 3176 1642 3214 nemo
1670 3158 1858 3233 potuit
1887 3157 2122 3230 servari,
2153 3156 2232 3214 id.
2266 3165 2355 3214 est
2383 3156 2480 3212 vel
2514 3156 2729 3232 justifi-

313 3236 449 3311 cari,
496 3235 633 3295 Act.
664 3236 808 3310 xiii„
859 3236 1014 3294 Heb.
1047 3257 1106 3295 x.
1143 3239 1194 3311 1,
1228 3241 1282 3311 2,
1315 3237 1412 3295 vel
1455 3235 1819 3308 sanctificari,
1867 3235 2022 3293 Heb.
2053 3236 2133 3292 ix.
2170 3237 2261 3309 14,
2298 3238 2391 3308 15,
2425 3234 2521 3292 vel
2549 3235 2731 3293 vitam

311 3316 606 3393 consequi,
640 3317 777 3393 quia
806 3325 930 3374 erat
959 3316 1340 3376 ministerium
1372 3315 1872 3375 condemnationis
1902 3322 1960 3374 et
1987 3315 2207 3390 mortiS,
2240 3319 2276 3373 2
2309 3316 2440 3373 Cor.
2472 3314 2552 3371 iii.
2585 3316 2639 3387 6,
2673 3319 2728 3389 7,

312 3396 467 3455 Heb.
498 3396 599 3455 vii.
634 3399 729 3455 18.
815 3395 942 3469 Quo
972 3397 1205 3455 nomine
1238 3397 1457 3455 Paulus
1504 3404 1750 3456 testatur
1792 3397 1941 3462 hanc
1987 3395 2366 3453 oeconomiam
2407 3414 2524 3453 non
2551 3394 2730 3453 fuisse

309 3474 589 3552 ἄμεμπτον,
625 3476 779 3536 Heb.
810 3476 931 3534 viii.
963 3479 1018 3550 7,
1052 3477 1288 3552 Scilicet,
1320 3473 1404 3534 >aaz
1431 3482 1487 3535 τὶ
1515 3478 1665 3542 αὐτῆς
1694 3478 1874 3542 aio-011&
1902 3480 1993 3534 aa>
2026 3476 2286 3550 ἆνυφιλὶς,
2324 3484 2572 3552 propter
2612 3477 2730 3552 ejus

312 3557 687 3636 infirmitatem
716 3566 770 3615 ct
796 3556 1162 3631 inutilitatem,
1198 3558 1351 3616 Heb.
1381 3557 1486 3615 vii.
1520 3560 1615 3616 18.

923 3636 1097 3694 XLI.
1147 3636 1431 3713 Secund0,
1464 3637 1818 3696 Mutabilz'tas
1847 3644 1905 3696 et
1931 3638 2072 3695 abro
2111 3637 2244 3712 atio,
2277 3636 2414 3714 quia
2442 3635 2726 3713 complec-

400 3688 787 3735 ²·M¹²t“bi¹i‘⁸⁸‘
841 3715 1071 3775 tebatur
1118 3736 1211 3774 res
1260 3725 1533 3793 terrena-S,
1575 3718 1835 3776 carnales
1878 3726 1937 3776 et
1980 3657 2245 3791 catfileaS,
2278 3726 2336 3774 et
2378 3736 2484 3773 sua
2523 3724 2729 3774 natura

305 1849 351 1894 5.
385 1848 584 1895 Puritas
613 1865 726 1896 carn
732 1853 787 1897 is.

313 3794 736 3872 corruptibileS,
767 3815 896 3872 quae
926 3796 1321 3855 consistebant
1348 3806 1572 3856 tantum
1617 3798 1676 3855 in
1706 3797 1853 3872 cibo,
1886 3806 1945 3855 et
1986 3806 2128 3874 potu
2175 3804 2233 3854 et
2275 3795 2522 3853 diversis
2564 3794 2726 3852 ablu·

312 3874 586 3948 tionibus,
618 3882 675 3933 et
702 3870 1003 3951 δικαιώματα
1028 3881 1227 3957 eugub„
1260 3877 1542 3935 institutis
1585 3877 1931 3951 carnalibuS,
1964 3896 2093 3952 quae
2138 3895 2254 3933 non
2297 3881 2563 3950 poterant
2592 3893 2726 3931 con-

313 3954 612 4012 scientiam
636 3956 1011 4030 sanctificato,
1032 3976 1139 4013 nee
1168 3957 1227 4013 in
1256 3966 1594 4033 perpetuum
1625 3956 1946 4014 debuerunt
1969 3956 2201 4030 vigere;
2248 3952 2351 4010 sed
2375 3954 2528 4031 μξχςι
2556 3960 2730 4032 mago?

311 4031 590 4115 διοςθάσιως
621 4043 785 4093 erant
812 4035 1018 4113 posita,
1054 4036 1207 4094 Heb.
1238 4036 1319 4094 ix.
1340 4038 1395 4109 9,
1422 4038 1516 4093 10.
1602 4036 1777 4094 Unde
1805 4035 1930 4091 fieri
1961 4033 2162 4092 debuit
2190 4034 2403 4096 ἀθέτησις
2433 4033 2728 4108 abroyalz'o

312 4123 547 4192 propter
575 4114 703 4190 ejus
732 4113 1237 4192 imperfectionem,
1273 4116 1426 4173 Heb.
1457 4114 1556 4173 vii.
1592 4117 1684 4189 18,
1732 4112 2075 4173 succedente
2116 4112 2478 4189 potissimum
2508 4111 2726 4187 perfec·

313 4195 447 4253 tiori
475 4194 812 4268 oeconomia,
844 4203 910 4252 ut
937 4194 1244 4254 accedente
1273 4196 1491 4254 lumine
1515 4194 1689 4252 solari
1715 4214 1833 4252 non
1874 4201 2067 4269 potest
2107 4192 2353 4269 amplius
2395 4190 2559 4249 locus
2600 4210 2727 4250 esse

315 4274 590 4351 candelis,
622 4274 718 4331 vel
748 4273 969 4332 facibus
998 4275 1273 4333 accensis.

924 4354 1133 4412 XLII.
1178 4354 1395 4426 Terti0,
1434 4354 1642 4413 Gloria
1671 4361 1728 4411 et
1756 4353 2058 4428 Splendor,
2091 4370 2222 4408 cum
2251 4370 2366 4427 quo
2407 4350 2532 4407 haec
2574 4369 2723 4408 oeeo·

842 4434 1036 4491 nomia
1064 4434 1327 4493 instituta
1355 4434 1479 4508 fuit,
1502 4434 1602 4509 qui
1632 4432 1882 4489 maxime
1911 4431 2145 4489 emicuit
2172 4430 2231 4487 in
2261 4438 2538 4507 apparatu
2566 4450 2725 4507 mag-

841 4513 1030 4585 nifico,
1062 4522 1121 4572 et
1150 4513 1471 4572 illustribus
1498 4512 1807 4587 miraculiS,
1840 4532 1968 4588 quae
1999 4511 2160 4569 Deus
2188 4509 2370 4587 Legis
2396 4510 2726 4588 promulga-

313 4590 529 4649 tionem
581 4592 842 4651 comitari
883 4593 1106 4668 voluit3
1155 4593 1327 4652 Unde
1360 4594 1576 4652 Paulus
1619 4599 1791 4651 vocat
1832 4592 1943 4649 hoc
1992 4591 2356 4650 ministerium
2399 4591 2724 4667 qloriosum,

314 4674 352 4730 2
383 4671 513 4730 Cor.
547 4671 629 4731 iii.
671 4675 726 4748 7,
759 4674 814 4732 9.
903 4672 1020 4731 Sed
1054 4673 1239 4750 gloria
1280 4674 1392 4732 ista
1433 4680 1555 4732 tum
1603 4673 1848 4752 terr-{fica
1887 4671 2011 4749 fuit,
2043 4691 2173 4748 quae
2208 4679 2423 4731 metum
2462 4671 2721 4744 incussit,

400 4419 445 4463 3.
489 4419 662 4463 Gloria
734 4421 786 4464 et

489 4478 729 4535 splendor.
