3221 5200
1181 378 1341 413 muzx
1375 376 1549 411 RERUM
1584 376 1649 411 BT
1685 377 1973 410 VBBBORUH.

2699 355 2793 402 643

427 521 494 555 an
559 505 766 556 denotet
831 511 1033 555 tantum
1097 504 1420 570 Sepulturam
1490 509 1542 553 et
1608 505 1691 552 An
1726 503 1958 552 Christus
1993 503 2144 551 suerit
2173 500 2518 567 Espromo'ssor,
2555 498 2638 545 An
2672 510 2793 546 vero

486 571 686 619 Statum
720 577 1033 620 mortuorum
1048 571 1072 618 ?
1129 575 1240 631 318,
1261 576 1298 619 t.
1315 574 1360 631 4,
1380 573 1426 628 5,
1446 571 1536 617 διο.

420 650 487 682 an
521 634 715 684 dolores
751 643 802 683 et
836 635 1145 684 Cruciatus?
1363 633 1425 682 ib.
1451 639 1488 682 t.
1509 638 1536 681 7

358 699 442 745 An
468 698 753 762 Desperatio
776 699 929 749 tribui
962 700 1124 764 possit
1146 698 1347 747 Christo
1363 697 1388 746 ἐ’

1188 764 1539 821 312,t.14,15

421 828 669 889 quomodo
702 827 937 877 Christus
970 827 1120 877 fuerit
1153 825 1465 876 derelictus?
1509 891 1539 938 6

1315 893 1425 949 311,
1452 893 1488 937 t.

359 954 491 1015 Quid
526 955 595 1004 sit
616 955 774 1004 Deum
808 973 904 1004 esse
939 955 1095 1003 Deum
1129 960 1377 1003 nostrum?

1172 1023 1278 1078 160,
1297 1025 1332 1067 t.
1357 1022 1430 1076 17,
1448 1020 1537 1066 810.

419 1084 665 1145 quomodo
721 1083 1039 1146 intelligatur
1094 1083 1196 1132 hoee
1251 1082 1537 1146 propositio,

487 1147 629 1196 Deus
652 1155 732 1195 est
753 1147 902 1195 homo
916 1149 939 1195 ?
1106 1183 1118 1195 .
1285 1151 1394 1206 279,
1419 1153 1457 1195 t.
1477 1151 1534 1194 21

422 1211 563 1258 Deus
598 1217 747 1259 vocat
789 1210 1045 1275 Reprobos
1095 1211 1240 1270 serio,
1283 1210 1404 1259 licet
1437 1226 1539 1259 non

487 1274 717 1323 intendat
740 1291 912 1324 eornm
937 1275 1176 1336 Salutem,
1192 1279 1303 1332 446,
1325 1281 1359 1322 t.
1382 1280 1455 1333 14,
1480 1277 1538 1324 15

422 1338 562 1413 Deus
586 1339 674 1388 dat
698 1340 794 1388 Cor
825 1355 1031 1398 novum,
1112 1404 1124 1416 ⁸
1164 1343 1276 1400 485,
1297 1345 1332 1387 t.
1356 1343 1430 1399 14,
1447 1342 1536 1388 &c.

358 1467 471 1515 vox
486 1403 1150 1531 ‘izitzfsfflazi‘gffflssg‘eiz
1282 1407 1539 1528 ⁴135?ss

424 1547 491 1580 au
530 1539 733 1581 tantum
757 1540 899 1581 notet
924 1533 1326 1593 Testamentum,
1356 1536 1537 1581 Annon

486 1595 668 1645 innuat
701 1597 851 1645 etiam
888 1598 1070 1645 Foedus
1087 1598 1111 1646 ’Β
1311 1601 1418 1656 152,
1445 1604 1481 1646 t.
1507 1602 1540 1646 4

357 1658 479 1708 Dies
496 1660 779 1709 Dominicus
803 1661 924 1725 quid
958 1663 1063 1710 sit?
1198 1697 1211 1710 .
1344 1665 1423 1721 81,
1448 1668 1487 1709 t.
1511 1666 1533 1708 1

420 1739 487 1771 an
542 1726 760 1773 mutatio
814 1724 1055 1774 Sabbathi
1123 1725 1175 1773 in
1234 1725 1383 1773 Diem
1442 1724 1540 1772 Do-

485 1787 731 1836 minicum
755 1789 823 1837 sit
845 1788 1175 1836 ordinationis
1199 1787 1430 1836 humanae
1448 1788 1473 1835 ?

1231 1855 1310 1909 81,
1326 1857 1364 1899 t.
1384 1855 1430 1912 2,
1447 1853 1538 1901 sm.

420 1931 487 1963 an
513 1915 811 1978 Apostolicae
827 1915 850 1962 ⁴?
1017 1951 1028 1962 .
1226 1918 1304 1974 82,
1323 1921 1358 1963 t.
1382 1920 1430 1977 5,
1446 1916 1536 1964 &c.

420 1980 699 2028 necessitas
717 1978 1101 2029 observationis
1126 1978 1240 2026 Diei
1266 1979 1538 2041 Dominici,

1200 2045 1278 2103 85,
1296 2049 1333 2091 t.
1356 2046 1428 2104 19,
1449 2045 1538 2092 «Sic.

423 2108 602 2156 modus
627 2106 996 2156 observationis
1011 2106 1035 2154 ’Β
1314 2110 1393 2168 86,
1420 2114 1457 2156 t.
1477 2112 1538 2158 23

421 2188 453 2221 a
474 2171 659 2235 quibus
683 2170 916 2236 operibus
949 2170 1307 2220 abstinendum
1322 2171 1346 2218 ⁸?

1199 2238 1277 2294 86,
1297 2240 1333 2283 t.
1354 2239 1433 2297 25,
1450 2238 1540 2286 810.

422 2299 670 2364 quomodo
692 2299 816 2348 Dies
838 2299 937 2349 dici
973 2298 1133 2363 possit
1156 2297 1373 2347 Sanctus
1387 2299 1412 2347 ?

1329 2365 1405 2423 91,
1426 2369 1462 2412 t.
1483 2367 1539 2413 11

422 2428 546 2491 quid
592 2427 904 2477 censendum
938 2427 999 2475 de
1057 2424 1251 2475 Diebus
1300 2425 1417 2486 illis,
1454 2428 1542 2491 qui

486 2493 620 2556 apud
644 2493 889 2556 quasdam
916 2490 1171 2540 Ecclesiae
1193 2490 1544 2554 insigniuntur

488 2557 691 2606 nomine
726 2555 1082 2622 Apostolorum
1099 2555 1124 2603 ἶ)
1322 2560 1398 2617 91,
1421 2560 1457 2605 t.
1482 2561 1542 2606 14

359 2622 591 2687 Diynitas
616 2623 845 2671 Personae
868 2628 919 2670 et
938 2620 1118 2685 operis,
1296 2623 1405 2682 635,
1424 2628 1461 2670 t.
1478 2625 1541 2671 28

423 2687 671 2751 quomodo
706 2686 878 2736 fideles
901 2686 1142 2735 (licuntur
1163 2683 1306 2796 difflui
1321 2685 1345 2732 ἲ
1476 2685 1540 2734 ib.

356 2767 423 2800 an
470 2753 781 2816 Praeceptum
848 2748 1135 2799 Dilectionis
1261 2748 1423 2797 mimi
1473 2749 1542 2798 sit

421 2823 704 2865 correctum
729 2832 760 2863 a
779 2815 1018 2865 Christo?
1055 2817 1134 2873 23,
1151 2820 1187 2862 t.
1210 2817 1287 2872 20,
1305 2820 1356 2861 et
1378 2829 1474 2877 seq.

359 2879 438 2927 De
454 2879 879 2943 Do'spensahilitate
902 2886 1262 2989 praeceptorum
1280 2878 1540 2941 Decalogi,

421 2943 543 3004 quid
569 2943 893 2991 sentiendum
1181 2946 1227 3001 8,
1250 2948 1286 2990 t.
1315 2947 1356 3001 1,
1373 2948 1425 2991 et
1448 2960 1541 3005 seq.

359 3006 618 3067 Quomodo
672 3005 963 3053 Divinitacis
1022 3004 1291 3052 Plenitudo
1345 3005 1546 3053 dicatur

421 3068 649 3117 habitare
664 3069 717 3116 in
736 3068 938 3117 Christo
958 3069 1227 3127 σωματικοῖς
1243 3067 1267 3114 Ῥ
1288 3072 1399 3127 289,
1422 3075 1457 3116 t.
1480 3072 1542 3118 25

355 3148 423 3182 an
448 3133 589 3181 Deus
611 3132 898 3197 praeceperit
921 3130 1149 3178 Divortia
1164 3137 1186 3177 5³

1009 3197 1083 3255 16,
1101 3200 1137 3242 t.
1158 3196 1236 3253 29,
1256 3199 1308 3242 et
1326 3197 1409 3253 23,
1427 3199 1463 3242 t.
1483 3199 1543 3245 19

354 3260 501 3309 Dona
530 3259 627 3308 Dei
649 3262 1006 3320 ιἰμιταμίλητα,
1287 3262 1400 3317 530,
1421 3264 1457 3306 t.
1480 3262 1536 3305 21

355 3324 584 3373 Duellum
639 3325 837 3388 proprie
905 3322 1026 3386 quid
1091 3321 1175 3382 sit,
1234 3328 1286 3369 et
1352 3337 1417 3369 an
1475 3322 1542 3370 sit

1198 3388 1305 3444 104,
1327 3391 1363 3434 t.
1382 3388 1461 3446 30,
1480 3389 1535 3436 31

1326 3453 1401 3508 18,
1418 3457 1456 3499 t.
1477 3455 1541 3499 40

487 3388 683 3436 licitum
697 3387 721 3434 ’ἓ

356 3452 416 3501 de
441 3452 595 3501 Cultu
618 3451 793 3511 Dulice,

928 3684 978 3742 Ε

355 3841 480 3903 Quis
503 3840 645 3889 Elias
668 3840 895 3890 debuerit
929 3842 1200 3905 praecedere
1226 3842 1466 3891 Messinm
1480 3842 1505 3889 ⁴?

418 3967 647 4017 Traditio
679 3967 859 4016 domus
894 3967 1015 4016 Eliae
1049 3908 1536 4030 ‹11122221122112353’t‘33

352 4094 669 4159 Evanqelium
692 4099 816 4158 quot
846 4095 1006 4143 modis
1041 4035 1537 4160 sumatur²i5n²bzrffi

483 4166 597 4208 tura
614 4158 639 4206 ¹?
921 4162 1028 4216 154,
1050 4165 1086 4207 t.
1111 4163 1184 4216 12,
1204 4165 1255 4207 et
1282 4163 1389 4219 178,
1415 4166 1450 4208 t.
1472 4164 1535 4209 24

352 4224 571 4287 Quinam
597 4223 701 4271 sint
735 4222 977 4283 Eunuchi,
1002 4224 1063 4271 de
1087 4223 1273 4285 quibus
1298 4225 1460 4272 lsaias
1483 4231 1534 4272 et

481 4288 711 4338 Christus
726 4288 750 4335 ¹?
864 4323 876 4335 .
1076 4323 1087 4334 .
1284 4291 1362 4344 28,
1384 4295 1420 4336 t.
1437 4293 1482 4347 7,
1502 4291 1532 4338 8

351 4352 585 4416 Eutychis
610 4353 763 4400 Error
784 4350 1019 4414 quisnam
1042 4350 1231 4400 fuerit?
1282 4356 1392 4411 282,
1417 4358 1454 4400 t.
1473 4354 1531 4400 13

349 4417 635 4465 Secundum
688 4431 842 4479 quam
892 4416 1140 4463 Naturam
1173 4414 1428 4463 Exaltan'o
1481 4422 1533 4464 et

481 4480 768 4528 Exinanitio
785 4479 984 4529 Christo
1006 4479 1272 4528 tribuenda
1295 4480 1401 4527 sit?

350 4608 596 4680 quomodo
651 4607 885 4658 Christus
938 4607 1124 4658 dicitur
1178 4547 1530 4657 metui-effigie?

415 4679 568 4720 erano
582 4677 605 4718 5³
1279 4676 1390 4733 379,
1410 4678 1446 4720 t.
1472 4676 1527 4720 12

1736 568 2021 630 l·'icleju.·¹sor
2045 573 2263 628 tantum,
2290 565 2383 615 sub
2409 566 2521 612 Vct.
2546 563 2685 610 Test.
2701 560 2725 606 ¹?

2445 631 2554 686 212,
2581 633 2616 674 t.
2640 630 2683 685 1,
2699 626 2790 672 820.

2174 863 2223 921 F

1607 1022 1691 1070 Au
1717 1021 1862 1070 Festa
1885 1021 2050 1071 locum
2073 1020 2257 1070 habere
2280 1018 2496 1069 debeant
2529 1014 2624 1066 sub
2649 1016 2792 1064 Novo

1737 1087 2065 1135 Testamento
2079 1087 2103 1134 ¹?
2274 1121 2285 1134 .
2345 1101 2348 1104 ’
2483 1087 2561 1141 88,
2581 1087 2617 1129 t.
2640 1084 2683 1138 1,
2700 1080 2790 1128 &c.

1673 1151 1794 1212 quid
1829 1150 2167 1213 significarint
2203 1150 2355 1198 Festa
2387 1145 2791 1200 hebdomadaria,

1736 1225 2014 1275 menstrua,
2039 1224 2090 1264 et
2113 1230 2299 1272 annua,
2324 1213 2458 1278 apud
2479 1211 2699 1267 Judaeos,

2453 1279 2559 1334 138,
2579 1281 2615 1322 t.
2634 1275 2712 1331 35,
2730 1274 2792 1322 36

1607 1343 1692 1390 An
1736 1357 1926 1402 omnes,
1977 1343 2064 1406 qui
2121 1342 2244 1390 Dies
2303 1341 2466 1390 Festos
2519 1336 2793 1388 nonnullos

1737 1406 2026 1466 observant,
2051 1407 2156 1455 sint
2189 1405 2463 1454 damnandi
2481 1405 2505 1452 Ῥ
2574 1407 2651 1460 91,
2672 1407 2709 1450 t.
2731 1403 2791 1449 13

1608 1471 1869 1532 Quomodo
1893 1471 2038 1518 Fides
2060 1479 2138 1520 est
2161 1471 2381 1520 conditio
2406 1468 2623 1517 Foederis
2638 1467 2662 1513 ¹?
2703 1531 2746 1577 ἃ

2418 1537 2525 1592 166,
2553 1541 2587 1580 t.
2608 1536 2682 1591 11,
2747 1544 2793 1578 e.

1672 1615 1738 1647 an
1763 1599 1871 1649 sola
1894 1599 1961 1648 sit
1983 1598 2205 1649 conditio
2235 1598 2458 1647 Foedcris
2475 1599 2499 1644 ⁸?

2442 1665 2549 1718 168,
2575 1666 2612 1707 t.
2637 1662 2711 1718 15,
2736 1660 2796 1707 16

1672 1726 1917 1788 quomodo
1949 1731 2287 1789 cognoscatur
2308 1739 2430 1773 vera
2455 1725 2602 1772 Fides
2617 1722 2641 1769 Ῥ
2734 1787 2793 1834 13

2538 1791 2647 1847 167,
2671 1791 2710 1833 t.

1671 1851 1987 1918 quotuplices
2010 1853 2116 1902 sint
2138 1853 2301 1902 Actus
2326 1851 2504 1901 Fidei?

2418 1919 2529 1976 419,
2545 1920 2583 1963 t.
2604 1919 2682 1973 47,
2702 1915 2792 1963 &c-

1673 1996 1740 2029 an
1797 1982 1946 2030 Fides
2002 1981 2252 2030 servanda
2318 1980 2386 2028 sit
2441 1979 2688 2029 haereticis
2743 1984 2797 2026 et

1741 2045 2039 2094 lnfidelibus
2053 2047 2077 2092 ¹?
2275 2081 2288 2093 .
2487 2048 2562 2102 61,
2584 2050 2620 2092 t.
2639 2048 2684 2103 7,
2703 2044 2793 2091 810.

1674 2124 1740 2157 an
1764 2109 1996 2158 Christus
2021 2109 2196 2158 Fidem
2215 2107 2450 2158 habuerit
2471 2114 2524 2156 et
2547 2106 2746 2218 spem}

2450 2177 2560 2232 305,
2580 2179 2616 2220 t.
2637 2174 2683 2232 5,
2749 2185 2794 2220 c.

1679 2237 1818 2286 Fidei
1844 2237 2103 2287 Certitudo
2128 2236 2322 2285 Divina
2344 2236 2599 2301 probatur,

2417 2305 2528 2360 545,
2555 2307 2591 2348 t.
2612 2304 2686 2360 12,
2707 2301 2796 2349 διο.

1677 2364 1864 2415 Fidelis
1887 2370 2052 2430 potest
2073 2365 2250 2415 Fidem
2274 2380 2419 2415 suam
2442 2379 2761 2428 cognoscere,

1677 2493 1820 2542 Fidei
1845 2493 2134 2544 Necessitas
2158 2500 2210 2544 et
2233 2493 2492 2558 Dignitas,
2544 2430 2798 2554 ⁵132&

1675 2557 2017 2623 homonymia,
2217 2595 2228 2607 .
2426 2593 2439 2607 .
2638 2594 2650 2606 .
2731 2556 2794 2607 ib.

1675 2630 1895 2687 quatuor
1916 2624 2124 2688 species,
2566 2626 2676 2681 492,
2704 2628 2740 2670 t.
2765 2626 2797 2671 4

1676 2688 1806 2736 varii
1829 2695 1974 2737 aetus
1999 2688 2157 2750 Fidei,
2315 2727 2325 2737 .
2457 2690 2570 2746 494,
2588 2694 2624 2736 t.
2642 2691 2688 2748 4,
2704 2688 2794 2737 διο.

1677 2753 1931 2811 Directus,
1979 2752 2233 2810 Reflexus,
2270 2757 2416 2801 actus
2471 2752 2676 2810 notitiae,
2722 2766 2798 2800 as-

1741 2833 1937 2877 sensus,
1973 2816 2179 2877 fiduciae,
2218 2816 2509 2880 Refugium,
2559 2815 2800 2880 Receptio

1742 2881 1947 2941 Christi,
1972 2889 2025 2931 ct
2047 2881 2278 2941 adhaesio,
2522 2916 2535 2929 .
2732 2879 2795 2928 ib.

1680 2945 1830 2994 Fides
1851 2962 1950 2994 non
1975 2951 2055 2994 est
2077 2960 2319 2993 assensus
2343 2944 2453 2991 sine
2476 2943 2674 3001 notitia,
2700 2947 2794 2993 497

1676 3024 1777 3071 quo
1812 3024 1966 3057 sensu
2001 3009 2151 3056 Fides
2189 3007 2442 3071 Iinplicita
2475 3007 2573 3055 dici
2617 3007 2795 3070 possit,

1742 3087 1841 3132 quo
1865 3086 2018 3119 sensu
2042 3086 2142 3118 non
2159 3071 2183 3117 ?
2339 3106 2351 3118 .
2550 3069 2610 3117 ib.
2637 3076 2673 3118 t.
2699 3074 2744 3129 2,
2766 3073 2796 3119 3

1676 3135 1922 3196 quomodo
1957 3134 2165 3182 Fiducia
2187 3139 2266 3182 est
2298 3133 2360 3182 de
2393 3133 2588 3183 ratione
2615 3134 2795 3184 Fidei?

1741 3197 1950 3261 Triplex
1979 3198 2092 3259 eJus
2115 3197 2372 3261 AcceptiO,

2360 3263 2471 3320 500,
2498 3267 2533 3309 t.
2560 3266 2605 3322 3,
2630 3267 2676 3321 4,
2701 3262 2793 3312 sec.

1675 3325 1809 3387 quod
1832 3331 1955 3374 sunt
1978 3325 2143 3375 Actus
2168 3324 2384 3375 Fiduciae
2408 3325 2704 3374 Christianae
2719 3327 2744 3374 ⁴?

1678 3453 1817 3502 Fidei
1853 3452 2107 3516 objectum
2130 3452 2292 3503 'debet
2325 3468 2436 3503 esse
2470 3469 2664 3513 verum,
2699 3470 2794 3504 nec

1738 3525 1907 3583 potest
1940 3518 2014 3566 illi
2050 3517 2257 3569 subesse
2291 3519 2492 3577 falsum,

2430 3587 2541 3643 502,
2569 3589 2605 3633 t.
2631 3585 2792 3643 2310.

1674 3662 1776 3696 non
1799 3647 1938 3697 aliud
1960 3656 2038 3697 est
2061 3664 2215 3711 quam
2241 3647 2463 3697 Verbum
2482 3648 2742 3711 scriptum,

2447 3714 2558 3769 504,
2577 3718 2612 3759 t.
2634 3714 2678 3769 9,
2698 3713 2789 3760 &e.

1674 3777 1824 3826 Fides
1858 3792 1959 3839 quo
1993 3792 2146 3825 sensu
2191 3775 2388 3824 dicatur
2438 3774 2675 3837 imputari
2727 3774 2791 3824 ad

1734 3842 1770 3889 J
1774 3840 2018 3897 ustitiam,
2176 3875 2188 3887 .
2533 3841 2646 3897 573,
2672 3843 2708 3886 t.
2730 3842 2791 3889 16

1671 3904 1811 3951 Fidei
1875 3903 2128 3966 objectum
2193 3901 2450 3965 proprium
2529 3901 2671 3950 Deus
2735 3903 2792 3951 in

1734 3966 1949 4026 Christo,
2181 4000 2192 4013 .
2411 3968 2522 4026 505,
2548 3972 2582 4013 t.
2603 3969 2676 4028 15,
2697 3969 2786 4017 810.

1667 4036 1719 4080 et
1743 4029 2016 4079 Promissio
2040 4028 2271 4093 specialis
2295 4028 2655 4089 Misericordia,

2555 4098 2654 4144 506
2694 4097 2783 4145 810.

1670 4157 1810 4207 Fidei
1898 4155 2084 4221 triplex
2170 4163 2331 4217 actus,
2398 4132 2785 4221 Disposito'rius,

1730 4223 1766 4270 J
1771 4221 2131 4271 ustificatorius
2164 4227 2216 4271 et
2248 4221 2636 4280 Consolatorius,

2566 4290 2678 4346 507,
2695 4292 2732 4337 t.
2752 4292 2784 4336 4

1665 4350 1806 4399 Fidei
1858 4349 2135 4399 Distinctio
2179 4349 2234 4397 in
2291 4349 2554 4398 formatam
2603 4358 2656 4399 et
2710 4351 2785 4400 in·

1727 4414 1938 4464 formem
1972 4413 2212 4477 rejicitur,
2555 4417 2667 4475 511,
2691 4420 2730 4464 t.
2750 4420 2779 4465 2

1665 4478 1805 4527 Fidei
1829 4479 1988 4526 forma
2010 4493 2112 4526 non
2135 4483 2214 4527 est
2237 4475 2484 4537 Charitas,
2713 4478 2777 4529 ib.

1662 4557 1762 4591 non
1795 4548 1875 4591 est
1909 4542 2190 4591 obedientia
2214 4541 2580 4601 mandatorum,

1660 4675 1739 4721 est
1762 4670 2110 4736 inseparabilis
2132 4686 2164 4718 a
2188 4669 2460 4733 charitate,
2561 4669 2638 4732 ib„
2658 4676 2695 4720 t.
2717 4675 2776 4722 10
