3221 5200
363 399 584 448 Qus-:sn
619 380 773 462 xm]
1060 403 1136 441 ns
1167 403 1396 443 orricio
1426 401 1664 442 rumsri
1699 402 2087 442 numm-omo.
2657 387 2773 443 403

358 540 612 599 voluisse
642 549 700 599 et
728 540 1053 601 decrevisse
1083 545 1243 618 mori,
1277 553 1334 602 et
1363 544 1546 620 pretio
1576 544 1779 602 mortis
1806 543 2032 601 infinito
2074 541 2284 600 addere
2315 541 2767 601 efficacissimam

360 630 420 679 et
448 622 798 698 singularem
828 622 1143 682 voluntatis
1170 644 1275 701 pro
1320 624 1436 682 illis
1486 644 1612 682 sese
1663 622 2067 698 substituendi,
2114 632 2171 681 et
2200 622 2370 680 fidem
2401 643 2467 679 ac
2498 632 2769 682 statutem

360 701 478 759 illis
506 700 841 778 acquirendi
868 702 1262 763 intentionem.

969 784 1086 844 IX.
1136 783 1307 842 Unde
1367 783 1564 842 Status
1622 782 1969 858 Quaestionis
2025 781 2190 840 facile
2220 782 2483 858 elicitur;
2543 786 2590 841 1.
2638 784 2690 840 N
2695 804 2770 841 on

890 862 1178 937 Quaeritur
1204 863 1276 921 de
1295 865 1485 940 pretio
1513 873 1566 921 et
1590 864 1914 935 sufficientia
1943 864 2136 920 mortis
2169 862 2392 937 Christi,
2429 862 2524 919 An
2556 862 2770 922 Christi

889 962 1043 1001 mors
1064 963 1167 1020 per
1194 963 1256 1001 se
1280 943 1568 1002 sufficiens
1608 945 1684 1002 sit
1705 945 1778 1001 ad
1829 943 2070 1001 salutem
2102 943 2353 1001 omnium
2373 946 2401 1001 Ρ
2485 943 2772 1020 Utrinque

361 1023 513 1081 enim
544 1032 632 1081 est
660 1023 719 1081 in
749 1021 1027 1097 confesso,
1073 1043 1203 1081 cum
1247 1024 1322 1083 sit
1364 1022 1575 1081 infiniti
1619 1024 1848 1097 valoris,
1895 1022 2434 1081 sufficientissimam
2476 1023 2653 1081 fnisse
2697 1023 2772 1081 ad

362 1102 814 1179 redemptionem
843 1103 1098 1162 omnium
1128 1112 1186 1161 et
1214 1103 1590 1180 singulorum,
1619 1103 1668 1161 si
1691 1104 1813 1161 Deo
1842 1102 2032 1161 visum
2063 1102 2264 1160 fuisset
2295 1103 2453 1159 illam
2482 1102 2556 1160 ad
2585 1111 2769 1162 totum

361 1183 640 1241 mundum
668 1182 998 1241 extendere.
1084 1184 1160 1241 Et
1186 1184 1301 1241 huc
1344 1184 1592 1259 pertinet
1637 1182 1931 1241 distinctio
1971 1202 2004 1239 a
2033 1183 2301 1241 Patribus
2329 1192 2619 1259 usurpata,
2653 1191 2710 1241 et
2740 1203 2774 1241 a

359 1263 538 1320 variis
568 1262 882 1339 Theologis
910 1271 1149 1338 retenta,
1183 1262 1476 1321 Christum
1519 1274 1809 1321 mortuum
1853 1283 1979 1321 esse
2007 1263 2339 1335 sufficienter
2355 1283 2473 1337 pro
2503 1264 2769 1338 omnibus,

361 1341 466 1400 sed
493 1344 787 1415 efficaciter
814 1350 1029 1400 tantum
1052 1362 1166 1419 pro
1194 1344 1421 1401 Electis.
1508 1343 1655 1400 Haec
1699 1343 1852 1400 enim
1897 1342 1968 1400 de
2013 1342 2211 1400 mortis
2243 1342 2458 1401 Christi
2487 1342 2772 1419 dignitate

362 1422 657 1481 intellecta
685 1422 987 1480 verissima
1013 1432 1118 1497 est,
1150 1442 1479 1500 quanquam
1508 1422 1734 1499 phrasis
1756 1423 1947 1480 minus
1970 1422 2042 1480 sit
2072 1431 2355 1497 accurata,
2387 1422 2437 1481 si
2464 1422 2539 1479 ad
2569 1423 2772 1480 volun·

363 1511 540 1560 tatem
570 1512 629 1561 et
657 1503 959 1560 consilium
984 1503 1197 1561 Christi
1220 1503 1513 1561 referatur.
1542 1502 1657 1561 Sed
1682 1502 1957 1578 quaeritur
1974 1502 2201 1579 proprie
2223 1502 2294 1560 de
2318 1502 2544 1561 consilio
2573 1500 2775 1561 Patris

362 1581 422 1639 in
452 1581 732 1641 tradendo
764 1582 915 1641 Filio
946 1603 1066 1657 su0‚
1099 1593 1158 1641 et
1186 1582 1257 1640 de
1288 1584 1582 1641 intentione
1607 1583 1822 1642 Christi
1839 1584 2138 1640 morientis.
2203 1582 2299 1639 An
2324 1586 2495 1641 Pater
2523 1582 2772 1641 destina·

363 1662 514 1719 verit
543 1663 758 1720 Filium
805 1683 970 1720 suum
1021 1663 1287 1721 omnibus
1332 1671 1392 1721 et
1436 1663 1701 1739 singulis,
1734 1673 1793 1720 et
1843 1663 2007 1720 Filus
2036 1682 2105 1720 eo
2135 1662 2376 1720 consilio
2404 1671 2463 1719 et
2491 1682 2559 1719 ea
2589 1663 2771 1720 inten-

363 1741 519 1799 tione
539 1743 789 1818 seipsum
810 1742 979 1801 morti
998 1742 1317 1818 tradiderit,
1337 1751 1402 1801 ut
1420 1763 1481 1800 se
1504 1742 1761 1800 omnium
1783 1751 1841 1800 et
1861 1742 2219 1818 singulorum
2244 1742 2371 1800 loco
2402 1741 2777 1801 substitueret

363 1819 438 1877 ad
468 1821 934 1880 satisfaciendum
962 1843 1065 1900 pro
1108 1822 1242 1898 illis,
1274 1830 1332 1881 et
1375 1823 1620 1880 salutem
1666 1822 1804 1898 ipsis
1838 1821 2241 1897 acquirendam
2267 1826 2294 1878 Ρ
2376 1821 2475 1877 An
2505 1840 2643 1878 vero
2672 1840 2776 1898 pro

367 1900 586 1959 Electis
615 1902 771 1976 solis,
803 1902 903 1977 qui
933 1923 967 1959 a
996 1906 1165 1959 Patre
1194 1902 1281 1959 illi
1309 1901 1428 1960 dati
1474 1902 1590 1960 sint
1631 1901 1968 1974 redimendi,
2001 1909 2056 1958 et
2087 1920 2327 1977 quorum
2361 1900 2548 1977 Caput
2576 1900 2777 1960 debuit

362 2000 507 2056 esse,
530 1981 783 2058 seipsum
807 1981 1029 2040 tradere
1054 1981 1303 2040 voluerit
1322 1984 1350 2039 Ρ
1432 1982 1521 2038 Eo
1544 2001 1684 2058 ergo
1702 1980 2064 2039 reducendus
2086 1990 2174 2039 est
2198 1980 2385 2038 Cardo
2408 1980 2774 2054 Quaestionis,

363 2069 428 2119 ut
455 2071 677 2137 agatur,
709 2081 826 2119 non
868 2060 940 2119 de
984 2070 1189 2119 natura
1230 2069 1288 2119 et
1330 2060 1544 2119 virtute
1588 2060 1805 2118 Christi
1846 2062 2047 2119 mortis
2091 2062 2148 2117 in
2192 2081 2271 2134 se,
2304 2060 2405 2118 sed
2435 2059 2506 2117 de
2537 2060 2778 2119 consilio

363 2142 552 2197 Patris
581 2141 744 2197 illum
774 2141 1133 2215 destinantis,
1166 2149 1224 2198 et
1250 2140 1568 2198 intentione
1600 2140 1814 2198 Christi
1843 2140 1998 2196 illam
2031 2140 2348 2198 subeuntis.
2437 2139 2608 2198 Unde
2638 2140 2779 2199 satis

370 2219 571 2296 liquet,
605 2240 721 2277 non
752 2221 846 2277 hic
875 2220 970 2296 agi
1003 2221 1074 2278 de
1105 2220 1401 2278 voluntate
1430 2229 1656 2277 tantum
1685 2223 1979 2298 ιῦαςσστιὶις,
2011 2230 2075 2278 ut
2105 2219 2418 2278 identidem
2448 2220 2724 2278 asseritur
2749 2240 2786 2278 a

367 2299 529 2355 Viris
561 2300 781 2374 Doctis,
814 2299 915 2357 sed
966 2300 1037 2358 de
1084 2300 1382 2358 voluntate
1427 2297 1662 2372 οὖδαίας,
1697 2304 1805 2358 sub
1847 2319 2019 2376 quam
2062 2299 2395 2358 missionem
2436 2307 2495 2357 et
2537 2308 2779 2358 mortem

367 2379 580 2437 Christi
611 2379 813 2437 cadere
843 2399 1013 2437 nemo
1041 2400 1253 2455 negare
1284 2391 1490 2456 potest.

450 2459 532 2516 X.
579 2463 633 2517 2.
681 2460 812 2517 Non
842 2459 1144 2535 Quaeritur,
1180 2460 1268 2517 De
1281 2462 1483 2533 fincctu
1511 2468 1564 2517 et
1590 2460 1836 2533 efficacia
1864 2459 2059 2517 'mortis
2105 2458 2334 2532 Christi,
2370 2458 2467 2515 An
2497 2479 2696 2517 omnes
2723 2468 2784 2519 et

366 2538 580 2616 singuli
604 2541 729 2616 ejus
759 2539 899 2598 fiant
927 2548 1058 2599 actu
1087 2539 1393 2617 participes
1414 2542 1443 2597 Ρ
1483 2539 1640 2617 quod
1666 2538 1913 2597 Puccius
1935 2549 1993 2597 et
2018 2539 2293 2597 Huberus
2321 2538 2458 2595 olim
2489 2539 2779 2599 volebant.

366 2620 715 2696 Agnoscunt
743 2621 896 2678 enim
928 2621 1055 2678 Viri
1090 2621 1259 2678 Docti
1290 2620 1445 2678 illam
1478 2621 1552 2678 ad
1581 2621 1782 2678 fideles
1812 2621 1966 2678 solos
2000 2620 2255 2679 extendi.
2343 2620 2459 2677 Sed
2487 2620 2680 2696 agitur
2707 2620 2780 2679 de

364 2701 729 2759 destinatione
751 2702 869 2758 Dei
893 2701 1173 2760 mittentis
1206 2701 1418 2759 Filium
1438 2700 1499 2758 in
1520 2700 1817 2775 mundum,
1853 2701 1928 2759 Et
1957 2703 2026 2758 de
2047 2701 2341 2759 intentione
2374 2701 2587 2758 Christi
2609 2701 2781 2759 mori·

364 2782 503 2839 entis
518 2805 541 2852 ;
585 2781 683 2838 An
714 2801 781 2839 ea
809 2781 1128 2858 respexerit
1157 2801 1356 2839 omnes
1404 2790 1463 2840 et
1508 2781 1771 2858 singulos
1819 2781 2098 2856 homines,
2157 2791 2221 2840 ut
2271 2781 2535 2840 Christus
2564 2801 2625 2839 se
2655 2781 2783 2839 loco

363 2860 594 2918 illorum
624 2861 1044 2936 substituendO,
1079 2882 1180 2939 pro
1210 2862 1326 2919 illis
1356 2861 1729 2934 satisfaceret,
1761 2871 1819 2919 et
1863 2861 2260 2919 remissionem
2299 2871 2682 2937 peccatorum,
2714 2881 2783 2920 ac

366 2940 608 2997 salutem
629 2941 997 3016 impetraret?
1042 2942 1139 2998 An
1158 2961 1296 2998 vero
1315 2941 1468 2999 solos
1490 2942 1763 3000 Electos?
1807 2941 1976 2999 Prius
1994 2940 2294 3015 affirmant,
2325 2941 2443 2998 Nos
2463 2939 2779 3000 PosteriuS.

448 3019 567 3076 XI.
614 3022 667 3076 3.
715 3020 846 3077 Non
877 3020 1179 3093 Quaeritur,
1241 3021 1339 3076 An
1385 3021 1686 3078 occasione
1742 3021 1943 3078 mortis
1995 3020 2225 3092 Christi,
2277 3020 2460 3077 multa
2513 3021 2667 3078 bona
2694 3041 2781 3079 re·

364 3097 561 3175 probis
589 3117 817 3173 quoque
847 3099 1200 3174 obtingant?
1285 3099 1414 3157 IIoc
1444 3100 1596 3156 enim
1625 3099 1797 3155 morti
1847 3098 2061 3156 Christi
2106 3099 2363 3172 debetur,
2396 3098 2552 3173 quod
2584 3100 2783 3157 Evan-

365 3177 581 3254 gelium
611 3176 954 3253 praedicetur
981 3178 1137 3235 omni
1183 3178 1489 3252 Creaturae,
1542 3177 1699 3254 quod
1749 3196 1942 3234 crassa
1986 3176 2312 3236 idololatria
2357 3177 2678 3235 Gentilium
2708 3199 2782 3236 ex

365 3257 564 3315 multis
594 3256 795 3314 mundi
823 3257 1083 3333 partibus
1112 3257 1330 3315 abolita
1358 3257 1449 3331 sit,
1481 3257 1641 3332 quod
1681 3255 1946 3332 impietas
1989 3256 2227 3333 profana
2274 3257 2568 3314 hominum
2601 3258 2783 3316 Verbi

370 3336 572 3395 Divini
601 3337 778 3394 fraeno
808 3356 922 3394 non
954 3358 1154 3413 parum
1184 3343 1531 3411 coerceatur,
1565 3345 1624 3395 et
1651 3335 1808 3412 quod
1830 3336 2090 3393 nonnulli
2120 3337 2303 3394 multa
2330 3345 2388 3394 et
2416 3336 2779 3412 excellentia,

363 3417 499 3476 licet
516 3437 633 3476 non
652 3417 926 3475 salutaria
948 3417 1195 3494 Spiritus
1219 3417 1414 3476 Sancti
1437 3417 1589 3474 dona
1607 3416 1942 3493 plerumque
1963 3416 2289 3475 obtineant:
2333 3436 2463 3493 quae
2482 3417 2676 3474 omnia
2704 3437 2780 3475 ex

363 3507 546 3556 morte
579 3497 793 3556 Christi
823 3496 1000 3555 fluere
1030 3507 1249 3556 certum
1273 3507 1378 3572 est,
1405 3495 1874 3574 quandoquidem
1904 3496 2065 3554 locus
2090 3495 2206 3554 illis
2230 3495 2400 3555 datus
2430 3516 2545 3554 non
2573 3497 2779 3556 fuisset

367 3577 428 3635 in
459 3578 737 3652 Ecclesia,
772 3578 883 3636 nisi
915 3577 1178 3637 Christus
1207 3586 1467 3636 mortuus
1497 3577 1720 3636 fuisset.
1809 3575 1925 3636 Sed
1957 3576 2054 3633 An
2082 3576 2330 3653 Sponsio
2359 3586 2417 3636 et
2450 3576 2779 3636 Satisfactio

370 3658 582 3716 Christi
633 3679 709 3716 ex
750 3658 860 3715 Dei
889 3658 1131 3716 consilio
1161 3669 1221 3717 et
1250 3658 1463 3717 Christi
1494 3658 1795 3715 voluntate
1824 3657 2081 3715 omnium
2130 3665 2189 3715 et
2243 3656 2602 3733 singulorum
2650 3658 2780 3716 loco

370 3735 522 3795 facta
551 3738 670 3796 sit?
712 3736 868 3813 quod
895 3738 981 3795 illi
1010 3738 1247 3796 vellent.
1302 3737 1399 3795 An
1429 3757 1567 3796 vero
1598 3746 1821 3796 tantum
1854 3737 2184 3796 Electorum
2202 3741 2230 3795 P
2271 3737 2428 3812 quod
2457 3738 2781 3795 statuimus,

970 3817 1125 3875 XII.
1174 3818 1449 3876 Rationes
1478 3826 1633 3892 sunt,
1669 3821 1722 3876 1.
1754 3818 1902 3890 Quia
1929 3817 2127 3875 missio
2152 3816 2382 3890 Christi,
2405 3825 2463 3873 et
2483 3817 2610 3891 ejus
2627 3836 2784 3874 mors

366 3894 623 3940 Christum
651 3907 747 3937 ⁰⁰¹¹
764 3908 870 3938 ⁰³⁸⁶
897 3897 1265 3972 restringitur
1319 3897 1561 3954 subinde
1612 3896 1686 3954 ad
1731 3895 2030 3972 quosdam,
2088 3894 2162 3953 ad
2219 3897 2497 3970 Populum
2548 3895 2780 3969 Christi,

406 3959 863 4068 ffi‘ssffssnssgg’tffiff‘
896 3974 971 4031 ad
1032 3977 1189 4049 Oves,
1247 3976 1322 4032 ad
1376 3977 1616 4050 Amicos,
1668 3975 1743 4033 ad
1799 3976 2111 4032 Ecclesiam
2160 3983 2217 4032 et
2268 3975 2490 4048 Corpus
2538 3977 2672 4048 ejus,
2724 3982 2784 4032 et

890 4073 1181 4129 nunquam
1212 4054 1287 4111 ad
1316 4074 1513 4112 omnes
1542 4063 1600 4112 et
1623 4054 1900 4130 singulm,
1941 4053 2287 4111 extenditur.
2377 4053 2472 4111 Sic
2519 4053 2784 4112 Christus

367 4138 411 4197 J
414 4157 548 4195 esus
576 4135 788 4193 dicitur
815 4133 1129 4208 vocandus,
1161 4134 1297 4210 quia
1322 4143 1649 4192 servaturus
1672 4143 1799 4192 erat
1812 4136 2091 4208 populum
2117 4153 2278 4190 suum
2305 4153 2344 4190 a
2373 4136 2620 4208 peccatis
2646 4135 2777 4208 sutis,

372 4218 581 4276 Matth.
614 4216 649 4272 i.
682 4219 777 4290 21,
808 4224 866 4272 et
894 4213 1032 4271 alibi
1060 4216 1332 4272 Sei-vator
1359 4221 1601 4271 vocatur
1652 4213 1924 4288 Corporis
1950 4213 2053 4288 sui,
2115 4213 2263 4289 Eph.
2309 4233 2364 4270 v.
2415 4217 2511 4287 23,
2563 4211 2781 4272 Pastor

368 4299 556 4371 bonus,
590 4297 689 4372 qui
696 4316 914 4373 ponere
942 4295 1125 4351 debuit
1152 4295 1398 4351 animam
1419 4313 1536 4369 pro
1572 4293 1774 4352 Ovibus
1801 4293 1930 4367 suth,
1961 4293 2005 4352 J
2008 4293 2102 4351 oh.
2121 4313 2181 4350 x.
2210 4294 2301 4367 15,
2333 4301 2391 4350 et
2418 4313 2522 4369 pro
2549 4294 2775 4370 Amicis,

889 4376 932 4434 J
937 4376 1029 4433 oh.
1081 4394 1182 4433 xv.
1235 4377 1324 4448 13,
1377 4383 1430 4431 et
1458 4374 1606 4431 mori
1630 4376 1714 4431 ad
1748 4372 2081 4447 colliqendos
2109 4372 2289 4431 Filios
2317 4372 2436 4429 Dei
2465 4393 2577 4448 per
2606 4383 2778 4433 totum

366 4455 441 4500 ΒΧ
535 4456 843 4526 restrictione
885 4457 1070 4513 orbem
1099 4455 1393 4531 disper-303,
1425 4453 1468 4511 J
1473 4452 1566 4511 oh.
1606 4452 1688 4511 xi.
1719 4456 1813 4527 52,
1845 4461 1904 4511 et
1932 4452 2006 4510 ad
2035 4453 2348 4510 Ecclesiam
2375 4453 2779 4528 acquirendam

427 4513 843 4626 ffdossasssffifffl
877 4537 1125 4612 proprio
1153 4534 1439 4611 sanquine,
1493 4532 1628 4591 Aet.
1673 4553 1776 4590 xx.
1807 4534 1902 4606 28,
1934 4541 1992 4591 et
2041 4531 2191 4610 Eph.
2221 4552 2279 4590 v.
2304 4535 2400 4607 25,
2432 4535 2529 4591 26.
2614 4532 2699 4592 At
2728 4534 2778 4592 si

892 4616 1155 4674 Christus
1182 4635 1284 4691 pro
1314 4613 1580 4673 omnibus
1608 4620 1668 4670 et
1696 4612 1943 4690 singulis
1969 4621 2228 4671 mortuus
2259 4620 2430 4688 esset,
2463 4612 2580 4671 Cur
2606 4614 2779 4672 toties

371 4695 666 4774 Scriptura
694 4697 820 4774 ejus
848 4706 1086 4754 mortem
1139 4695 1212 4752 ad
1240 4714 1455 4771 paucos
1502 4692 1919 4770 restringeret?
2001 4693 2302 4768 Quomodo
2350 4703 2547 4774 posset
2588 4691 2778 4752 dicere

402 840 574 911 Status
624 839 795 909 fluma-

516 906 679 943 tionis.
