3221 5200
282 388 501 435 Quszsr.
538 367 623 446 ιη]
1208 386 1283 426 ns
1314 386 1861 427 sancus-mmmm.
2579 371 2694 426 635

286 529 388 586 sed
417 527 711 586 filiationis
742 526 1065 603 privilegio,
1112 526 1500 586 intercedente
1543 536 1736 586 tamen
1785 529 2062 587 bonorum
2115 548 2351 605 operum
2401 527 2693 601 exercitIO,

286 621 557 685 tanquam
588 607 910 664 necessaria
938 607 1283 664 conditione.
1369 609 1548 685 Cujus
1576 628 1752 666 causa
1777 618 1842 667 ut
1869 628 2087 666 merces
2136 617 2194 667 et
2242 609 2539 684 proemium
2569 628 2695 684 pro-

287 690 522 764 ponitur
548 688 623 745 ad
653 687 1016 745 excitandam
1046 687 1302 744 fidelium
1334 688 1713 762 diligentiam,
1735 709 1851 746 non
1873 687 1946 744 ad
1964 689 2328 745 nutriendam
2351 688 2694 764 superbiam,

288 768 389 826 sed
419 768 670 844 gratuita
700 767 821 824 haee
872 786 1106 842 merces,
1138 786 1268 842 quae
1297 769 1667 844 consequitur
1695 769 1922 826 labores
1950 778 2192 841 nostros,
2225 789 2339 825 non
2370 768 2560 843 magis
2581 787 2697 824 me·

288 849 460 906 ritum
491 847 698 921 arguit,
731 867 902 922 quam
934 847 1148 923 emptio
1177 847 1422 922 pretium
1450 858 1510 905 et
1538 849 1838 924 pecuniam
1868 847 2024 925 apud
2073 848 2436 924 l'rophetarn‚
2472 850 2587 904 lsa.
2618 847 2698 904 lv.

295 932 344 1001 l,
379 934 433 985 ⁶2.
528 927 691 985 Unde
722 927 878 1002 quod
904 937 1051 995 μισθὸς
1082 926 1308 1000 dieitur,
1344 926 1553 986 Matth.
1584 947 1642 985 v.
1674 932 1769 1002 46,
1818 937 1876 987 et
1904 929 1981 985 vi.
2017 931 2067 1002 l,
2100 928 2238 984 alibi
2274 927 2429 1003 apud
2461 927 2696 1001 Lucam,

292 1008 497 1084 cap.vi.
526 1011 619 1081 32,
652 1016 893 1064 vocatur
908 1018 1062 1080 χᾶμα,
1094 1016 1151 1063 et
1184 1007 1335 1064 l’sal.
1368 1007 1587 1065 cxxvii.
1607 1011 1663 1083 3,
1686 1008 1853 1066 liberi
1882 1028 1983 1066 seu
2013 1008 2231 1066 fruetus
2251 1007 2468 1064 ventris
2488 1025 2698 1064 vocan-

292 1096 385 1145 tur
406 1107 641 1160 merces,
673 1087 770 1161 qui
804 1096 994 1145 tamen
1025 1097 1157 1143 sunt
1187 1086 1399 1142 donum
1433 1087 1561 1144 Dei.

376 1167 588 1224 XXV.
622 1167 758 1223 Alia
788 1177 873 1224 est
901 1167 1134 1224 Juscitia
1162 1166 1357 1223 stricta
1385 1168 1737 1242 (equalitatis,
1769 1188 1897 1245 quae
1928 1169 2162 1245 respicit
2178 1176 2379 1226 exacte
2410 1166 2706 1242 aequalita-

292 1255 408 1305 tem
438 1247 644 1324 operiS,
680 1247 817 1304 Alia
843 1247 1401 1324 Justitz‘afidelitalzk,
1442 1246 1834 1305 misericordia
1882 1256 2214 1323 temperata,
2246 1268 2373 1324 quae
2405 1247 2706 1304 veritatem

293 1338 514 1403 spectat
543 1326 755 1383 divinae
785 1327 1196 1404 promissionis,
1228 1336 1285 1384 et
1313 1338 1563 1402 pactum,
1587 1327 1745 1404 quod
1793 1328 1953 1384 Deus
2001 1328 2300 1386 nobiseum
2333 1328 2475 1386 inire
2505 1326 2709 1402 digna·

292 1417 386 1464 tus
410 1417 514 1465 est.
603 1408 760 1463 Deus
791 1406 979 1464 reddit
1006 1406 1185 1463 vitam
1209 1407 1477 1482 operibus
1505 1408 1718 1466 nostris
1747 1428 1820 1466 ex
1842 1407 2072 1484 justitia
2091 1408 2404 1482 fidelitatis,
2430 1428 2544 1483 qua
2570 1407 2710 1463 fide-

294 1485 367 1544 lis
398 1499 454 1546 et
488 1507 662 1544 verax
693 1487 749 1543 in
781 1486 1087 1563 implendis
1116 1486 1450 1563 promissis3
1498 1489 1600 1546 sed
1630 1508 1746 1546 non
1775 1509 1848 1546 ex
1887 1488 2116 1565 justitia
2146 1488 2509 1564 aequalitatis,
2541 1496 2605 1543 ut
2627 1495 2712 1543 at·

295 1567 491 1625 tendat
522 1567 786 1624 meritum
817 1567 1021 1643 operiS‚
1055 1567 1209 1642 quod
1242 1568 1553 1626 Durandus
1583 1569 1846 1645 agnoscit
1868 1568 1925 1624 in
1958 1573 1992 1624 2
2029 1568 2177 1625 nist.
2203 1568 2388 1624 xxvii.
2420 1587 2474 1643 q.
2508 1571 2561 1634 2,
2597 1586 2715 1622 non

294 1648 431 1722 quia
453 1648 675 1723 justum
706 1656 792 1703 est
820 1647 1040 1704 meritis
1069 1647 1280 1704 nostris
1309 1648 1557 1724 pendere
1587 1649 1838 1706 debitam
1863 1649 2200 1719 mercedem,
2226 1648 2325 1704 secl
2347 1649 2483 1722 quia
2492 1648 2715 1722 justum

298 1735 386 1784 est
419 1729 542 1783 Deo
574 1736 722 1784 stare
752 1727 1065 1802 promissis,
1100 1736 1157 1785 et
1186 1747 1299 1782 non
1331 1730 1448 1803 pati
1478 1739 1542 1786 ut
1571 1748 1726 1784 mors
1757 1728 1971 1785 Christi
2001 1728 2076 1784 sit
2104 1727 2282 1783 irrita.

382 1807 630 1864 XXVI.
700 1807 858 1864 Deus
908 1806 1236 1862 redditurus
1286 1817 1374 1864 est
1424 1818 1551 1861 κατὰ
1588 1834 1650 1860 τι
1675 1817 1789 1880 'ey‘
1849 1809 2149 1863 secundum
2199 1825 2393 1880 opera,
2457 1823 2574 1860 non
2645 1811 2714 1858 διὰ

293 1897 549 1963 propter,
625 1894 691 1943 ut
753 1893 984 1942 notetur
1043 1886 1348 1961 proportio
1397 1886 1701 1961 qualitati&
1777 1905 1891 1942 non
1966 1885 2327 1961 aequalitatis,
2402 1892 2469 1940 ut
2550 1882 2718 1942 bonis

300 1967 445 2024 bene
478 1968 568 2039 sit,
602 1965 768 2022 malis
798 1965 963 2038 male,
998 1974 1060 2022 ut
1090 1965 1427 2040 explicatur,
1474 1966 1660 2043 Apoc.
1691 1966 1838 2024 xxii.
1875 1969 1964 2039 12,
2000 1964 2316 2022 “Reddam
2347 1963 2554 2038 cuique
2585 1972 2638 2022 ὥς
2667 1974 2718 2017 en*

300 2055 423 2118 5370»
449 2055 589 2100 ἀυτῶ
613 2047 799 2114 1η-ιι,”
834 2045 909 2102 id.
941 2045 1111 2122 quale
1141 2044 1395 2103 futurum
1417 2056 1542 2119 est;
1575 2044 1678 2104 sed
1699 2065 1815 2102 non
1845 2054 1910 2103 ut
1932 2065 2076 2122 opus
2106 2053 2597 2102 commensuretur
2619 2063 2721 2119 per

301 2126 753 2203 condignitatem
783 2125 1035 2183 mercedi
1083 2125 1399 2202 promissae.
1485 2125 1654 2199 Quod
1706 2126 1925 2201 GregO.
1961 2126 2042 2182 M.
2074 2125 2133 2181 in
2165 2129 2195 2181 7
2235 2123 2387 2180 l’sal.
2418 2122 2717 2199 poenitent.

302 2206 608 2264 observat:
684 2208 719 2238 “
745 2205 927 2262 Aliud
976 2214 1064 2263 est
1114 2206 1429 2263 secundum
1481 2226 1655 2282 opera
1703 2205 1982 2281 reddere3
2041 2204 2224 2262 Aliud
2269 2213 2500 2280 propter
2549 2221 2722 2280 opera

299 2285 557 2343 reddere.
647 2285 714 2341 In
747 2305 814 2342 eo
844 2285 995 2342 enim
1026 2284 1182 2361 quod
1209 2288 1509 2343 secundum
1556 2305 1733 2360 opera
1783 2285 2012 2359 dicitur,
2044 2285 2170 2361 ipsa
2198 2303 2431 2360 operum
2472 2282 2719 2358 qualitas

302 2365 661 2440 intelligitur,
694 2375 759 2423 ut
788 2366 952 2442 eujus
982 2366 1349 2442 apparuerint
1376 2366 1528 2422 bona
1558 2384 1748 2441 opera,
1780 2366 1904 2442 ejus
1935 2367 2009 2423 sit
2037 2364 2336 2422 retributio
2367 2362 2678 2439 gloriosa.''

385 2445 674 2502 XXVII.
723 2444 1028 2502 Particulae
1085 2445 1343 2502 causales
1393 2455 1500 2519 γὰρ,
1527 2451 1615 2519 διὰ,
1664 2465 1792 2522 quae
1841 2445 2174 2503 tribuuntur
2219 2443 2387 2500 bonis
2434 2441 2717 2517 operibus,

306 2525 515 2583 Matth.
547 2546 689 2583 xxv.
722 2529 818 2594 35,
852 2525 1036 2602 Apoc.
1085 2524 1185 2582 vii.
1242 2529 1332 2599 15,
1382 2546 1496 2582 non
1541 2534 1677 2583 sunt
1725 2526 2001 2600 causaleS,
2045 2524 2147 2582 sed
2193 2522 2625 2595 ratiocinativae,
2660 2532 2723 2580 ut

304 2625 456 2682 saepe
486 2606 640 2681 alibi,
676 2606 886 2664 Matth.
918 2606 1038 2662 xvi.
1071 2609 1125 2679 2,
1158 2609 1212 2680 3,
1246 2615 1302 2664 et
1330 2606 1470 2665 Joh.
1500 2606 1623 2663 xvi.
1649 2610 1743 2680 27,
1781 2610 1808 2664 1
1845 2606 1974 2664 Cor.
2007 2627 2064 2664 x.
2097 2610 2151 2680 5,
2185 2602 2311 2678 δια,
2344 2623 2472 2681 quae
2522 2610 2725 2660 notant

303 2706 535 2744 causam
566 2685 1007 2762 consequentiae,
1039 2706 1154 2743 non
1204 2687 1647 2763 consequentis3
1692 2695 1860 2745 notas
1905 2686 2331 2758 salvandorum,
2380 2691 2438 2741 et
2467 2682 2722 2740 testimo·

302 2766 460 2823 nium
489 2766 624 2824 fidei
648 2777 706 2825 et
736 2766 1052 2824 Electionis
1095 2775 1338 2841 aeternae,
1372 2767 1474 2825 sed
1503 2786 1619 2824 non
1650 2786 1853 2825 causas
1897 2766 2219 2826 meritorias
2266 2763 2485 2837 salutis,
2518 2774 2582 2821 ut
2611 2763 2727 2821 sint

303 2857 643 2919 argumenta
672 2856 729 2904 et
752 2847 919 2922 signa
947 2867 980 2902 a
1029 2847 1333 2923 posteriori
1375 2848 1551 2925 justae
1602 2848 1902 2906 sententiae
1947 2848 2007 2905 in
2053 2847 2413 2906 absolutione
2440 2844 2721 2918 fidelium,

302 2942 417 2980 non
448 2944 635 2981 causae
665 2934 723 2982 et
750 2925 1123 2984 fundamenta
1151 2946 1185 2984 a
1213 2929 1407 3003 priori.
1473 2928 1664 2987 Eleeti
1694 2928 1846 2987 enim
1876 2928 2147 2986 dicuntur
2169 2928 2420 3002 recipere
2453 2925 2722 2999 Regnum

303 3022 378 3059 ex
402 3003 589 3077 gratia
615 3003 723 3058 Dei
754 3005 825 3059 ab
850 3013 1056 3060 aelerno
1074 3016 1492 3081 praeparatum,
1524 3027 1640 3064 non
1671 3008 1728 3063 in
1760 3016 2013 3082 tempore
2044 3007 2247 3064 merito
2277 3023 2510 3079 operum
2542 3004 2723 3077 impe-

303 3090 532 3156 tratum,
566 3090 630 3139 ut
658 3082 814 3138 titulo
841 3083 1183 3139 haereditatis
1211 3085 1560 3159 possideant,
1594 3094 1658 3142 ut
1672 3086 1796 3159 filia·
1819 3087 2013 3142 Patris
2044 3085 2323 3157 benedicti,
2358 3101 2472 3139 non
2503 3101 2641 3137 vero
2660 3091 2724 3138 ut

304 3162 455 3220 servi
486 3162 583 3237 qui
616 3161 717 3218 tali
746 3160 981 3237 praemio
1011 3162 1280 3236 operibus
1311 3163 1430 3221 suis
1459 3163 1621 3238 digni
1652 3165 1768 3220 sint
1797 3163 1950 3221 sacti.

386 3240 716 3298 XXVIII.
771 3238 1051 3315 Diym'tas
1092 3240 1213 3297 alia
1259 3250 1348 3298 est
1381 3261 1661 3316 personoe,
1707 3242 1826 3298 alia
1867 3242 2056 3317 operis
2084 3264 2106 3306 ,·
2158 3241 2394 3299 Fideles
2436 3238 2722 3295 dicuntur

303 3320 471 3395 digni
499 3321 600 3376 sed
631 3337 752 3376 non
794 3336 974 3392 opera
1001 3336 1226 3376 eorum.
1310 3320 1363 3376 2.
1410 3319 1688 3395 Dignitas
1715 3319 1835 3377 alia
1862 3328 1951 3377 cst
1977 3319 2236 3395 propria,
2267 3336 2401 3392 quse
2429 3317 2724 3372 fundatur
2795 3327 2820 3343 ·

306 3401 368 3455 in
398 3398 676 3472 operibus
707 3397 888 3472 ipsius
907 3395 1182 3466 hominis,
1206 3397 1327 3454 alia
1348 3417 1483 3474 quae
1506 3398 1582 3455 ab
1605 3397 1851 3455 alterius
1869 3399 2215 3472 dignatione
2238 3405 2297 3453 et
2319 3393 2718 3467 acceptatione

306 3479 540 3553 pendet.
628 3476 773 3533 Alia
799 3483 888 3533 est
915 3476 1169 3552 diqnitas
1200 3477 1572 3553 perfectioni-3
1602 3488 1655 3534 et
1681 3476 1888 3546 meriti,
1914 3497 2048 3552 quae
2073 3476 2348 3550 operibus
2371 3472 2589 3548 passim
2619 3474 2720 3529 de-

306 3564 599 3630 negatur3
647 3555 793 3612 Alia
836 3555 1184 3631 aptitudinis
1230 3567 1282 3613 et
1326 3556 1740 3626 convenientioe,
1787 3558 2117 3614 secundum
2159 3573 2341 3630 quam
2385 3552 2591 3608 fideles
2633 3552 2721 3607 di-

303 3644 523 3693 cuntur
551 3634 717 3709 digni
766 3632 977 3709 Regno
1000 3634 1304 3706 coelornm,
1334 3636 1553 3693 Matth.
1598 3655 1656 3692 x.
1692 3635 1783 3705 11,
1828 3635 1866 3692 2
1894 3635 2099 3694 Thess,
2132 3635 2167 3692 i.
2201 3634 2254 3703 5,
2299 3633 2487 3707 Apoc.
2537 3630 2616 3687 iii.
2661 3632 2717 3701 4,

302 3714 383 3771 id.
414 3714 538 3788 apti
567 3722 627 3772 et
654 3714 1071 3770 convenienter
1098 3713 1365 3788 dispositi
1387 3717 1464 3772 ad
1492 3714 1647 3772 illud
1677 3713 2121 3790 possidendum.
2210 3712 2305 3769 Ita
2327 3729 2480 3784 saepe
2500 3728 2716 3764 nomen

302 3801 418 3859 ἄξιος
457 3793 728 3865 sumitur,
765 3798 830 3847 ut
856 3792 1077 3849 Matth.
1108 3792 1187 3848 iii.
1219 3792 1274 3861 8,
1309 3794 1444 3851 Act.
1476 3793 1636 3849 xxvi.
1668 3794 1762 3851 20.
1823 3792 2004 3865 Digni
2034 3811 2175 3865 ergo
2194 3797 2351 3856 sunt,
2382 3806 2504 3842 non
2533 3805 2605 3840 ex
2629 3785 2716 3839 in-

303 3876 471 3926 terna
499 3870 791 3942 dignitate
821 3888 1105 3942 operum;
1149 3872 1251 3926 sed
1274 3891 1346 3928 ex
1388 3871 1738 3944 dignatione
1767 3870 1985 3938 divina,
2020 3890 2152 3942 quae
2183 3887 2256 3923 ex
2297 3862 2557 3935 indignis
2586 3862 2715 3936 dig-

304 3966 413 4002 nos
439 3946 595 4014 fecit,
629 3946 756 4003 Col.
787 3946 823 4001 i.
862 3948 951 4016 12,
982 3947 1212 4003 ratione
1241 3950 1390 4006 albae
1423 3949 1599 4006 vestis
1618 3948 1869 4021 justitiae
1903 3947 2137 4014 Christi,
2169 3963 2290 4018 qua
2318 3950 2458 3998 sunt
2500 3939 2713 4008 induti,

304 4024 438 4083 Gal.
470 4024 551 4080 iii.
583 4024 677 4092 27,
707 4030 767 4080 et
793 4023 1009 4080 divinae
1039 4025 1392 4099 adoptionis,
1424 4045 1543 4083 non
1575 4026 1802 4082 ratione
1823 4024 2074 4097 justitiae
2105 4019 2445 4078 inhaerentis
2489 4037 2622 4092 quae
2653 4017 2713 4073 in

299 4105 413 4160 hac
441 4102 565 4159 vita
593 4103 763 4157 nulla
790 4102 1048 4176 perfecta
1075 4111 1178 4158 est.
1261 4103 1323 4160 N
1327 4124 1391 4161 ec
1420 4105 1586 4162 aliud
1616 4104 1725 4159 sibi
1756 4103 1887 4158 vult
1910 4101 2257 4176 ApostoluS,
2288 4099 2325 4155 2
2353 4097 2554 4152 Thess,
2589 4095 2625 4151 i.
2659 4096 2712 4165 5,

302 4200 491 4257 quum
533 4180 618 4237 ait
659 4180 788 4254 pios
831 4191 1157 4247 καταξιωθῆναι
1191 4182 1404 4255 dignos
1440 4181 1566 4238 fieri
1615 4199 1798 4254 regno
1842 4179 1974 4250 Dei,
2017 4198 2138 4235 non
2184 4196 2289 4253 per
2330 4195 2439 4233 sua
2485 4173 2712 4242 merita,

300 4261 401 4317 sed
445 4278 548 4333 per
590 4258 703 4315 Dei
745 4260 998 4332 gratiam
1047 4260 1105 4316 in
1166 4259 1436 4331 Chi-istm
1487 4259 1626 4316 hinc
1672 4259 1829 4316 enim
1884 4266 1976 4316 est
2017 4257 2207 4313 omnis
2264 4262 2466 4311 nostra
2506 4260 2713 4310 ἱκανότης

301 4346 361 4395 et
402 4347 522 4403 ἀξία.
628 4336 809 4393 Unde
852 4348 1170 4404 καταξιῶσαι,
1210 4340 1271 4396 in
1316 4340 1622 4413 Scriptura
1662 4338 1987 4410 aliquando
2031 4337 2188 4391 idem
2231 4340 2320 4391 est
2360 4351 2495 4389 cum
2543 4359 2718 4404 χαρα-

300 4427 436 4483 οῆηιι,
464 4416 600 4473 Act.
631 4434 687 4472 v,
718 4415 814 4487 41,
846 4418 1001 4475 Phil.
1032 4419 1069 4475 i.
1101 4418 1196 4488 29,
1226 4425 1285 4475 et
1315 4417 1561 4476 Salmer.
1593 4417 1671 4472 ad
1705 4415 1832 4473 Col.
1877 4416 1915 4474 i.
1960 4415 2196 4488 Disput.
2229 4414 2282 4483 2,
2313 4413 2522 4468 statuit
2551 4414 2714 4485 quod

301 4496 468 4572 diqni
493 4494 759 4563 dicimur,
792 4497 886 4553 ubi
913 4497 1220 4554 haereditas
1249 4495 1422 4552 nullis
1450 4494 1662 4551 uostris
1689 4496 1905 4553 meritis
1932 4494 2164 4551 obvenit.

384 4573 631 4632 XXIX.
679 4573 869 4632 Aliud
896 4584 986 4634 est
1006 4577 1164 4634 bona
1192 4594 1372 4650 opera
1387 4573 1621 4650 placere
1649 4571 1798 4646 Dee,
1829 4582 1888 4632 et
1914 4592 2052 4630 eum
2081 4571 2392 4639 delectare,
2424 4571 2584 4645 quod
2615 4588 2719 4644 ag-

306 4652 639 4719 noscimus;
686 4651 876 4711 Aliud
904 4656 1063 4712 bona
1091 4672 1271 4730 opera
1298 4653 1487 4729 ipsum
1507 4652 1764 4728 placare,
1810 4660 1870 4709 et
1906 4650 2138 4725 aliquid
2167 4668 2271 4723 per
2313 4649 2472 4705 viam
2521 4648 2715 4704 meriti

302 4733 376 4787 ab
401 4732 527 4805 ipso
551 4728 832 4789 obtinere.
882 4732 1057 4789 Prius
1076 4733 1311 4801 dieitur,
1340 4731 1492 4788 IIeb.
1518 4732 1637 4788 xiii.
1664 4731 1753 4800 16,
1768 4749 1955 4804 quum
1980 4729 2060 4786 ait
2083 4727 2310 4786 Paulus
2334 4727 2527 4783 Deum
2553 4738 2716 4798 simpic-
