3221 5200
502 337 616 393 534
1314 355 1504 395 Locus
1534 354 1800 394 nscmus
1830 355 2115 399 emarus
2512 339 2769 410 [QUAEST.
2806 351 2946 391 ΧΠ.

1099 495 1345 553 ΧΧΙΧ.
1392 496 1690 570 Exempla
1707 514 1842 569 quae
1861 494 2195 551 afferuntur
2231 493 2479 564 Eorum,
2499 493 2608 567 qui
2646 493 2945 550 defecisse

1020 575 1301 631 dicuntur
1348 595 1386 633 a
1436 577 1571 643 fide,
1627 592 1750 631 non
1793 574 2075 630 evincunt
2131 572 2515 647 Apostasiam
2544 572 2939 628 Sanctorum.

1024 652 1185 721 Quia
1207 653 1328 710 Vel
1344 659 1433 711 est
1452 654 1681 727 desectio
1711 673 1749 710 a
1764 654 1890 730 fide
1918 653 2283 728 temporaria,
2302 668 2423 707 non
2451 667 2489 706 a
2504 651 2623 706 fide
2643 650 2942 717 salvifica,

506 734 576 785 ut
605 728 695 785 illi
723 732 798 788 de
819 732 1039 806 quibus
1060 732 1261 804 agitur
1304 732 1523 789 Matth.
1545 732 1744 790 xiii.21
1770 752 1785 802 ;
1832 731 1949 789 Vel
1969 751 2006 788 a
2033 731 2412 790 communione
2438 738 2677 786 externa
2699 734 2762 784 et
2790 728 2941 783 visi-

505 806 612 863 bili
641 807 937 880 Ecclesiae,
968 828 1088 867 non
1118 809 1353 867 interna
1378 816 1438 867 et
1465 810 1751 884 mystica3
1782 809 1978 884 qualis
2005 809 2362 884 intelligitur
2388 809 2451 864 in
2472 807 2619 864 locis
2646 807 2790 874 illis,
2824 806 2937 861 ubi

505 887 729 943 mentio
756 889 825 945 fit
856 887 1265 944 Israelitarum
1293 888 1763 963 foedifragorum,
1792 887 1896 961 qui
1926 887 2174 945 defracti
2216 894 2356 944 sunt
2395 904 2502 961 per
2540 884 2940 941 incredulita-

507 969 629 1020 tem
676 984 864 1035 suam,
897 966 1072 1022 Rom.
1105 965 1184 1023 xi.
1216 965 1310 1035 20,
1341 966 1446 1040 qui
1473 965 2135 1039 contradistinguuntur
2164 965 2385 1023 Electis
2411 965 2490 1020 ad
2512 962 2789 1037 gloriam,
2823 962 2935 1036 qui

505 1043 757 1099 assecuti
785 1050 925 1099 sunt
952 1044 1222 1113 salutem,
1253 1043 1428 1101 Rom.
1458 1045 1537 1102 xi.
1568 1044 1625 1114 7,
1655 1051 1714 1101 et
1742 1042 2078 1113 Palmitum,
2103 1045 2205 1117 qui
2228 1061 2349 1100 non
2369 1043 2626 1100 ferentes
2657 1040 2933 1096 fructum

505 1120 568 1174 in
601 1108 835 1177 Christo
878 1139 996 1176 non
1041 1128 1300 1191 manent,
1332 1123 1434 1178 sed
1476 1122 1909 1179 exscinduntur
1950 1128 2010 1178 et
2035 1128 2404 1194 exarescunt,
2434 1119 2476 1176 J
2481 1121 2577 1177 oh.
2624 1137 2722 1174 xv.
2768 1119 2828 1187 2,
2877 1119 2935 1186 6,

507 1197 613 1270 qui
640 1198 701 1253 in
735 1197 968 1254 Christo
996 1199 1278 1256 dicuntur
1304 1218 1445 1269 esse,
1476 1200 1621 1274 quia
1660 1206 1801 1257 sunt
1827 1199 1889 1256 in
1920 1198 2196 1257 Ecclesiae
2227 1200 2522 1268 societate,
2545 1205 2606 1254 et
2631 1215 2740 1270 per
2768 1195 2938 1269 Bap-

507 1275 749 1331 tismum
783 1275 1019 1332 Christo
1049 1285 1191 1333 sunt
1232 1277 1472 1348 initiati,
1502 1284 1562 1335 et
1589 1285 1721 1334 tum
1764 1296 1874 1334 sua
1900 1285 2032 1335 tum
2059 1279 2317 1336 aliorum
2341 1276 2618 1351 opinione
2639 1275 2936 1331 videntur

509 1352 743 1410 Christo
771 1353 950 1424 insiti,
981 1356 1082 1411 sed
1101 1355 1206 1429 qui
1234 1355 1326 1411 illi
1353 1356 1660 1413 adhaerent
1676 1355 1875 1429 potius
1891 1372 1998 1430 per
2015 1355 2468 1430 contiguitatem
2488 1351 2936 1410 communionis

504 1438 785 1500 externae,
815 1450 998 1506 quam
1024 1432 1319 1491 inhaerent
1344 1451 1450 1507 per
1476 1432 1931 1491 continuitatem
1959 1434 2396 1490 communionis
2423 1433 2689 1501 internae,
2720 1438 2781 1485 et
2823 1448 2935 1503 per

505 1508 803 1565 influxum
831 1509 1132 1568 vivificum
1162 1510 1454 1584 Spiritus;
1501 1511 1621 1569 Vel
1649 1529 1688 1567 a
1733 1513 2176 1588 sanctificatione
2202 1510 2488 1589 foederali
2515 1516 2575 1566 et
2595 1528 2937 1565 sacramen-

507 1586 629 1656 tali,
649 1595 708 1644 et
729 1588 1133 1662 qualicunque
1151 1594 1415 1658 externa,
1438 1608 1558 1646 non
1582 1589 1795 1647 intima
1820 1596 1882 1647 et
1906 1590 2053 1647 reali
2078 1593 2185 1660 ;de
2215 1608 2353 1665 qua,
2384 1587 2540 1645 Heb.
2570 1606 2627 1645 x.
2659 1587 2736 1643 29
2761 1607 2778 1656 ;
2804 1585 2934 1642 vel

506 1666 682 1742 afide
709 1683 844 1740 quoe,
878 1666 1154 1736 creditur,
1190 1685 1294 1724 seu
1323 1686 1360 1724 a
1400 1667 1672 1725 doctrina
1715 1668 2048 1742 Evangelii,
2076 1671 2326 1744 ejusque
2372 1665 2757 1741 professione,
2800 1682 2933 1719 non

504 1761 646 1800 vero
674 1761 710 1800 a
724 1744 854 1820 fide
881 1765 996 1820 qua
1023 1747 1290 1815 creditur,
1321 1764 1426 1803 seu
1443 1745 1658 1802 habitu
1678 1763 1820 1804 vero
1839 1747 2002 1804 fideli
2023 1748 2204 1804 semel
2232 1745 2424 1803 indito
2448 1766 2463 1815 ;
2492 1751 2563 1800 ut
2589 1742 2808 1800 dicitur
2851 1743 2935 1799 de

507 1821 841 1880 novissimis
869 1824 1077 1880 diebus
1100 1826 1264 1898 quod
1287 1825 1534 1898 quidam
1563 1825 1845 1901 defecturi
1873 1836 2052 1883 essent
2079 1845 2118 1880 a
2128 1828 2269 1904 fide,
2301 1824 2333 1881 1
2359 1823 2509 1880 Tim.
2531 1822 2608 1879 iv.
2643 1821 2694 1889 1,
2722 1819 2927 1877 nimir.

506 1917 542 1956 a
567 1900 816 1957 veritate
854 1901 1184 1974 Evangelii,
1209 1903 1581 1960 attendentes
1622 1903 1923 1977 spiritibus
1965 1903 2396 1979 deceptoribuS,
2426 1903 2548 1969 δια,
2578 1906 2638 1956 et
2663 1900 2739 1954 de
2789 1897 2932 1971 Hy-

506 1995 737 2034 menaeo
766 1986 826 2035 et
854 1977 1108 2049 Phileto,
1143 1981 1173 2037 1
1206 1980 1356 2037 Tim.
1386 1980 1425 2037 i.
1454 1980 1544 2052 19,
1575 1981 1670 2051 20,
1699 1988 1759 2037 et
1787 1982 1824 2037 2
1853 1981 2004 2039 Tim.
2032 1982 2092 2039 ii.
2127 1982 2217 2052 17,
2247 1981 2412 2056 quod
2450 1978 2933 2053 naufragiumse-

508 2069 705 2115 ceram
735 2065 833 2129 mg)
853 2067 931 2115 τὺ,
957 2066 1124 2125 rim-n,
1156 2061 1514 2137 circafidem,
1543 2060 1880 2117 recedentes
1897 2060 2117 2118 scilicet
2141 2078 2178 2117 a
2204 2077 2357 2134 pura
2384 2064 2444 2116 et
2471 2058 2694 2114 sincera
2722 2056 2933 2113 Evan-

507 2135 648 2208 gelii
676 2137 1112 2210 praedicatione,
1143 2156 1322 2212 quam
1353 2139 1431 2195 ad
1451 2145 1688 2211 tempus
1727 2137 2094 2196 retinuerant
2122 2159 2137 2209 3
2168 2156 2290 2213 quo
2320 2155 2497 2194 sensu
2524 2136 2806 2193 dicuntur
2834 2154 2935 2191 re-

493 2215 692 2288 jecisse
719 2217 918 2273 bonam
946 2217 1351 2288 conscientiam,
1381 2215 1564 2273 animi
1593 2214 1816 2273 scilicet
1862 2215 2256 2274 sinceritatem
2283 2222 2345 2273 et
2370 2215 2651 2272 affectum
2678 2231 2803 2269 non
2829 2213 2936 2270 fu-

508 2301 710 2351 catum
740 2294 1053 2368 Evangelii
1081 2297 1403 2370 puritatem
1428 2292 1741 2363 retinendi,
1772 2311 1950 2367 quam
1982 2295 2327 2368 abjecerunt
2352 2293 2711 2350 velificantes
2737 2293 2934 2348 ambi-

508 2371 659 2430 tioni
686 2379 746 2429 et
772 2373 905 2429 aliis
933 2373 1239 2432 affectibus
1267 2375 1404 2443 suis,
1434 2373 1861 2445 interpolantes
1889 2390 2088 2428 veram
2130 2372 2464 2431 doctrinam
2492 2369 2669 2427 variis
2708 2370 2934 2426 errori-

506 2451 620 2509 bus
646 2450 1004 2522 exitialibus,
1050 2452 1245 2526 qualis
1273 2459 1404 2509 erat
1445 2449 1685 2523 negatio
1728 2450 2176 2508 resurrectionis
2223 2451 2472 2521 ultimae,
2502 2450 2762 2507 dicentes
2789 2465 2931 2505 eam

498 2529 629 2603 jam
659 2529 1012 2603 contigisse;
1055 2530 1151 2586 vel
1198 2530 1485 2605 repulisse
1530 2527 1811 2584 dicuntur
1851 2529 2070 2585 bonam
2097 2528 2533 2597 conscientiam,
2572 2544 2694 2583 non
2731 2526 2932 2600 rejici-

506 2609 664 2664 endo
693 2626 876 2681 quam
916 2609 1265 2677 habuerant,
1317 2609 1418 2664 sed
1467 2624 1600 2663 eam
1640 2624 1763 2662 non
1812 2608 2202 2678 admittendo,
2231 2608 2535 2682 quomodo
2569 2616 2621 2661 ea
2655 2615 2930 2661 arbe-eea

505 2686 671 2759 quod
719 2684 816 2741 hic
856 2686 1131 2754 habetur,
1175 2684 1458 2758 primaria
1497 2682 1923 2755 significatione
1964 2704 2072 2760 pro
2116 2685 2453 2761 repulsione
2500 2693 2560 2743 et
2603 2684 2928 2759 rejectione

506 2762 753 2836 ponitur
805 2761 890 2816 rei
938 2781 1072 2834 quae
1121 2780 1238 2818 non
1295 2762 1565 2830 habetur,
1617 2767 1687 2817 ut
1736 2762 1873 2818 Act.
1922 2763 2047 2821 xiii.
2103 2766 2198 2834 46,
2248 2782 2369 2820 non
2417 2782 2527 2838 pro
2571 2763 2929 2821 excussione

505 2839 593 2896 rei
617 2857 751 2913 quae
773 2837 901 2911 jam
931 2839 1281 2912 possidetur.
1347 2838 1551 2897 Potest
1578 2837 1757 2896 etiam
1781 2839 2097 2909 observari,
2126 2860 2247 2899 non
2271 2842 2386 2898 dici
2414 2861 2515 2899 eos
2535 2841 2927 2915 naufragium

505 2917 712 2975 fecisse
740 2935 776 2974 a
801 2917 956 2987 fide3
988 2916 1107 2975 Sed
1137 2926 1234 2990 me>
1259 2926 1339 2976 ‘rhu
1363 2925 1531 2985 xlm-a»,
1562 2918 1921 2997 circafidem,
1955 2926 2022 2977 ut
2051 2920 2264 2977 Versio
2296 2920 2567 2994 Vulgata
2594 2921 2809 2989 reddit,
2852 2929 2931 2977 ut

506 2998 856 3070 metaphora
882 2994 961 3051 sit
1001 3013 1037 3053 a
1079 2994 1510 3071 navigantibus.
1526 2997 1859 3072 desumpta,
1889 3005 1950 3055 et
1990 2999 2136 3054 fides
2181 2998 2278 3055 hie
2324 3005 2693 3073 proponatur
2730 2999 2931 3056 veluti

505 3081 733 3150 portuS,
763 3075 840 3131 ad
869 3092 1048 3148 quem
1075 3074 1176 3133 via
1204 3094 1385 3149 quam
1414 3075 1763 3133 insistebant
1788 3081 2023 3149 recepta
2049 3077 2320 3134 doctrina
2350 3076 2665 3151 Evangelii
2692 3094 2793 3132 eos
2822 3077 2933 3134 de-

508 3156 724 3212 ducere
765 3152 1070 3228 potuisset,
1103 3161 1171 3211 ut
1218 3154 1277 3211 in
1308 3172 1378 3211 eo
1407 3172 1614 3229 pacem
1657 3153 2031 3211 conscientiae
2059 3159 2120 3210 et
2156 3156 2409 3212 salutem
2456 3154 2809 3228 invenirent,
2855 3162 2932 3213 ut

509 3232 840 3307 Theophyl.
870 3232 934 3288 in
955 3233 1014 3288 h.
1046 3233 1085 3288 l.
1110 3231 1400 3302 observat,
1419 3240 1479 3289 et
1506 3234 1584 3291 ad
1607 3250 1785 3307 quem
1814 3237 1883 3287 ut
1902 3232 2279 3305 pervenirent
2298 3235 2594 3307 regendus
2616 3240 2742 3290 erat
2762 3234 2930 3292 bona

509 3310 869 3368 conscientia
894 3310 1295 3383 navigationis
1323 3330 1551 3381 cursuS,
1580 3328 1764 3384 quam
1791 3309 2142 3382 abjiciendO,
2162 3329 2283 3367 non
2312 3318 2639 3385 potuerunt
2664 3329 2803 3367 eum
2832 3329 2929 3369 as—

509 3387 716 3462 seq'ui;
759 3395 818 3444 et
845 3388 927 3445 sic
954 3388 1107 3445 circa
1141 3388 1317 3444 illum
1344 3387 1729 3461 naufragium
1777 3387 2065 3457 fecerunt,
2110 3406 2233 3445 non
2282 3391 2464 3447 modo
2508 3390 2585 3446 ad
2613 3407 2749 3445 eum
2796 3408 2922 3447 non

510 3465 883 3538 appellendo,
914 3467 1015 3520 sed
1057 3466 1134 3519 ad
1177 3464 1425 3522 infames
1469 3467 1743 3539 scopulos
1771 3482 2039 3523 errorum
2075 3466 2477 3541 impingendo,
2528 3467 2631 3523 ubi
2679 3468 2921 3525 naufra-

509 3542 678 3615 gium
718 3558 856 3596 vere
895 3540 1173 3609 fecerant,
1216 3541 1279 3597 id
1321 3550 1425 3611 est,
1456 3543 1515 3598 in
1546 3543 1798 3601 exitium
1826 3560 1953 3600 sese
1994 3543 2284 3602 dederant
2324 3545 2667 3620 praecipites.
2754 3546 2924 3612 Quo-

507 3619 687 3675 modo
729 3617 871 3673 alibi
910 3618 1056 3673 fides
1105 3617 1407 3674 confertur
1446 3637 1622 3694 scopo
1650 3628 1709 3679 et
1746 3627 1940 3691 metae,
1982 3624 2060 3678 ad
2102 3641 2284 3696 quam
2324 3624 2641 3692 tendimuS,
2684 3630 2744 3679 et
2770 3624 2927 3682 circa

510 3714 692 3772 quam
720 3694 1002 3752 dicuntur
1029 3696 1319 3768 aberrare,
1340 3708 1557 3767 ἇσπχιῖυ
1591 3708 1691 3773 mg>
1725 3708 1803 3759 τὴν
1837 3710 2005 3770 «fea-n,
2040 3702 2069 3757 1
2102 3701 2252 3759 Tim.
2282 3703 2359 3760 vi.
2391 3704 2485 3774 21,
2515 3702 2620 3776 qui
2644 3709 2928 3772 ψινδύωμ.

511 3784 667 3844 ’γνὸση
690 3780 1004 3832 sectantur.

592 3853 800 3911 XXX.
847 3852 1142 3928 Exempla
1172 3852 1543 3926 Sanctorum,
1574 3856 1677 3931 qui
1719 3857 1779 3914 in
1821 3858 2029 3932 gravia
2069 3865 2129 3916 et
2168 3860 2395 3917 atrocia
2431 3868 2671 3936 peecata
2701 3862 2926 3920 incide-

509 3939 671 4003 runt,
701 3950 824 3990 non
853 3932 1108 4007 probant
1133 3951 1235 3990 eos
1267 3932 1546 3992 defecisse
1588 3936 1854 3993 totaliter
1893 3944 1954 3994 et
1991 3937 2250 3994 finaliter
2277 3957 2314 3995 a
2339 3940 2474 3997 fide.
2562 3940 2723 4008 Quia
2747 3941 2919 3999 aliud

513 4018 602 4068 est
628 4011 753 4068 labi
780 4010 844 4066 in
876 4017 1204 4085 peccatum,
1247 4012 1414 4070 aliud
1457 4031 1643 4087 regno
1684 4015 1909 4089 peccati
1950 4017 2204 4086 subesse,
2246 4023 2316 4073 ut
2356 4018 2521 4076 aliud
2565 4026 2653 4077 est
2693 4018 2816 4076 labi
2856 4021 2919 4076 in

511 4089 731 4159 lutum,
762 4088 929 4145 aliud
970 4088 1030 4144 in
1073 4090 1273 4147 lutum
1317 4108 1379 4148 se
1419 4092 1722 4167 projicere,
1753 4101 1812 4151 et
1838 4111 1975 4150 cum
2011 4093 2323 4168 voluptate
2349 4097 2631 4167 volutari,
2662 4116 2922 4172 quorum

513 4167 571 4223 in
603 4168 792 4225 altero
822 4185 1009 4237 casuS,
1038 4174 1098 4224 et
1123 4169 1404 4241 peccandi
1431 4169 1740 4245 fragilitas,
1760 4173 1817 4228 in
1845 4172 2030 4228 altero
2058 4173 2374 4230 consilium
2401 4182 2491 4232 est
2516 4177 2675 4246 vitae,
2704 4182 2764 4233 et
2789 4177 2924 4233 des-

513 4246 705 4303 tinata
731 4246 1027 4302 voluntas.
1114 4246 1315 4303 Sancti
1343 4248 1535 4321 primo
1563 4251 1744 4307 modo
1771 4255 2033 4324 peccant,
2063 4250 2165 4307 sed
2195 4269 2318 4307 non
2346 4256 2624 4311 secundO.
2709 4254 2773 4313 Si
2809 4273 2921 4329 pro

512 4330 777 4398 tempore
799 4342 836 4380 a
856 4323 994 4379 fidei
1004 4330 1064 4380 et
1079 4324 1343 4381 veritatis
1366 4325 1601 4383 tramite
1624 4328 1916 4397 aberrant,
1940 4345 2058 4384 non
2083 4329 2321 4401 penitus
2338 4349 2376 4387 a
2397 4349 2574 4407 scopo
2597 4333 2880 4390 deficiunt
2900 4355 2919 4403 3

513 4400 575 4456 in
604 4400 919 4475 naufragio
948 4401 1204 4458 retinent
1233 4402 1520 4472 tabulam,
1563 4404 1625 4460 in
1669 4407 1880 4478 hyeme
1921 4423 2138 4475 semen,
2180 4407 2243 4463 in
2286 4426 2643 4484 paroxysmo
2671 4412 2923 4469 rationis

513 4478 870 4553 principium
892 4499 907 4548 ;
938 4497 1046 4535 nec
1071 4497 1207 4536 cum
1236 4486 1373 4537 actu
1399 4482 1552 4554 perit
1577 4482 1836 4551 habitus,
1866 4484 1962 4539 vel
1990 4500 2128 4540 cum
2149 4486 2366 4543 affectu
2409 4490 2653 4546 seducto
2683 4490 2923 4547 tollitur

512 4557 804 4623 redeundi,
828 4557 1214 4630 propositum.

596 4633 842 4691 XXXI.
887 4632 1094 4689 David
1121 4635 1386 4709 peccavit
1411 4639 1689 4710 graviter,
1733 4646 1793 4697 et
1833 4645 2040 4697 contra
2081 4642 2516 4714 conscientiam,
2547 4645 2668 4702 imo
2697 4646 2757 4701 in
2788 4665 2926 4721 pec·

562 553 745 600 Fontes
777 555 919 601 Solu-

640 615 844 658 tionum.
