3221 5200
278 387 496 434 Qus-ssu
532 367 685 450 x1v.]
1010 390 1086 428 us
1115 389 1348 429 orrxcto
1377 386 1613 428 cnmsrt
1646 386 2032 434 menimento.
2585 374 2701 429 415

287 538 339 586 et
365 528 571 603 Graeci,
604 532 747 589 idem
770 531 912 589 enim
938 532 1217 590 Dominus
1247 531 1507 605 omnium,
1560 529 1712 587 dives
1758 526 1814 583 in
1860 547 2045 584 omnes
2095 527 2276 603 ipsum
2327 528 2700 589 invocantes.''

296 607 391 665 Sic
412 609 670 685 intellige
691 612 898 687 locum,
922 611 1046 669 Col.
1070 612 1150 669 iii.
1181 615 1272 687 11,
1308 615 1342 644 “
1362 613 1435 668 Ιη
1464 630 1527 668 eo
1556 629 1656 667 nec
1678 617 1757 666 est
1781 609 2040 682 Judoeus,
2063 628 2162 664 nec
2189 608 2442 683 Graecus,
2468 610 2703 668 circum-

291 688 423 745 cisio
446 699 546 746 aut
556 693 919 766 praeputium,
951 694 1255 749 Barbarus
1276 700 1378 750 aut
1402 691 1631 765 Scytha,
1657 708 1848 746 servus
1865 696 1965 745 aut
1987 687 2139 762 liber,
2159 690 2262 745 sed
2279 690 2466 746 omnia
2508 690 2566 748 in
2587 711 2702 748 om·

292 768 448 825 nibus
482 770 795 846 Christus,’'
824 772 882 829 id
904 781 1009 845 est,
1033 772 1253 829 nullum
1274 771 1569 829 nationum
1594 769 1688 826 vel
1710 768 2102 826 conditionum
2127 766 2435 826 discrimen
2459 770 2705 829 salutem

288 859 607 923 promovet,
640 852 735 908 vel
766 851 1002 927 impedit
1032 874 1046 927 ;
1092 852 1196 910 sed
1219 851 1482 910 Christus
1511 857 1599 908 est
1629 848 1837 920 omnia,
1870 846 1947 904 id.
1999 848 2192 904 omnia
2239 847 2484 924 largitur
2511 850 2584 907 ad
2614 871 2704 908 sa-

287 928 467 986 lutem
496 931 837 1007 necessaria,
870 931 928 988 in
958 933 1225 990 omnibus
1255 930 1638 990 Credentibus
1668 929 1790 985 sine
1813 927 1933 985 ullo
1955 926 2285 985 discrimine
2308 928 2704 1006 cujuscunque

287 1008 402 1066 sint
431 1010 620 1085 gentis
652 1013 743 1069 vel
774 1011 1137 1084 conditionis,
1163 1011 1318 1087 quod
1345 1010 1689 1086 explicatur,
1713 1009 1899 1084 Apoc.
1920 1027 1977 1064 V.
1998 1011 2052 1079 9,
2079 1027 2208 1065 cum
2229 1007 2438 1084 viginti
2460 1019 2709 1086 quatuor

293 1087 559 1147 Seniores
588 1091 649 1147 in
679 1091 915 1150 Cantico
946 1111 1050 1150 suo
1080 1092 1297 1166 dicunt,
1326 1090 1614 1149 redemisti
1637 1109 1737 1147 nos
1765 1089 1893 1145 Deo
1911 1107 2025 1163 per
2067 1088 2393 1162 sanquinem
2437 1098 2588 1147 tuum
2632 1112 2707 1149 ex

293 1170 447 1226 omni
472 1170 617 1227 tribu
644 1181 698 1229 et
728 1173 937 1247 linqua,
970 1181 1022 1229 et
1040 1174 1273 1247 populo,
1305 1180 1358 1229 et
1379 1179 1557 1247 qente,
1590 1169 1668 1227 id.
1699 1188 1775 1226 ex
1817 1167 2085 1225 omnibus
2129 1168 2397 1226 tribubus
2449 1170 2702 1246 Israelis,

290 1255 349 1305 et
378 1268 453 1305 ex
483 1250 737 1309 omnium
766 1252 1094 1327 linguarum
1124 1250 1455 1310 hominibus
1486 1250 1610 1308 sive
1642 1248 1725 1306 illi
1756 1246 2091 1305 moratiores
2138 1247 2270 1323 sint,
2322 1249 2421 1324 qui
2446 1254 2563 1308 λαοὶ
2592 1250 2709 1309 dici

293 1328 498 1403 solent,
531 1330 655 1388 sive
683 1330 931 1406 barbari,
963 1332 1174 1408 quibus
1204 1331 1415 1408 saepius
1443 1330 1718 1406 competit
1745 1325 1889 1391 ἔθνους
1913 1346 2140 1385 nomen.

376 1409 766 1469 XXXVIII.
812 1412 944 1468 Non
990 1411 1138 1469 alius
1179 1431 1382 1470 sensus
1421 1418 1510 1468 est
1552 1410 1666 1467 loci
1709 1408 2133 1487 ”mogun-Minu,
2184 1411 2211 1464 1
2248 1408 2397 1466 Tim.
2428 1408 2487 1467 ii.
2520 1412 2573 1485 6,
2606 1411 2708 1469 ubi

294 1488 549 1547 Christus
591 1492 797 1549 dicimr
836 1511 893 1548 se
936 1493 1150 1549 dedisse
1185 1493 1430 1567 pretium
1477 1489 1874 1565 redemptionis
1909 1509 2024 1563 pro
2074 1488 2339 1546 omnibus.
2426 1490 2574 1548 Nam
2621 1491 2708 1548 illi

291 1587 491 1627 omnes
520 1570 941 1648 intelliguntur,
973 1592 1217 1648 quorum
1247 1572 1374 1630 loco
1405 1590 1465 1629 se
1496 1570 1795 1628 substituit
1824 1569 2088 1627 Christus
2116 1567 2188 1625 ad
2218 1589 2419 1645 poenas
2439 1569 2579 1646 ipsis
2609 1571 2707 1629 de·

292 1648 444 1707 bitas
473 1650 857 1727 perferendae,
889 1660 948 1709 et
975 1653 1221 1729 pretium
1272 1648 1684 1728 redemptionis
1732 1647 2213 1726 persolvendum;
2261 1649 2369 1706 hoc
2419 1650 2572 1706 enim
2601 1651 2707 1707 im-

289 1738 516 1805 portare
572 1751 775 1789 vocem
819 1736 1104 1825 αντίλντςυ
1146 1731 1471 1791 Orthodoxi
1501 1750 1700 1789 omnes
1729 1738 1964 1787 tuentur
1991 1738 2190 1786 contra
2223 1728 2579 1789 Socinianos.
2626 1731 2710 1788 At

292 1808 403 1866 hoc
432 1808 546 1867 dici
575 1831 690 1869 non
720 1820 910 1888 potest
938 1812 1141 1871 fecisse
1170 1832 1274 1889 pro
1303 1811 1571 1869 omnibus
1600 1817 1658 1867 et
1688 1809 1951 1884 singulis,
1984 1808 2066 1864 sic
2091 1807 2240 1864 enim
2265 1827 2434 1865 nemo
2463 1809 2711 1884 amplius

293 1889 661 1948 condemnari
691 1900 750 1949 et
776 1912 977 1968 poenas
1004 1901 1368 1967 peccatorum
1400 1910 1633 1948 suorum
1663 1889 1810 1947 ferre
1832 1896 2045 1964 posset.
2091 1891 2147 1945 2.
2195 1888 2283 1944 De
2307 1887 2423 1945 illis
2441 1888 2709 1947 omnibus

297 1968 514 2026 Paulus
526 1969 797 2047 loquitur,
819 1991 1063 2047 quorum
1079 1971 1341 2030 Christus
1361 1979 1449 2028 est
1464 1969 1752 2027 Mediator
1764 1977 1880 2025 tam
1902 1967 2320 2024 Intercessione
2338 1987 2509 2042 quam
2529 1968 2648 2026 Sati
2656 1988 2709 2026 s-

292 2047 557 2121 factione,
603 2051 708 2107 has
751 2052 902 2109 enim
944 2051 1089 2108 duas
1134 2070 1260 2108 esse
1310 2059 1501 2126 partes
1552 2047 1965 2125 inseparabiles
2012 2046 2272 2104 Muneris
2322 2047 2709 2106 Sacerdotalis

296 2147 471 2204 supra
501 2128 773 2188 vidimus.
821 2130 906 2187 At
934 2150 1037 2206 pro
1068 2130 1335 2188 omnibus
1364 2138 1423 2188 et
1452 2129 1699 2205 singulis
1728 2147 1858 2184 eum
1888 2146 2005 2183 non
2055 2124 2410 2184 intercedere
2456 2127 2708 2186 fatentur

298 2207 790 2266 Remonstrantes.
836 2213 892 2268 3.
943 2209 1039 2266 Illi
1067 2229 1266 2267 omnes
1295 2217 1583 2280 notantur,
1609 2228 1748 2283 quos
1777 2210 1936 2264 Deus
1963 2209 2080 2263 vult
2098 2207 2334 2281 servari,
2361 2216 2414 2263 et
2439 2210 2523 2263 ad
2546 2210 2705 2283 aqui·

295 2286 496 2344 tionem
523 2289 773 2345 veritatis
800 2290 1005 2347 venire.
1054 2288 1171 2346 Sed
1199 2289 1308 2345 hoc
1338 2288 1409 2346 de
1440 2288 1708 2345 omnibus
1737 2296 1795 2346 et
1825 2285 2071 2361 singulis
2100 2286 2214 2343 dici
2262 2306 2378 2343 non
2409 2307 2577 2363 posse
2608 2308 2707 2346 ex·

295 2366 576 2442 perientia
605 2366 789 2443 docet,
822 2377 880 2427 et
910 2388 1136 2445 supraa
1161 2368 1330 2426 nobis
1358 2368 1681 2445 probatum,
1709 2367 1773 2425 P.
1799 2366 1848 2424 I.
1876 2366 2084 2423 Loc.4.
2110 2366 2178 2439 Q.
2207 2369 2300 2423 17.
2323 2366 2431 2423 Th.
2457 2371 2552 2441 34,
2579 2366 2706 2442 &c.‚

292 2445 398 2504 ubi
452 2446 741 2506 instantiae
790 2448 981 2506 afferri
1032 2448 1216 2506 solitae
1246 2448 1561 2506 diluuntur.
1651 2448 1743 2505 Ita
1783 2466 1900 2503 non
1945 2454 2135 2522 potest
2183 2446 2410 2522 phrasis
2460 2447 2712 2524 intelligi

295 2526 700 2585 universaliter
728 2528 800 2586 de
831 2528 1077 2606 singulis
1105 2548 1399 2606 generum,
1459 2527 1563 2585 sed
1619 2525 2116 2585 indiscriminatim
2174 2534 2232 2584 et
2286 2526 2582 2586 indefinite
2638 2528 2710 2586 de

295 2608 605 2684 generibus
661 2610 1039 2686 singulorum,
1099 2608 1176 2668 id.
1236 2609 1307 2668 de
1364 2610 1576 2687 quibus
1642 2607 1990 2682 hominibus,
2059 2617 2123 2665 ut
2190 2608 2347 2666 Beza
2392 2618 2545 2667 recte
2600 2612 2710 2675 τοὺς

294 2690 488 2752 πάντας
518 2689 611 2747 hic
642 2691 815 2750 vertit
860 2711 962 2769 per
989 2687 1222 2767 quoeris,
1256 2710 1329 2749 ex
1358 2709 1702 2768 quacunque
1732 2699 1922 2765 gente,
1955 2697 2108 2746 statu
2137 2696 2194 2746 et
2222 2688 2551 2747 conditione
2575 2690 2707 2766 sint,

295 2777 352 2826 et
380 2769 489 2827 hoc
520 2769 865 2830 solidissime
894 2771 1101 2849 probat
1130 2771 1406 2830 Calvinus
1436 2771 1491 2828 in
1522 2771 1580 2828 h.
1612 2770 1670 2844 1.,
1720 2774 1755 2803 “
1781 2768 2102 2845 Apostolus
2147 2768 2485 2844 simpliciter
2533 2770 2702 2828 intel-

297 2847 429 2924 ligit
457 2849 681 2908 nullum
711 2851 912 2910 mundi
940 2852 1037 2910 vel
1065 2852 1359 2928 populum,
1392 2852 1487 2909 vel
1516 2850 1775 2908 ordinem
1806 2869 1840 2906 a
1869 2849 2053 2906 salute
2083 2848 2332 2923 excludi,
2365 2849 2501 2924 quia
2529 2851 2711 2908 omni-

292 2927 403 2984 bus
433 2928 555 2985 sine
585 2932 925 3006 exceptione
956 2931 1343 3006 Evangelium
1365 2931 1605 3006 proponi
1640 2932 1803 2987 Deus
1832 2928 2032 2986 velit.''
2139 2929 2218 2985 Et
2257 2937 2476 3004 postea,
2512 2933 2547 2962 “
2573 2930 2711 2989 Par-

294 3005 474 3064 ticula
501 3008 846 3066 universalis
866 3030 1090 3086 semper
1111 3010 1184 3066 ad
1208 3010 1500 3067 hominum
1524 3029 1737 3084 genera
1755 3007 1951 3065 referri
1970 3006 2160 3080 debet,
2186 3027 2299 3064 non
2321 3008 2393 3064 ad
2417 3028 2708 3085 personas,

295 3105 362 3143 ac
393 3085 441 3143 si
470 3086 715 3145 dixisset
744 3108 858 3145 nou
890 3089 1044 3145 solos
1072 3089 1115 3146 J
1120 3087 1332 3159 udaeos,
1366 3089 1468 3145 sed
1497 3088 1763 3146 Gentiles
1804 3106 2033 3161 quoque
2082 3105 2197 3142 non
2249 3087 2403 3144 solos
2432 3088 2709 3164 plebeiOS,

300 3164 403 3223 sed
432 3165 602 3223 etiam
639 3166 934 3243 Principes
962 3167 1290 3243 redemptos
1318 3187 1445 3225 esse
1466 3175 1651 3224 morte
1682 3165 1953 3240 Christi,'’
1987 3162 2095 3222 ὅτε.

379 3245 709 3304 XXXIX.
757 3246 1014 3305 Mundus
1042 3266 1147 3323 pro
1175 3265 1291 3323 quo
1320 3245 1530 3305 dicitur
1557 3245 1770 3303 missus
1799 3253 1857 3302 et
1897 3252 2174 3318 mortuus,
2200 3245 2242 3303 J
2247 3244 2340 3301 oh.
2372 3245 2452 3303 iii.
2488 3244 2579 3321 16,
2616 3251 2708 3321 17,

296 3333 355 3383 et
382 3324 461 3383 iv.
491 3325 586 3401 42,
619 3334 677 3384 et
705 3327 784 3385 vi.
816 3330 912 3402 33,
943 3347 1060 3384 non
1088 3335 1280 3403 potest
1308 3326 1544 3384 extendi
1572 3324 1977 3383 universaliter
2020 3323 2096 3381 ad
2141 3332 2324 3382 totum
2375 3345 2559 3401 genus
2604 3327 2710 3385 hu·

295 3424 547 3481 manum,
580 3427 710 3465 cum
741 3407 1025 3466 innumeri
1055 3427 1126 3465 ex
1151 3406 1253 3464 illo
1276 3406 1492 3464 mundo
1514 3413 1769 3483 pereant,
1802 3404 1904 3463 sed
1927 3412 2089 3462 notat
2110 3404 2203 3462 vel
2218 3404 2711 3466 universalitatem

298 3484 648 3562 Electorum,
676 3488 770 3546 vel
800 3487 1094 3547 indefinite
1123 3496 1181 3546 et
1207 3486 1710 3545 indiscriminatim
1728 3485 1972 3562 populos
2001 3504 2216 3560 omneS,
2250 3493 2365 3543 tam
2389 3506 2463 3544 ex
2484 3488 2527 3545 J
2530 3487 2713 3546 udaeis

295 3585 470 3642 quam
500 3586 573 3624 cx
606 3568 910 3641 Gentibus,
943 3577 1008 3627 ut
1036 3568 1160 3627 fuse
1189 3568 1511 3645 probatum,
1546 3567 1685 3625 Loc.
1711 3566 1821 3625 IV.
1845 3575 1904 3625 et
1933 3566 2042 3640 Qu.
2077 3569 2167 3637 17,
2201 3575 2259 3623 et
2304 3567 2387 3624 sic
2436 3568 2715 3627 alluditur

294 3645 370 3703 ad
399 3648 833 3723 promissionem
866 3648 1200 3707 Abrahamo
1231 3649 1457 3723 factam,
1508 3647 1667 3725 quod
1714 3647 1776 3704 in
1829 3646 2058 3704 Semine
2093 3645 2300 3722 ipsius»,
2334 3645 2410 3703 id.
2465 3648 2712 3723 Christe,

294 3726 754 3785 benedictionem
783 3739 1102 3806 accepturae
1132 3739 1324 3788 essent
1352 3749 1552 3787 omnes
1580 3727 1813 3785 familiae
1842 3736 2026 3796 terrae,
2060 3727 2209 3783 Gen.
2241 3725 2342 3783 xii.
2373 3729 2427 3801 3,
2460 3737 2519 3785 et
2548 3730 2712 3786 xxvi.

297 3808 354 3877 4,
386 3811 445 3861 et
475 3806 617 3862 xxii.
655 3809 744 3881 18,
777 3817 835 3866 et
864 3810 1102 3882 Gentes,
1135 3829 1378 3884 quarum
1410 3809 1583 3867 Pater
1610 3808 1798 3866 factus
1839 3807 2066 3879 dicitur,
2101 3806 2267 3863 Rom.
2301 3806 2378 3862 iv.
2419 3810 2507 3864 16.
2581 3808 2713 3867 Hoc

296 3903 437 3941 vero
465 3903 581 3940 non
612 3884 682 3942 de
711 3887 1086 3945 universitate
1116 3888 1429 3962 hominum,
1454 3888 1554 3963 qui
1577 3895 1713 3945 sunt
1741 3887 1800 3943 in
1827 3886 2060 3959 mundo,
2093 3884 2224 3955 dici,
2259 3884 2361 3941 scd
2383 3886 2454 3943 de
2485 3887 2715 3944 univer-

298 3964 468 4021 sitate
503 3962 750 4021 Seminis
778 3966 1188 4041 promissionis,
1221 3967 1414 4025 ablata
1443 3966 1598 4023 omni
1645 3965 1901 4041 gentium
1951 3963 2338 4037 distinctione,
2383 3973 2558 4041 patet,
2592 3975 2714 4024 tum

294 4043 433 4120 quia
461 4062 578 4100 non
608 4064 804 4101 omncs
831 4064 933 4120 per
960 4044 1132 4102 fidem
1154 4044 1545 4122 justificantur
1592 4053 1654 4103 et
1697 4053 2013 4116 servantur,
2061 4043 2349 4117 quomodo
2394 4045 2718 4121 explicatur

296 4125 411 4182 ista
437 4123 782 4196 benedicti0‚
815 4123 946 4182 Gal.
976 4125 1057 4182 iii.
1089 4127 1144 4199 8,
1181 4127 1273 4197 16,
1306 4132 1426 4183 tum
1455 4124 1593 4201 quia
1625 4124 1840 4183 Paulus
1871 4141 2038 4180 omne
2059 4121 2203 4179 illud
2230 4123 2437 4181 Semen
2461 4126 2716 4203 explicat

296 4224 399 4281 per
427 4204 575 4263 illud
602 4203 758 4281 quod
786 4212 874 4262 est
901 4206 1124 4281 enfide,
1160 4204 1327 4261 Rom.
1351 4204 1429 4261 iv,
1464 4207 1556 4278 16,
1581 4211 1641 4262 et
1669 4202 1824 4280 quod
1854 4204 1910 4260 in
1938 4204 2109 4259 Isaac
2136 4212 2386 4275 vocatur,
2436 4205 2602 4262 Rom.
2633 4207 2714 4266 ix.

298 4287 353 4341 7.
444 4285 540 4343 Sic
570 4285 828 4343 Mundus
855 4304 958 4361 pro
988 4285 1153 4362 cujus
1183 4284 1304 4342 vita
1333 4283 1596 4342 Christus
1625 4283 1787 4342 dedit
1830 4285 2073 4341 Carnem
2125 4302 2285 4340 suam
2332 4285 2518 4357 morti,
2572 4286 2614 4344 J
2619 4287 2713 4345 oh.

298 4363 378 4421 vi.
410 4367 505 4439 51,
538 4385 654 4423 non
681 4365 829 4423 alius
851 4373 938 4423 est
966 4364 1040 4423 ab
1067 4384 1154 4440 ee,
1188 4364 1280 4423 cui
1310 4363 1445 4421 dare
1469 4363 1681 4422 dicitur
1709 4364 1905 4438 vitam,
1950 4382 2071 4422 ver.
2097 4365 2192 4438 33,
2248 4363 2424 4422 Panis
2475 4364 2586 4423 Dei
2615 4366 2712 4426 ille

301 4451 391 4501 est
417 4444 518 4519 qui
547 4444 844 4504 descendit
872 4445 943 4504 de
973 4446 1137 4520 coe10,
1170 4454 1228 4504 et
1257 4444 1357 4502 dat
1374 4443 1555 4502 vitam
1588 4443 1828 4519 Mund0,
1861 4442 2017 4520 quod
2046 4442 2120 4500 ad
2149 4462 2349 4502 omnes
2371 4453 2429 4503 et
2451 4445 2712 4522 singulos

301 4523 538 4580 extendi
566 4542 682 4580 non
709 4534 936 4601 potest;
983 4546 1113 4586 cum
1146 4525 1305 4584 datio
1334 4525 1470 4582 vitae
1500 4525 1772 4601 importet
1799 4525 1925 4600 ejus
1954 4524 2239 4581 actualem
2269 4524 2712 4602 applicationem

300 4609 360 4659 et
388 4603 978 4679 communicationem,
1009 4626 1137 4683 quse
1169 4606 1499 4665 Electorum
1529 4612 1754 4663 tantum
1783 4612 1871 4662 est
1912 4604 2158 4680 propria,
2183 4623 2297 4680 quo
2344 4626 2514 4665 sensu
2544 4608 2713 4683 profi-

298 4690 453 4740 tetur
479 4702 538 4740 se
570 4681 836 4740 daturum
866 4685 1044 4742 vitam
1076 4696 1346 4744 aeteruam
1398 4684 1622 4744 Ovibus
1653 4684 1790 4758 suis,
1838 4683 1978 4743 Joh.
2010 4704 2069 4740 x.
2101 4687 2197 4742 28.
2312 4685 2432 4744 Nec
2462 4688 2572 4744 nisi
2611 4689 2711 4746 ab·
