3221 5200
1055 361 1215 396 nunu
1252 359 1425 394 RERUM
1460 364 1524 396 ΕΤ
1558 363 1850 397 vammum«.

307 507 373 540 an
394 491 548 540 fucrit
572 489 911 556 Temporale?
1047 527 1060 539 .
1077 493 1191 549 428,
1212 495 1249 538 t.
1278 494 1323 550 7,
1349 491 1438 539 810.

308 571 374 603 an
402 556 466 603 sit
489 556 793 604 duraturum
818 555 870 603 in
895 561 1144 604 aternum
1165 554 1190 602 ⁴?

1087 621 1199 678 430,
1220 624 1257 665 t.
1284 621 1327 676 1,
1347 617 1437 667 sm.

248 681 483 731 Remissa>
515 682 615 731 Dei
636 690 687 732 et
713 682 974 731 hominum
992 683 1239 746 quomodo
1261 697 1440 731 conve-

378 748 526 795 niant
542 749 567 796 ⁶?
701 784 714 796 .
916 784 927 795 .
1128 782 1139 794 .
1177 748 1287 805 375,
1315 753 1352 793 t.
1377 749 1439 796 28

311 826 379 858 an
404 811 544 860 Deus
582 811 744 876 possit
782 810 1041 860 remittere
1073 809 1134 859 de
1155 810 1284 859 Jure
1308 811 1438 858 suo?

312 938 542 1052 reigisstio
565 945 890 1004 peccatorum
913 953 1017 987 non
1033 876 1439 1052 ιιῑέῗζιίῗῖῒξξὶἐξ

416 1018 476 1052 ca
503 1019 666 1052 ionem
895 1039 906 1051 .
1238 1037 1250 1049 .
1425 1037 1437 1049 .

314 1083 414 1116 non
437 1075 517 1116 est
556 1041 730 1116 eoru’m
768 1065 989 1126 abolitio,
1015 1066 1103 1114 sed
1124 1037 1437 1124 condon⁹ati0,

1061 1132 1175 1189 580,
1200 1135 1238 1177 t.
1278 1133 1319 1190 1,
1346 1129 1437 1177 &c.

314 1200 393 1244 est
416 1194 587 1243 totalis
631 1201 738 1243 tam
760 1193 923 1258 culpae
952 1208 1107 1256 quam
1129 1208 1306 1257 poenae,
1333 1201 1437 1240 tam

380 1274 542 1322 poenae
567 1258 862 1323 temporalis
886 1273 1039 1322 quam
1061 1263 1274 1316 asternae,

1100 1324 1215 1380 581,
1237 1326 1274 1369 t.
1302 1322 1347 1379 9,
1376 1323 1438 1368 10

316 1385 609 1435 extenditur
646 1387 711 1436 ad
732 1386 904 1435 omniu
1097 1391 1151 1434 ta
1175 1385 1327 1435 etiam
1366 1383 1437 1432 fu-

383 1457 515 1510 tura,
541 1456 593 1498 et
651 1451 907 1501 uomodo?
997 1487 1010 1499 .
1046 1453 1158 1511 584,
1184 1455 1223 1498 t.
1253 1453 1327 1509 17,
1347 1449 1435 1497 διο.

252 1513 468 1578 Repudia:
504 1514 603 1564 libe
647 1532 707 1564 us
747 1531 849 1579 qua
887 1515 950 1565 de
989 1530 1146 1565 causa
1181 1515 1330 1563 datus
1355 1513 1436 1571 sit,

254 1642 545 1692 &sistentia
567 1643 739 1692 totalis
755 1650 806 1693 et
824 1632 1071 1708 partialis,
1135 1680 1148 1692 .
1182 1581 1294 1700 42828,
1315 1585 1356 1690 i.
1376 1580 1439 1690 ἐξ

254 1706 557 1755 Resurrectio
592 1708 776 1757 Christi
800 1724 955 1771 quare
981 1708 1233 1758 tribuatur
1258 1705 1438 1754 Patri?

320 1834 622 1883 resurrectio
678 1835 866 1884 Christi
924 1834 1102 1899 probat
1161 1772 1439 1883 euffil’ets'sg

387 1898 643 1957 Messiam,
713 1935 726 1947 .
927 1934 939 1946 .
1138 1934 1151 1946 .
1186 1900 1297 1956 260,
1315 1902 1352 1943 t.
1377 1898 1440 1944 20

319 1977 385 2010 an
414 1963 703 2025 Resurgcns
742 1960 974 2010 Christus
998 1976 1180 2009 saxum
1215 1964 1442 2024 penetra-

258 2090 321 2138 In
346 2028 540 2137 Bileiliim
579 2061 951 2138 constituendis
987 2063 1063 2137 in·
1081 2026 1443 2139 Ecci'gsliittcaffl

392 2155 555 2202 tiones
578 2152 913 2213 observandte,
1186 2156 1293 2210 144,
1320 2156 1356 2199 t.
1386 2154 1443 2202 19

840 2337 880 2393 S

261 2479 497 2530 Sabbatha·
518 2479 743 2544 Etymon
768 2486 819 2528 et
838 2476 1144 2543 significatio
1160 2477 1445 2542 multiplex,

324 2608 605 2674 quotuplex
644 2608 955 2659 sabbathum
978 2607 1032 2655 in
1067 2545 1448 2672 Serigi31’1rtal13u2-

390 2674 652 2722 meratur?
828 2710 841 2722 .
1041 2709 1053 2720 .
1252 2674 1329 2731 69,
1354 2679 1391 2720 t.
1418 2676 1447 2721 3

325 2738 528 2802 quando
562 2738 865 2788 Institutum
881 2737 907 2786 ’ἓ
944 2737 1029 2785 An
1062 2742 1198 2861 anqtg’
1216 2736 1448 2860 {iegeaeg

325 2882 392 2915 an
431 2882 587 2930 praece
624 2873 733 2915 turn
756 2867 818 2917 de
850 2864 1104 2916 Sabbatho
1127 2864 1196 2913 sit
1218 2865 1355 2913 omni
1386 2882 1450 2915 ex

393 2936 534 2994 parte
619 2929 754 2979 orale
777 2936 829 2979 et
850 2929 1189 2994 perpetuum?

1087 2997 1166 3052 74,
1191 2998 1228 3041 t.
1253 2996 1333 3053 20,
1358 2993 1448 3043 &a

328 3072 395 3104 an
419 3056 488 3105 sit
508 3057 646 3104 omni
669 3072 734 3105 ex
922 3055 1276 3104 Caeremoniale
1294 3057 1320 3103 Ῥ

1086 3121 1163 3177 76,
1190 3124 1226 3166 t..
1253 3122 1332 3177 26,
1358 3122 1447 3167 &a

328 3199 396 3232 an
470 3184 622 3232 artim
645 3182 839 3233 Morale
861 3186 914 3232 et
946 3183 1133 3246 partim
1164 3182 1452 3230 Caeremoni·

395 3264 426 3296 a
447 3248 507 3298 e?
1088 3249 1165 3307 78,
1192 3251 1229 3294 t.
1256 3248 1334 3305 32,
1360 3248 1449 3294 Sic.

266 3311 589 3364 Sacerdotium
613 3312 801 3362 Christi
825 3311 947 3375 quid
971 3310 1078 3359 sit?
1137 3346 1149 3358 .
1220 3312 1330 3369 355,
1358 3314 1394 3357 t.
1422 3314 1449 3357 2

329 3392 396 3425 an
442 3376 676 3425 Christus
714 3391 868 3425 verus
922 3374 1075 3424 fuerit
1114 3374 1353 3422 Sacerdos
1399 3379 1452 3421 et

396 3440 600 3503 quidem
624 3441 677 3488 in
700 3440 888 3489 terris?
1001 3474 1015 3489 .
1148 3440 1258 3497 356,
1284 3443 1321 3487 t.
1348 3440 1396 3498 5,
1424 3440 1454 3487 6

330 3505 767 3555 01188001·ᾱοῑίοω
789 3520 821 3553 a
855 3504 1034 3568 Regno
1067 3502 1451 3565 distinguatur?

1222 3569 1333 3626 357,
1360 3573 1396 3615 t.
1423 3571 1450 3615 7

331 3633 536 3684 collatio
559 3640 611 3683 et
633 3632 903 3684 discrimen
928 3631 1200 3682 Sacerdotii
1236 3630 1454 3680 Levitici

397 3706 449 3748 et
472 3699 676 3761 Christi,
892 3736 905 3748 .
1103 3700 1213 3757 358,
1238 3702 1274 3744 t.
1300 3699 1347 3757 2,
1367 3698 1453 3746 διο.

332 3762 678 3813 Sacerdotium
703 3761 1060 3812 Melchisedeci
1095 3760 1349 3823 quodnam
1384 3762 1456 3809 fu·

398 3827 497 3875 erit
513 3828 537 3873 ⁴?
810 3864 822 3876 .
1022 3863 1034 3875 .
1104 3828 1215 3884 359,
1241 3830 1278 3873 t.
1297 3829 1342 3880 8,
1365 3825 1454 3874 &c.

269 3889 525 3953 Sacrificia
546 3890 681 3939 unde
703 3896 871 3938 ortum
894 3889 1177 3948 habuerint,
1203 3896 1255 3938 et
1280 3896 1458 3951 quotu-

400 3953 551 4017 plicis.
574 3954 763 4002 fuerint
779 3954 803 4001 ¹?
918 3990 930 4001 .
1067 3956 1175 4012 135,
1200 3958 1236 4000 t.
1263 3956 1341 4012 24,
1367 3955 1455 4001 διο.

336 4016 580 4067 Sacrificii
603 4017 793 4066 Christi
816 4017 1003 4081 triplex
1025 4017 1249 4074 effectus,

1197 4083 1307 4139 380,
1333 4085 1370 4128 t.
1399 4084 1459 4128 14

336 4161 507 4194 annon
531 4145 702 4194 omnia
724 4145 973 4195 sacrificia
1007 4143 1245 4194 hilastica
1268 4144 1458 4194 Christi

403 4210 710 4260 sacrificium
732 4210 1097 4259 adumbrarnnt
1114 4208 1138 4256 ⁴?
1246 4207 1306 4257 ib.
1333 4215 1370 4256 t.
1401 4212 1459 4257 15

338 4291 405 4323 an
446 4274 693 4325 sacrificia
732 4273 828 4323 sub
864 4275 1004 4337 Lege
1051 4287 1139 4336 pro
1183 4271 1460 4321 levioribus

400 4340 624 4405 peccatis
646 4345 849 4388 tantum
872 4337 1209 4387 offerebantur
1221 4336 1273 4448 ’ξό
1336 4405 1356 4447 t
1402 4404 1458 4448 17

1226 4418 1241 4447 2
1279 4437 1309 4455 .,
1361 4436 1372 4449 .

276 4466 505 4516 Salomon
548 4483 638 4532 per
680 4472 890 4532 peccata
929 4481 1024 4516 sua
1062 4480 1165 4513 non
1203 4464 1395 4513 excidit
1430 4479 1461 4510 a
1528 4459 1815 4525 Septimanae
1840 4461 2084 4522 Danielis,
2109 4462 2225 4510 vide
2249 4435 2443 4511 banici.

1196 4532 1310 4588 535,
1334 4534 1371 4576 t.
1398 4530 1457 4576 32
1529 4523 1689 4575 Sessio
1718 4525 1899 4575 Christi
1918 4541 1985 4573 an
2000 4526 2069 4575 sit
2092 4525 2427 4590 intelligenda
2453 4526 2721 4579 literaliter

274 4530 522 4644 εαηωῗῗιῗέ
545 4568 827 4662 numi„
916 4567 1003 4656 14,’
1016 4600 1053 4643 t.
1078 4596 1157 4651 23,
1184 4596 1290 4653 103,
1316 4598 1353 4639 t.
1380 4596 1458 4641 24.

2605 357 2702 405 649

1508 508 1573 541 an
1598 492 1771 543 Sancti
1791 491 1870 557 pie
1914 492 1968 540 in
1994 492 2214 542 Domino
2256 492 2483 544 defuncti
2527 494 2701 560 aliquo

1641 556 1826 605 honore
1849 556 1954 605 sint
1978 557 2310 621 prosequendi
2325 558 2349 606 ?
2385 562 2463 618 35,
2482 565 2519 607 t.
2540 563 2586 620 2,
2607 562 2698 610 8ιο.

1572 636 1640 669 an
1664 621 1768 669 sint
1789 621 2068 669 Invocandi
2083 621 2107 668 ¹?
2163 622 2286 671 Vide
2311 620 2577 672 Invocatt'o.

1571 685 1866 799 antappessfft
1896 699 2201 748 cognoscere
2234 693 2437 735 nostras
2466 687 2700 801 ἐξωῗεῗίέ

1747 765 1772 798 s
2045 785 2057 799 .
2255 784 2268 797 .
2597 789 2608 800 .

1572 813 1872 863 Sanctorum
1897 819 2108 878 peccata
2128 812 2301 877 qualia
2323 814 2430 862 sint
2447 815 2472 863 ?
2534 789 2546 811 ⁹

2297 881 2412 938 534,
2437 885 2474 928 t.
2501 881 2578 938 30,
2603 881 2696 929 διο.

1509 940 1919 1002 Sanctaeficatiom's
1943 940 2283 1006 homonymia,
2369 978 2381 990 .
2468 945 2580 1003 609,
2605 948 2643 992 t.
2668 948 2698 993 2

1573 1020 1674 1053 non
1697 1006 1931 1055 consistit
1946 1011 2147 1054 tantum
2165 1007 2215 1054 in
2238 1011 2446 1054 actuum
2470 1007 2701 1056 emenda·

1640 1069 1792 1130 tione,
1817 1070 1905 1118 sed
1928 1069 1981 1117 in
2005 1077 2202 1119 naturae
2225 1071 2567 1130 renovatione,

2465 1138 2576 1195 610,
2602 1141 2640 1183 t.
2667 1140 2700 1184 4

1571 1195 1821 1245 distincta
1865 1202 1946 1245 est
1989 1213 2022 1245 a
2063 1198 2102 1247 J
2107 1197 2446 1248 ustificatione
2490 1198 2699 1248 diversi-

1638 1260 1799 1320 mode,
2045 1297 2057 1309 .
2257 1299 2269 1311 .
2499 1262 2579 1324 ib„
2606 1270 2642 1312 t.
2668 1267 2699 1314 9

1572 1325 1661 1373 sed
1685 1340 1784 1373 non
1809 1330 1976 1389 potest
1997 1324 2063 1373 ab
2085 1341 2146 1376 ea
2169 1327 2406 1402 separari,
2435 1331 2545 1387 611,
2573 1333 2610 1376 t.
2639 1331 2699 1378 15

1575 1389 1817 1439 Rationes
1845 1389 2185 1439 connexionis
2218 1392 2380 1504 istius)
2388 1392 2699 1456 aperiuntur,

2335 1456 2354 1503 i
2382 1491 2394 1504 .
2439 1463 2475 1505 t.
2506 1460 2565 1505 16
2606 1459 2700 1505 8ιο.

1572 1519 1686 1582 ejus
1713 1517 2036 1583 Imperfectio
2060 1519 2299 1581 probatur
2320 1493 2499 1568 contra
2521 1493 2698 1584 pelag.

2167 1608 2171 1612 ·
2336 1587 2447 1642 613,
2475 1591 2512 1633 t.
2543 1589 2561 1631 1
2610 1587 2702 1634 &c-

1508 1663 1575 1695 an
1608 1645 1920 1695 abstinentia
1950 1661 1982 1694 a
2005 1646 2248 1721 Sanguine
2264 1654 2316 1696 et
2346 1621 2584 1711 suffocato’
2600 1648 2704 1698 fue·

1639 1711 1706 1758 rit
1728 1710 1874 1759 Juris
1896 1716 2127 1773 perpetui
2144 1710 2168 1758 Ρ
2226 1747 2239 1759 .
2310 1715 2418 1771 144,
2443 1717 2480 1759 t.
2505 1715 2584 1770 20,
2610 1713 2700 1760 810.

1510 1774 1794 1836 Satisy'acteb
1816 1780 1941 1836 quot
1964 1773 2127 1821 modis
2151 1779 2400 1833 sumatur,
2469 1777 2580 1833 368,
2605 1779 2644 1823 t.
2670 1778 2700 1824 3

1573 1837 1822 1900 quomodo
1865 1836 2116 1885 Remissio
2156 1843 2209 1886 et
2255 1838 2545 1887 Satisfactio
2588 1853 2703 1886 con-

1641 1900 1889 1948 veniant?
1927 1903 2037 1960 369,
2063 1907 2099 1949 t.
2123 1905 2171 1961 8,
2197 1905 2307 1960 374,
2325 1908 2362 1950 t.
2384 1905 2462 1962 26,
2483 1904 2594 1960 386,
2616 1908 2650 1951 t.
2668 1905 2700 1952 5

1574 1963 1671 2012 sub
1693 1979 1795 2026 qua
1818 1966 1975 2026 σχίσει
2010 1964 2150 2014 Deus
2183 1972 2440 2029 spectetur
2474 1967 2525 2013 in
2559 1966 2704 2014 satis-

1641 2029 1861 2078 factione
1881 2029 1905 2075 ?
2254 2066 2265 2077 .
2467 2033 2578 2090 369,
2607 2035 2642 2078 t.
2669 2034 2700 2081 9

1575 2093 1783 2141 cuinam
1806 2091 2024 2156 persolvi
2049 2091 2279 2142 debuerit
2296 2093 2321 2140 ¹?
2438 2097 2548 2153 370,
2575 2100 2612 2142 t.
2643 2099 2697 2143 11

1576 2156 1811 2206 Christus
1831 2155 2146 2205 satisfaciens
2161 2173 2314 2220 quam
2331 2178 2358 2205 e
2407 2160 2488 2206 im
2502 2158 2702 2207 induit?

2351 2223 2371 2268 i
2402 2260 2414 2271 .
2439 2229 2476 2271 t.
2507 2226 2562 2270 12
2607 2225 2696 2272 &c.

1578 2284 1950 2334 Satisfactionis
1974 2284 2253 2334 necessitas
2276 2285 2534 2349 probatur,
2568 2260 2580 2283 ’

2321 2354 2432 2411 371,
2458 2355 2494 2400 t.
2513 2354 2588 2411 16,
2613 2353 2703 2400 &c.

1584 2412 1803 2473 Veritas,
2341 2417 2452 2475 375,
2479 2421 2515 2463 t.
2545 2420 2587 2475 1,
2612 2417 2702 2464 διο.

1582 2477 1847 2537 Perfectio,
2100 2514 2111 2527 .
2342 2481 2453 2539 385,
2479 2486 2515 2529 t.
2547 2485 2588 2539 1,
2614 2481 2704 2528 διο.

1580 2557 1752 2590 annon
1810 2541 2044 2618 Christus
2085 2542 2389 2619 satisfecerit
2434 2559 2522 2609 pro
2567 2543 2707 2592 omni

1582 2623 1811 2721 anplogpgir
1817 2614 1971 2721 tl‘olcaiiii
1988 2607 2709 2787 8ἷῖᾜὲῒῶᾏῖδῖξὸὶῖἑᾶἓέέίἓέ

1582 2817 1647 2848 an
1661 2800 1980 2877 satisfactum
1995 2801 2062 2850 sit
2075 2801 2111 2850 J
2115 2800 2298 2850 ustitiae
2310 2801 2405 2877 Dei
2418 2818 2508 2867 per
2520 2775 2714 2851 meram

1585 2866 2207 2979 annesaengQttiianffizgsfi
2237 2867 2623 2993 'restifiii'ggndg'
2643 2869 2713 2979 ὲῖῗ

1651 2995 1714 3041 ad
1739 2994 2017 3057 passiones,
2043 3009 2110 3041 an
2136 3008 2257 3041 vero
2290 2993 2359 3041 sit
2391 2993 2713 3042 extendenda

1649 3057 1714 3104 ad
1731 3056 2066 3105 obedientiam
2086 3057 2309 3104 activam
2323 3056 2348 3103 ¹?
2373 3059 2484 3115 391,
2502 3062 2539 3105 t.
2560 3063 2601 3118 1,
2619 3058 2710 3106 διο.

1584 3135 1648 3166 an
1677 3120 1914 3167 meritum
1933 3124 1986 3166 et
1999 3119 2282 3167 satisfactio
2300 3120 2405 3168 sint
2427 3121 2711 3168 hednae-a?

1586 3244 1955 3294 Satissactionis
1971 3245 2242 3310 Objectum
2264 3261 2367 3295 non
2392 3254 2514 3295 sunt
2536 3221 2713 3297 omnes

1651 3315 1702 3357 et
1727 3308 1933 3372 singuli,
2069 3346 2081 3358 .
2270 3348 2282 3360 .
2477 3313 2590 3370 400,
2615 3318 2654 3361 t.
2682 3316 2705 3360 1

1586 3371 1973 3422 Satisfactiones
1997 3373 2234 3422 humanae
2258 3389 2360 3422 non
2384 3373 2713 3423 subordinan-

1652 3444 1738 3485 tur
1760 3436 2107 3487 Satissactioni
2130 3437 2320 3487 Christi
2345 3438 2432 3487 sed
2455 3453 2713 3503 opponun-

1654 3507 1756 3560 tur,
1915 3537 1926 3548 .
2128 3538 2140 3550 .
2338 3505 2451 3563 582,
2480 3509 2514 3551 t.
2549 3508 2623 3564 11,
2654 3508 2712 3553 12

1520 3567 1645 3623 ἕης-ῃ·
1673 3566 1793 3630 quid
1818 3565 1860 3613 si
1937 3565 2113 3615 ifleet?
2259 3604 2271 3617 .
2342 3570 2453 3627 318,
2481 3573 2518 3616 t.
2546 3572 2592 3628 3,
2620 3571 2711 3619 &0-

1521 3645 1613 3695 per
1634 3639 1745 3697 χρυ·
1770 3630 1856 3694 qui
1915 3630 2077 3680 intelli
2118 3633 2343 3680 endum?
2386 3636 2497 3693 244,
2523 3638 2560 3681 t.
2591 3637 2645 3681 11

1522 3710 1614 3759 per
1636 3694 1792 3745 Schdo
1814 3695 1937 3760 quid
1959 3695 2068 3744 inte
2113 3697 2352 3760 'gendum
2369 3696 2394 3744 Ρ

2351 3763 2461 3819 243,
2486 3764 2523 3808 t.
2549 3763 2595 3819 8,
2621 3762 2711 3809 810.

1526 3823 1736 3874 Scientm
1758 3823 1947 3934 ⁴?Christi
1970 3823 2250 3888 quotuplex
2275 3825 2427 3886 juxta
2450 3822 2716 3937 Sggglasti·

1655 3902 1741 3935 cos
2059 3923 2071 3935 .
2270 3923 2283 3935 .
2621 3894 2656 3936 t.
2688 3893 2709 3936 1

1528 3951 1774 4001 Securitas
1800 3950 2020 4014 Duplex,
2045 3948 2266 4000 carnalis
2290 3956 2342 3999 et
2364 3925 2660 4015 spiritualis,

1526 4078 1646 4141 quid
1671 4093 1761 4141 per
1783 4075 1947 4126 Semen
1971 4076 2202 4126 Mulieris
2224 4052 2649 4141 intelligendum?

2350 4146 2457 4203 187,
2485 4148 2522 4191 t.
2551 4147 2626 4204 18,
2656 4148 2716 4196 19

1526 4212 1577 4254 et
1600 4221 1689 4269 per
1718 4204 1877 4268 Caput
1899 4204 2155 4269 Serpentis,

2184 4269 2247 4318 ib.
2272 4275 2326 4318 et
2351 4273 2457 4330 195,
2483 4274 2520 4320 t.
2548 4275 2625 4331 14,
2657 4276 2715 4323 15

1560 4333 1649 4383 uid
1662 4348 1752 4397 per
1771 4331 1935 4382 Samen
1951 4332 2250 4382 Abrahami?
2299 4337 2407 4394 197,
2428 4342 2464 4382 t.
2488 4337 2569 4396 19,
2590 4337 2681 4385 διο.

1592 4414 1694 4446 men
1717 4397 1862 4446 Fidei
1883 4398 2004 4460 quid
2028 4398 2096 4447 sit
2112 4398 2137 4445 ?
2450 4402 2562 4459 515,
2589 4406 2628 4449 t.
2656 4404 2716 4450 13

1657 4607 1722 4638 an
1748 4589 1965 4654 figurate
1983 4590 2008 4638 ’ἓ
2416 4594 2526 4653 324,
2552 4598 2590 4642 t.
2616 4597 2663 4655 2,
2689 4598 2720 4644 3
