<?xml version="1.0" encoding="UTF-8"?>
<!DOCTYPE html PUBLIC "-//W3C//DTD XHTML 1.0 Transitional//EN"
    "http://www.w3.org/TR/xhtml1/DTD/xhtml1-transitional.dtd">
<html xmlns="http://www.w3.org/1999/xhtml" xml:lang="en" lang="en">
 <head>
  <title>
</title>
<meta http-equiv="Content-Type" content="text/html;charset=utf-8" />
  <meta name='ocr-system' content='tesseract 3.04.00' />
  <meta name='ocr-capabilities' content='ocr_page ocr_carea ocr_par ocr_line ocrx_word'/>
</head>
<body>
  <div class='ocr_page' id='page_1' title='image "./institutiotheol01turrgoog_0458.png"; bbox 0 0 3221 5200; ppageno 0'>
   <div class='ocr_carea' id='block_1_1' title="bbox 504 313 2913 396">
    <p class='ocr_par' dir='ltr' id='par_1_1' title="bbox 504 313 2913 396">
     <span class='ocr_line' id='line_1_1' title="bbox 504 313 2913 396; baseline -0.001 -18"><span class='ocrx_word' id='word_1_1' title='bbox 504 322 628 380; x_wconf 83' lang='lat'><strong>430</strong></span> <span class='ocrx_word' id='word_1_2' title='bbox 1318 336 1498 377; x_wconf 72' lang='lat' dir='ltr'><strong>Locus</strong></span> <span class='ocrx_word' id='word_1_3' title='bbox 1527 335 1787 377; x_wconf 73' lang='lat' dir='ltr'><strong>nscmus</strong></span> <span class='ocrx_word' id='word_1_4' title='bbox 1815 334 2101 384; x_wconf 71' lang='lat' dir='ltr'><strong>omn-rus.</strong></span> <span class='ocrx_word' id='word_1_5' title='bbox 2474 313 2729 396; x_wconf 62' lang='lat' dir='ltr'><strong>[Quffisr.</strong></span> <span class='ocrx_word' id='word_1_6' title='bbox 2760 335 2913 377; x_wconf 82' lang='lat' dir='ltr'><strong>xvn.</strong></span> 
     </span>
    </p>
   </div>
   <div class='ocr_carea' id='block_1_2' title="bbox 500 474 2921 3732">
    <p class='ocr_par' dir='ltr' id='par_1_2' title="bbox 502 474 2918 872">
     <span class='ocr_line' id='line_1_2' title="bbox 505 474 2914 554; baseline -0.001 -17"><span class='ocrx_word' id='word_1_7' title='bbox 505 480 551 538; x_wconf 92' lang='lat' dir='ltr'><strong>ti</strong></span> <span class='ocrx_word' id='word_1_8' title='bbox 578 499 695 536; x_wconf 89' lang='lat' dir='ltr'><strong>non</strong></span> <span class='ocrx_word' id='word_1_9' title='bbox 735 476 1141 554; x_wconf 81' lang='lat' dir='ltr'>temporaliter,</span> <span class='ocrx_word' id='word_1_10' title='bbox 1186 475 1323 554; x_wconf 86' lang='lat' dir='ltr'><strong>quia</strong></span> <span class='ocrx_word' id='word_1_11' title='bbox 1371 485 1598 535; x_wconf 88' lang='lat' dir='ltr'><strong>constat</strong></span> <span class='ocrx_word' id='word_1_12' title='bbox 1648 474 2020 534; x_wconf 89' lang='lat' dir='ltr'><strong>auferendum</strong></span> <span class='ocrx_word' id='word_1_13' title='bbox 2066 474 2242 534; x_wconf 88' lang='lat' dir='ltr'><strong>fuisse</strong></span> <span class='ocrx_word' id='word_1_14' title='bbox 2291 476 2349 533; x_wconf 88' lang='lat' dir='ltr'><strong>in</strong></span> <span class='ocrx_word' id='word_1_15' title='bbox 2395 476 2648 535; x_wconf 87' lang='lat' dir='ltr'><strong>adventu</strong></span> <span class='ocrx_word' id='word_1_16' title='bbox 2680 477 2914 552; x_wconf 80' lang='lat' dir='ltr'><strong>Christi,</strong></span> 
     </span>
     <span class='ocr_line' id='line_1_3' title="bbox 504 555 2918 633; baseline -0.001 -16"><span class='ocrx_word' id='word_1_17' title='bbox 504 558 607 617; x_wconf 90' lang='lat' dir='ltr'><strong>sed</strong></span> <span class='ocrx_word' id='word_1_18' title='bbox 635 557 807 615; x_wconf 90' lang='lat' dir='ltr'><strong>modo</strong></span> <span class='ocrx_word' id='word_1_19' title='bbox 837 556 1120 633; x_wconf 79' lang='lat' dir='ltr'><strong>spirituali</strong></span> <span class='ocrx_word' id='word_1_20' title='bbox 1149 565 1207 615; x_wconf 92' lang='lat' dir='ltr'><strong>et</strong></span> <span class='ocrx_word' id='word_1_21' title='bbox 1234 557 1498 632; x_wconf 81' lang='lat' dir='ltr'><strong>mystice,</strong></span> <span class='ocrx_word' id='word_1_22' title='bbox 1529 555 1819 632; x_wconf 90' lang='lat' dir='ltr'><strong>quomodo</strong></span> <span class='ocrx_word' id='word_1_23' title='bbox 1844 556 2105 613; x_wconf 89' lang='lat' dir='ltr'><strong>Christus</strong></span> <span class='ocrx_word' id='word_1_24' title='bbox 2134 555 2256 632; x_wconf 89' lang='lat' dir='ltr'><strong>ipse</strong></span> <span class='ocrx_word' id='word_1_25' title='bbox 2284 565 2528 614; x_wconf 83' lang='lat' dir='ltr'><strong>vocatur</strong></span> <span class='ocrx_word' id='word_1_26' title='bbox 2557 557 2767 613; x_wconf 87' lang='lat' dir='ltr'><strong>David.</strong></span> <span class='ocrx_word' id='word_1_27' title='bbox 2820 558 2918 615; x_wconf 87' lang='lat' dir='ltr'><strong>Ita</strong></span> 
     </span>
     <span class='ocr_line' id='line_1_4' title="bbox 502 634 2916 714; baseline -0.001 -18"><span class='ocrx_word' id='word_1_28' title='bbox 502 638 660 714; x_wconf 91' lang='lat' dir='ltr'><strong>quod</strong></span> <span class='ocrx_word' id='word_1_29' title='bbox 681 636 892 695; x_wconf 89' lang='lat' dir='ltr'><strong>dicitur</strong></span> <span class='ocrx_word' id='word_1_30' title='bbox 931 636 1003 694; x_wconf 91' lang='lat' dir='ltr'><strong>de</strong></span> <span class='ocrx_word' id='word_1_31' title='bbox 1027 636 1343 694; x_wconf 77' lang='lat' dir='ltr'><strong>aeternitate</strong></span> <span class='ocrx_word' id='word_1_32' title='bbox 1371 635 1539 711; x_wconf 90' lang='lat' dir='ltr'><strong>regni</strong></span> <span class='ocrx_word' id='word_1_33' title='bbox 1568 637 1696 712; x_wconf 90' lang='lat' dir='ltr'><strong>ejus</strong></span> <span class='ocrx_word' id='word_1_34' title='bbox 1723 634 2162 711; x_wconf 90' lang='lat' dir='ltr'><strong>intelligendum</strong></span> <span class='ocrx_word' id='word_1_35' title='bbox 2193 643 2297 711; x_wconf 89' lang='lat' dir='ltr'><strong>est,</strong></span> <span class='ocrx_word' id='word_1_36' title='bbox 2328 655 2444 694; x_wconf 91' lang='lat' dir='ltr'><strong>non</strong></span> <span class='ocrx_word' id='word_1_37' title='bbox 2469 636 2660 711; x_wconf 91' lang='lat' dir='ltr'><strong>quoad</strong></span> <span class='ocrx_word' id='word_1_38' title='bbox 2686 636 2916 694; x_wconf 83' lang='lat' dir='ltr'><strong>literam</strong></span> 
     </span>
     <span class='ocr_line' id='line_1_5' title="bbox 504 714 2918 794; baseline -0 -19"><span class='ocrx_word' id='word_1_39' title='bbox 504 727 563 776; x_wconf 88' lang='lat' dir='ltr'><strong>et</strong></span> <span class='ocrx_word' id='word_1_40' title='bbox 608 725 830 794; x_wconf 88' lang='lat' dir='ltr'><strong>typum,</strong></span> <span class='ocrx_word' id='word_1_41' title='bbox 864 715 967 774; x_wconf 91' lang='lat' dir='ltr'><strong>sed</strong></span> <span class='ocrx_word' id='word_1_42' title='bbox 1010 714 1203 791; x_wconf 90' lang='lat' dir='ltr'><strong>quoad</strong></span> <span class='ocrx_word' id='word_1_43' title='bbox 1231 715 1575 791; x_wconf 84' lang='lat' dir='ltr'><strong>antitypum,</strong></span> <span class='ocrx_word' id='word_1_44' title='bbox 1606 722 1665 773; x_wconf 89' lang='lat' dir='ltr'><strong>et</strong></span> <span class='ocrx_word' id='word_1_45' title='bbox 1694 714 1878 791; x_wconf 80' lang='lat' dir='ltr'><strong>ipsam</strong></span> <span class='ocrx_word' id='word_1_46' title='bbox 1919 714 2239 789; x_wconf 86' lang='lat' dir='ltr'><strong>veritatem,</strong></span> <span class='ocrx_word' id='word_1_47' title='bbox 2271 734 2400 791; x_wconf 82' lang='lat' dir='ltr'><strong>quae</strong></span> <span class='ocrx_word' id='word_1_48' title='bbox 2442 715 2616 791; x_wconf 92' lang='lat' dir='ltr'><strong>longe</strong></span> <span class='ocrx_word' id='word_1_49' title='bbox 2644 715 2918 774; x_wconf 88' lang='lat' dir='ltr'><strong>nobiliori</strong></span> 
     </span>
     <span class='ocr_line' id='line_1_6' title="bbox 504 794 1520 872; baseline -0.003 -18"><span class='ocrx_word' id='word_1_50' title='bbox 504 796 675 855; x_wconf 92' lang='lat' dir='ltr'><strong>modo</strong></span> <span class='ocrx_word' id='word_1_51' title='bbox 705 795 907 854; x_wconf 83' lang='lat' dir='ltr'><strong>debuit</strong></span> <span class='ocrx_word' id='word_1_52' title='bbox 933 794 1204 872; x_wconf 89' lang='lat' dir='ltr'><strong>impleri</strong></span> <span class='ocrx_word' id='word_1_53' title='bbox 1189 815 1248 852; x_wconf 95' lang='grc' dir='ltr'><strong>ιιι</strong></span> <span class='ocrx_word' id='word_1_54' title='bbox 1273 794 1520 853; x_wconf 79' lang='lat' dir='ltr'><strong>Christo,</strong></span> 
     </span>
    </p>

    <p class='ocr_par' dir='ltr' id='par_1_3' title="bbox 500 871 2917 1429">
     <span class='ocr_line' id='line_1_7' title="bbox 585 871 2916 951; baseline -0 -18"><span class='ocrx_word' id='word_1_55' title='bbox 585 876 765 934; x_wconf 90' lang='lat' dir='ltr'><strong>XIV.</strong></span> <span class='ocrx_word' id='word_1_56' title='bbox 812 875 1091 948; x_wconf 86' lang='lat' dir='ltr'><strong>Quamvis</strong></span> <span class='ocrx_word' id='word_1_57' title='bbox 1115 874 1323 951; x_wconf 89' lang='lat' dir='ltr'><strong>Regna</strong></span> <span class='ocrx_word' id='word_1_58' title='bbox 1343 871 1682 950; x_wconf 85' lang='lat' dir='ltr'><strong>temporalia</strong></span> <span class='ocrx_word' id='word_1_59' title='bbox 1711 872 2069 950; x_wconf 84' lang='lat' dir='ltr'><strong>subjicienda</strong></span> <span class='ocrx_word' id='word_1_60' title='bbox 2090 871 2322 931; x_wconf 84' lang='lat' dir='ltr'><strong>fuerunt</strong></span> <span class='ocrx_word' id='word_1_61' title='bbox 2352 873 2601 949; x_wconf 88' lang='lat' dir='ltr'><strong>Christo,</strong></span> <span class='ocrx_word' id='word_1_62' title='bbox 2632 894 2747 930; x_wconf 89' lang='lat' dir='ltr'><strong>non</strong></span> <span class='ocrx_word' id='word_1_63' title='bbox 2777 872 2916 932; x_wconf 89' lang='lat' dir='ltr'><strong>ideo</strong></span> 
     </span>
     <span class='ocr_line' id='line_1_8' title="bbox 503 952 2917 1031; baseline -0.001 -17"><span class='ocrx_word' id='word_1_64' title='bbox 503 955 817 1031; x_wconf 83' lang='lat' dir='ltr'><strong>temporale</strong></span> <span class='ocrx_word' id='word_1_65' title='bbox 863 954 1065 1013; x_wconf 80' lang='lat' dir='ltr'><strong>debuit</strong></span> <span class='ocrx_word' id='word_1_66' title='bbox 1112 973 1239 1012; x_wconf 86' lang='lat' dir='ltr'><strong>esse</strong></span> <span class='ocrx_word' id='word_1_67' title='bbox 1294 954 1420 1030; x_wconf 86' lang='lat' dir='ltr'><strong>ejus</strong></span> <span class='ocrx_word' id='word_1_68' title='bbox 1471 954 1770 1029; x_wconf 87' lang='lat' dir='ltr'><strong>Regnum;</strong></span> <span class='ocrx_word' id='word_1_69' title='bbox 1836 952 1973 1028; x_wconf 90' lang='lat' dir='ltr'><strong>quia</strong></span> <span class='ocrx_word' id='word_1_70' title='bbox 2019 971 2135 1010; x_wconf 92' lang='lat' dir='ltr'><strong>non</strong></span> <span class='ocrx_word' id='word_1_71' title='bbox 2185 953 2575 1029; x_wconf 87' lang='lat' dir='ltr'><strong>temporaliter</strong></span> <span class='ocrx_word' id='word_1_72' title='bbox 2628 962 2686 1011; x_wconf 89' lang='lat' dir='ltr'><strong>et</strong></span> <span class='ocrx_word' id='word_1_73' title='bbox 2740 952 2917 1012; x_wconf 90' lang='lat' dir='ltr'><strong>modo</strong></span> 
     </span>
     <span class='ocr_line' id='line_1_9' title="bbox 501 997 2912 1109; baseline -0.002 -16"><span class='ocrx_word' id='word_1_74' title='bbox 501 1043 726 1093; x_wconf 92' lang='lat' dir='ltr'><strong>terreno</strong></span> <span class='ocrx_word' id='word_1_75' title='bbox 750 1033 1133 1109; x_wconf 85' lang='lat' dir='ltr'><strong>subjiciuntur</strong></span> <span class='ocrx_word' id='word_1_76' title='bbox 1158 1033 1261 1105; x_wconf 91' lang='lat' dir='ltr'><strong>illi,</strong></span> <span class='ocrx_word' id='word_1_77' title='bbox 1287 1041 1346 1091; x_wconf 89' lang='lat' dir='ltr'><strong>et</strong></span> <span class='ocrx_word' id='word_1_78' title='bbox 1373 1032 1445 1090; x_wconf 93' lang='lat' dir='ltr'><strong>ab</strong></span> <span class='ocrx_word' id='word_1_79' title='bbox 1475 1051 1543 1091; x_wconf 93' lang='lat' dir='ltr'><strong>eo</strong></span> <span class='ocrx_word' id='word_1_80' title='bbox 1565 997 2055 1106; x_wconf 85' lang='lat' dir='ltr'><strong>administrantur,</strong></span> <span class='ocrx_word' id='word_1_81' title='bbox 2087 1032 2190 1090; x_wconf 86' lang='lat' dir='ltr'><strong>sed</strong></span> <span class='ocrx_word' id='word_1_82' title='bbox 2218 1032 2590 1108; x_wconf 85' lang='lat' dir='ltr'><strong>spiritualiter</strong></span> <span class='ocrx_word' id='word_1_83' title='bbox 2616 1040 2674 1090; x_wconf 90' lang='lat' dir='ltr'><strong>et</strong></span> <span class='ocrx_word' id='word_1_84' title='bbox 2696 1032 2912 1107; x_wconf 86' lang='lat' dir='ltr'><strong>divine,</strong></span> 
     </span>
     <span class='ocr_line' id='line_1_10' title="bbox 505 1111 2914 1188; baseline -0.002 -14"><span class='ocrx_word' id='word_1_85' title='bbox 505 1115 591 1174; x_wconf 93' lang='lat' dir='ltr'><strong>Ut</strong></span> <span class='ocrx_word' id='word_1_86' title='bbox 616 1114 753 1172; x_wconf 89' lang='lat' dir='ltr'><strong>licet</strong></span> <span class='ocrx_word' id='word_1_87' title='bbox 781 1122 932 1172; x_wconf 92' lang='lat' dir='ltr'><strong>terra</strong></span> <span class='ocrx_word' id='word_1_88' title='bbox 960 1113 1106 1170; x_wconf 88' lang='lat' dir='ltr'><strong>coelo</strong></span> <span class='ocrx_word' id='word_1_89' title='bbox 1137 1112 1339 1185; x_wconf 80' lang='lat' dir='ltr'><strong>subsit,</strong></span> <span class='ocrx_word' id='word_1_90' title='bbox 1371 1120 1429 1170; x_wconf 93' lang='lat' dir='ltr'><strong>et</strong></span> <span class='ocrx_word' id='word_1_91' title='bbox 1456 1111 1529 1169; x_wconf 91' lang='lat' dir='ltr'><strong>ab</strong></span> <span class='ocrx_word' id='word_1_92' title='bbox 1559 1111 1685 1187; x_wconf 90' lang='lat' dir='ltr'><strong>ipso</strong></span> <span class='ocrx_word' id='word_1_93' title='bbox 1722 1120 1973 1187; x_wconf 88' lang='lat' dir='ltr'><strong>regatur,</strong></span> <span class='ocrx_word' id='word_1_94' title='bbox 2003 1130 2121 1170; x_wconf 89' lang='lat' dir='ltr'><strong>non</strong></span> <span class='ocrx_word' id='word_1_95' title='bbox 2168 1119 2470 1188; x_wconf 91' lang='lat' dir='ltr'><strong>propterea</strong></span> <span class='ocrx_word' id='word_1_96' title='bbox 2496 1111 2606 1169; x_wconf 83' lang='lat' dir='ltr'><strong>hoc</strong></span> <span class='ocrx_word' id='word_1_97' title='bbox 2647 1111 2713 1170; x_wconf 88' lang='lat' dir='ltr'><strong>fit</strong></span> <span class='ocrx_word' id='word_1_98' title='bbox 2738 1111 2914 1171; x_wconf 91' lang='lat' dir='ltr'><strong>modo</strong></span> 
     </span>
     <span class='ocr_line' id='line_1_11' title="bbox 504 1189 2916 1284; baseline -0.001 -32"><span class='ocrx_word' id='word_1_99' title='bbox 504 1202 747 1268; x_wconf 89' lang='lat' dir='ltr'><strong>terreno,</strong></span> <span class='ocrx_word' id='word_1_100' title='bbox 781 1193 884 1251; x_wconf 90' lang='lat' dir='ltr'><strong>sed</strong></span> <span class='ocrx_word' id='word_1_101' title='bbox 912 1192 1152 1250; x_wconf 86' lang='lat' dir='ltr'><strong>coelesti.</strong></span> <span class='ocrx_word' id='word_1_102' title='bbox 1186 1193 1417 1267; x_wconf 88' lang='lat' dir='ltr'><strong>Regnat</strong></span> <span class='ocrx_word' id='word_1_103' title='bbox 1444 1189 1678 1267; x_wconf 91' lang='lat' dir='ltr'><strong>quidem</strong></span> <span class='ocrx_word' id='word_1_104' title='bbox 1701 1189 2131 1248; x_wconf 83' lang='lat' dir='ltr'><strong>diversimode’</strong></span> <span class='ocrx_word' id='word_1_105' title='bbox 2115 1210 2176 1246; x_wconf 92' lang='grc' dir='ltr'><strong>ιιι</strong></span> <span class='ocrx_word' id='word_1_106' title='bbox 2202 1191 2330 1268; x_wconf 89' lang='lat' dir='ltr'><strong>pios</strong></span> <span class='ocrx_word' id='word_1_107' title='bbox 2358 1192 2453 1250; x_wconf 89' lang='lat' dir='ltr'><strong>et</strong></span> <span class='ocrx_word' id='word_1_108' title='bbox 2436 1192 2660 1284; x_wconf 78' lang='lat' dir='ltr'><strong>impios,</strong></span> <span class='ocrx_word' id='word_1_109' title='bbox 2691 1191 2750 1249; x_wconf 91' lang='lat' dir='ltr'><strong>in</strong></span> <span class='ocrx_word' id='word_1_110' title='bbox 2779 1192 2916 1250; x_wconf 88' lang='lat' dir='ltr'><strong>illos</strong></span> 
     </span>
     <span class='ocr_line' id='line_1_12' title="bbox 507 1269 2917 1347; baseline -0.001 -16"><span class='ocrx_word' id='word_1_111' title='bbox 507 1273 673 1331; x_wconf 86' lang='lat' dir='ltr'><strong>suavi</strong></span> <span class='ocrx_word' id='word_1_112' title='bbox 702 1280 761 1330; x_wconf 91' lang='lat' dir='ltr'><strong>et</strong></span> <span class='ocrx_word' id='word_1_113' title='bbox 803 1272 1039 1330; x_wconf 90' lang='lat' dir='ltr'><strong>salutari</strong></span> <span class='ocrx_word' id='word_1_114' title='bbox 1085 1271 1311 1330; x_wconf 84' lang='lat' dir='ltr'><strong>influxu</strong></span> <span class='ocrx_word' id='word_1_115' title='bbox 1356 1270 1622 1347; x_wconf 85' lang='lat' dir='ltr'><strong>Spiritus,</strong></span> <span class='ocrx_word' id='word_1_116' title='bbox 1654 1289 1771 1345; x_wconf 91' lang='lat' dir='ltr'><strong>qua</strong></span> <span class='ocrx_word' id='word_1_117' title='bbox 1812 1269 2059 1346; x_wconf 84' lang='lat' dir='ltr'><strong>Caput‚&#39;</strong></span> <span class='ocrx_word' id='word_1_118' title='bbox 2043 1289 2103 1327; x_wconf 90' lang='grc' dir='ltr'><strong>ιιι</strong></span> <span class='ocrx_word' id='word_1_119' title='bbox 2132 1269 2276 1329; x_wconf 88' lang='lat' dir='ltr'><strong>istos</strong></span> <span class='ocrx_word' id='word_1_120' title='bbox 2324 1271 2546 1347; x_wconf 91' lang='lat' dir='ltr'><strong>potenti</strong></span> <span class='ocrx_word' id='word_1_121' title='bbox 2573 1271 2787 1330; x_wconf 84' lang='lat' dir='ltr'><strong>virtute</strong></span> <span class='ocrx_word' id='word_1_122' title='bbox 2810 1291 2917 1329; x_wconf 88' lang='lat' dir='ltr'><strong>sua</strong></span> 
     </span>
     <span class='ocr_line' id='line_1_13' title="bbox 500 1348 2910 1429; baseline -0.001 -18"><span class='ocrx_word' id='word_1_123' title='bbox 500 1372 616 1429; x_wconf 85' lang='lat' dir='ltr'><strong>qua</strong></span> <span class='ocrx_word' id='word_1_124' title='bbox 636 1351 937 1425; x_wconf 89' lang='lat' dir='ltr'><strong>Dominus,</strong></span> <span class='ocrx_word' id='word_1_125' title='bbox 970 1350 1116 1409; x_wconf 93' lang='lat' dir='ltr'><strong>sed</strong></span> <span class='ocrx_word' id='word_1_126' title='bbox 1100 1371 1161 1408; x_wconf 85' lang='lat'><strong>111</strong></span> <span class='ocrx_word' id='word_1_127' title='bbox 1187 1358 1462 1427; x_wconf 90' lang='lat' dir='ltr'><strong>utrosque</strong></span> <span class='ocrx_word' id='word_1_128' title='bbox 1489 1349 1792 1427; x_wconf 88' lang='lat' dir='ltr'><strong>imperium</strong></span> <span class='ocrx_word' id='word_1_129' title='bbox 1811 1348 2121 1425; x_wconf 87' lang='lat' dir='ltr'><strong>spirituale,</strong></span> <span class='ocrx_word' id='word_1_130' title='bbox 2142 1369 2258 1408; x_wconf 91' lang='lat' dir='ltr'><strong>non</strong></span> <span class='ocrx_word' id='word_1_131' title='bbox 2285 1351 2639 1408; x_wconf 89' lang='lat' dir='ltr'><strong>mundanum</strong></span> <span class='ocrx_word' id='word_1_132' title='bbox 2661 1358 2910 1409; x_wconf 84' lang='lat' dir='ltr'><strong>exercet.</strong></span> 
     </span>
    </p>

    <p class='ocr_par' dir='ltr' id='par_1_4' title="bbox 502 1429 2916 2462">
     <span class='ocr_line' id='line_1_14' title="bbox 584 1429 2915 1506; baseline 0 -17"><span class='ocrx_word' id='word_1_133' title='bbox 584 1432 728 1490; x_wconf 89' lang='lat' dir='ltr'><strong>XV.</strong></span> <span class='ocrx_word' id='word_1_134' title='bbox 775 1430 1022 1490; x_wconf 90' lang='lat' dir='ltr'><strong>Oracula</strong></span> <span class='ocrx_word' id='word_1_135' title='bbox 1048 1431 1225 1506; x_wconf 85' lang='lat' dir='ltr'><strong>varia,</strong></span> <span class='ocrx_word' id='word_1_136' title='bbox 1256 1429 1329 1488; x_wconf 93' lang='lat' dir='ltr'><strong>de</strong></span> <span class='ocrx_word' id='word_1_137' title='bbox 1357 1430 1718 1489; x_wconf 86' lang='lat' dir='ltr'><strong>restitutione</strong></span> <span class='ocrx_word' id='word_1_138' title='bbox 1747 1436 1804 1486; x_wconf 88' lang='lat' dir='ltr'><strong>et</strong></span> <span class='ocrx_word' id='word_1_139' title='bbox 1824 1436 2100 1505; x_wconf 87' lang='lat' dir='ltr'><strong>perpetua</strong></span> <span class='ocrx_word' id='word_1_140' title='bbox 2127 1429 2426 1488; x_wconf 91' lang='lat' dir='ltr'><strong>duratione</strong></span> <span class='ocrx_word' id='word_1_141' title='bbox 2458 1430 2829 1506; x_wconf 78' lang='lat' dir='ltr'><strong>Reipublicae,</strong></span> <span class='ocrx_word' id='word_1_142' title='bbox 2853 1438 2915 1489; x_wconf 90' lang='lat' dir='ltr'><strong>et</strong></span> 
     </span>
     <span class='ocr_line' id='line_1_15' title="bbox 506 1507 2912 1601; baseline -0.001 -32"><span class='ocrx_word' id='word_1_143' title='bbox 506 1511 699 1588; x_wconf 86' lang='lat' dir='ltr'><strong>Regni</strong></span> <span class='ocrx_word' id='word_1_144' title='bbox 743 1510 1002 1583; x_wconf 83' lang='lat' dir='ltr'><strong>Juda&#39;ici,</strong></span> <span class='ocrx_word' id='word_1_145' title='bbox 1035 1530 1165 1587; x_wconf 83' lang='lat' dir='ltr'><strong>quae</strong></span> <span class='ocrx_word' id='word_1_146' title='bbox 1211 1508 1527 1568; x_wconf 87' lang='lat' dir='ltr'><strong>afferuntur</strong></span> <span class='ocrx_word' id='word_1_147' title='bbox 1581 1528 1617 1565; x_wconf 90' lang='lat' dir='ltr'><strong>a</strong></span> <span class='ocrx_word' id='word_1_148' title='bbox 1663 1507 1893 1568; x_wconf 82' lang='lat' dir='ltr'><strong>Judaeis</strong></span> <span class='ocrx_word' id='word_1_149' title='bbox 1937 1527 2040 1601; x_wconf 84' lang='lat' dir='ltr'><strong>pro</strong></span> <span class='ocrx_word' id='word_1_150' title='bbox 2090 1528 2270 1585; x_wconf 88' lang='lat' dir='ltr'><strong>regno</strong></span> <span class='ocrx_word' id='word_1_151' title='bbox 2314 1510 2614 1587; x_wconf 89' lang='lat' dir='ltr'><strong>temporali</strong></span> <span class='ocrx_word' id='word_1_152' title='bbox 2660 1509 2912 1584; x_wconf 60' lang='lat' dir='ltr'><strong>Messias,</strong></span> 
     </span>
     <span class='ocr_line' id='line_1_16' title="bbox 505 1588 2912 1667; baseline -0.001 -19"><span class='ocrx_word' id='word_1_153' title='bbox 505 1591 699 1667; x_wconf 88' lang='lat' dir='ltr'><strong>qualia</strong></span> <span class='ocrx_word' id='word_1_154' title='bbox 729 1598 880 1665; x_wconf 88' lang='lat' dir='ltr'><strong>sunt,</strong></span> <span class='ocrx_word' id='word_1_155' title='bbox 914 1589 1087 1648; x_wconf 91' lang='lat' dir='ltr'><strong>Deut.</strong></span> <span class='ocrx_word' id='word_1_156' title='bbox 1118 1610 1263 1647; x_wconf 84' lang='lat' dir='ltr'><strong>xxx.</strong></span> <span class='ocrx_word' id='word_1_157' title='bbox 1295 1592 1350 1663; x_wconf 89' lang='lat'><strong>3,</strong></span> <span class='ocrx_word' id='word_1_158' title='bbox 1382 1594 1438 1664; x_wconf 89' lang='lat'><strong>4,</strong></span> <span class='ocrx_word' id='word_1_159' title='bbox 1474 1591 1529 1646; x_wconf 89' lang='lat'><strong>5.</strong></span> <span class='ocrx_word' id='word_1_160' title='bbox 1562 1588 1734 1645; x_wconf 88' lang='lat' dir='ltr'><strong>Ezec.</strong></span> <span class='ocrx_word' id='word_1_161' title='bbox 1766 1589 1994 1645; x_wconf 80' lang='lat' dir='ltr'><strong>xxxvii.</strong></span> <span class='ocrx_word' id='word_1_162' title='bbox 2032 1591 2128 1659; x_wconf 84' lang='lat'><strong>24,</strong></span> <span class='ocrx_word' id='word_1_163' title='bbox 2160 1592 2256 1647; x_wconf 87' lang='grc'><strong>25.</strong></span> <span class='ocrx_word' id='word_1_164' title='bbox 2291 1590 2440 1647; x_wconf 88' lang='lat' dir='ltr'><strong>Dan.</strong></span> <span class='ocrx_word' id='word_1_165' title='bbox 2470 1590 2571 1647; x_wconf 86' lang='lat' dir='ltr'><strong>vii.</strong></span> <span class='ocrx_word' id='word_1_166' title='bbox 2602 1592 2698 1662; x_wconf 91' lang='grc'><strong>27,</strong></span> <span class='ocrx_word' id='word_1_167' title='bbox 2731 1588 2912 1647; x_wconf 89' lang='lat' dir='ltr'><strong>Mich.</strong></span> 
     </span>
     <span class='ocr_line' id='line_1_17' title="bbox 504 1665 2915 1747; baseline -0 -19"><span class='ocrx_word' id='word_1_168' title='bbox 504 1671 584 1728; x_wconf 86' lang='lat' dir='ltr'><strong>iv.</strong></span> <span class='ocrx_word' id='word_1_169' title='bbox 617 1674 671 1745; x_wconf 88' lang='grc'><strong>6,</strong></span> <span class='ocrx_word' id='word_1_170' title='bbox 706 1675 760 1745; x_wconf 88' lang='grc'><strong>7,</strong></span> <span class='ocrx_word' id='word_1_171' title='bbox 794 1672 849 1744; x_wconf 89' lang='grc'><strong>8,</strong></span> <span class='ocrx_word' id='word_1_172' title='bbox 894 1689 1010 1727; x_wconf 87' lang='grc' dir='ltr'>ιιοιι</span> <span class='ocrx_word' id='word_1_173' title='bbox 1038 1677 1297 1745; x_wconf 87' lang='lat' dir='ltr'><strong>possunt,</strong></span> <span class='ocrx_word' id='word_1_174' title='bbox 1328 1688 1437 1727; x_wconf 90' lang='lat' dir='ltr'><strong>nec</strong></span> <span class='ocrx_word' id='word_1_175' title='bbox 1480 1667 1694 1725; x_wconf 91' lang='lat' dir='ltr'><strong>debent</strong></span> <span class='ocrx_word' id='word_1_176' title='bbox 1721 1666 1969 1744; x_wconf 87' lang='lat' dir='ltr'><strong>intelligi</strong></span> <span class='ocrx_word' id='word_1_177' title='bbox 1996 1670 2135 1725; x_wconf 67' lang='grc' dir='ltr'><strong>κατὰ</strong></span> <span class='ocrx_word' id='word_1_178' title='bbox 2156 1673 2210 1725; x_wconf 74' lang='grc' dir='ltr'><strong>τὶ</strong></span> <span class='ocrx_word' id='word_1_179' title='bbox 2250 1673 2394 1747; x_wconf 57' lang='lat' dir='ltr'><strong>partu,</strong></span> <span class='ocrx_word' id='word_1_180' title='bbox 2428 1668 2531 1727; x_wconf 90' lang='lat' dir='ltr'><strong>sed</strong></span> <span class='ocrx_word' id='word_1_181' title='bbox 2573 1665 2815 1745; x_wconf 83' lang='lat' dir='ltr'><strong>mystice</strong></span> <span class='ocrx_word' id='word_1_182' title='bbox 2855 1676 2915 1727; x_wconf 90' lang='lat' dir='ltr'><strong>et</strong></span> 
     </span>
     <span class='ocr_line' id='line_1_18' title="bbox 504 1746 2916 1827; baseline -0.002 -18"><span class='ocrx_word' id='word_1_183' title='bbox 504 1750 892 1827; x_wconf 88' lang='lat' dir='ltr'><strong>spiritualiter.</strong></span> <span class='ocrx_word' id='word_1_184' title='bbox 928 1752 979 1807; x_wconf 93' lang='lat'><strong>1.</strong></span> <span class='ocrx_word' id='word_1_185' title='bbox 996 1748 1143 1823; x_wconf 86' lang='lat' dir='ltr'><strong>Quia</strong></span> <span class='ocrx_word' id='word_1_186' title='bbox 1159 1768 1284 1806; x_wconf 87' lang='lat' dir='ltr'><strong>mos</strong></span> <span class='ocrx_word' id='word_1_187' title='bbox 1305 1756 1395 1806; x_wconf 89' lang='lat' dir='ltr'><strong>est</strong></span> <span class='ocrx_word' id='word_1_188' title='bbox 1416 1746 1834 1824; x_wconf 83' lang='lat' dir='ltr'><strong>Prophetarum</strong></span> <span class='ocrx_word' id='word_1_189' title='bbox 1856 1747 2015 1823; x_wconf 88' lang='lat' dir='ltr'><strong>loqui</strong></span> <span class='ocrx_word' id='word_1_190' title='bbox 2033 1746 2105 1804; x_wconf 91' lang='lat' dir='ltr'><strong>de</strong></span> <span class='ocrx_word' id='word_1_191' title='bbox 2126 1748 2298 1806; x_wconf 86' lang='lat' dir='ltr'><strong>rebus</strong></span> <span class='ocrx_word' id='word_1_192' title='bbox 2312 1749 2365 1805; x_wconf 91' lang='lat' dir='ltr'>N</span> <span class='ocrx_word' id='word_1_193' title='bbox 2369 1768 2461 1806; x_wconf 86' lang='lat' dir='ltr'><strong>ov</strong></span> <span class='ocrx_word' id='word_1_194' title='bbox 2475 1748 2632 1806; x_wconf 88' lang='lat' dir='ltr'><strong>Test.</strong></span> <span class='ocrx_word' id='word_1_195' title='bbox 2655 1747 2916 1807; x_wconf 89' lang='lat' dir='ltr'><strong>terminis</strong></span> 
     </span>
     <span class='ocr_line' id='line_1_19' title="bbox 502 1826 2916 1907; baseline -0.001 -20"><span class='ocrx_word' id='word_1_196' title='bbox 502 1830 807 1907; x_wconf 89' lang='lat' dir='ltr'><strong>legalibus,</strong></span> <span class='ocrx_word' id='word_1_197' title='bbox 859 1837 918 1887; x_wconf 90' lang='lat' dir='ltr'><strong>et</strong></span> <span class='ocrx_word' id='word_1_198' title='bbox 965 1828 1073 1887; x_wconf 89' lang='lat' dir='ltr'><strong>sub</strong></span> <span class='ocrx_word' id='word_1_199' title='bbox 1116 1829 1326 1887; x_wconf 88' lang='lat' dir='ltr'><strong>cortice</strong></span> <span class='ocrx_word' id='word_1_200' title='bbox 1368 1846 1558 1885; x_wconf 90' lang='lat' dir='ltr'><strong>rerum</strong></span> <span class='ocrx_word' id='word_1_201' title='bbox 1600 1846 1997 1902; x_wconf 87' lang='lat' dir='ltr'><strong>corporearum</strong></span> <span class='ocrx_word' id='word_1_202' title='bbox 2028 1846 2120 1885; x_wconf 92' lang='lat' dir='ltr'><strong>res</strong></span> <span class='ocrx_word' id='word_1_203' title='bbox 2169 1827 2495 1904; x_wconf 88' lang='lat' dir='ltr'><strong>spirituales</strong></span> <span class='ocrx_word' id='word_1_204' title='bbox 2544 1835 2602 1885; x_wconf 93' lang='lat' dir='ltr'><strong>et</strong></span> <span class='ocrx_word' id='word_1_205' title='bbox 2649 1826 2916 1885; x_wconf 84' lang='lat' dir='ltr'><strong>coelestes</strong></span> 
     </span>
     <span class='ocr_line' id='line_1_20' title="bbox 504 1906 2909 1985; baseline -0.002 -18"><span class='ocrx_word' id='word_1_206' title='bbox 504 1910 866 1983; x_wconf 89' lang='lat' dir='ltr'><strong>adumbrare,</strong></span> <span class='ocrx_word' id='word_1_207' title='bbox 910 1928 1041 1985; x_wconf 87' lang='lat' dir='ltr'><strong>quae</strong></span> <span class='ocrx_word' id='word_1_208' title='bbox 1084 1907 1132 1965; x_wconf 91' lang='lat' dir='ltr'><strong>si</strong></span> <span class='ocrx_word' id='word_1_209' title='bbox 1177 1907 1251 1965; x_wconf 90' lang='lat' dir='ltr'><strong>ad</strong></span> <span class='ocrx_word' id='word_1_210' title='bbox 1294 1907 1521 1966; x_wconf 85' lang='lat' dir='ltr'><strong>literam</strong></span> <span class='ocrx_word' id='word_1_211' title='bbox 1564 1914 1921 1982; x_wconf 90' lang='lat' dir='ltr'><strong>urgerentur,</strong></span> <span class='ocrx_word' id='word_1_212' title='bbox 1953 1906 2050 1963; x_wconf 82' lang='lat' dir='ltr'><strong>vel</strong></span> <span class='ocrx_word' id='word_1_213' title='bbox 2076 1906 2300 1965; x_wconf 90' lang='lat' dir='ltr'><strong>nullum</strong></span> <span class='ocrx_word' id='word_1_214' title='bbox 2330 1926 2560 1965; x_wconf 86' lang='lat' dir='ltr'><strong>sensum</strong></span> <span class='ocrx_word' id='word_1_215' title='bbox 2589 1906 2909 1980; x_wconf 91' lang='lat' dir='ltr'><strong>funderent,</strong></span> 
     </span>
     <span class='ocr_line' id='line_1_21' title="bbox 506 1985 2910 2077; baseline -0 -32"><span class='ocrx_word' id='word_1_216' title='bbox 506 1989 604 2047; x_wconf 84' lang='lat' dir='ltr'><strong>vel</strong></span> <span class='ocrx_word' id='word_1_217' title='bbox 623 1988 954 2048; x_wconf 89' lang='lat' dir='ltr'><strong>absurdum.</strong></span> <span class='ocrx_word' id='word_1_218' title='bbox 981 1991 1037 2046; x_wconf 93' lang='grc'><strong>2.</strong></span> <span class='ocrx_word' id='word_1_219' title='bbox 1065 1986 1500 2059; x_wconf 88' lang='lat' dir='ltr'><strong>Promissiones‚</strong></span> <span class='ocrx_word' id='word_1_220' title='bbox 1527 2005 1657 2062; x_wconf 81' lang='lat' dir='ltr'><strong>quae</strong></span> <span class='ocrx_word' id='word_1_221' title='bbox 1683 1985 1764 2042; x_wconf 90' lang='lat' dir='ltr'><strong>ibi</strong></span> <span class='ocrx_word' id='word_1_222' title='bbox 1786 1985 2071 2044; x_wconf 90' lang='lat' dir='ltr'><strong>habentur</strong></span> <span class='ocrx_word' id='word_1_223' title='bbox 2091 1985 2162 2043; x_wconf 91' lang='lat' dir='ltr'><strong>de</strong></span> <span class='ocrx_word' id='word_1_224' title='bbox 2181 1985 2477 2044; x_wconf 85' lang='lat' dir='ltr'><strong>beneficiis</strong></span> <span class='ocrx_word' id='word_1_225' title='bbox 2499 1986 2910 2077; x_wconf 86' lang='lat' dir='ltr'><strong>spiritualibus,</strong></span> 
     </span>
     <span class='ocr_line' id='line_1_22' title="bbox 506 2063 2913 2144; baseline -0 -19"><span class='ocrx_word' id='word_1_226' title='bbox 506 2088 623 2125; x_wconf 90' lang='lat' dir='ltr'><strong>non</strong></span> <span class='ocrx_word' id='word_1_227' title='bbox 666 2076 909 2144; x_wconf 87' lang='lat' dir='ltr'><strong>possunt</strong></span> <span class='ocrx_word' id='word_1_228' title='bbox 952 2066 1177 2144; x_wconf 90' lang='lat' dir='ltr'><strong>impleri</strong></span> <span class='ocrx_word' id='word_1_229' title='bbox 1224 2066 1286 2124; x_wconf 90' lang='lat' dir='ltr'><strong>in</strong></span> <span class='ocrx_word' id='word_1_230' title='bbox 1333 2066 1550 2124; x_wconf 77' lang='lat' dir='ltr'><strong>Isra&#39;ele</strong></span> <span class='ocrx_word' id='word_1_231' title='bbox 1599 2065 1832 2139; x_wconf 87' lang='lat' dir='ltr'><strong>carnali,</strong></span> <span class='ocrx_word' id='word_1_232' title='bbox 1886 2064 1989 2122; x_wconf 88' lang='lat' dir='ltr'><strong>sed</strong></span> <span class='ocrx_word' id='word_1_233' title='bbox 2047 2065 2347 2141; x_wconf 87' lang='lat' dir='ltr'><strong>spirituali.</strong></span> <span class='ocrx_word' id='word_1_234' title='bbox 2432 2069 2488 2124; x_wconf 88' lang='lat'><strong>3.</strong></span> <span class='ocrx_word' id='word_1_235' title='bbox 2537 2066 2600 2125; x_wconf 84' lang='lat' dir='ltr'><strong>Si</strong></span> <span class='ocrx_word' id='word_1_236' title='bbox 2650 2063 2913 2124; x_wconf 87' lang='lat' dir='ltr'><strong>Christus</strong></span> 
     </span>
     <span class='ocr_line' id='line_1_23' title="bbox 507 2144 2911 2239; baseline -0.001 -34"><span class='ocrx_word' id='word_1_237' title='bbox 507 2147 804 2205; x_wconf 83' lang='lat' dir='ltr'><strong>debuisset</strong></span> <span class='ocrx_word' id='word_1_238' title='bbox 843 2166 1085 2239; x_wconf 81' lang='lat' dir='ltr'><strong>regnum</strong></span> <span class='ocrx_word' id='word_1_239' title='bbox 1115 2146 1429 2223; x_wconf 89' lang='lat' dir='ltr'><strong>temporale</strong></span> <span class='ocrx_word' id='word_1_240' title='bbox 1459 2163 1728 2203; x_wconf 87' lang='lat' dir='ltr'><strong>exercere</strong></span> <span class='ocrx_word' id='word_1_241' title='bbox 1769 2145 1829 2200; x_wconf 92' lang='lat' dir='ltr'><strong>in</strong></span> <span class='ocrx_word' id='word_1_242' title='bbox 1858 2144 1901 2202; x_wconf 86' lang='lat' dir='ltr'><strong>J</strong></span> <span class='ocrx_word' id='word_1_243' title='bbox 1905 2144 2085 2219; x_wconf 86' lang='lat' dir='ltr'><strong>udaea,</strong></span> <span class='ocrx_word' id='word_1_244' title='bbox 2117 2165 2233 2203; x_wconf 90' lang='lat' dir='ltr'><strong>non</strong></span> <span class='ocrx_word' id='word_1_245' title='bbox 2275 2164 2481 2222; x_wconf 89' lang='lat' dir='ltr'><strong>passus</strong></span> <span class='ocrx_word' id='word_1_246' title='bbox 2508 2145 2713 2204; x_wconf 87' lang='lat' dir='ltr'><strong>fuisset</strong></span> <span class='ocrx_word' id='word_1_247' title='bbox 2739 2145 2781 2203; x_wconf 88' lang='lat' dir='ltr'><strong>J</strong></span> <span class='ocrx_word' id='word_1_248' title='bbox 2784 2164 2911 2203; x_wconf 93' lang='lat' dir='ltr'><strong>eru</strong></span> 
     </span>
     <span class='ocr_line' id='line_1_24' title="bbox 506 2223 2911 2317; baseline -0.001 -32"><span class='ocrx_word' id='word_1_249' title='bbox 506 2226 685 2286; x_wconf 86' lang='lat' dir='ltr'><strong>salem</strong></span> <span class='ocrx_word' id='word_1_250' title='bbox 715 2226 837 2285; x_wconf 86' lang='lat' dir='ltr'><strong>solo</strong></span> <span class='ocrx_word' id='word_1_251' title='bbox 867 2226 1099 2302; x_wconf 82' lang='lat' dir='ltr'><strong>aequari,</strong></span> <span class='ocrx_word' id='word_1_252' title='bbox 1131 2225 1435 2303; x_wconf 87' lang='lat' dir='ltr'><strong>Templum</strong></span> <span class='ocrx_word' id='word_1_253' title='bbox 1465 2223 1664 2298; x_wconf 85' lang='lat' dir='ltr'><strong>everti,</strong></span> <span class='ocrx_word' id='word_1_254' title='bbox 1718 2231 1776 2281; x_wconf 91' lang='lat' dir='ltr'><strong>et</strong></span> <span class='ocrx_word' id='word_1_255' title='bbox 1819 2243 2177 2300; x_wconf 75' lang='lat' dir='ltr'><strong>quaecunque</strong></span> <span class='ocrx_word' id='word_1_256' title='bbox 2205 2225 2494 2317; x_wconf 86' lang='lat' dir='ltr'><strong>pertinent</strong></span> <span class='ocrx_word' id='word_1_257' title='bbox 2521 2224 2597 2282; x_wconf 89' lang='lat' dir='ltr'><strong>ad</strong></span> <span class='ocrx_word' id='word_1_258' title='bbox 2626 2224 2911 2301; x_wconf 89' lang='lat' dir='ltr'><strong>Rempub.</strong></span> 
     </span>
     <span class='ocr_line' id='line_1_25' title="bbox 506 2302 2912 2382; baseline -0.001 -18"><span class='ocrx_word' id='word_1_259' title='bbox 506 2314 566 2364; x_wconf 93' lang='lat' dir='ltr'><strong>et</strong></span> <span class='ocrx_word' id='word_1_260' title='bbox 612 2306 871 2382; x_wconf 87' lang='lat' dir='ltr'><strong>politiam</strong></span> <span class='ocrx_word' id='word_1_261' title='bbox 901 2306 1214 2364; x_wconf 84' lang='lat' dir='ltr'><strong>Juda‘icam</strong></span> <span class='ocrx_word' id='word_1_262' title='bbox 1242 2305 1476 2363; x_wconf 88' lang='lat' dir='ltr'><strong>aboleri.</strong></span> <span class='ocrx_word' id='word_1_263' title='bbox 1562 2308 1619 2362; x_wconf 90' lang='lat'><strong>4.</strong></span> <span class='ocrx_word' id='word_1_264' title='bbox 1672 2302 1949 2362; x_wconf 87' lang='lat' dir='ltr'><strong>Rationes</strong></span> <span class='ocrx_word' id='word_1_265' title='bbox 1977 2303 2358 2362; x_wconf 88' lang='lat' dir='ltr'><strong>institutionis</strong></span> <span class='ocrx_word' id='word_1_266' title='bbox 2385 2304 2600 2380; x_wconf 76' lang='lat' dir='ltr'><strong>politiae</strong></span> <span class='ocrx_word' id='word_1_267' title='bbox 2642 2303 2912 2364; x_wconf 78' lang='lat' dir='ltr'><strong>Judai‘cae</strong></span> 
     </span>
     <span class='ocr_line' id='line_1_26' title="bbox 508 2383 2403 2462; baseline -0.002 -18"><span class='ocrx_word' id='word_1_268' title='bbox 508 2394 738 2444; x_wconf 88' lang='lat' dir='ltr'><strong>cessant</strong></span> <span class='ocrx_word' id='word_1_269' title='bbox 765 2405 868 2462; x_wconf 89' lang='lat' dir='ltr'><strong>per</strong></span> <span class='ocrx_word' id='word_1_270' title='bbox 895 2385 1211 2443; x_wconf 84' lang='lat' dir='ltr'><strong>adventum</strong></span> <span class='ocrx_word' id='word_1_271' title='bbox 1241 2384 1473 2459; x_wconf 88' lang='lat' dir='ltr'><strong>Christi,</strong></span> <span class='ocrx_word' id='word_1_272' title='bbox 1506 2391 1563 2442; x_wconf 89' lang='lat' dir='ltr'><strong>et</strong></span> <span class='ocrx_word' id='word_1_273' title='bbox 1584 2402 1687 2459; x_wconf 91' lang='lat' dir='ltr'><strong>per</strong></span> <span class='ocrx_word' id='word_1_274' title='bbox 1715 2383 2077 2441; x_wconf 81' lang='lat' dir='ltr'><strong>vocationem</strong></span> <span class='ocrx_word' id='word_1_275' title='bbox 2107 2383 2403 2442; x_wconf 89' lang='lat' dir='ltr'><strong>Gentium.</strong></span> 
     </span>
    </p>

    <p class='ocr_par' dir='ltr' id='par_1_5' title="bbox 508 2462 2921 3336">
     <span class='ocr_line' id='line_1_27' title="bbox 591 2462 2913 2540; baseline 0 -19"><span class='ocrx_word' id='word_1_276' title='bbox 591 2464 771 2522; x_wconf 90' lang='lat' dir='ltr'><strong>XVI.</strong></span> <span class='ocrx_word' id='word_1_277' title='bbox 820 2465 984 2522; x_wconf 84' lang='lat' dir='ltr'><strong>Licet</strong></span> <span class='ocrx_word' id='word_1_278' title='bbox 1014 2464 1263 2523; x_wconf 85' lang='lat' dir='ltr'><strong>Messias</strong></span> <span class='ocrx_word' id='word_1_279' title='bbox 1305 2471 1628 2540; x_wconf 90' lang='lat' dir='ltr'><strong>opponatur</strong></span> <span class='ocrx_word' id='word_1_280' title='bbox 1671 2462 1934 2538; x_wconf 84' lang='lat' dir='ltr'><strong>Regibus</strong></span> <span class='ocrx_word' id='word_1_281' title='bbox 1975 2462 2234 2537; x_wconf 89' lang='lat' dir='ltr'><strong>terrenis,</strong></span> <span class='ocrx_word' id='word_1_282' title='bbox 2284 2462 2476 2521; x_wconf 87' lang='lat' dir='ltr'><strong>Psal.’</strong></span> <span class='ocrx_word' id='word_1_283' title='bbox 2461 2462 2518 2519; x_wconf 89' lang='grc' dir='ltr'><strong>ι1.</strong></span> <span class='ocrx_word' id='word_1_284' title='bbox 2551 2464 2605 2537; x_wconf 90' lang='grc'><strong>6,</strong></span> <span class='ocrx_word' id='word_1_285' title='bbox 2693 2463 2770 2520; x_wconf 83' lang='grc' dir='ltr'><strong>Ει</strong></span> <span class='ocrx_word' id='word_1_286' title='bbox 2812 2481 2913 2521; x_wconf 88' lang='lat' dir='ltr'><strong>eos</strong></span> 
     </span>
     <span class='ocr_line' id='line_1_28' title="bbox 508 2541 2913 2620; baseline -0.002 -18"><span class='ocrx_word' id='word_1_287' title='bbox 508 2543 734 2603; x_wconf 85' lang='lat' dir='ltr'><strong>dicatur</strong></span> <span class='ocrx_word' id='word_1_288' title='bbox 761 2544 1111 2603; x_wconf 86' lang='lat' dir='ltr'><strong>contriturus</strong></span> <span class='ocrx_word' id='word_1_289' title='bbox 1138 2543 1307 2620; x_wconf 84' lang='lat' dir='ltr'><strong>virga</strong></span> <span class='ocrx_word' id='word_1_290' title='bbox 1334 2543 1533 2618; x_wconf 86' lang='lat' dir='ltr'><strong>ferrea,</strong></span> <span class='ocrx_word' id='word_1_291' title='bbox 1559 2561 1679 2599; x_wconf 88' lang='lat' dir='ltr'><strong>ver.</strong></span> <span class='ocrx_word' id='word_1_292' title='bbox 1712 2543 1766 2615; x_wconf 84' lang='lat'><strong>9,</strong></span> <span class='ocrx_word' id='word_1_293' title='bbox 1815 2542 1945 2598; x_wconf 90' lang='lat' dir='ltr'><strong>Non</strong></span> <span class='ocrx_word' id='word_1_294' title='bbox 1975 2542 2234 2619; x_wconf 89' lang='lat' dir='ltr'><strong>sequitur</strong></span> <span class='ocrx_word' id='word_1_295' title='bbox 2263 2542 2530 2620; x_wconf 89' lang='lat' dir='ltr'><strong>Regnum</strong></span> <span class='ocrx_word' id='word_1_296' title='bbox 2558 2541 2913 2599; x_wconf 83' lang='lat' dir='ltr'><strong>mundanum</strong></span> 
     </span>
     <span class='ocr_line' id='line_1_29' title="bbox 508 2620 2913 2698; baseline -0.002 -16"><span class='ocrx_word' id='word_1_297' title='bbox 508 2643 635 2682; x_wconf 88' lang='lat' dir='ltr'><strong>esse</strong></span> <span class='ocrx_word' id='word_1_298' title='bbox 665 2623 950 2695; x_wconf 89' lang='lat' dir='ltr'><strong>debuisse,</strong></span> <span class='ocrx_word' id='word_1_299' title='bbox 983 2624 1119 2698; x_wconf 91' lang='lat' dir='ltr'><strong>quia</strong></span> <span class='ocrx_word' id='word_1_300' title='bbox 1143 2622 1282 2681; x_wconf 91' lang='lat' dir='ltr'><strong>licet</strong></span> <span class='ocrx_word' id='word_1_301' title='bbox 1308 2630 1568 2680; x_wconf 90' lang='lat' dir='ltr'><strong>terrenus</strong></span> <span class='ocrx_word' id='word_1_302' title='bbox 1590 2640 1707 2679; x_wconf 92' lang='lat' dir='ltr'><strong>non</strong></span> <span class='ocrx_word' id='word_1_303' title='bbox 1726 2621 1818 2695; x_wconf 89' lang='lat' dir='ltr'><strong>sit,</strong></span> <span class='ocrx_word' id='word_1_304' title='bbox 1848 2621 1994 2678; x_wconf 90' lang='lat' dir='ltr'><strong>nihil</strong></span> <span class='ocrx_word' id='word_1_305' title='bbox 2011 2622 2267 2698; x_wconf 88' lang='lat' dir='ltr'><strong>impedit,</strong></span> <span class='ocrx_word' id='word_1_306' title='bbox 2293 2623 2597 2698; x_wconf 91' lang='lat' dir='ltr'><strong>quominus</strong></span> <span class='ocrx_word' id='word_1_307' title='bbox 2626 2620 2913 2697; x_wconf 85' lang='lat' dir='ltr'><strong>spirituali</strong></span> 
     </span>
     <span class='ocr_line' id='line_1_30' title="bbox 508 2699 2911 2778; baseline -0 -19"><span class='ocrx_word' id='word_1_308' title='bbox 508 2701 681 2759; x_wconf 90' lang='lat' dir='ltr'><strong>modo</strong></span> <span class='ocrx_word' id='word_1_309' title='bbox 732 2702 809 2760; x_wconf 90' lang='lat' dir='ltr'><strong>sit</strong></span> <span class='ocrx_word' id='word_1_310' title='bbox 853 2703 1047 2778; x_wconf 85' lang='lat' dir='ltr'><strong>Reges</strong></span> <span class='ocrx_word' id='word_1_311' title='bbox 1085 2711 1342 2760; x_wconf 90' lang='lat' dir='ltr'><strong>terrenos</strong></span> <span class='ocrx_word' id='word_1_312' title='bbox 1406 2701 1745 2775; x_wconf 89' lang='lat' dir='ltr'><strong>domiturus,</strong></span> <span class='ocrx_word' id='word_1_313' title='bbox 1793 2708 1859 2758; x_wconf 88' lang='lat' dir='ltr'><strong>ut</strong></span> <span class='ocrx_word' id='word_1_314' title='bbox 1923 2702 2083 2759; x_wconf 89' lang='lat' dir='ltr'><strong>Deus</strong></span> <span class='ocrx_word' id='word_1_315' title='bbox 2140 2704 2396 2760; x_wconf 90' lang='lat' dir='ltr'><strong>omnium</strong></span> <span class='ocrx_word' id='word_1_316' title='bbox 2464 2699 2911 2758; x_wconf 86' lang='lat' dir='ltr'><strong>Monarcharum</strong></span> 
     </span>
     <span class='ocr_line' id='line_1_31' title="bbox 508 2778 2917 2858; baseline -0.001 -20"><span class='ocrx_word' id='word_1_317' title='bbox 508 2780 827 2839; x_wconf 89' lang='lat' dir='ltr'><strong>debellator</strong></span> <span class='ocrx_word' id='word_1_318' title='bbox 879 2790 969 2839; x_wconf 87' lang='lat' dir='ltr'><strong>est</strong></span> <span class='ocrx_word' id='word_1_319' title='bbox 1012 2780 1184 2838; x_wconf 90' lang='lat' dir='ltr'><strong>modo</strong></span> <span class='ocrx_word' id='word_1_320' title='bbox 1233 2779 1534 2856; x_wconf 88' lang='lat' dir='ltr'><strong>spirituali.</strong></span> <span class='ocrx_word' id='word_1_321' title='bbox 1620 2780 1698 2838; x_wconf 88' lang='lat' dir='ltr'><strong>Et</strong></span> <span class='ocrx_word' id='word_1_322' title='bbox 1740 2778 1898 2856; x_wconf 88' lang='lat' dir='ltr'><strong>quod</strong></span> <span class='ocrx_word' id='word_1_323' title='bbox 1939 2780 2171 2840; x_wconf 90' lang='lat' dir='ltr'><strong>additur</strong></span> <span class='ocrx_word' id='word_1_324' title='bbox 2211 2781 2284 2840; x_wconf 92' lang='lat' dir='ltr'><strong>de</strong></span> <span class='ocrx_word' id='word_1_325' title='bbox 2331 2782 2499 2858; x_wconf 84' lang='lat' dir='ltr'><strong>virga</strong></span> <span class='ocrx_word' id='word_1_326' title='bbox 2525 2780 2706 2838; x_wconf 86' lang='lat' dir='ltr'><strong>ferrea</strong></span> <span class='ocrx_word' id='word_1_327' title='bbox 2732 2787 2917 2837; x_wconf 89' lang='lat' dir='ltr'><strong>meta-</strong></span> 
     </span>
     <span class='ocr_line' id='line_1_32' title="bbox 508 2859 2915 2937; baseline -0 -19"><span class='ocrx_word' id='word_1_328' title='bbox 508 2860 743 2937; x_wconf 89' lang='lat' dir='ltr'><strong>phorice</strong></span> <span class='ocrx_word' id='word_1_329' title='bbox 785 2868 874 2918; x_wconf 92' lang='lat' dir='ltr'><strong>est</strong></span> <span class='ocrx_word' id='word_1_330' title='bbox 922 2859 1381 2936; x_wconf 91' lang='lat' dir='ltr'><strong>intelligendum,</strong></span> <span class='ocrx_word' id='word_1_331' title='bbox 1439 2867 1505 2918; x_wconf 91' lang='lat' dir='ltr'><strong>ut</strong></span> <span class='ocrx_word' id='word_1_332' title='bbox 1544 2879 1749 2918; x_wconf 87' lang='lat' dir='ltr'><strong>sensus</strong></span> <span class='ocrx_word' id='word_1_333' title='bbox 1791 2859 1883 2935; x_wconf 89' lang='lat' dir='ltr'><strong>sit,</strong></span> <span class='ocrx_word' id='word_1_334' title='bbox 1915 2860 2398 2936; x_wconf 88' lang='lat' dir='ltr'><strong>quemadmodum</strong></span> <span class='ocrx_word' id='word_1_335' title='bbox 2453 2880 2560 2918; x_wconf 84' lang='lat' dir='ltr'><strong>vas</strong></span> <span class='ocrx_word' id='word_1_336' title='bbox 2607 2859 2915 2936; x_wconf 89' lang='lat' dir='ltr'><strong>figulinum</strong></span> 
     </span>
     <span class='ocr_line' id='line_1_33' title="bbox 508 2938 2921 3017; baseline -0 -19"><span class='ocrx_word' id='word_1_337' title='bbox 508 2947 694 2999; x_wconf 90' lang='lat' dir='ltr'><strong>totum</strong></span> <span class='ocrx_word' id='word_1_338' title='bbox 734 2939 1129 3016; x_wconf 85' lang='lat' dir='ltr'><strong>confringitur,</strong></span> <span class='ocrx_word' id='word_1_339' title='bbox 1160 2958 1339 3015; x_wconf 88' lang='lat' dir='ltr'><strong>quum</strong></span> <span class='ocrx_word' id='word_1_340' title='bbox 1365 2939 1534 3015; x_wconf 84' lang='lat' dir='ltr'><strong>virga</strong></span> <span class='ocrx_word' id='word_1_341' title='bbox 1562 2938 1746 2998; x_wconf 88' lang='lat' dir='ltr'><strong>ferrea</strong></span> <span class='ocrx_word' id='word_1_342' title='bbox 1772 2940 2098 2999; x_wconf 88' lang='lat' dir='ltr'><strong>concutitur</strong></span> <span class='ocrx_word' id='word_1_343' title='bbox 2121 2963 2135 2999; x_wconf 71' lang='grc' dir='ltr'>ε</span> <span class='ocrx_word' id='word_1_344' title='bbox 2179 2940 2259 2998; x_wconf 92' lang='lat' dir='ltr'><strong>ita</strong></span> <span class='ocrx_word' id='word_1_345' title='bbox 2286 2960 2513 3017; x_wconf 87' lang='lat' dir='ltr'><strong>quoque</strong></span> <span class='ocrx_word' id='word_1_346' title='bbox 2545 2940 2764 2999; x_wconf 88' lang='lat' dir='ltr'><strong>Gentes</strong></span> <span class='ocrx_word' id='word_1_347' title='bbox 2791 2939 2921 2997; x_wconf 79' lang='lat' dir='ltr'><strong>istae</strong></span> 
     </span>
     <span class='ocr_line' id='line_1_34' title="bbox 508 3018 2920 3097; baseline -0.001 -18"><span class='ocrx_word' id='word_1_348' title='bbox 508 3027 875 3079; x_wconf 88' lang='lat' dir='ltr'><strong>conterentur</strong></span> <span class='ocrx_word' id='word_1_349' title='bbox 918 3020 1115 3078; x_wconf 91' lang='lat' dir='ltr'><strong>Verbo</strong></span> <span class='ocrx_word' id='word_1_350' title='bbox 1158 3019 1484 3096; x_wconf 83' lang='lat' dir='ltr'><strong>Evangelii,</strong></span> <span class='ocrx_word' id='word_1_351' title='bbox 1532 3019 1689 3096; x_wconf 92' lang='lat' dir='ltr'><strong>quod</strong></span> <span class='ocrx_word' id='word_1_352' title='bbox 1730 3027 1819 3078; x_wconf 88' lang='lat' dir='ltr'><strong>est</strong></span> <span class='ocrx_word' id='word_1_353' title='bbox 1866 3027 2154 3096; x_wconf 90' lang='lat' dir='ltr'><strong>sceptrum</strong></span> <span class='ocrx_word' id='word_1_354' title='bbox 2201 3039 2303 3078; x_wconf 91' lang='lat' dir='ltr'><strong>seu</strong></span> <span class='ocrx_word' id='word_1_355' title='bbox 2350 3020 2519 3097; x_wconf 84' lang='lat' dir='ltr'><strong>virga</strong></span> <span class='ocrx_word' id='word_1_356' title='bbox 2565 3018 2920 3078; x_wconf 81' lang='lat' dir='ltr'><strong>fortitudinis</strong></span> 
     </span>
     <span class='ocr_line' id='line_1_35' title="bbox 509 3098 2915 3177; baseline -0.002 -18"><span class='ocrx_word' id='word_1_357' title='bbox 509 3101 635 3177; x_wconf 90' lang='lat' dir='ltr'><strong>ejus</strong></span> <span class='ocrx_word' id='word_1_358' title='bbox 658 3122 672 3176; x_wconf 87' lang='grc'><strong>;</strong></span> <span class='ocrx_word' id='word_1_359' title='bbox 716 3100 875 3177; x_wconf 91' lang='lat' dir='ltr'><strong>quod</strong></span> <span class='ocrx_word' id='word_1_360' title='bbox 901 3120 977 3159; x_wconf 88' lang='lat' dir='ltr'><strong>ex</strong></span> <span class='ocrx_word' id='word_1_361' title='bbox 1005 3120 1074 3158; x_wconf 92' lang='lat' dir='ltr'><strong>eo</strong></span> <span class='ocrx_word' id='word_1_362' title='bbox 1103 3100 1487 3173; x_wconf 86' lang='lat' dir='ltr'><strong>confirmatur,</strong></span> <span class='ocrx_word' id='word_1_363' title='bbox 1519 3099 1677 3176; x_wconf 91' lang='lat' dir='ltr'><strong>quod</strong></span> <span class='ocrx_word' id='word_1_364' title='bbox 1705 3120 1851 3176; x_wconf 79' lang='lat' dir='ltr'><strong>quae,</strong></span> <span class='ocrx_word' id='word_1_365' title='bbox 1885 3099 2039 3157; x_wconf 87' lang='lat' dir='ltr'><strong>Psal.</strong></span> <span class='ocrx_word' id='word_1_366' title='bbox 2084 3100 2141 3172; x_wconf 89' lang='lat' dir='ltr'><strong>ii,</strong></span> <span class='ocrx_word' id='word_1_367' title='bbox 2173 3098 2245 3157; x_wconf 91' lang='lat' dir='ltr'><strong>de</strong></span> <span class='ocrx_word' id='word_1_368' title='bbox 2269 3099 2488 3157; x_wconf 86' lang='lat' dir='ltr'><strong>Messia</strong></span> <span class='ocrx_word' id='word_1_369' title='bbox 2515 3098 2915 3176; x_wconf 68' lang='lat' dir='ltr'><strong>praedicantur,</strong></span> 
     </span>
     <span class='ocr_line' id='line_1_36' title="bbox 513 3178 2919 3258; baseline -0.001 -20"><span class='ocrx_word' id='word_1_370' title='bbox 513 3181 944 3258; x_wconf 89' lang='lat' dir='ltr'><strong>promittuntur,</strong></span> <span class='ocrx_word' id='word_1_371' title='bbox 981 3180 1167 3257; x_wconf 91' lang='lat' dir='ltr'><strong>Apoc.</strong></span> <span class='ocrx_word' id='word_1_372' title='bbox 1199 3180 1256 3238; x_wconf 91' lang='lat' dir='ltr'><strong>ii.</strong></span> <span class='ocrx_word' id='word_1_373' title='bbox 1302 3183 1397 3254; x_wconf 89' lang='grc'><strong>26,</strong></span> <span class='ocrx_word' id='word_1_374' title='bbox 1429 3184 1525 3254; x_wconf 90' lang='grc'><strong>27,</strong></span> <span class='ocrx_word' id='word_1_375' title='bbox 1557 3179 1824 3239; x_wconf 87' lang='lat' dir='ltr'><strong>omnibus</strong></span> <span class='ocrx_word' id='word_1_376' title='bbox 1852 3178 2237 3253; x_wconf 87' lang='lat' dir='ltr'><strong>vincentibus,</strong></span> <span class='ocrx_word' id='word_1_377' title='bbox 2267 3187 2333 3237; x_wconf 90' lang='lat' dir='ltr'><strong>ut</strong></span> <span class='ocrx_word' id='word_1_378' title='bbox 2381 3187 2613 3237; x_wconf 84' lang='lat' dir='ltr'><strong>notetur</strong></span> <span class='ocrx_word' id='word_1_379' title='bbox 2661 3185 2919 3255; x_wconf 88' lang='lat' dir='ltr'><strong>potestas</strong></span> 
     </span>
     <span class='ocr_line' id='line_1_37' title="bbox 510 3260 1589 3336; baseline 0 -18"><span class='ocrx_word' id='word_1_380' title='bbox 510 3280 706 3319; x_wconf 88' lang='lat' dir='ltr'><strong>eorum</strong></span> <span class='ocrx_word' id='word_1_381' title='bbox 738 3260 1051 3336; x_wconf 88' lang='lat' dir='ltr'><strong>spiritualis</strong></span> <span class='ocrx_word' id='word_1_382' title='bbox 1079 3260 1140 3317; x_wconf 90' lang='lat' dir='ltr'><strong>in</strong></span> <span class='ocrx_word' id='word_1_383' title='bbox 1167 3260 1348 3318; x_wconf 91' lang='lat' dir='ltr'><strong>altero</strong></span> <span class='ocrx_word' id='word_1_384' title='bbox 1377 3260 1589 3318; x_wconf 81' lang='lat' dir='ltr'><strong>secale.</strong></span> 
     </span>
    </p>

    <p class='ocr_par' dir='ltr' id='par_1_6' title="bbox 511 3336 2919 3732">
     <span class='ocr_line' id='line_1_38' title="bbox 591 3336 2918 3428; baseline -0.002 -31"><span class='ocrx_word' id='word_1_385' title='bbox 591 3340 807 3397; x_wconf 85' lang='lat' dir='ltr'><strong>XVII.</strong></span> <span class='ocrx_word' id='word_1_386' title='bbox 853 3340 1009 3398; x_wconf 89' lang='lat' dir='ltr'><strong>Psal.</strong></span> <span class='ocrx_word' id='word_1_387' title='bbox 1064 3339 1233 3396; x_wconf 80' lang='lat' dir='ltr'><strong>lxxii.</strong></span> <span class='ocrx_word' id='word_1_388' title='bbox 1289 3339 1617 3398; x_wconf 87' lang='lat' dir='ltr'><strong>immediate</strong></span> <span class='ocrx_word' id='word_1_389' title='bbox 1673 3345 1731 3397; x_wconf 89' lang='lat' dir='ltr'><strong>et</strong></span> <span class='ocrx_word' id='word_1_390' title='bbox 1778 3337 1970 3415; x_wconf 89' lang='lat' dir='ltr'><strong>quoad</strong></span> <span class='ocrx_word' id='word_1_391' title='bbox 2022 3338 2247 3396; x_wconf 90' lang='lat' dir='ltr'><strong>literam</strong></span> <span class='ocrx_word' id='word_1_392' title='bbox 2302 3336 2376 3395; x_wconf 89' lang='lat' dir='ltr'><strong>de</strong></span> <span class='ocrx_word' id='word_1_393' title='bbox 2423 3337 2728 3396; x_wconf 85' lang='lat' dir='ltr'><strong>Salomone</strong></span> <span class='ocrx_word' id='word_1_394' title='bbox 2775 3344 2918 3428; x_wconf 76' lang='lat' dir='ltr'><strong>typo</strong></span> 
     </span>
     <span class='ocr_line' id='line_1_39' title="bbox 511 3415 2917 3495; baseline -0.001 -19"><span class='ocrx_word' id='word_1_395' title='bbox 511 3419 726 3477; x_wconf 89' lang='lat' dir='ltr'><strong>Christi</strong></span> <span class='ocrx_word' id='word_1_396' title='bbox 754 3418 1166 3494; x_wconf 88' lang='lat' dir='ltr'><strong>intelligendus</strong></span> <span class='ocrx_word' id='word_1_397' title='bbox 1195 3426 1298 3492; x_wconf 90' lang='lat' dir='ltr'><strong>est,</strong></span> <span class='ocrx_word' id='word_1_398' title='bbox 1331 3417 1577 3476; x_wconf 88' lang='lat' dir='ltr'><strong>mediate</strong></span> <span class='ocrx_word' id='word_1_399' title='bbox 1606 3425 1799 3476; x_wconf 88' lang='lat' dir='ltr'><strong>autem</strong></span> <span class='ocrx_word' id='word_1_400' title='bbox 1827 3425 1887 3476; x_wconf 89' lang='lat' dir='ltr'><strong>et</strong></span> <span class='ocrx_word' id='word_1_401' title='bbox 1927 3417 2171 3495; x_wconf 86' lang='lat' dir='ltr'><strong>mystice</strong></span> <span class='ocrx_word' id='word_1_402' title='bbox 2199 3415 2272 3474; x_wconf 93' lang='lat' dir='ltr'><strong>de</strong></span> <span class='ocrx_word' id='word_1_403' title='bbox 2303 3416 2532 3474; x_wconf 89' lang='lat' dir='ltr'><strong>Christo</strong></span> <span class='ocrx_word' id='word_1_404' title='bbox 2562 3418 2686 3492; x_wconf 91' lang='lat' dir='ltr'><strong>ejus</strong></span> <span class='ocrx_word' id='word_1_405' title='bbox 2704 3416 2917 3490; x_wconf 86' lang='lat' dir='ltr'><strong>antity-</strong></span> 
     </span>
     <span class='ocr_line' id='line_1_40' title="bbox 511 3494 2919 3573; baseline -0.001 -19"><span class='ocrx_word' id='word_1_406' title='bbox 511 3517 604 3572; x_wconf 88' lang='lat' dir='ltr'><strong>p0.</strong></span> <span class='ocrx_word' id='word_1_407' title='bbox 691 3495 834 3553; x_wconf 91' lang='lat' dir='ltr'><strong>Ideo</strong></span> <span class='ocrx_word' id='word_1_408' title='bbox 878 3497 939 3553; x_wconf 89' lang='lat' dir='ltr'><strong>in</strong></span> <span class='ocrx_word' id='word_1_409' title='bbox 984 3495 1369 3572; x_wconf 86' lang='lat' dir='ltr'><strong>explicatione</strong></span> <span class='ocrx_word' id='word_1_410' title='bbox 1418 3496 1771 3555; x_wconf 87' lang='lat' dir='ltr'><strong>attendenda</strong></span> <span class='ocrx_word' id='word_1_411' title='bbox 1814 3505 1965 3570; x_wconf 89' lang='lat' dir='ltr'><strong>sunt,</strong></span> <span class='ocrx_word' id='word_1_412' title='bbox 2010 3516 2140 3573; x_wconf 86' lang='lat' dir='ltr'><strong>quae</strong></span> <span class='ocrx_word' id='word_1_413' title='bbox 2169 3504 2310 3572; x_wconf 86' lang='lat' dir='ltr'><strong>typo</strong></span> <span class='ocrx_word' id='word_1_414' title='bbox 2354 3503 2488 3553; x_wconf 88' lang='lat' dir='ltr'><strong>sunt</strong></span> <span class='ocrx_word' id='word_1_415' title='bbox 2515 3494 2919 3554; x_wconf 83' lang='lat' dir='ltr'><strong>convenientia</strong></span> 
     </span>
     <span class='ocr_line' id='line_1_41' title="bbox 511 3574 2919 3653; baseline -0.001 -21"><span class='ocrx_word' id='word_1_416' title='bbox 511 3584 571 3633; x_wconf 90' lang='lat' dir='ltr'><strong>et</strong></span> <span class='ocrx_word' id='word_1_417' title='bbox 598 3593 869 3650; x_wconf 89' lang='lat' dir='ltr'><strong>congrua,</strong></span> <span class='ocrx_word' id='word_1_418' title='bbox 901 3582 959 3633; x_wconf 89' lang='lat' dir='ltr'><strong>et</strong></span> <span class='ocrx_word' id='word_1_419' title='bbox 1004 3594 1132 3650; x_wconf 70' lang='lat' dir='ltr'><strong>quas</strong></span> <span class='ocrx_word' id='word_1_420' title='bbox 1160 3575 1423 3650; x_wconf 87' lang='lat' dir='ltr'><strong>antitypo</strong></span> <span class='ocrx_word' id='word_1_421' title='bbox 1443 3620 1457 3649; x_wconf 93' lang='lat'><strong>,</strong></span> <span class='ocrx_word' id='word_1_422' title='bbox 1561 3575 1716 3634; x_wconf 89' lang='lat' dir='ltr'><strong>uoad</strong></span> <span class='ocrx_word' id='word_1_423' title='bbox 1743 3576 1907 3633; x_wconf 90' lang='lat' dir='ltr'><strong>illum</strong></span> <span class='ocrx_word' id='word_1_424' title='bbox 1948 3576 2184 3653; x_wconf 91' lang='lat' dir='ltr'><strong>quidem</strong></span> <span class='ocrx_word' id='word_1_425' title='bbox 2232 3574 2550 3653; x_wconf 84' lang='lat' dir='ltr'><strong>corporalia</strong></span> <span class='ocrx_word' id='word_1_426' title='bbox 2591 3582 2650 3632; x_wconf 89' lang='lat' dir='ltr'><strong>et</strong></span> <span class='ocrx_word' id='word_1_427' title='bbox 2693 3582 2919 3633; x_wconf 88' lang='lat' dir='ltr'><strong>terrena</strong></span> 
     </span>
     <span class='ocr_line' id='line_1_42' title="bbox 511 3595 2686 3732; baseline 0 -21"><span class='ocrx_word' id='word_1_428' title='bbox 511 3653 903 3730; x_wconf 90' lang='lat' dir='ltr'><strong>designantur,</strong></span> <span class='ocrx_word' id='word_1_429' title='bbox 934 3653 1165 3730; x_wconf 89' lang='lat' dir='ltr'><strong>qualis</strong></span> <span class='ocrx_word' id='word_1_430' title='bbox 1151 3672 1274 3729; x_wconf 79' lang='lat' dir='ltr'><strong>ipse</strong></span> <span class='ocrx_word' id='word_1_431' title='bbox 1301 3653 1426 3720; x_wconf 89' lang='lat' dir='ltr'><strong>fuit,</strong></span> <span class='ocrx_word' id='word_1_432' title='bbox 1443 3595 1561 3713; x_wconf 66' lang='lat' dir='ltr'><strong>sed</strong></span> <span class='ocrx_word' id='word_1_433' title='bbox 1588 3655 1783 3731; x_wconf 86' lang='lat' dir='ltr'><strong>quoad</strong></span> <span class='ocrx_word' id='word_1_434' title='bbox 1808 3655 1984 3715; x_wconf 88' lang='lat' dir='ltr'><strong>istum</strong></span> <span class='ocrx_word' id='word_1_435' title='bbox 2013 3654 2349 3732; x_wconf 89' lang='lat' dir='ltr'><strong>spiritualia,</strong></span> <span class='ocrx_word' id='word_1_436' title='bbox 2382 3661 2441 3712; x_wconf 92' lang='lat' dir='ltr'><strong>et</strong></span> <span class='ocrx_word' id='word_1_437' title='bbox 2469 3653 2686 3712; x_wconf 85' lang='lat' dir='ltr'><strong>divina.</strong></span> 
     </span>
    </p>
   </div>
   <div class='ocr_carea' id='block_1_3' title="bbox 1398 3893 2046 3968">
    <p class='ocr_par' dir='ltr' id='par_1_7' title="bbox 1398 3893 2046 3968">
     <span class='ocr_line' id='line_1_43' title="bbox 1398 3893 2046 3968; baseline 0 -15"><span class='ocrx_word' id='word_1_438' title='bbox 1398 3893 1786 3968; x_wconf 83' lang='lat' dir='ltr'>QUAESTIO</span> <span class='ocrx_word' id='word_1_439' title='bbox 1829 3894 2046 3953; x_wconf 83' lang='lat' dir='ltr'><strong>xvn.</strong></span> 
     </span>
    </p>
   </div>
   <div class='ocr_carea' id='block_1_4' title="bbox 600 4070 2839 4288">
    <p class='ocr_par' dir='ltr' id='par_1_8' title="bbox 600 4070 2839 4288">
     <span class='ocr_line' id='line_1_44' title="bbox 1196 4070 2232 4112; baseline 0.001 -3"><span class='ocrx_word' id='word_1_440' title='bbox 1196 4071 1272 4110; x_wconf 74' lang='lat' dir='ltr'><strong>ns</strong></span> <span class='ocrx_word' id='word_1_441' title='bbox 1315 4070 1710 4110; x_wconf 66' lang='lat' dir='ltr'><strong>AE&#39;rsssm‘ra&#39;rn</strong></span> <span class='ocrx_word' id='word_1_442' title='bbox 1753 4072 1938 4112; x_wconf 71' lang='lat' dir='ltr'><strong>nsum</strong></span> <span class='ocrx_word' id='word_1_443' title='bbox 1978 4071 2232 4111; x_wconf 77' lang='lat' dir='ltr'><strong>cnms&#39;rl.</strong></span> 
     </span>
     <span class='ocr_line' id='line_1_45' title="bbox 600 4207 2839 4288; baseline -0.001 -20"><span class='ocrx_word' id='word_1_444' title='bbox 600 4212 696 4270; x_wconf 82' lang='lat' dir='ltr'><strong>An</strong></span> <span class='ocrx_word' id='word_1_445' title='bbox 723 4213 982 4288; x_wconf 64' lang='lat' dir='ltr'><strong>Regnum</strong></span> <span class='ocrx_word' id='word_1_446' title='bbox 1003 4212 1409 4270; x_wconf 77' lang='lat' dir='ltr'><strong>Mediatorium</strong></span> <span class='ocrx_word' id='word_1_447' title='bbox 1442 4211 1657 4271; x_wconf 76' lang='lat' dir='ltr'><strong>Christi</strong></span> <span class='ocrx_word' id='word_1_448' title='bbox 1678 4212 1752 4269; x_wconf 75' lang='lat' dir='ltr'><strong>sit</strong></span> <span class='ocrx_word' id='word_1_449' title='bbox 1776 4213 2111 4270; x_wconf 74' lang='lat' dir='ltr'><strong>duraturum</strong></span> <span class='ocrx_word' id='word_1_450' title='bbox 2142 4212 2204 4269; x_wconf 79' lang='lat' dir='ltr'><strong>in</strong></span> <span class='ocrx_word' id='word_1_451' title='bbox 2230 4220 2489 4269; x_wconf 80' lang='lat' dir='ltr'><strong>aternum</strong></span> <span class='ocrx_word' id='word_1_452' title='bbox 2510 4212 2538 4267; x_wconf 72' lang='grc' dir='ltr'><em>Ρ</em></span> <span class='ocrx_word' id='word_1_453' title='bbox 2615 4207 2839 4267; x_wconf 84' lang='lat' dir='ltr'><strong>Affirm.</strong></span> 
     </span>
    </p>
   </div>
   <div class='ocr_carea' id='block_1_5' title="bbox 503 4368 2927 4685">
    <p class='ocr_par' dir='ltr' id='par_1_9' title="bbox 503 4368 2927 4685">
     <span class='ocr_line' id='line_1_46' title="bbox 587 4368 2925 4446; baseline -0.001 -17"><span class='ocrx_word' id='word_1_454' title='bbox 587 4371 637 4430; x_wconf 94' lang='grc' dir='ltr'><strong>Ι.</strong></span> <span class='ocrx_word' id='word_1_455' title='bbox 687 4370 953 4429; x_wconf 88' lang='lat' dir='ltr'><strong>Secunda</strong></span> <span class='ocrx_word' id='word_1_456' title='bbox 1000 4368 1254 4427; x_wconf 90' lang='lat' dir='ltr'><strong>conditio</strong></span> <span class='ocrx_word' id='word_1_457' title='bbox 1298 4370 1490 4446; x_wconf 87' lang='lat' dir='ltr'><strong>Regni</strong></span> <span class='ocrx_word' id='word_1_458' title='bbox 1520 4369 1734 4429; x_wconf 89' lang='lat' dir='ltr'><strong>Christi</strong></span> <span class='ocrx_word' id='word_1_459' title='bbox 1763 4376 1851 4426; x_wconf 88' lang='lat' dir='ltr'><strong>est</strong></span> <span class='ocrx_word' id='word_1_460' title='bbox 1878 4369 2004 4445; x_wconf 89' lang='lat' dir='ltr'><strong>ejus</strong></span> <span class='ocrx_word' id='word_1_461' title='bbox 2055 4369 2387 4445; x_wconf 77' lang='lat' dir='ltr'><strong>AEternilas,</strong></span> <span class='ocrx_word' id='word_1_462' title='bbox 2420 4368 2493 4426; x_wconf 88' lang='lat' dir='ltr'><strong>de</strong></span> <span class='ocrx_word' id='word_1_463' title='bbox 2549 4389 2663 4445; x_wconf 82' lang='lat' dir='ltr'><strong>qua</strong></span> <span class='ocrx_word' id='word_1_464' title='bbox 2694 4376 2925 4426; x_wconf 89' lang='lat' dir='ltr'><strong>contro-</strong></span> 
     </span>
     <span class='ocr_line' id='line_1_47' title="bbox 504 4448 2927 4524; baseline -0 -17"><span class='ocrx_word' id='word_1_465' title='bbox 504 4450 693 4509; x_wconf 88' lang='lat' dir='ltr'><strong>versia</strong></span> <span class='ocrx_word' id='word_1_466' title='bbox 713 4450 882 4508; x_wconf 90' lang='lat' dir='ltr'><strong>nobis</strong></span> <span class='ocrx_word' id='word_1_467' title='bbox 910 4448 1212 4507; x_wconf 87' lang='lat' dir='ltr'><strong>intercedit</strong></span> <span class='ocrx_word' id='word_1_468' title='bbox 1240 4469 1370 4506; x_wconf 88' lang='lat' dir='ltr'><strong>cum</strong></span> <span class='ocrx_word' id='word_1_469' title='bbox 1404 4450 1744 4524; x_wconf 83' lang='lat' dir='ltr'><strong>Socinianis,</strong></span> <span class='ocrx_word' id='word_1_470' title='bbox 1776 4449 1876 4524; x_wconf 90' lang='lat' dir='ltr'><strong>qui</strong></span> <span class='ocrx_word' id='word_1_471' title='bbox 1905 4458 1970 4508; x_wconf 94' lang='lat' dir='ltr'><strong>ut</strong></span> <span class='ocrx_word' id='word_1_472' title='bbox 1999 4449 2339 4509; x_wconf 88' lang='lat' dir='ltr'><strong>Mediatoris</strong></span> <span class='ocrx_word' id='word_1_473' title='bbox 2368 4450 2550 4507; x_wconf 86' lang='lat' dir='ltr'><strong>nostri</strong></span> <span class='ocrx_word' id='word_1_474' title='bbox 2581 4448 2927 4524; x_wconf 81' lang='lat' dir='ltr'><strong>dignitatem</strong></span> 
     </span>
     <span class='ocr_line' id='line_1_48' title="bbox 503 4528 2921 4605; baseline -0.001 -18"><span class='ocrx_word' id='word_1_475' title='bbox 503 4538 563 4587; x_wconf 90' lang='lat' dir='ltr'><strong>et</strong></span> <span class='ocrx_word' id='word_1_476' title='bbox 611 4529 990 4588; x_wconf 87' lang='lat' dir='ltr'><strong>Divinitatem</strong></span> <span class='ocrx_word' id='word_1_477' title='bbox 1039 4528 1403 4603; x_wconf 86' lang='lat' dir='ltr'><strong>labefactent,</strong></span> <span class='ocrx_word' id='word_1_478' title='bbox 1450 4539 1712 4589; x_wconf 85' lang='lat' dir='ltr'><strong>statuunt</strong></span> <span class='ocrx_word' id='word_1_479' title='bbox 1759 4529 2028 4605; x_wconf 89' lang='lat' dir='ltr'><strong>Regnum</strong></span> <span class='ocrx_word' id='word_1_480' title='bbox 2056 4530 2166 4588; x_wconf 90' lang='lat' dir='ltr'><strong>hoc</strong></span> <span class='ocrx_word' id='word_1_481' title='bbox 2211 4540 2569 4588; x_wconf 83' lang='lat' dir='ltr'><strong>cessaturum</strong></span> <span class='ocrx_word' id='word_1_482' title='bbox 2599 4529 2692 4587; x_wconf 89' lang='lat' dir='ltr'><strong>dic</strong></span> <span class='ocrx_word' id='word_1_483' title='bbox 2723 4528 2921 4586; x_wconf 83' lang='lat' dir='ltr'><strong>novis-</strong></span> 
     </span>
     <span class='ocr_line' id='line_1_49' title="bbox 503 4607 2918 4685; baseline 0.002 -22"><span class='ocrx_word' id='word_1_484' title='bbox 503 4607 669 4681; x_wconf 89' lang='lat' dir='ltr'><strong>sim0,</strong></span> <span class='ocrx_word' id='word_1_485' title='bbox 702 4617 759 4666; x_wconf 90' lang='lat' dir='ltr'><strong>et</strong></span> <span class='ocrx_word' id='word_1_486' title='bbox 787 4609 1055 4669; x_wconf 86' lang='lat' dir='ltr'><strong>ultimum</strong></span> <span class='ocrx_word' id='word_1_487' title='bbox 1083 4609 1209 4684; x_wconf 87' lang='lat' dir='ltr'><strong>cjns</strong></span> <span class='ocrx_word' id='word_1_488' title='bbox 1238 4616 1427 4667; x_wconf 86' lang='lat' dir='ltr'><strong>actum</strong></span> <span class='ocrx_word' id='word_1_489' title='bbox 1459 4610 1712 4670; x_wconf 85' lang='lat' dir='ltr'><strong>futurum</strong></span> <span class='ocrx_word' id='word_1_490' title='bbox 1745 4610 1924 4669; x_wconf 87' lang='lat' dir='ltr'><strong>totius</strong></span> <span class='ocrx_word' id='word_1_491' title='bbox 1953 4611 2110 4670; x_wconf 87' lang='lat' dir='ltr'><strong>orbis</strong></span> <span class='ocrx_word' id='word_1_492' title='bbox 2137 4609 2457 4684; x_wconf 85' lang='lat' dir='ltr'><strong>Judicium,</strong></span> <span class='ocrx_word' id='word_1_493' title='bbox 2489 4622 2609 4669; x_wconf 88' lang='lat' dir='ltr'><strong>tum</strong></span> <span class='ocrx_word' id='word_1_494' title='bbox 2644 4609 2918 4685; x_wconf 81' lang='lat' dir='ltr'><strong>Regnum</strong></span> 
     </span>
    </p>
   </div>
  </div>
 </body>
</html>
