3221 5200
486 360 631 419 “886
1252 374 1435 418 iocus
1466 374 1725 419 oremus
1765 375 2060 428 Quasi-cs.
2552 353 2799 436 [cumr.
2831 370 2942 413 κη.

518 518 697 593 nicas,
728 537 858 594 quae
887 518 1256 594 imponuntur
1292 520 1690 596 peccatoribus
1719 519 1793 577 ad
1819 519 2108 597 propriam
2136 516 2563 591 correctionem,
2595 524 2654 574 et
2681 513 2944 573 scandali

527 597 806 657 Ecclesiae
850 597 969 656 dati
997 599 1414 673 reparationem
1440 621 1454 674 ;
1502 600 1636 657 Hoc
1664 600 1814 658 enim
1846 608 1904 657 et
1931 599 2038 657 rite
2066 598 2389 657 factitatum
2430 596 2606 654 fuisse
2648 596 2707 654 in
2738 594 2945 653 Veteri

528 678 807 754 Ecclesia,
837 686 897 736 et
935 677 1304 737 laudabiliter
1342 698 1512 755 posse
1540 679 1836 738 observari
1866 698 2197 738 censemus:
2243 677 2379 752 Sed,
2411 677 2510 734 An
2537 676 2726 752 posita
2757 673 2940 731 Satis·

533 757 780 817 factione
824 756 1058 832 Christi,
1087 757 1216 816 aliae
1259 758 1680 818 satisfactiones
1725 760 1851 818 Deo
1893 758 2234 835 praestandae
2276 777 2379 834 pro
2419 755 2692 834 peccatis,
2721 754 2944 831 imponi

524 839 747 916 possint
774 847 874 897 aut
902 837 1151 896 debeant
1177 837 1446 897 fidelibus
1475 861 1489 914 ;
1546 839 1706 916 quod
1721 858 2020 916 negamus,
2050 838 2391 896 Adversarii
2419 836 2642 894 volunt.

607 919 729 977 III.
772 918 906 976 Non
933 917 1225 993 quaeritur,
1258 919 1356 976 An
1390 918 1721 978 satisfactio
1750 919 1965 977 Christi
2006 917 2279 976 excludat
2320 915 2728 993 castigationes
2754 912 2942 970 fideli-

525 1015 640 1074 um,
673 1018 801 1075 quae
820 1016 1005 1074 poenoe
1032 998 1386 1056 medicinales
1414 1007 1472 1057 et
1499 998 1824 1075 impropriae
1854 998 2142 1070 dicuntur,
2171 996 2371 1074 quales
2393 1005 2528 1054 sunt
2546 995 2857 1052 liberorum
2881 993 2945 1049 in

523 1087 763 1155 paterna
790 1076 961 1135 domo
991 1076 1309 1154 disciplinae
1341 1101 1354 1135 :
1398 1078 1508 1136 hoc
1537 1079 1691 1136 enim
1719 1078 1886 1136 facile
1928 1078 2331 1136 concedimus:
2397 1075 2514 1133 Sed
2542 1075 2641 1132 An
2668 1071 2948 1132 excludat

526 1157 967 1230 satisfactiones,
998 1175 1100 1215 seu
1117 1159 1505 1234 perpessiones
1522 1162 1777 1234 poenales
1804 1177 2019 1232 eorum,
2051 1177 2180 1234 quae
2208 1176 2323 1215 non
2352 1156 2469 1214 sint
2494 1155 2570 1213 ad
2597 1153 2944 1212 medicinam

523 1245 765 1312 tantum,
798 1236 892 1294 vel
920 1236 1151 1313 pietatis
1178 1237 1651 1314 experimentum,
1685 1238 1788 1297 sed
1814 1238 1890 1295 ad
1916 1238 2140 1297 ultricis
2179 1236 2423 1314 justitiae
2472 1234 2945 1308 satisfactionem,

523 1325 583 1375 et
611 1336 739 1393 qua:
766 1316 1136 1393 imponantur
1160 1337 1196 1375 a
1225 1318 1336 1375 Dei
1351 1319 1568 1394 judicio
1596 1338 1714 1376 non
1741 1320 2036 1376 domestico
2064 1327 2122 1377 et
2149 1326 2404 1394 paternO,
2454 1314 2611 1391 quod
2658 1334 2695 1371 a
2743 1314 2949 1371 Patre-

524 1395 771 1455 familias
799 1416 874 1454 ex
903 1396 1114 1455 amoris
1140 1408 1199 1455 et
1227 1397 1522 1474 sapientiae
1569 1398 1788 1475 regulis
1833 1398 1892 1455 in
1940 1398 2155 1456 liberos
2198 1403 2515 1470 exercetur,
2566 1394 2669 1453 sed
2699 1394 2948 1467 sormi,

523 1475 681 1553 quod
722 1496 758 1534 a
798 1476 842 1535 J
843 1476 1011 1534 udice
1040 1496 1113 1534 ex
1142 1477 1474 1554 praescripto
1510 1478 1708 1556 legum
1752 1478 1811 1535 in
1854 1478 2207 1537 facinorosos
2245 1475 2608 1535 decernitur:
2650 1473 2807 1550 quod
2856 1483 2949 1531 est

525 1556 1011 1615 Adversariorum
1039 1556 1269 1633 dogma,
1330 1557 1487 1633 quod
1534 1578 1569 1615 a
1616 1558 1784 1617 nobis
1822 1558 2193 1634 impugnatur
2217 1580 2231 1616 :
2317 1554 2676 1613 Pertendunt
2722 1553 2946 1611 scilicet

528 1635 990 1694 Satisfactionem
1020 1637 1251 1709 Christi,
1283 1637 1548 1714 quamvis
1575 1637 1801 1696 infinita
1829 1638 2015 1713 fuerit,
2045 1657 2159 1695 non
2187 1636 2269 1695 ita
2313 1636 2544 1713 plenam
2572 1643 2631 1692 et
2659 1633 2945 1691 sufficien-

523 1724 642 1776 tem
670 1715 865 1792 fuisse,
897 1717 1038 1793 quin
1059 1717 1421 1793 requirantur
1447 1716 1638 1776 adhuc
1666 1718 1843 1776 variae
1873 1717 2291 1777 satisfactiones
2340 1735 2376 1774 a
2421 1714 2708 1788 fidelibus,
2732 1713 2781 1770 si
2824 1732 2946 1770 non

529 1816 634 1875 pro
663 1796 850 1874 culpa,
882 1796 979 1854 vel
1006 1816 1178 1873 poena
1209 1805 1622 1874 aeterna,quam
1672 1806 1995 1875 agnoscunt
2045 1797 2338 1855 Christum
2388 1794 2707 1867 sustulisse,
2735 1793 2945 1851 saltem

566 1896 631 1934 ro
658 1895 831 1954 poena
860 1877 1178 1953 temporali,
1212 1877 1430 1935 Concil.
1462 1877 1722 1936 Trident.
1759 1878 1911 1937 Sess.
1943 1878 2019 1935 iv,
2051 1897 2101 1935 c.
2133 1879 2188 1951 8,
2221 1878 2438 1935 Canon.
2463 1874 2616 1932 xiii.:
2678 1872 2792 1930 “Si
2812 1873 2946 1949 quis

524 1897 739 2015 dixerit
765 1976 868 2034 pro
895 1957 1148 2033 peccatis
1176 1957 1369 2032 quoad
1422 1976 1653 2034 poenam
1701 1957 2074 2034 temporalem
2118 1956 2353 2014 minime
2404 1956 2532 2013 Deo
2574 1972 2678 2030 per
2726 1952 2946 2011 Christi

522 2036 790 2095 meritum
820 2036 1085 2095 satisfieri
1112 2037 1299 2113 poenis
1326 2036 1401 2095 ab
1429 2056 1497 2095 eo
1525 2037 1759 2096 inflictis
1787 2046 1845 2096 et
1871 2037 2155 2114 patienter
2195 2035 2471 2107 toleratis,
2517 2034 2614 2093 vel
2656 2053 2692 2091 a
2741 2032 2944 2091 Sacer-

521 2115 656 2175 dote
684 2115 977 2194 injunctis,
1011 2116 1113 2175 sed
1140 2135 1326 2193 neque
1356 2125 1557 2193 sponte
1588 2118 1888 2194 susceptis,
1918 2125 1984 2176 ut
2010 2116 2384 2191 orationibus,
2408 2113 2664 2191 jejuniis,
2696 2112 2945 2171 eleemo-

521 2195 700 2271 synis,
730 2196 828 2254 vel
856 2195 985 2253 aliis
1013 2196 1186 2254 etiam
1213 2196 1445 2274 pietatis
1474 2198 1782 2273 exercitiis,
1827 2206 2000 2274 atque
2041 2196 2187 2256 adeo
2229 2195 2502 2273 optimam
2541 2192 2944 2270 poenitentiam

523 2294 650 2333 esse
677 2284 899 2334 tantum
930 2295 1140 2334 novam
1168 2276 1367 2351 vitam,
1400 2276 1730 2335 Anathema
1759 2277 1891 2336 sit.'’

600 2354 710 2412 IV.
756 2355 1231 2413 Remonstrantes
1258 2376 1375 2413 non
1402 2376 1602 2434 parum
1653 2357 1826 2415 etiam
1868 2356 2275 2433 perfectionem
2316 2353 2486 2413 istius
2534 2350 2950 2411 satisfactionis

516 2432 887 2493 labefactant.
934 2435 1098 2493 Licet
1126 2436 1279 2492 enim
1307 2436 1563 2494 nondum
1592 2457 1661 2494 eo
1690 2437 1944 2495 audacia:
1962 2436 2316 2508 devenerint,
2336 2442 2403 2492 ut
2424 2433 2656 2491 omnino
2678 2431 2945 2507 rejiciant

517 2514 964 2573 satisfactionem
995 2534 1127 2572 cum
1159 2515 1497 2589 Socinianis,
1528 2515 1801 2575 videntur
1847 2524 2039 2574 tamen
2086 2515 2225 2574 totis
2273 2513 2494 2571 viribus
2543 2512 2670 2588 ejus
2717 2511 2836 2568 vim
2884 2520 2946 2567 et

514 2593 931 2671 plenitudinem
961 2594 1297 2652 imminuere
1326 2604 1385 2653 et
1412 2594 1640 2653 elevare
1664 2619 1677 2671 3
1724 2595 1861 2654 dum
1889 2595 2235 2673 pertendunt
2268 2592 2726 2654 satisfactionem
2757 2612 2791 2648 a
2811 2590 2946 2648 Deo

516 2673 826 2730 admissam
855 2692 971 2730 non
1001 2692 1126 2730 esse
1153 2693 1258 2750 per
1284 2674 1658 2732 inhaerentem
1687 2675 2044 2751 dignitatem,
2078 2675 2179 2733 sed
2207 2694 2310 2752 per
2336 2671 2848 2750 acceptilationem,
2874 2680 2944 2729 ut

515 2771 633 2810 non
662 2751 833 2810 fuerit
860 2771 1000 2809 vera
1027 2752 1359 2827 satisfactio,
1391 2752 1494 2810 sed
1522 2762 1746 2812 tantum
1776 2755 1986 2814 solutio
2042 2755 2400 2832 imaginaria.
2487 2753 2569 2812 Ut
2617 2770 2819 2809 sensus
2863 2751 2942 2809 sit

519 2831 709 2889 Deum
741 2830 1100 2908 acquievisse
1129 2839 1435 2909 postquam
1466 2832 1729 2892 Christus
1758 2843 2017 2894 mortuns
2046 2843 2151 2909 est,
2202 2854 2318 2891 non
2362 2832 2520 2910 quod
2567 2851 2769 2890 revera
2818 2831 2938 2888 sibi

517 2910 594 2969 sit
622 2909 996 2986 satisfactum,
1028 2911 1131 2969 sed
1158 2911 1315 2988 quod
1345 2912 1472 2970 Deo
1499 2912 1781 2989 placuerit
1808 2934 1934 2973 esse
1963 2915 2298 2992 gratiosum,
2330 2922 2388 2972 et
2417 2912 2631 2972 Christi
2663 2910 2938 2969 Satisfac·

516 2990 732 3049 tionem
750 2998 814 3049 ut
835 2990 1062 3069 plenam
1086 2990 1405 3050 admittere.

595 3071 672 3130 V.
718 3071 840 3130 Nos
869 3091 1006 3130 vero
1036 3070 1483 3131 satisfactionem
1515 3072 1728 3131 Christi
1758 3092 2062 3132 censemus
2092 3072 2172 3132 ita
2197 3067 2507 3151 perfectam
2551 3080 2610 3129 et
2650 3068 2936 3129 sufficien-

515 3160 649 3226 tem,
681 3160 746 3211 ut
772 3151 1104 3229 plenissime
1133 3173 1236 3229 pro
1263 3153 1517 3230 peccatis
1544 3152 1757 3211 nostris
1785 3154 2053 3212 omnibus
2082 3153 2438 3227 satisfecerit,
2467 3151 2640 3210 unica
2656 3151 2746 3209 sui
2774 3150 2938 3208 obla·

512 3231 687 3306 tione,
719 3252 836 3292 non
863 3241 1088 3291 tantum
1116 3252 1220 3309 pro
1267 3233 1454 3310 culpa,
1507 3234 1612 3292 sed
1659 3233 1830 3291 etiam
1881 3254 1984 3311 pro
2031 3253 2201 3311 poena
2249 3242 2367 3291 tam
2416 3230 2713 3308 temporali
2760 3249 2936 3306 quam

514 3320 744 3387 aeterna,
775 3320 840 3370 ut
867 3313 1090 3371 nullum
1120 3312 1390 3388 deinceps
1419 3313 1667 3389 supersit
1723 3314 2063 3372 sacrificium
2089 3313 2418 3372 hilasticum
2461 3312 2651 3370 denuo
2692 3308 2936 3367 offeren-

515 3390 669 3465 dum,
701 3411 808 3450 nec
838 3391 1256 3449 satisfactiones
1284 3392 1379 3448 vel
1411 3393 1466 3449 in
1498 3394 1605 3451 hac
1634 3393 1771 3468 vita,
1805 3394 1896 3452 vel
1925 3402 2057 3471 post
2085 3412 2210 3451 eam
2256 3391 2499 3466 luendae,
2524 3389 2791 3468 quamvis
2817 3408 2936 3447 non

513 3488 641 3528 raro
671 3470 1149 3546 castigationibus
1178 3469 1291 3528 Dei
1319 3470 1521 3529 fideles
1549 3481 1913 3549 exponantur
1938 3474 2013 3532 ad
2061 3473 2458 3550 poenitentiam
2485 3479 2546 3529 et
2573 3469 2936 3528 sanctitatem

510 3567 707 3606 eorum
738 3549 1204 3623 promovendam.

595 3628 705 3685 VI.
754 3627 1037 3687 Perfectio
1064 3636 1255 3685 autem
1283 3628 1395 3686 ista
1423 3629 1482 3687 in
1511 3651 1579 3689 eo
1600 3632 1819 3691 attendi
1848 3632 2038 3708 debet,
2068 3634 2225 3709 quod
2265 3632 2569 3709 adaequata
2615 3628 2786 3688 fuerit
2807 3628 2937 3704 jus·

512 3705 653 3766 titiae
687 3707 798 3765 Dei
821 3707 881 3764 in
903 3707 1081 3765 verbo
1108 3707 1395 3783 revelatae,
1428 3719 1485 3768 et
1515 3711 1693 3788 Legis
1720 3713 2028 3788 postulate,
2060 3722 2118 3772 et
2158 3712 2513 3790 respondens
2541 3729 2738 3769 eorum
2765 3707 2938 3765 malis

511 3788 732 3847 meritis
760 3796 820 3846 et
867 3787 1307 3846 necessitatibus
1334 3808 1438 3866 pro
1461 3791 1672 3865 quibus
1701 3792 1835 3850 data
1863 3800 1968 3867 est,
2000 3812 2115 3850 non
2145 3812 2221 3851 ex
2249 3790 2601 3868 acceptantis
2622 3788 2809 3866 gratia
2828 3807 2934 3864 per

506 3867 1021 3945 acceptilationem,
1053 3868 1136 3926 sic
1164 3868 1317 3926 enim
1362 3879 1421 3928 et
1469 3871 1720 3929 victimae
1765 3872 1983 3947 legales
2027 3873 2352 3950 potuissent
2397 3879 2634 3947 peccata
2675 3869 2929 3945 expiare,

508 3957 707 4008 contra
756 3948 910 4007 Heb.
941 3969 1000 4006 x.
1052 3952 1109 4024 4,
1160 3948 1262 4006 sed
1310 3969 1384 4007 ex
1434 3951 1623 4009 meriti
1674 3951 2013 4010 sufficientia
2059 3961 2119 4011 et
2163 3951 2554 4028 condignitate
2611 3947 2826 4024 operis:
2876 3950 2929 4003 1.

512 4028 804 4106 Respectu
822 4029 1101 4105 partium,
1131 4029 1268 4105 qnia
1297 4028 1374 4088 id.
1407 4049 1578 4088 omne
1600 4030 1932 4106 plenissime
1961 4032 2241 4109 implevit,
2272 4030 2429 4108 quod
2460 4028 2606 4106 Legi
2633 4027 2801 4085 nobis
2829 4026 2933 4084 de-

504 4107 765 4183 bebatur,
798 4116 920 4166 tum
950 4109 1142 4184 quoad
1169 4108 1557 4167 obedientiam
1588 4111 1741 4184 vitae,
1773 4119 1895 4169 tum
1937 4112 2131 4189 quoad
2173 4112 2497 4188 passionem
2540 4107 2759 4181 mortis,
2807 4114 2932 4164 tum

504 4188 696 4264 quoad
723 4189 980 4247 virtutem
1006 4189 1459 4263 saussactorz'am,
1491 4209 1606 4266 qua
1634 4210 1738 4266 per
1762 4210 2060 4267 poenarum
2089 4191 2258 4250 nobis
2305 4190 2629 4250 debitarum
2657 4187 2931 4245 lationem

502 4286 610 4325 nos
636 4267 907 4326 liberavit
935 4287 970 4325 a
997 4276 1160 4326 reatu
1187 4268 1389 4327 mortis
1416 4277 1475 4326 et
1522 4269 1962 4345 maledictionis,
2008 4280 2130 4330 tum
2172 4270 2365 4348 quoad
2407 4270 2516 4328 vim
2561 4266 2928 4340 meritoriam,

500 4366 615 4422 qua
634 4347 805 4405 nobis
832 4347 1226 4406 reconciliavit
1239 4348 1486 4422 Patrem,
1512 4357 1571 4408 et
1588 4349 1691 4426 jus
1719 4350 1795 4408 ad
1814 4350 1990 4411 vitam
2014 4351 2361 4428 acquisivit3
2393 4353 2450 4407 2.
2475 4350 2765 4425 Respectu
2782 4367 2927 4421 yra-

500 4428 690 4500 duum,
722 4426 859 4502 quia
887 4447 1002 4485 non
1031 4426 1217 4485 solum
1263 4427 1323 4485 id
1369 4448 1538 4486 omne
1587 4429 1724 4488 fecit
1773 4438 1832 4489 et
1861 4449 2066 4507 passus
2095 4439 2200 4505 est,
2233 4430 2390 4507 quod
2420 4430 2545 4488 Lex
2575 4426 2925 4504 postulabat,

500 4504 600 4563 sed
630 4505 711 4563 ita
738 4506 905 4582 plene
935 4516 992 4565 et
1019 4506 1270 4583 perfecte
1298 4508 1490 4583 quoad
1518 4509 1752 4568 modum
1782 4518 1841 4569 et
1868 4511 2130 4586 gradum,
2161 4518 2228 4569 ut
2253 4510 2400 4568 nihil
2426 4510 2488 4567 in
2515 4529 2584 4566 ea
2611 4505 2928 4565 desiderari

498 4584 748 4658 potuerit
771 4607 786 4660 3
832 4595 1063 4663 propter
1091 4586 1432 4663 dignitatem
1477 4607 1736 4665 personae
1786 4589 2209 4665 satisfacientis,
2259 4597 2321 4648 et
2364 4588 2708 4667 gravitatem
2738 4605 2928 4663 poenae

497 4662 825 4721 exantlatae.
854 4665 1022 4723 Unde
1046 4666 1307 4741 sequitur
1317 4665 1511 4724 Tertia
1530 4669 1700 4742 σχέο-ις
1718 4669 2085 4744 perfectionis
2107 4670 2291 4746 istius,
2308 4670 2596 4746 Respectu
2615 4668 2927 4740 effecumm,
