3221 5200
268 363 499 412 Quaes‘r.
529 342 624 423 n.]
1291 361 1369 400 nr:
1400 361 1552 401 nsua
1582 361 1702 402 nm.
2646 351 2682 407 9

269 504 401 579 lari,
431 501 671 579 reliquis
696 498 1060 558 manentibus
1087 499 1378 577 obligatis.
1441 502 1778 560 Declaratio
1806 520 1909 560 seu
1935 503 2339 579 Inter-precatio
2369 505 2549 583 Legis
2576 515 2684 583 est,

273 582 511 659 quando
532 581 851 639 declaratur
879 580 1097 655 Legem
1124 580 1185 637 in
1212 580 1407 657 aliquo
1435 602 1573 639 casu
1600 602 1718 639 non
1745 581 2021 658 obligare.
2103 586 2366 643 Irritatio
2393 595 2482 644 est
2510 606 2689 663 quum

278 663 410 720 Lex
458 662 716 719 aboletur
768 666 1076 735 antequam
1130 659 1381 736 perfecte
1435 660 1692 737 obliget;
1756 662 2064 736 Abroyatio
2118 682 2296 739 quum
2351 665 2690 742 simpliciter

275 741 543 800 aboletur
587 747 647 798 et
689 738 926 812 tollitur,
978 756 1109 814 quae
1145 739 1269 815 jam
1311 738 1563 815 perfecte
1613 740 1948 817 obligabat,
2005 743 2339 818 DeroyatiO,
2386 764 2565 820 quum
2610 765 2689 804 ex

276 829 441 898 parte
469 819 708 893 tollitur,
740 825 800 875 et
827 836 903 874 ex
930 825 1092 893 parte
1120 826 1333 876 manet.

358 899 479 957 ΙΙΙ.
522 899 582 957 2.
629 895 1056 972 Distinguenda
1098 905 1233 954 sunt
1279 899 1577 972 Proecepta
1618 897 1910 973 simplicia,
1941 896 2020 956 id.
2065 918 2221 959 mere
2259 901 2515 976 moralia,
2557 922 2688 978 quse

275 988 412 1037 sunt
430 978 582 1054 juris
608 975 921 1048 naturalis-3
965 975 1045 1033 Et
1072 975 1253 1034 nulvta
1280 995 1355 1033 ex
1394 975 1599 1034 morali
1629 985 1687 1035 et
1714 978 2112 1053 caeremoniali,
2157 998 2286 1055 quae
2315 989 2450 1039 sunt
2475 982 2686 1057 partim

267 1058 418 1135 juris
444 1056 743 1128 naturalia,
773 1054 981 1131 partim
1004 1054 1154 1131 juris
1182 1055 1434 1130 positivi,
1458 1064 1523 1114 ut
1550 1065 1820 1131 quartum
1847 1056 1920 1114 de
1952 1057 2263 1134 Sabbatho,
2285 1059 2440 1134 quod
2468 1061 2686 1119 morale

275 1144 366 1195 est
412 1135 606 1212 quoad
696 1152 839 1192 enus
888 1133 1077 1191 cultus
1125 1134 1358 1209 publici,
1389 1135 1784 1194 caeremoniale
1812 1153 1951 1192 vero
1979 1136 2172 1212 quoad
2200 1138 2686 1198 circumstantiam

274 1216 550 1291 temporis
572 1155 817 1285 definiti,
847 1220 906 1271 et
931 1212 1214 1288 quintum,
1245 1213 1400 1289 quod
1427 1213 1645 1271 morale
1666 1221 1756 1272 est
1775 1213 1968 1290 quoad
1996 1214 2243 1274 officium
2271 1219 2684 1295 praescriptum,

274 1303 334 1353 et
361 1293 802 1370 promissionem
828 1291 1236 1368 longaevitatis,
1268 1292 1372 1350 sed
1398 1292 1792 1352 caeremoniale
1821 1293 2014 1371 quoad
2039 1295 2414 1372 appendicem
2442 1298 2685 1374 promis-

277 1373 458 1432 sionis
486 1382 655 1432 terrae
686 1371 937 1430 Canaan.

889 1449 1001 1510 IV.
1038 1452 1101 1509 3.
1142 1449 1582 1511 Observandum
1628 1454 1741 1510 Jus
1765 1452 1887 1510 Dei
1922 1462 2207 1528 quatenus
2250 1454 2484 1531 respicit
2530 1474 2687 1514 crea·

811 1536 987 1602 turae,
1048 1528 1147 1587 vel
1193 1549 1319 1588 esse
1367 1530 1640 1605 Domim'i,
1687 1530 1845 1607 quod
1892 1531 2137 1590 includit
2176 1532 2220 1590 J
2222 1553 2293 1591 us
2332 1535 2685 1609 possidendi,

808 1607 1170 1684 disponendi,
1201 1617 1260 1668 et
1288 1609 1488 1667 utendi
1516 1610 1810 1684 creaturis,
1843 1617 1907 1668 ut
1935 1610 2201 1669 dominus
2244 1632 2347 1671 seu
2373 1614 2686 1689 proprieta-

277 1687 416 1761 rius,
446 1687 548 1764 qui
586 1694 781 1763 potest
818 1686 906 1745 uti
948 1696 1006 1745 et
1045 1688 1158 1745 frui
1196 1688 1370 1746 rebus
1412 1687 1534 1747 suis
1572 1708 1678 1765 pro
1720 1708 1826 1747 suo
1868 1690 2147 1748 arbitrio:
2204 1690 2319 1749 Vel
2355 1693 2683 1767 Reqimim’s,

278 1767 437 1842 quod
466 1774 689 1843 spectat
715 1767 943 1842 proprie
972 1775 1262 1826 creaturas
1290 1766 1618 1840 rationales,
1645 1787 1795 1844 quas
1823 1768 2109 1845 gubernat
2134 1776 2202 1827 ut
2243 1770 2460 1828 Rector
2486 1779 2546 1828 et
2577 1772 2685 1830 Le-

320 1517 352 1561 J
355 1533 408 1562 us
429 1517 646 1562 Dominii
686 1522 739 1564 et

385 1575 666 1629 Regiminis.

185 1885 196 1894 .
278 1846 536 1921 gislator,
569 1845 645 1902 ad
673 1845 830 1920 quod
857 1846 1108 1921 pertinet
1136 1846 1473 1923 Legislatio,
1498 1846 1541 1905 J
1544 1846 1800 1906 udicium
1828 1855 1887 1904 et
1917 1847 2221 1921 ExecutiO,
2251 1855 2317 1906 ut
2343 1858 2687 1925 potestatem

277 1925 490 1985 habeat
534 1925 727 2001 legem
769 1924 1006 1997 ferendi,
1051 1944 1127 1982 ex
1168 1944 1236 1983 ea
1266 1925 1589 2001 judicandi,
1636 1933 1694 1984 et
1736 1926 2080 1984 sententiam
2120 1926 2297 1984 latam
2339 1929 2684 2005 exequendi.

277 2004 321 2062 J
324 2023 392 2062 us
419 2005 530 2062 hoc
559 2003 940 2062 communiter
961 2003 1335 2080 distinguitur
1355 2004 1416 2061 in
1437 2008 1702 2063 naturale
1728 2014 1782 2062 et
1795 2006 2099 2081 positivum
2115 2030 2139 2076 ;
2170 2006 2344 2082 Illud,
2369 2008 2685 2066 secundum

277 2083 436 2159 quod
462 2103 580 2140 non
608 2090 801 2159 potest
826 2102 944 2140 non
969 2083 1338 2159 praescribere
1361 2084 1643 2142 creaturis
1670 2084 2049 2143 rationalibus
2076 2084 2279 2160 officia,
2310 2105 2554 2161 quorum
2583 2107 2684 2163 op-

276 2162 466 2239 posita
507 2161 871 2239 implicarent
910 2162 1439 2237 contradictionem,
1484 2182 1553 2221 eo
1581 2163 1738 2240 quod
1765 2182 1883 2221 non
1910 2163 2224 2221 fundentur
2263 2164 2599 2240 simpliciter
2625 2167 2686 2223 in

277 2242 482 2298 divina
507 2242 823 2314 voluntate,
855 2240 959 2299 sed
986 2241 1047 2298 in
1074 2241 1290 2299 divinae
1332 2250 1553 2300 naturae
1593 2241 1961 2318 perfectione,
2006 2242 2335 2317 eminentia,
2381 2245 2683 2304 sanctitate

279 2329 343 2378 et
369 2320 746 2379 rectitudine:
791 2320 922 2377 Hoc
950 2328 1161 2395 autem,
1184 2320 1501 2379 secundum
1518 2320 1677 2396 quod
1703 2320 1884 2378 libere
1905 2329 1964 2377 et
1984 2340 2060 2378 ex
2088 2340 2246 2379 mero
2275 2342 2380 2379 suo
2410 2322 2681 2399 benepla-

284 2399 403 2457 cito
433 2399 576 2456 talia
593 2399 938 2476 praescripsit
965 2399 1168 2475 officia,
1189 2419 1319 2475 quae
1342 2399 1437 2457 vel
1462 2399 1748 2475 potuisset
1775 2418 1892 2456 non
1911 2400 2298 2476 praescribere,
2319 2400 2413 2458 vel
2441 2421 2686 2477 quorum

281 2478 555 2554 opposita
581 2478 982 2537 antecedenter
1008 2479 1069 2536 in
1109 2480 1281 2555 signo
1320 2478 1559 2537 rationis
1599 2477 1676 2536 ad
1704 2477 1959 2536 divinam
2002 2479 2359 2537 voluntatem
2401 2481 2686 2556 potuisset

278 2556 436 2617 velle
467 2566 529 2617 et
554 2557 859 2635 injungere
882 2558 1032 2616 citra
1056 2558 1239 2618 ullum
1269 2557 1638 2636 perfectionis
1666 2565 1725 2617 et
1753 2557 2075 2619 sanctitatis
2118 2577 2237 2618 suae
2264 2559 2681 2639 praejudicium,

279 2645 340 2696 et
367 2638 591 2713 absque
620 2638 742 2696 ulla
770 2638 1239 2697 contradictionis
1266 2638 1676 2714 implicatione.

360 2717 440 2775 V.
486 2718 858 2794 Quaecunque
885 2737 1026 2793 ergo
1054 2726 1174 2776 tam
1210 2727 1427 2776 arctam
1455 2718 1671 2777 habent
1719 2738 1848 2776 cum
1891 2717 2003 2777 Dei
2049 2725 2271 2794 natum,
2315 2719 2682 2797 perfectione,

279 2796 595 2855 eminentia
621 2805 681 2855 et
709 2796 1011 2856 sanctitate
1034 2797 1473 2872 connexionem,
1504 2806 1570 2856 ut
1596 2817 1713 2855 non
1740 2797 1925 2874 possit
1950 2798 2214 2875 opposita
2241 2799 2514 2857 mandare
2542 2801 2686 2859 citra

279 2884 502 2934 naturae
531 2896 651 2934 suae
678 2875 1094 2953 praejudicium,
1126 2884 1184 2935 et
1211 2896 1340 2951 quse
1366 2876 1665 2953 implicant
1692 2876 2198 2936 contradictionem
2228 2886 2294 2936 ut
2320 2878 2682 2954 mandentur,

282 2962 419 3013 sunt
452 2956 605 3032 juris
633 2955 801 3013 istius
827 2956 1106 3013 naturalis
1130 2976 1145 3014 ε
1190 2955 1338 3029 Quia
1364 2964 1583 3014 certum
1613 2964 1702 3014 est
1731 2956 1920 3014 Deum
1950 2975 2064 3013 non
2091 2976 2262 3033 posse
2300 2957 2553 3034 seipsum
2581 2959 2682 3016 ab·

283 3052 515 3110 negare,
545 3043 646 3093 aut
673 3033 863 3093 facere
902 3034 999 3091 vel
1028 3034 1335 3111 praecipere
1364 3035 1672 3111 quicquam
1700 3034 1858 3111 quod
1898 3035 1974 3092 sit
2015 3036 2364 3094 contrarium
2394 3036 2687 3097 sanctitati

285 3120 347 3170 et
371 3113 707 3189 perfectioni
736 3132 875 3172 suae.
961 3113 1058 3171 Sic
1087 3114 1258 3172 Deus*
1275 3133 1394 3171 non
1420 3121 1614 3189 potest
1638 3113 1947 3190 praecipere
1976 3114 2066 3170 sui
2093 3113 2306 3187 odium,
2336 3115 2684 3189 blasphemi-

286 3211 400 3266 am,
432 3200 491 3249 et
518 3192 901 3268 mendacium,
931 3193 1028 3250 vel
1054 3192 1307 3251 eximere
1333 3193 1628 3250 hominem
1655 3212 1691 3249 a
1717 3189 2103 3266 dependentia
2135 3199 2195 3249 et
2222 3192 2499 3267 obsequio
2523 3193 2687 3268 quod

286 3271 375 3328 illi
402 3270 591 3347 debet,
623 3271 762 3348 quia
786 3272 899 3329 hoc
922 3279 1080 3330 esset
1106 3272 1297 3330 dicere
1330 3272 1518 3329 Deum
1545 3289 1662 3330 nou
1691 3289 1818 3327 esse
1843 3269 2049 3344 Deum,
2073 3268 2136 3326 id
2163 3277 2253 3328 est
2276 3269 2523 3345 primam
2550 3290 2684 3331 cau·

284 3370 409 3408 sam
431 3358 490 3409 et
514 3350 829 3409 Dominum
857 3350 1185 3409 absolutum
1206 3373 1225 3410 ς
1270 3350 1417 3408 Haec
1439 3357 1574 3408 sunt
1603 3369 1733 3426 quse
1755 3348 2231 3424 Bradwardinus,
2256 3348 2328 3407 de
2347 3350 2536 3407 Causa
2553 3349 2684 3427 Dei,

280 3429 433 3487 libro
475 3429 514 3487 i.
544 3450 669 3506 cap.
705 3433 797 3504 18,
828 3438 999 3488 vocat
1019 3430 1380 3488 rationabilia
1416 3430 1647 3506 priora,
1688 3448 1816 3505 quae
1866 3436 2001 3486 sunt
2042 3425 2184 3487 talia
2209 3429 2545 3488 naturaliter
2585 3449 2685 3488 an-

284 3507 618 3567 tecedenter
645 3508 718 3566 ad
745 3509 1103 3567 voluntatem
1131 3509 1407 3567 divinam.
1480 3509 1569 3566 Ea
1596 3528 1734 3566 vero
1764 3508 1956 3565 omnia
1982 3506 2054 3565 de
2079 3508 2295 3584 quibus
2322 3507 2438 3567 dici
2466 3509 2684 3586 nequit,

286 3588 480 3646 Deum
508 3587 585 3645 ad
612 3587 851 3647 alteram
880 3587 1349 3647 contradictionis
1376 3595 1597 3663 partem
1646 3607 1722 3645 ex
1748 3595 1968 3645 naturae
1995 3588 2337 3646 necessitate
2365 3587 2543 3646 fuisse
2585 3589 2686 3647 ad·

284 3667 569 3740 strictum,
600 3674 702 3725 aut
728 3666 787 3724 in
817 3667 1028 3744 quibus
1055 3667 1323 3726 novimus
1353 3668 1541 3725 Deum
1569 3666 1759 3724 facere
1786 3685 1954 3743 posse
1987 3674 2094 3724 aut
2120 3685 2322 3725 revera
2349 3665 2553 3725 fecisse
2581 3667 2685 3726 ali—

284 3766 461 3822 quam
482 3746 859 3804 mutationem
887 3745 948 3802 in
969 3746 1340 3822 obligatione,
1372 3753 1508 3804 sunt
1527 3745 1694 3804 Juris
1721 3744 1986 3821 positivi,
2024 3746 2214 3820 qualis
2241 3745 2351 3804 fuit
2374 3746 2501 3804 Lex
2529 3763 2685 3822 sym·

286 3825 479 3883 bolica
507 3825 645 3882 data
674 3825 921 3898 Adam0,
953 3833 1012 3883 et
1040 3825 1230 3901 Leges
1258 3824 1684 3883 caeremoniales
1706 3824 1782 3882 V.
1802 3824 1891 3896 T.,
1921 3843 2052 3900 quse
2074 3843 2108 3880 a
2135 3824 2318 3882 libera
2340 3825 2452 3882 Dei
2480 3826 2685 3884 volun·

285 3912 407 3962 tate
449 3903 815 3980 pendebant:
859 3904 987 3977 Quo
1016 3904 1188 3962 etiam
1215 3904 1415 3963 referri
1443 3904 1592 3962 solet
1618 3902 1920 3979 permissio
1948 3902 2186 3979 peccati.

369 3983 483 4041 VI.
529 3983 749 4041 Praeter
786 3985 899 4041 Jus
926 3983 1172 4041 divium
1211 3986 1473 4042 naturale
1514 3984 1839 4055 increatum,
1884 3982 2041 4057 quod
2073 3981 2421 4056 primarium
2458 3980 2686 4058 dicitur,

285 4062 389 4138 qui
436 4061 714 4120 fundatur
758 4061 1088 4121 immediate
1129 4062 1189 4120 in
1236 4071 1442 4121 natura
1479 4062 1608 4137 ipsa
1641 4070 1703 4119 et
1744 4062 2046 4119 sanctitate
2078 4060 2206 4134 Dei,
2236 4067 2296 4118 et
2341 4061 2508 4136 cujus
2550 4080 2687 4118 con-

287 4141 531 4199 trarium
557 4141 711 4199 velle
751 4149 853 4199 aut
879 4141 1186 4218 praecipere
1226 4161 1343 4200 non
1371 4149 1583 4218 posset,
1615 4140 1756 4217 quin
1797 4139 2050 4217 seipsum
2091 4140 2442 4214 abnegaret3
2502 4138 2688 4199 Aliud

281 4220 477 4294 datur,
506 4228 758 4278 creatum
786 4230 845 4278 et
869 4220 1278 4295 secundarium,
1304 4219 1467 4297 quod
1493 4219 1768 4277 fundatur
1793 4218 1854 4275 in
1882 4227 2087 4278 natura
2119 4237 2325 4292 rerum,
2349 4217 2526 4292 juxta
2553 4239 2686 4277 con-

288 4299 650 4357 stitutionem
678 4319 714 4357 a
744 4299 870 4357 Deo
899 4300 1126 4373 factam,
1156 4308 1215 4359 et
1242 4299 1565 4358 decentiam
1594 4318 1696 4356 seu
1724 4297 2184 4356 convenientiam
2220 4315 2411 4354 rerum
2439 4295 2589 4356 inter
2623 4318 2687 4357 se

292 4378 561 4452 invicem,
593 4378 750 4455 quod
776 4379 915 4437 licet
941 4398 1016 4437 ex
1044 4380 1354 4456 hypothesi
1382 4375 1600 4437 ordinis
1642 4398 1678 4435 a
1707 4378 1833 4434 Deo
1861 4376 2126 4449 instituti,
2159 4374 2474 4434 secundum
2515 4396 2687 4453 quem

286 4458 469 4516 talem
496 4477 686 4516 rerum
714 4466 978 4516 naturam
1006 4478 1133 4517 esse
1161 4458 1363 4532 voluit,
1394 4459 1470 4517 sit
1495 4456 1916 4531 necessarium;
1946 4475 2062 4513 non
2083 4463 2276 4512 tamen
2303 4455 2559 4531 ejusdem
2587 4477 2685 4515 ne-

294 4537 581 4596 cessitatis
600 4545 795 4613 potest
820 4537 1042 4596 censeri
1070 4558 1201 4597 cum
1229 4537 1432 4616 prim0,
1462 4557 1568 4595 nec
1597 4536 1784 4595 officia
1803 4555 1934 4610 quse
1961 4553 2037 4592 ex
2064 4533 2167 4591 illo
2194 4532 2381 4594 fluunt
2406 4537 2687 4612 aequalem

292 4615 510 4675 habent
537 4616 912 4694 obligationis
941 4617 1201 4693 gradum.
1283 4617 1438 4675 Illud
1467 4615 1621 4675 enim
1650 4623 1738 4674 est
1766 4613 2030 4673 absolute
2057 4612 2431 4690 immutabile,
2463 4636 2568 4675 nec
2599 4617 2685 4674 ul-
