3221 5200
551 352 666 407 494
1357 363 1538 402 Locus
1571 363 1827 402 »scmus
1857 362 2122 409 ommes.
2559 339 2816 419 [Qua-Js'r.
2853 357 3002 399 vm.

549 516 666 566 tate
711 512 932 563 tantum
963 513 1266 575 ingynmzs,
1292 523 1394 561 seu
1439 501 1702 560 effective
1744 510 1803 559 et
1844 510 2275 577 consequenter,
2323 500 2418 558 vel
2464 502 2633 559 etiam
2681 501 2994 578 praecipue

551 588 612 643 in
641 586 959 643 voluntate.
1046 584 1243 660 Atque
1274 584 1353 641 ita
1402 581 1638 658 quidam
1685 601 1882 639 omnes
1933 581 2063 639 illos
2111 590 2275 639 actus
2316 580 2631 638 formaliter
2657 580 2991 638 includunt

553 667 612 723 in
642 665 773 738 fide,
805 665 903 721 alii
925 683 1063 721 vero
1093 662 1372 739 quosdam
1396 682 1471 720 ex
1492 662 1609 720 illis
1640 670 1984 737 supponunt,
2017 660 2112 718 vel
2141 660 2410 719 inferunt.

633 745 754 802 III.
801 743 1170 802 Communior
1216 762 1352 799 vero
1398 750 1457 799 et
1504 742 1695 799 verior
1741 741 2023 799 sententia
2068 750 2184 798 tres
2213 740 2272 796 in
2322 739 2435 796 fide
2479 746 2643 796 actus
2677 738 2983 814 agnoscit,

557 826 830 898 notitiam,
862 843 1166 894 assensum,
1183 822 1477 900 fiduciam,
1504 821 1578 878 ad
1608 840 1756 896 quos
1783 821 1920 878 licet
1940 840 2139 877 omnes
2167 820 2263 876 alii
2287 819 2452 877 facile
2475 818 2670 875 referri
2704 819 2945 895 possint
2968 841 2984 894 3

555 914 748 962 tamen
767 914 830 962 ut
853 904 1078 961 facilius
1095 921 1215 958 rem
1239 910 1418 958 totam
1441 901 1671 975 assequi
1700 900 2004 975 possimuS,
2037 899 2366 957 distinctius
2395 898 2467 955 de
2496 898 2614 955 illis
2642 898 2972 973 agendum.

768 1044 777 1053 ,
1157 979 1272 1037 IV.
1319 980 1529 1052 Prim0,
1564 980 1797 1056 Duplex
1827 988 1990 1037 actus
2007 978 2139 1036 fidei
2165 977 2610 1054 distinguendus
2629 979 2812 1035 venit.
2860 977 2982 1035 Al-

549 1044 950 1143 Actujessffffigus
982 1048 1033 1086 ‘³‘
1073 1067 1162 1117 ter
1189 1061 1445 1132 directus,
1481 1059 1651 1117 Alter
1677 1061 1933 1135 reflexus,
2017 1059 2284 1115 Directus
2311 1066 2575 1116 versatur
2592 1057 2745 1114 circa
2770 1058 2982 1133 objec-

897 1130 907 1143 ’
1072 1147 1194 1196 tum
1225 1139 1410 1217 ipsum
1443 1139 1550 1214 ipsi
1580 1138 1855 1211 oblatum,
1888 1140 2152 1213 Rqflesmcs
2179 1156 2319 1194 vero
2349 1146 2662 1212 occupatur
2689 1137 2845 1193 circa
2875 1156 2980 1194 ac-

561 1226 685 1275 tum
716 1216 1015 1274 directum.
1063 1218 1175 1275 Per
1203 1228 1394 1276 actum
1423 1218 1705 1275 directum
1726 1218 1898 1276 homo
1920 1217 2103 1275 credit
2121 1217 2595 1294 promissionibus
2620 1216 2945 1291 Evangelii
2969 1239 2984 1274 :

552 1296 664 1353 Per
691 1295 970 1353 reflexum
998 1316 1136 1354 vero
1165 1297 1336 1355 homo
1359 1296 1530 1354 fidem
1561 1317 1724 1354 suam
1744 1296 1972 1355 intuens
1992 1297 2100 1354 scit
2123 1317 2183 1354 se
2206 1296 2455 1354 credere.
2500 1296 2688 1353 Actus
2711 1295 2983 1354 directus

549 1374 838 1452 praecedit,
873 1375 1149 1434 Reflexus
1179 1377 1452 1452 sequitur,
1485 1387 1544 1434 et
1571 1376 1705 1434 talis
1735 1376 1903 1435 datur
1930 1378 2080 1434 inter
2107 1385 2413 1452 utrumque
2457 1374 2873 1448 subordinatiO,
2910 1386 2983 1432 ut

553 1454 1038 1531 quemadmodum
1069 1455 1319 1514 directus
1348 1465 1479 1531 post
1507 1475 1566 1513 se
1597 1455 1773 1514 trahit
1817 1455 2112 1529 reflexum,
2160 1456 2253 1512 Ita
2278 1454 2528 1513 reflexus
2557 1464 2847 1531 supponat
2872 1474 2983 1511 ne-

548 1534 797 1593 cessario
826 1534 1089 1610 primum,
1121 1554 1226 1592 nec
1256 1535 1341 1591 illi
1370 1534 1538 1592 detur
1564 1535 1727 1592 locus
1755 1536 1866 1592 nisi
1895 1536 2006 1593 isto
2047 1537 2253 1611 posite,
2284 1555 2341 1592 v.
2373 1554 2429 1610 g.
2460 1554 2573 1591 non
2616 1543 2811 1610 potest
2839 1535 2984 1609 quis

552 1614 697 1672 scire
727 1634 787 1672 se
817 1613 1065 1686 credere,
1097 1614 1210 1672 nisi
1233 1633 1434 1671 revera
1461 1614 1674 1684 credat,
1706 1635 1819 1672 non
1847 1623 2039 1691 potest
2066 1615 2196 1691 quis
2244 1614 2535 1672 Christum
2583 1632 2688 1689 pro
2730 1633 2838 1670 suo
2866 1633 2980 1689 ag·

549 1713 800 1768 noscere,
833 1693 943 1750 nisi
974 1694 1072 1769 qui
1102 1693 1284 1752 credit
1312 1694 1601 1751 Christum
1632 1714 1736 1770 pro
1766 1694 2032 1751 omnibus
2061 1693 2428 1752 credentibus
2456 1702 2514 1752 et
2554 1693 2983 1769 poenitentibus

549 1774 765 1831 datum.

579 1893 672 1937 Sex
705 1897 846 1936 actus
878 1891 990 1935 fidei
1159 1853 1233 1910 V.
1284 1852 1551 1911 Secundo
1583 1852 1771 1910 Actus
1799 1862 1991 1910 autem
2021 1852 2118 1910 isti
2147 1852 2282 1910 fidei
2324 1872 2439 1909 non
2485 1860 2618 1909 sunt
2665 1851 2838 1908 unius
2866 1872 2978 1926 ge·

609 1951 649 1995 1.
672 1953 835 1996 Actus
859 1924 1003 1994 noti-'
1075 1933 1246 2007 neris,
1280 1933 1382 1990 sed
1409 1932 1557 1990 varii
1585 1941 1644 1990 et
1673 1931 2019 2007 multiplices
2047 1952 2150 2008 pro
2194 1931 2369 1988 variis
2419 1932 2544 2008 ejus
2588 1930 2977 2007 respectibus,

723 2010 835 2062 tioe3
1073 2032 1216 2087 quos
1245 2012 1321 2069 ad
1349 2032 1452 2069 sex
1481 2031 1788 2087 possumus
1804 2011 2036 2084 referre,
2069 2031 2143 2068 ex
2172 2011 2382 2087 quibus
2423 2011 2676 2086 quinque
2717 2019 2852 2068 sunt
2880 2010 2978 2068 di·

546 2093 704 2166 recti,
737 2102 795 2151 et
822 2113 972 2150 unus
999 2091 1268 2149 reflexus,
1359 2091 1585 2149 Primus
1616 2100 1703 2148 est
1731 2093 1903 2148 Actus
1930 2091 2137 2148 notitiae
2176 2111 2364 2149 rerum
2415 2091 2668 2147 omnium
2717 2110 2751 2146 a
2799 2090 2981 2148 nobis

547 2173 977 2246 credendarum,
1012 2172 1134 2229 sive
1164 2192 1292 2247 quse
1323 2171 1610 2228 miseriam
1641 2178 1895 2228 nostram
1925 2177 2202 2247 spectant,
2236 2171 2359 2227 sive
2391 2170 2501 2228 Dei
2531 2169 2793 2245 gratiam.
2885 2169 2979 2228 Ut

546 2253 698 2311 enim
727 2252 944 2310 veritas
972 2259 1060 2309 est
1088 2251 1378 2327 objectum
1406 2249 1558 2325 fidei,
1592 2259 1651 2308 et
1678 2250 1909 2325 quidem
1938 2269 2053 2306 non
2083 2250 2322 2326 quaeviS,
2350 2249 2449 2307 sed
2475 2248 2673 2306 divina
2692 2257 2751 2306 et
2767 2269 2979 2325 super-

547 2332 826 2390 naturalis
861 2331 1059 2389 Verbo
1091 2331 1202 2387 Dei
1233 2331 1505 2404 revelata,
1538 2330 1927 2406 cognitionem
1957 2339 2087 2387 ante
2119 2329 2310 2387 omnia
2336 2329 2591 2404 requirit,
2617 2348 2730 2404 qua
2759 2348 2975 2404 appre-

543 2411 826 2469 hendatur
852 2433 865 2468 :
908 2431 1024 2468 non
1054 2409 1224 2467 modo
1253 2430 1395 2484 eam,
1429 2429 1542 2485 qua
1572 2410 1787 2467 scimus
1817 2428 2080 2485 quaenam
2112 2409 2226 2467 sint
2248 2407 2560 2481 credibilia,
2606 2418 2664 2465 et
2693 2427 2807 2483 qua
2837 2428 2977 2466 sen·

545 2511 672 2549 sum
699 2488 978 2549 literalem
1009 2488 1311 2547 verborum
1364 2496 1423 2546 et
1469 2489 1843 2546 terminorum
1894 2489 2269 2564 assequimur,
2322 2508 2450 2564 quae
2496 2485 2844 2564 supponitur
2891 2488 2977 2545 ad

544 2569 733 2643 fidem,
766 2577 824 2627 et
851 2570 1077 2645 privato
1100 2570 1379 2644 cujusque
1409 2568 1599 2626 studio
1642 2567 1842 2627 haberi
1889 2577 2096 2645 potest,
2128 2568 2299 2627 etiam
2330 2567 2402 2626 ab
2430 2567 2503 2626 iis
2531 2568 2630 2644 qui
2679 2587 2792 2625 non
2844 2587 2977 2625 cre·

543 2649 720 2722 dunt3
767 2648 870 2706 sed
907 2649 1080 2706 etiam
1110 2668 1253 2721 eam,
1286 2667 1400 2724 qua
1449 2648 1855 2722 cognoscimus
1886 2648 2265 2721 divinitatem,
2316 2657 2375 2707 et
2402 2649 2703 2706 veritatem
2754 2648 2978 2704 infalli-

546 2728 722 2785 bilem
751 2742 940 2784 rerum
971 2726 1398 2798 credendarum,
1444 2745 1572 2800 quse
1622 2727 1869 2802 primum
1919 2737 2110 2786 actum
2159 2728 2294 2786 fidei
2342 2728 2657 2801 constituit,
2709 2736 2773 2785 ut
2821 2726 2983 2785 infra

548 2814 749 2865 contra
778 2805 1113 2863 Pontificios
1141 2805 1494 2881 probabitur.

1157 2884 1267 2943 VI.
1316 2884 1617 2942 Secundus
1646 2894 1734 2943 est
1763 2887 2032 2944 Assensus
2062 2888 2403 2961 theoreticus,
2453 2907 2568 2963 quo
2613 2896 2678 2945 ut
2725 2906 2867 2943 vera
2914 2897 2983 2945 et

1074 2964 1273 3022 divina
1299 2964 1606 3039 recipimus
1635 2984 1764 3040 quae
1794 2967 2196 3042 cognoscimus
2220 2990 2233 3042 ;
2278 2967 2378 3043 qui
2408 2975 2648 3025 vocatur
2675 2966 2980 3024 lankim-icus

1070 3064 1185 3103 non
1215 3046 1288 3103 ab
1317 3044 1563 3121 object0,
1596 3045 1753 3121 quod
1783 3046 1858 3103 sit
1875 3054 2099 3104 tantum
2144 3046 2528 3119 historiarum,
2577 3066 2681 3103 nec
2711 3065 2745 3102 a
2773 3064 2976 3120 causa,

551 2944 595 2989 2.
626 2945 876 2990 Assensus
900 2944 1033 2989 theo-

693 3004 876 3047 reticus
900 3018 912 3057 ;

552 3142 714 3181 sacro
744 3122 963 3181 scilicet
993 3124 1304 3199 Historico,
1338 3125 1440 3182 sed
1469 3145 1504 3181 a
1531 3128 1712 3189 modo,
1744 3145 1859 3201 quo
1888 3125 2105 3202 aliquid
2135 3127 2402 3184 creditur.
2492 3126 2574 3184 Ut
2603 3145 2740 3183 vero
2770 3124 2976 3182 Philo-

550 3202 718 3280 sophi
747 3212 862 3261 tres
892 3204 1106 3280 gradus
1135 3205 1500 3282 perfectionis
1524 3205 1582 3261 in
1613 3225 1849 3263 assensu
1872 3206 2197 3279 observant,
2217 3207 2550 3282 firmitatem
2581 3206 2814 3276 scilicet,
2846 3225 2978 3263 cer-

551 3284 855 3356 titudinem,
911 3294 961 3342 et
1009 3287 1373 3359 evidentiam3
1422 3284 1711 3356 FirmitaS,
1742 3293 1808 3342 ut
1837 3285 1911 3342 sit
1960 3285 2081 3342 sine
2131 3285 2507 3359 haesitatione,
2561 3283 2877 3358 Certitudo,
2908 3294 2986 3343 ut

553 3370 709 3419 certo
739 3371 797 3420 et
825 3362 1011 3419 solido
1040 3364 1256 3422 nitatur
1296 3364 1687 3437 fundamentO,
1735 3364 2060 3438 Evidentia,
2108 3374 2172 3423 ut
2217 3384 2333 3421 non
2381 3365 2596 3423 nitatur
2643 3363 2982 3421 testimonio

555 3440 760 3511 alieno,
794 3441 895 3497 sed
922 3442 1018 3498 vel
1048 3462 1120 3498 ex
1152 3462 1326 3500 sensu
1352 3442 1447 3499 vel
1478 3443 1698 3500 ratione
1729 3443 2015 3519 probetur,
2048 3453 2112 3503 ut
2138 3445 2199 3501 in
2229 3443 2501 3518 scientia;
2544 3443 2679 3501 fidei
2702 3462 2981 3501 assensus

553 3518 732 3575 habet
759 3518 990 3592 quidem
1021 3520 1370 3593 firmitatem,
1403 3530 1461 3578 et
1489 3522 1909 3596 certitudimen,
1942 3524 2078 3598 quia
2105 3522 2302 3581 Verbo
2352 3523 2549 3581 divino
2596 3531 2654 3580 et
2680 3521 2979 3580 infallibili

556 3596 773 3668 nititur,
807 3596 909 3654 scd
957 3617 1071 3654 non
1122 3599 1489 3673 evidentiam,
1538 3601 1674 3675 quia
1721 3601 1922 3659 nititur
1970 3602 2314 3676 testimonie,
2365 3622 2481 3660 non
2529 3603 2766 3673 ratione,
2814 3601 2979 3677 quod

555 3675 874 3751 Apostolus
917 3686 1093 3753 notat,
1142 3678 1294 3736 Heb.
1339 3678 1420 3736 xi.
1470 3682 1519 3752 1,
1566 3679 1796 3755 quando
1839 3680 1980 3738 dicit
2018 3681 2191 3739 fidem
2254 3701 2380 3739 esse
2425 3690 2747 3739 §refraenet
2764 3690 2972 3750 ἔλιγχη

556 3756 632 3813 ad
689 3754 1016 3815 firmitatem
1074 3767 1133 3816 et
1174 3758 1574 3817 certitudinem
1616 3758 1742 3833 ejus
1783 3759 2216 3836 designandam,
2262 3759 2365 3818 sed
2407 3788 2492 3815 τω
2512 3770 2559 3815 οὗ
2574 3768 2863 3827 sam-,uim
2885 3780 2977 3817 re-

556 3856 682 3893 rum
711 3856 838 3911 quae
868 3857 984 3895 non
1011 3838 1297 3911 videntur,
1330 3838 1405 3895 ad
1434 3837 1843 3897 inevidentiam
1872 3840 2240 3898 innuendam.

552 3955 597 3999 3.
629 3957 880 4000 Assensus
911 3955 1034 4000 fidu-
1158 3918 1307 3976 VII.
1351 3919 1580 3976 Tertius
1609 3928 1771 3976 actus
1800 3928 1888 3978 est
1931 3922 2201 3977 Assensit-s
2226 3919 2520 3997 fiduciali-3
2568 3926 2622 3974 et
2656 3916 2970 3991 practicus,

613 4014 750 4057 cialis
773 4021 825 4058 et
857 4016 1032 4070 practi-
1077 4018 1179 4056 seu
1233 3998 1528 4075 persuasio
1572 3998 1899 4056 intellectus
1948 3999 2201 4075 practici,
2251 4017 2366 4074 qua
2416 3996 2800 4073 Evangeliu'm
2854 4016 2971 4052 non

614 4086 704 4116 ⁰¹¹⁸
728 4087 740 4125 ἱ
1072 4077 1245 4135 modo
1268 4098 1466 4136 verum
1497 4096 1641 4152 esse,
1674 4077 1776 4135 sed
1804 4078 1976 4135 etiam
2006 4078 2218 4136 bonum
2237 4078 2583 4154 judicamuS,
2629 4085 2688 4134 et
2731 4074 2971 4152 proinde

555 4177 747 4214 amore
770 4166 828 4215 et
856 4156 1047 4215 studio
1076 4167 1276 4215 nostro
1305 4157 1725 4233 dignissimum,
1758 4165 1816 4215 et
1842 4158 2250 4232 promissiones
2295 4156 2495 4234 gratiae
2537 4155 2610 4214 de
2638 4154 2976 4212 remissione

554 4245 918 4312 peccatorum
946 4245 1004 4293 et
1033 4237 1217 4294 salute
1246 4236 1592 4296 conferenda
1620 4236 1886 4295 omnibus
1915 4238 2281 4295 credentibus
2322 4246 2380 4295 et
2426 4234 2855 4312 poenitentibus,
2886 4244 2974 4291 at·

555 4336 667 4390 quc
696 4315 840 4373 adeo
872 4316 1092 4373 etmihi
1121 4316 1170 4373 si
1200 4317 1513 4391 credidero,
1547 4327 1604 4375 et
1634 4316 2030 4394 poenitentiam
2053 4337 2242 4394 egero,
2275 4336 2400 4374 esse
2429 4314 2797 4373 certissimas.
2842 4312 2971 4386 Quo

554 4414 727 4452 sensu
755 4394 888 4451 fidei
918 4395 1188 4452 tribuitur
1217 4405 1509 4469 vane-pocla,
1545 4396 1624 4454 id.
1644 4398 1815 4473 plena
1832 4398 2127 4472 persuasio
2156 4396 2228 4453 de
2261 4396 2371 4453 Dei
2399 4394 2657 4472 potentia
2684 4403 2743 4451 et
2764 4392 2975 4450 volun·

553 4482 670 4532 tate
699 4474 760 4530 in
792 4475 986 4531 Verbo
1015 4474 1181 4533 nobis
1210 4474 1509 4550 patefacta,
1545 4476 1713 4534 Rom.
1745 4474 1824 4534 iv,
1856 4480 1951 4549 21,
1982 4477 2231 4553 metaph.
2263 4496 2297 4533 a
2324 4475 2590 4545 navibus,
2622 4491 2751 4548 quae
2779 4471 2970 4548 plenis

555 4553 701 4610 velis
731 4554 789 4609 in
813 4563 1039 4629 portum
1069 4554 1342 4611 feruntur.
1430 4554 1522 4613 Ita
1552 4556 1675 4613 Col.
1727 4554 1788 4613 ii.
1819 4562 1874 4628 2,
1932 4557 2148 4614 mentio
2196 4556 2261 4613 fit
2316 4561 2614 4627 πληροφορίας
2639 4560 2842 4611 emin-n
2870 4570 2976 4628 per

550 4630 898 4705 hypallagen
929 4652 1031 4707 pro
1061 4641 1268 4690 evuin-vs
1296 4644 1743 4705 τινληςοφομμίυης
1766 4636 2134 4710 intelliyentz‘ae
2166 4639 2345 4710 plane
2379 4652 2689 4709 persuasae,
2724 4641 2782 4689 et
2812 4632 2969 4690 Heb.
