3221 5200
291 354 525 403 Qums‘r.
574 335 687 415 1x.]
1195 352 1272 392 nn
1313 350 1825 394 συετιιιοΑι-ιοκε.
2594 338 2707 396 601

298 494 664 570 transeuntis,
697 493 799 571 qui
825 513 859 551 a
892 492 1017 552 Deo
1046 492 1242 570 oritur,
1274 502 1333 553 et
1360 495 1568 553 transit
1597 514 1666 552 ac
1693 492 2032 553 terminatur
2073 490 2133 549 iu
2163 492 2457 570 Creatura,
2503 515 2620 554 non
2648 506 2715 556 ut

299 576 617 653 subjective
648 575 733 632 illi
760 573 1054 647 inhaereat,
1085 583 1150 632 ut
1172 574 1376 633 volunt
1398 595 1697 652 perperam
1728 572 2033 647 Pontificii,
2057 572 2194 650 quia
2220 573 2332 631 hoc
2360 576 2611 651 pertinet
2637 577 2713 635 ad

299 655 842 728 sanctificationem3
889 653 991 711 sed
1019 664 1083 712 ut
1115 655 1201 711 ini
1231 654 1538 729 adhaereat,
1571 664 1630 714 et
1659 662 1919 713 creatura
1947 653 2099 712 circa
2139 652 2304 711 illum
2333 655 2621 731 objective
2651 677 2712 715 se

296 736 521 809 habeat,
555 734 691 793 dum
720 733 806 790 illi
834 752 936 810 per
969 734 1241 810 Spiritum
1278 735 1554 793 Sanctum
1572 734 1873 792 intimatur
1893 733 2176 792 sententia
2203 733 2575 794 absolutoria.
2651 736 2715 795 Si

300 815 487 892 gratia
508 780 724 873 ’dicitur
767 813 933 871 nobis
988 814 1125 872 data
1179 814 1238 871 in
1270 815 1498 872 Christo
1547 823 1682 874 ante
1724 823 1983 890 tempora
2011 813 2306 889 secularia,
2339 819 2373 871 2
2406 815 2602 874 Tim.
2583 837 2623 875 1.
2655 819 2710 891 9,

300 894 520 953 ratione
577 894 972 967 destinationis,
1004 894 1140 969 quia
1187 893 1260 951 ab
1316 903 1530 952 aeterno
1591 895 1751 952 Deus
1779 894 2038 952 decrevit
2091 894 2250 951 illam
2290 894 2459 952 nobis
2487 893 2623 953 dare
2653 896 2714 953 in

301 984 594 1051 tempore,
580 997 593 1010 ·
642 975 773 1032 Non
829 973 1087 1049 sequitur
1134 993 1303 1050 posse
1333 973 1447 1031 dici
1491 975 1615 1067 jam
1662 975 1932 1032 collatam
1981 974 2185 1051 reipsa,
2217 973 2353 1050 quia
2400 975 2710 1033 Decretum

305 1054 442 1112 facit
463 1021 715 1129 quidem,
766 1061 833 1110 ut
874 1061 1030 1110 certo
1080 1062 1139 1111 et
1181 1052 1603 1111 infallibiliter
1580 1073 1681 1130 Jus
1712 1053 1785 1110 ad
1815 1054 1994 1112 vitam
2025 1054 2337 1112 debeamus
2365 1054 2668 1113 obtinere
2652 1076 2714 1113 ιιι

301 1142 575 1208 tempore,
608 1131 709 1190 sed
737 1151 852 1189 non
885 1140 946 1189 ut
974 1141 1105 1189 actu
1136 1132 1326 1190 illud
1301 1152 1426 1209 Jam
1455 1133 1715 1190 dicamur
1736 1133 2033 1191 obtinere:
2073 1134 2210 1192 facit
2253 1143 2319 1193 ut
2348 1135 2525 1194 simus
2540 1136 2711 1213 justi·

300 1212 528 1287 ficandi,
562 1211 664 1269 sed
691 1231 807 1269 uon
837 1221 900 1269 ut
929 1212 1108 1269 simus
1128 1212 1250 1287 jam
1272 1212 1593 1289 justificati.

908 1292 963 1348 V
972 1293 1053 1349 11.
1103 1292 1219 1348 Sed
1267 1301 1333 1351 ut
1373 1292 1713 1368 justificatio
1767 1311 1884 1350 non
1932 1300 2125 1368 potest
2172 1294 2400 1371 concipi
2443 1295 2595 1355 facta
2641 1296 2715 1354 ab

830 1381 1043 1430 aeterno
1071 1380 1204 1430 ante
1235 1372 1466 1430 secula·
1453 1419 1465 1447 ,
1535 1373 1629 1430 Ita
1667 1392 1775 1430 nec
1804 1371 1978 1430 debet
2006 1372 2222 1431 differri
2250 1375 2326 1443 ad
2355 1394 2714 1434 consumma·

829 1452 1043 1510 tionem
1094 1452 1290 1527 seculi,
1343 1461 1407 1511 ut
1455 1451 1552 1510 alii
1602 1453 1837 1527 vellent,
1869 1453 2034 1531 quasi
2063 1462 2201 1512 tunc
2230 1453 2460 1514 demum
2491 1457 2717 1533 proprie

298 1542 490 1592 actum
510 1533 730 1608 judicis
759 1540 1026 1591 exerceat
1055 1533 1232 1608 Deus,
1266 1542 1387 1591 tum
1416 1533 1477 1592 in
1505 1533 1868 1592 absolutione
1894 1533 2171 1608 fidelium,
2205 1542 2328 1591 tum
2356 1535 2417 1592 in
2447 1536 2715 1594 condem·

299 1614 532 1672 natione
561 1614 886 1690 impiorum.
935 1613 1031 1671 Sic
1053 1613 1205 1671 enim
1228 1633 1525 1691 perperam
1555 1614 1928 1672 confunditur
1955 1614 2266 1671 declaratio
2277 1616 2713 1692 justficatiom's,

299 1713 430 1750 cum
485 1695 611 1767 ipsa
650 1694 1070 1772 justtflcatione.
1182 1694 1461 1766 Quamvis
1510 1694 1664 1752 enim
1706 1693 1958 1751 coelestis
2012 1692 2055 1751 J
2061 1692 2232 1765 udex,
2283 1701 2406 1749 tum
2453 1713 2717 1752 sessurus

300 1771 554 1830 dicitur
539 1793 598 1828 ιιι
628 1773 862 1830 Throno
884 1772 1101 1864 gloriae,
1125 1781 1191 1829 ut
1212 1773 1478 1830 ultimum
1507 1781 1697 1830 actum
1719 1772 1931 1845 judicii
1959 1772 2253 1828 solennem
2282 1781 2565 1847 exerceat,
2597 1782 2715 1830 tam

297 1852 358 1909 in
363 1852 583 1946 gratia,
606 1871 775 1928 quam
799 1852 859 1908 in
880 1851 1128 1942 justitia,
1150 1851 1208 1907 in
1234 1859 1545 1927 conspectu
1565 1850 1711 1908 Coeli
1734 1860 1792 1908 et
1809 1851 2028 1925 Terrae3
2063 1850 2193 1908 Hoc
2214 1870 2330 1907 non
2353 1852 2546 1911 obstat
2573 1872 2714 1945 quo-

300 1931 489 1990 minus
525 1933 648 2006 jam
680 1931 741 1987 in
778 1930 887 1988 hac
929 1930 1053 1987 vita
1086 1929 1373 2002 judicium
1413 1930 1569 1988 istud
1614 1929 2183 2004 inchoaverit31mo
2227 1931 2338 1987 hoc
2393 1933 2717 1991 necessario

302 2010 759 2102 supponendum,
791 2029 921 2068 cum
949 2008 1216 2066 ultimum
1255 2009 1411 2068 istud
1430 2009 1717 2083 judicium
1754 2009 1900 2067 nihil
1941 1976 2100 2068 aliud
2129 2010 2220 2083 sit,
2252 2030 2423 2086 quam
2447 2011 2714 2070 manifes-

300 2092 444 2148 tatio
472 2090 703 2167 publica
732 2099 789 2147 et
818 2088 1071 2146 solennis
1099 2089 1563 2165 praecedentium.
1653 2089 1729 2147 Et
1771 2097 1835 2147 ut
1865 2090 2079 2166 passim
2127 2089 2423 2167 Scriptura
2450 2092 2718 2168 proponit

299 2170 468 2227 nobis
491 2171 757 2246 exempla
785 2168 1149 2228 Jud1o1orum
1183 2169 1292 2226 Dei
1321 2178 1437 2228 tam
1456 2168 1816 2246 publicorum
1839 2189 2010 2248 quam
2040 2169 2394 2246 privatorum
2423 2171 2483 2227 in
2513 2172 2719 2249 impios

298 2258 357 2308 et
412 2249 674 2323 rebelles,
727 2248 922 2325 anlia
970 2247 1201 2307 fuerunt
1256 2248 1557 2323 diluvium,
1613 2248 1880 2307 Sodomae
1910 2249 2242 2324 destructiO,
2296 2251 2717 2328 AEgyptiorum

304 2329 605 2388 subversio
635 2338 693 2387 et
743 2328 986 2401 similia3
1038 2347 1167 2404 quae
1217 2328 1291 2386 ad
1336 2348 1524 2386 meras
1552 2327 1963 2405 castigationes
1994 2329 2124 2405 Dei,
2156 2329 2230 2387 ad
2259 2331 2717 2389 emendationem

302 2419 360 2468 et
390 2409 634 2467 salutem
663 2429 857 2467 eorum
889 2374 1100 2485 quibus
1127 2407 1452 2468 inferuntur
1470 2409 1793 2482 tendentes»,
1823 2408 2051 2483 referre,
2083 2419 2171 2468 est
2199 2411 2377 2469 totius
2410 2411 2718 2487 Scripturas

302 2490 434 2550 voci
462 2489 756 2566 refragari,
816 2497 875 2547 et
916 2497 1130 2546 temere
1180 2489 1528 2549 confundere
1573 2489 1983 2566 castigationes
2011 2489 2385 2549 medicinales
2439 2491 2714 2567 fidelium,

303 2591 432 2648 quae
462 2591 496 2628 a
544 2571 670 2629 Deo
712 2578 776 2629 ιιι
828 2570 998 2628 Patre
1045 2568 1414 2629 misericorde
1462 2570 1579 2628 illis
1628 2569 1703 2628 ad
1760 2575 1962 2624 cantalar
1988 2570 2391 2647 immittuntur,
2425 2591 2554 2631 cum
2584 2592 2716 2650 sup-

302 2651 490 2728 pliciis
520 2652 842 2728 impiorum,
874 2670 1004 2727 quae
1033 2670 1068 2707 a
1098 2651 1241 2726 De0,
1273 2660 1340 2708 ut
1367 2651 1408 2710 J
1414 2651 1579 2709 udice
1608 2651 1772 2724 irat0,
1819 2650 1893 2708 ad
1924 2659 2140 2725 σμυςίυ
2183 2660 2243 2710 et
2276 2652 2593 2711 vindictam
2622 2673 2717 2713 su·

302 2733 569 2791 mendam
600 2731 671 2790 de
710 2751 906 2790 eorum
937 2730 1206 2808 peccatiS,
1238 2729 1596 2807 infliguntur,
1623 2730 1779 2808 quod
1817 2731 2096 2788 hactenus
2146 2732 2468 2791 inauditum
2509 2733 2619 2792 suit
2658 2734 2718 2791 in

306 2812 537 2870 Scholis
588 2811 997 2888 Theologicis3
1046 2811 1140 2869 Ita
1183 2812 1471 2889 hospitem
1528 2812 1700 2889 plane
1750 2818 1977 2888 oportet
2005 2831 2131 2869 esse
2181 2814 2240 2872 in
2274 2814 2586 2891 Scriptura,
2617 2814 2718 2891 qui

300 2890 546 2966 ignorat,
576 2891 763 2949 Deum
793 2891 1035 2968 proponi
1064 2911 1216 2968 saepe
1243 2902 1310 2951 ut
1328 2892 1747 2965 justificantem
1770 2891 1972 2949 fideles
2013 2891 2073 2948 in
2100 2895 2209 2952 hac
2238 2894 2377 2966 vita,
2408 2902 2474 2951 ut
2502 2894 2718 2969 passim

301 2978 461 3046 patet
510 2970 793 3045 exemplis
843 2969 1181 3039 Abrahami,
1234 2972 1383 3029 Gen.
1429 2992 1531 3029 xv,
1563 2975 1618 3043 6,
1671 2971 1934 3043 Davidis,
1979 2970 2134 3031 Psal.
2191 2973 2379 3029 xxxii.
2442 2976 2492 3044 1,
2552 2977 2606 3046 2,
2660 2977 2715 3046 5,

306 3050 474 3108 Rom.
520 3049 597 3106 iv.
649 3052 703 3121 6,
751 3052 805 3122 7,
853 3048 1216 3122 peccatricis,
1267 3049 1407 3106 Luc.
1452 3050 1549 3107 vii.
1587 3053 1683 3123 48,
1734 3049 2054 3117 Publicani,
2109 3052 2251 3108 Luc.
2302 3051 2464 3108 xviii.
2517 3054 2608 3124 14,
2661 3061 2718 3109 et

301 3129 557 3188 omnium
594 3126 870 3200 fidelium,
925 3127 1093 3184 Rom.
1124 3147 1181 3186 v.
1228 3131 1280 3186 1.
1365 3127 1453 3186 Ne
1490 3129 1615 3205 jam
1644 3129 1831 3185 dicam
1876 3130 2219 3187 sententiam
2249 3130 2418 3187 istam
2447 3129 2718 3206 injuriam

298 3228 427 3267 esse
466 3207 845 3267 consolationi
882 3206 1157 3280 fidelium,
1189 3226 1317 3283 quse
1346 3226 1463 3264 non
1491 3206 1724 3265 aliunde
1754 3207 1965 3265 certius
1994 3208 2190 3283 oritur,
2236 3228 2411 3285 quam
2439 3228 2514 3267 ex
2544 3229 2718 3268 sensu

302 3289 503 3366 gratiae
537 3289 647 3346 Dei
693 3286 1206 3359 etjustificationis
1262 3306 1399 3345 suae.
1485 3286 1788 3361 Quomodo
1833 3286 1982 3345 enim
2014 3287 2158 3347 alias
2184 3288 2473 3363 fiduciam,
2500 3289 2560 3346 in
2603 3310 2718 3366 qua

300 3377 535 3446 propter
553 3367 1029 3441 justificationem
1059 3385 1218 3424 suam
1251 3366 1573 3443 gloriantur
1606 3375 1666 3425 et
1694 3366 1973 3440 exultant,
2006 3376 2064 3425 et
2091 3388 2232 3446 pace
2261 3388 2329 3427 ac
2359 3369 2571 3445 gaudio
2595 3382 2649 3425 ὰ
2632 3397 2721 3425 an-

301 3456 500 3516 ania-q
529 3447 810 3522 fruuntur,
842 3447 1052 3504 habere
1080 3456 1323 3522 possunt
1342 3450 1371 3504 P

303 3566 395 3612 sed
419 3565 511 3611 fit
498 3582 547 3612 m
571 3568 661 3613 hae
683 3568 784 3611 vita
907 3526 1089 3585 VIII.
1136 3527 1321 3585 Missa
1349 3545 1488 3604 ergo
1535 3527 1823 3585 sententia
1862 3527 1990 3601 ista,
2021 3528 2272 3601 mediam
2301 3528 2717 3607 amplectimur,

363 3628 413 3670 in
511 3627 784 3672 vocatione
826 3627 955 3684 quae
999 3608 1200 3666 statuit
1242 3607 1732 3667 Justificationem
1758 3607 1884 3666 fieri
1925 3608 1986 3665 in
2013 3609 2123 3669 hac
2179 3610 2302 3669 vita
2341 3609 2401 3667 in
2431 3622 2720 3669 momento

362 3684 560 3730 efficaci.
828 3688 1167 3747 Vocationis
1195 3687 1460 3763 efficacis,
1491 3707 1593 3765 per
1621 3708 1792 3764 quam
1822 3688 1996 3747 homo
2023 3700 2293 3765 peccator
2318 3689 2661 3749 transfertur
2686 3711 2722 3748 a

303 3774 455 3824 statu
499 3768 719 3842 peccati
762 3767 837 3824 ad
868 3777 1079 3827 statum
1131 3769 1347 3845 gratiae,
1380 3778 1455 3827 et
1473 3769 1674 3827 unitur
1722 3769 1954 3827 Christo
2005 3771 2192 3862 Capiti
2249 3790 2354 3827 suo
2399 3789 2501 3844 pcr
2526 3770 2717 3827 fidem.

308 3845 463 3903 Hinc
487 3848 639 3903 enim
661 3847 742 3918 fit,
775 3855 837 3904 ut
854 3848 1085 3920 justitia
1103 3849 1316 3906 Christi
1333 3849 1422 3906 illi
1443 3849 1760 3924 imputetur
1779 3868 1814 3905 a
1838 3849 1980 3940 Deo,
2013 3850 2179 3921 cujus
2206 3848 2410 3905 merito
2428 3868 2530 3923 per
2548 3848 2723 3906 fidem

300 3925 659 4002 apprehenso
688 3926 1010 3983 absolvitur
1037 3946 1072 3983 a
1099 3928 1350 4002 peccatis
1380 3928 1516 4002 suis,
1569 3937 1629 3985 et
1648 3927 1750 4000 jus
1779 3926 1853 3985 ad
1883 3928 2061 3984 vitam
2085 3927 2495 4003 consequitur3
2544 3947 2719 4003 quam

302 4005 642 4063 sententiam
675 4004 1086 4062 absolutoriam
1133 4005 1381 4081 Spiritus
1422 4007 1483 4064 in
1525 4006 1698 4065 corde
1726 4007 2082 4082 pronunciat,
2114 4026 2293 4083 quum
2341 4007 2438 4080 ait,
2490 4007 2722 4080 Confide

289 4086 402 4162 fili,
434 4086 668 4143 remissa
695 4093 824 4142 sunt
852 4085 950 4142 tibi
965 4094 1203 4159 peccata
1226 4098 1339 4142 tua.

388 4165 507 4223 IX.
554 4165 734 4223 Porro
769 4164 1113 4237 justificatio
1164 4165 1274 4222 ista
1318 4164 1705 4222 diversimode
1762 4164 2009 4239 spectari
2057 4174 2267 4243 potest.
2356 4169 2407 4224 1.
2452 4167 2645 4224 Active
2686 4187 2721 4225 a

301 4254 464 4321 parte
497 4245 607 4304 Dei
626 4243 968 4303 sententiam
992 4243 1403 4302 absolutoriam
1432 4263 1534 4319 per
1559 4243 1833 4319 Spiritum
1865 4244 1925 4300 in
1963 4245 2135 4304 corde
2163 4245 2352 4303 fidelis
2381 4245 2717 4321 intimantis,

301 4335 360 4383 et
379 4325 739 4398 judicialiter
760 4344 834 4382 ex
863 4323 1096 4382 Throno
1126 4325 1346 4399 gratiae,
1382 4324 1534 4381 Heb.
1579 4324 1658 4381 iv.
1698 4326 1784 4397 16,
1832 4343 2004 4400 super
2032 4345 2137 4383 nos
2166 4325 2615 4402 pronunciantis,
2663 4336 2722 4385 et

292 4406 518 4478 passive
559 4425 595 4462 a
642 4412 803 4481 parte
852 4404 1051 4477 nostri,
1102 4412 1386 4478 quatenus
1436 4402 1779 4461 sententiam
1836 4403 2005 4462 istam
2049 4405 2459 4463 absolutoriam
2509 4405 2567 4462 in
2597 4405 2721 4464 foro

302 4483 667 4542 conscientiae
697 4504 800 4560 per
831 4483 1106 4560 Spiritum
1143 4483 1201 4541 S.
1233 4483 1572 4557 intimatam,
1606 4503 1735 4540 cum
1765 4482 1897 4558 fide,
1929 4484 2159 4560 gaudi0,
2202 4494 2261 4543 et
2303 4485 2722 4562 gratititudinis

301 4564 713 4638 protestatione
742 4563 1099 4622 admittimus
1129 4571 1187 4621 et
1230 4563 1591 4639 suscipimus,

385 4642 467 4701 X.
517 4642 800 4723 Secund0‚
824 4645 1212 4702 universaliter
1233 4643 1425 4719 quoad
1446 4651 1668 4718 statum,
1693 4662 1870 4719 quum
1889 4644 2133 4721 primum
2158 4643 2465 4722 recipimur
2485 4646 2544 4704 in
2568 4665 2720 4705 com-

303 1351 414 1396 Non
472 1350 558 1396 fiet
588 1356 783 1396 tantum

364 1412 625 1455 novissimo
646 1411 737 1453 die.
