3221 5200
321 368 543 418 Quaes‘r.
568 349 684 432 1v.]
1131 367 1209 408 nu
1238 366 1472 408 ormcro
1500 366 1738 408 camsi-1
1768 368 2156 410 muniar-omo.
2629 358 2745 416 341

319 529 507 571 omnes
535 513 636 589 qui
658 513 776 587 ejus
815 509 1124 586 implorant
1162 508 1456 584 auxilium,
1501 509 1786 585 petitionis
1827 531 1945 568 suae
1990 514 2299 571 salutarem
2343 528 2752 590 consequantur

319 594 628 668 effectum?
714 592 793 650 Et
818 590 1033 649 ibidem
1063 609 1168 667 pro
1201 590 1634 664 Innocentibus,
1670 595 1705 623 ‘⁴
1728 592 2065 650 Sanctorum
2096 601 2335 668 tuorum,
2356 595 2618 670 Domine,
2639 597 2751 672 pia

319 674 475 732 nobis
497 695 609 731 non
636 672 778 730 desit
802 672 1004 744 oratio,
1037 690 1162 746 quae
1190 679 1244 728 et
1268 690 1504 728 munera
1533 680 1730 729 nostra
1752 671 2017 746 conciliet,
2042 681 2096 730 et
2109 681 2264 731 tuam
2285 674 2439 732 nobis
2457 675 2747 751 indulqen-

320 754 459 812 tiam
482 753 779 812 obtineat.''
847 752 918 808 In
950 751 1127 810 Festo
1157 749 1412 808 omnium
1446 750 1806 827 Sanctorum,
1842 754 1877 784 ‘⁴
1905 752 2236 819 Quoesumus
2280 762 2341 811 ut
2368 755 2751 815 desideratam

319 835 475 893 nobis
502 843 613 893 tuoe
629 831 1052 909 propitiationis
1080 831 1487 889 abundantiam
1513 831 1895 907 multiplicatis
1921 834 2385 892 Inter-sessoribus
2413 836 2747 913 laryiarisl'

321 913 526 988 Quoad
553 912 1003 973 satisfactionem
1032 931 1170 970 vero
1199 920 1396 969 notum
1427 919 1517 969 est
1555 931 1660 988 per
1703 911 1910 971 merita
1955 912 2296 972 Sanctorum
2344 913 2500 972 bona
2539 936 2574 974 a
2623 916 2750 976 Deo

319 995 618 1072 postulari.
650 994 722 1051 In
748 994 923 1052 Festo
944 991 1172 1050 Nicolai
1192 991 1465 1068 Episcopi
1484 999 1705 1068 petunt,
1728 992 1874 1070 Ejus
1894 993 2113 1052 meritis
2135 1003 2194 1053 et
2209 994 2521 1071 precibusa
2533 996 2748 1073 gehen-

318 1095 410 1134 nae
438 1074 721 1134 incendiis
747 1073 999 1132 liberari.
1045 1072 1117 1130 In
1141 1072 1318 1130 Festo
1348 1071 1561 1130 Leonis
1609 1072 1801 1149 Papae,
1847 1073 2173 1150 Athanasii,
2199 1074 2423 1149 Basilii,
2456 1076 2539 1135 sic
2568 1077 2746 1153 aiunt,

322 1158 359 1189 “
375 1156 522 1233 Ejus
551 1154 1041 1214 intercedentibus
1068 1152 1305 1226 meritis,
1336 1152 1410 1210 ab
1432 1152 1700 1211 omnibus
1718 1172 1827 1212 nos
1848 1153 2087 1213 absolve
2108 1155 2420 1232 peccatis.''
2454 1156 2525 1214 In
2543 1166 2751 1216 octava

323 1236 482 1295 Petri
509 1246 568 1295 et
588 1235 773 1310 Pauli,
843 1236 881 1266 ‘⁴
905 1235 987 1293 Ut
1031 1233 1328 1291 amborum
1348 1233 1567 1292 meritis
1605 1233 1944 1292 aeternitatis
1984 1234 2228 1311 gloriam
2271 1239 2748 1314 consequamur.''

321 1316 446 1376 Nec
475 1315 700 1375 abludit
718 1315 867 1373 Bell.
889 1315 930 1373 l.
951 1315 989 1373 i.
1011 1313 1082 1372 de
1105 1312 1328 1390 indulg.
1350 1332 1399 1372 c.
1423 1317 1479 1372 4.
1506 1315 1542 1346 “
1563 1314 1616 1371 N
1620 1333 1696 1371 on
1717 1322 1806 1372 est
1826 1315 2196 1389 absurdum,'’
2216 1315 2418 1394 inquit,
2447 1317 2546 1377 “si
2562 1318 2747 1378 sancti

321 1396 454 1456 Viri
484 1396 904 1473 Redemptores
926 1394 1107 1453 nostri
1136 1393 1332 1471 aliquo
1353 1392 1524 1452 modo
1547 1392 1876 1469 dicuntur,’'
1900 1403 1959 1454 et
1979 1394 2142 1454 addit
2160 1395 2392 1471 ibidem,
2417 1417 2532 1455 non
2555 1399 2748 1476 inepte

320 1476 436 1536 dici
465 1485 695 1536 sanctos
727 1477 900 1534 Viros
928 1475 1123 1552 aliquo
1165 1473 1337 1532 modo
1382 1474 1502 1533 suis
1539 1474 1907 1551 passionibus
1955 1475 2168 1535 delicta
2208 1485 2406 1535 nostra
2451 1477 2748 1538 redimere.

323 1557 495 1617 Unde
523 1557 733 1616 falsum
762 1555 1211 1633 deprehenditur
1236 1554 1393 1632 quod
1420 1553 1573 1612 idem
1601 1554 1676 1613 de
1707 1554 1918 1613 Pontis.
1950 1555 2051 1614 lib.
2082 1559 2118 1615 3
2149 1577 2197 1616 c.
2229 1560 2325 1632 21,
2357 1567 2533 1636 negat
2561 1579 2623 1618 se
2652 1579 2748 1618 co·

317 1637 437 1697 lere
471 1638 713 1697 Sanctos
741 1646 806 1696 ut
837 1636 1206 1710 Mediatores,
1238 1633 1342 1694 sed
1369 1643 1593 1693 tantum
1621 1641 1688 1694 ut
1715 1655 1851 1694 suas
1877 1655 2077 1712 preces
2096 1637 2307 1695 nostris
2329 1636 2668 1715 adjungant.

322 1756 527 1802 Sanctus
575 1771 672 1801 non
704 1770 806 1802 esse
929 1717 1041 1774 VI.
1087 1716 1209 1774 Nos
1239 1715 1654 1773 Mediationem
1681 1715 2023 1774 Sanctorum
2048 1716 2471 1793 impugnamus.
2535 1719 2747 1794 Primo,

380 1816 511 1860 Mod.
544 1818 805 1873 probatur:
850 1797 1097 1857 Disertis
1131 1795 1440 1873 Scripturae
1469 1795 1682 1870 verbis,
1712 1816 1843 1872 quae
1871 1796 1973 1853 uni
2003 1796 2231 1855 Christo
2260 1797 2370 1854 hoc
2401 1798 2619 1857 Munus
2646 1799 2747 1858 tri-

380 1872 690 1920 LExl'rim.
706 1876 754 1918 Ἀ·
771 1874 813 1920 ⁵·
856 1879 1057 1950 buunt,
1094 1881 1121 1935 1
1146 1877 1294 1935 Tim.
1324 1876 1384 1933 ii.
1416 1878 1470 1949 5,
1504 1878 1540 1908 “
1568 1875 1736 1935 Unus
1760 1875 1938 1951 Deus,
1959 1896 2109 1934 unus
2128 1875 2417 1935 Mediator
2437 1878 2547 1936 Dei
2570 1886 2628 1936 et
2647 1880 2750 1938 ho-

319 1959 558 2036 minum,
591 1960 855 2018 Christus
883 1959 1055 2016 homo
1079 1959 1135 2031 ;’'
1169 1957 1288 2016 Ubi
1318 1956 1608 2014 Mediator
1636 1975 1784 2014 unus
1807 1955 2032 2031 dicitur,
2065 1977 2178 2014 uon
2203 1957 2411 2033 plures,
2438 1966 2496 2016 et
2517 1958 2752 2035 quidem

322 2040 603 2114 ChristuS,
633 2059 751 2098 non
783 2040 1029 2098 Sanctus
1057 2037 1283 2114 aliquiS,
1315 2047 1415 2094 aut
1439 2036 1723 2112 AngeluS,
1749 2036 1846 2113 qui
1870 2056 1931 2094 se
1955 2035 2115 2096 dedit
2134 2040 2342 2095 ἀντιλυτ
2371 2063 2417 2093 ον
2436 2058 2541 2115 pro
2562 2039 2750 2098 nobis.

322 2121 565 2180 Frustra
593 2122 685 2178 hic
709 2120 1040 2196 reponitur:
1075 2123 1126 2176 1.
1180 2120 1361 2176 Unum
1384 2117 1497 2174 dici
1522 2137 1633 2174 non
1662 2117 1899 2174 unicum.
1945 2116 2093 2190 Quia
2135 2138 2254 2176 vox
2343 2145 2365 2182 ς
2414 2137 2530 2175 non
2578 2119 2751 2178 modo

319 2221 516 2275 unum,
533 2202 695 2260 sedet
711 2201 934 2258 unicum
952 2219 1102 2275 saepe
1130 2205 1308 2271 notat,
1328 2207 1394 2256 ut
1406 2196 1559 2273 apud
1582 2197 1839 2270 Homer„
1876 2198 1961 2254 οὐκ
1977 2202 2161 2268 ἀγαθον
2178 2199 2539 2279 πολυκοιςαιίιι,
2564 2195 2629 2262 εἷς
2650 2206 2747 2259 ul-

322 2307 458 2362 ςεινος
482 2279 622 2356 ἰ’στυ,
653 2279 715 2347 ιῖς
735 2278 990 2354 Ceo-ank,
1023 2288 1082 2337 et
1110 2278 1261 2356 apud
1287 2276 1472 2354 Virg.,
1507 2277 1637 2334 Una
1656 2278 1810 2333 salus
1832 2277 1999 2352 victis,
2025 2278 2102 2334 id.
2127 2279 2312 2354 unica,
2339 2280 2422 2337 sic
2445 2281 2659 2356 passim
2688 2281 2749 2339 in

327 2363 640 2438 &cripturzn
657 2363 806 2439 Eph.
830 2362 908 2419 iv.
941 2365 995 2435 6,
1024 2360 1192 2417 Rom.
1208 2358 1286 2416 iii.
1308 2360 1397 2432 10,
1416 2360 1508 2432 12,
1529 2360 1556 2414 1
1574 2356 1723 2414 Tim.
1748 2356 1827 2414 iii.
1843 2361 1897 2432 2,
1918 2360 2008 2432 12,
2022 2358 2179 2434 quod
2192 2378 2307 2416 non
2327 2359 2601 2418 diffitetur
2613 2360 2750 2419 Bel-

323 2442 442 2501 lar.
460 2443 558 2501 lib.
594 2449 622 2500 1
650 2443 721 2501 de
752 2443 998 2516 Christe,
1025 2460 1149 2516 cap.
1181 2442 1236 2498 3.
1259 2437 1430 2496 Hanc
1451 2437 1624 2495 etiam
1649 2435 2128 2513 significationem
2147 2438 2332 2515 exigit
2354 2459 2540 2498 sermo
2565 2439 2751 2516 Pauli,

324 2523 462 2600 quia
507 2544 574 2582 eo
619 2523 791 2582 modo
840 2521 1052 2580 dicitur
1078 2525 1145 2584 a:
1171 2518 1383 2595 pannium,
1431 2516 1739 2595 quomod0,
1784 2516 1895 2582 210'5
1945 2527 2185 2576 vocatur
2232 2525 2317 2594 εἷς,
2363 2540 2480 2579 non
2528 2528 2753 2580 tantum

323 2625 490 2679 unuS,
523 2605 627 2664 sed
654 2616 713 2665 et
741 2604 963 2679 unicus,
994 2600 1292 2661 exclusive
1320 2598 1396 2658 ad
1423 2598 1599 2657 alium
1630 2598 1913 2675 quemvis.

407 2686 551 2745 VII.
596 2691 652 2745 2.
685 2687 833 2744 Exc.
882 2685 997 2760 Aqi
1021 2686 1091 2742 de
1118 2682 1439 2741 Mediatore
1465 2679 1902 2755 Redemptionis,
1934 2680 2035 2756 qui
2055 2680 2129 2738 sit
2153 2681 2362 2755 unicias,
2413 2684 2519 2740 sed
2543 2702 2656 2741 non
2684 2684 2754 2741 de

323 2768 647 2825 Mediatore
664 2765 1097 2839 Intercessionis,
1119 2763 1220 2841 qui
1235 2763 1410 2821 socios
1420 2760 1919 2837 possitadmittere.
1954 2760 2128 2838 Resp.
2153 2764 2204 2820 1.
2234 2762 2546 2821 Distinctio
2557 2771 2646 2821 est
2664 2762 2749 2839 ig-

321 2856 461 2905 nota
483 2848 809 2923 Scripturas,
831 2866 960 2921 quae
977 2845 1211 2903 unicum
1236 2842 1616 2901 Mediatorem
1635 2850 1814 2914 notat,
1836 2860 1952 2899 non
1968 2841 2190 2917 plures;
2216 2846 2272 2899 2.
2300 2842 2608 2919 Perperam
2636 2842 2752 2901 dis-

322 2927 610 3001 tinguitur
641 2926 928 2983 Mediator
959 2922 1412 2998 Redemptionis,
1443 2930 1502 2979 et
1533 2920 1987 2993 Intercessionis,
2028 2921 2165 2997 quia
2192 2941 2362 2979 nemo
2390 2931 2582 2999 potest
2626 2943 2754 2982 esse

327 3005 617 3063 Mediator
649 3003 1103 3077 Intercessionis,
1134 3003 1370 3078 quinon
1400 3001 1475 3058 sit
1495 3008 1554 3058 et
1584 2998 2041 3076 RedemptioniS.
2088 3000 2221 3058 Duo
2242 3001 2397 3058 enim
2426 3002 2540 3060 ista
2556 3003 2756 3061 munia

322 3086 562 3160 ἱλαρὰς,
593 3095 652 3143 et
679 3085 998 3159 ἱμφαιισμὶς,
1050 3091 1184 3139 sunt
1206 3080 1335 3137 duae
1381 3087 1572 3155 partes
1613 3077 2003 3151 Mediationis‚
2050 3098 2180 3154 quae
2225 3079 2301 3136 ad
2321 3080 2474 3138 idem
2504 3080 2755 3140 officium

324 3166 629 3244 pertinent,
654 3184 760 3222 nec
779 3162 1030 3240 separari
1061 3179 1312 3237 unquam
1337 3158 1566 3232 debent,
1588 3166 1653 3215 ut
1674 3157 2105 3233 conjunguntur
2129 3157 2185 3213 in
2209 3158 2521 3234 Scriptura,
2558 3163 2585 3217 1
2612 3160 2657 3218 J
2660 3162 2753 3219 oh.

323 3247 384 3304 ii.
407 3249 455 3320 1,
472 3249 526 3321 2,
551 3246 720 3303 Rom.
734 3244 854 3301 viii.
871 3246 965 3318 34,
985 3241 1138 3299 Heb.
1153 3239 1272 3298 viii.
1287 3240 1382 3312 25,
1396 3246 1462 3296 ut
1484 3237 1591 3295 sub
1607 3237 1764 3312 Lege
1778 3236 2049 3295 adsolum
2064 3237 2423 3296 Pontificiem
2434 3239 2759 3315 pertinebat

322 3326 384 3384 in
412 3326 735 3384 Sacrarium
766 3324 1007 3401 ingredi,
1040 3332 1097 3381 et
1108 3319 1402 3397 deprecari
1429 3337 1532 3395 pro
1543 3317 1774 3395 popu10,
1789 3316 1863 3373 ad
1892 3336 2060 3392 quem
2073 3317 2398 3393 pertinebat
2410 3317 2748 3378 sacrificare.

324 3410 380 3467 3.
416 3406 704 3465 Pontificii
733 3406 843 3482 ipsi
872 3402 1298 3462 distinctionem
1328 3400 1494 3457 istam
1521 3397 1871 3471 convellunt,
1904 3396 2041 3456 dum
2075 3398 2316 3456 Sanctus
2340 3398 2759 3477 Redemptores

321 3486 747 3565 quodammodo
776 3490 1114 3561 agnoscunt,
1147 3490 1205 3540 et
1227 3479 1432 3538 volunt
1460 3497 1560 3537 eos
1586 3497 1704 3536 non
1731 3486 1954 3536 tantum
1984 3497 2144 3536 orare
2185 3487 2250 3538 ut
2292 3478 2601 3555 salvemur,
2654 3480 2758 3539 sed

326 3578 384 3627 et
396 3568 615 3626 meritis
645 3568 765 3625 suis
794 3566 1053 3624 obtinere
1082 3562 1249 3621 nobis
1279 3561 1543 3618 salutem.
1592 3557 1764 3617 Unde
1792 3566 1997 3635 petunt
2024 3558 2097 3616 ab
2127 3558 2267 3636 ipsis
2296 3560 2575 3638 idipsum,
2597 3562 2756 3639 quod

324 3668 360 3706 a
388 3649 616 3707 Christo
648 3648 1052 3723 Redemptore,
1084 3642 1478 3703 remissionem
1499 3648 1883 3717 peccatorum,
1916 3647 1974 3698 et
2016 3638 2198 3697 vitam
2241 3649 2530 3716 aeternam,
2582 3641 2756 3719 idque

324 3748 401 3786 ex
431 3729 490 3786 vi
518 3729 867 3803 meritorum,
900 3736 964 3785 ut
992 3733 1163 3783 antea
1189 3723 1397 3796 visum,
1429 3720 1585 3797 quod
1615 3719 1811 3796 utique
1857 3719 1933 3777 ad
1977 3719 2428 3798 redemptionem
2471 3722 2756 3797 pertinere

327 3826 499 3864 nemo
525 3827 641 3864 non
664 3808 840 3866 videt.
885 3806 1046 3864 Nihil
1074 3803 1433 3882 frequentius
1459 3809 1548 3859 est
1566 3800 1721 3877 apud
1743 3800 1917 3877 ipsos,
1932 3819 2105 3875 quam
2129 3800 2200 3859 B.
2224 3801 2529 3877 Virginem
2548 3821 2757 3860 vocare

337 3888 790 3963 Redemptricem
812 3896 870 3946 et
898 3885 1283 3945 liberatricem
1312 3890 1698 3960 peccatorum.
1730 3884 1787 3938 4.
1820 3880 2039 3937 Paulus
2088 3899 2201 3936 non
2234 3882 2356 3956 agit
2407 3889 2632 3938 tantum
2680 3881 2753 3939 de

332 3966 655 4025 Mediatore
688 3965 1142 4043 Redemptionis,
1175 3963 1278 4022 sed
1306 3970 1364 4020 et
1395 3960 1854 4033 Intercessiouis‚
1885 3959 2023 4036 quia
2050 3960 2172 4035 agit
2201 3958 2273 4017 de
2302 3960 2594 4018 oblatione
2623 3980 2752 4036 pre-

330 4068 479 4122 cum,
511 4067 641 4124 quoe
663 4066 766 4123 pro
795 4046 1098 4123 quibusvis
1126 4043 1458 4102 hominibus
1487 4040 1713 4117 concipi
1743 4039 1972 4111 debent,
2003 4058 2110 4096 nec
2140 4049 2381 4115 possunt
2401 4039 2509 4097 rite
2533 4039 2759 4117 concipi

326 4129 440 4187 nisi
472 4129 529 4186 in
561 4128 739 4186 solius
770 4125 984 4184 Christi
1012 4125 1260 4199 nomine,
1293 4122 1391 4199 qui
1420 4141 1571 4180 unus
1599 4130 1689 4178 est
1719 4117 2008 4176 Mediator
2034 4128 2248 4176 noster.

411 4209 593 4268 VIII.
638 4212 692 4267 3.
719 4208 865 4265 Exc.
906 4207 1152 4263 Paulum
1181 4204 1334 4280 loqui
1359 4204 1428 4260 de
1455 4201 1779 4259 Mediatore
1788 4198 2094 4274 primario,
2116 4197 2446 4274 principali,
2490 4208 2543 4256 et
2570 4199 2755 4258 imme·

328 4291 502 4365 diato,
523 4291 625 4347 sed
642 4310 751 4347 non
773 4287 1002 4346 excludi
1017 4287 1140 4345 idco
1156 4283 1538 4357 secundarios,
1553 4279 1956 4353 ministeriales,
1970 4287 2023 4336 et
2037 4279 2323 4352 mediatoe,
2344 4282 2620 4354 quomodo
2638 4281 2762 4339 licet

329 4373 489 4429 Deus
514 4372 664 4428 solus
691 4371 863 4427 bonus
890 4368 1131 4440 dicatur,
1164 4374 1217 4423 et
1241 4363 1496 4424 Christus
1522 4381 1667 4418 unus
1688 4359 1984 4433 ᾹΙαρὶεἰεν,
2008 4378 2120 4416 non
2165 4360 2341 4417 obstat
2389 4360 2679 4435 quominus
2708 4370 2761 4419 et

328 4451 435 4508 alii
458 4451 566 4507 sint
595 4452 883 4523 Doctores,
918 4457 972 4507 et
995 4447 1102 4505 alii
1125 4445 1265 4505 boni.
1297 4445 1472 4519 Resp.
1499 4440 1812 4499 Distinctio
1841 4448 1929 4498 est
1942 4436 2194 4519 ἔγςαφος,
2221 4439 2334 4496 imo
2358 4449 2416 4498 et
2437 4441 2754 4520 a'cnlygoepoq,

334 4529 629 4606 Scriptura
657 4530 807 4587 enim
831 4547 1116 4604 nusquam
1145 4527 1341 4603 plures
1371 4522 1725 4581 Mediatores
1746 4519 1913 4578 nobis
1940 4520 2227 4597 proponit,
2257 4519 2352 4577 vel
2381 4520 2455 4578 ad
2485 4540 2585 4579 cos
2612 4521 2755 4581 fide-

328 4611 415 4669 les
456 4609 713 4667 remittit.
759 4611 885 4667 Imo
908 4628 1038 4666 eum
1068 4608 1178 4664 hoc
1208 4604 1456 4663 officium
1487 4602 1587 4660 uni
1618 4600 1844 4658 Christo
1888 4600 2121 4674 tribuat,
2168 4620 2236 4658 eo
2287 4599 2411 4677 ipso
2460 4601 2590 4659 aliis
2633 4622 2761 4661 esse

330 4690 631 4753 ἄκοιυάητου
658 4688 845 4746 docet.
893 4689 1010 4746 Nec
1043 4686 1230 4744 simile
1260 4684 1500 4742 allatum
1528 4701 1598 4739 eo
1626 4680 1879 4758 respicit,
1909 4701 2041 4738 nam
2076 4682 2235 4739 Deus
2278 4680 2358 4739 ita
2404 4681 2592 4741 bonus
2621 4682 2761 4740 dici-
