3221 5200
558 347 635 404 74
1440 355 1624 399 Locus
1654 353 2012 396 unnncnms.
2544 330 2795 412 [qums-r.
2825 352 2961 393 xm.

555 509 867 582 potuerunt
894 498 1310 561 commodiores
1338 516 1482 572 esse,
1513 516 1690 574 quam
1718 496 1843 555 dies
1884 492 2114 572 septimi
2146 490 2611 567 hebdomadales,
2643 491 2744 568 qui
2769 512 2806 550 a
2834 493 2967 551 Deo

552 583 831 661 peculiari
859 581 1080 640 ratione
1108 577 1397 639 benedicti
1425 585 1483 637 et
1525 575 1866 636 sanctificati
1894 581 2058 634 erant
2097 573 2174 632 ad
2201 573 2454 651 quietem
2478 572 2731 632 hominis
2758 573 2835 632 ad
2872 573 2964 631 in·

553 671 675 721 star
741 661 914 721 uictis
944 661 1073 720 Dei.

611 834 1037 879 ω.
1081 731 2839 894 Ηωωρωωεενωωω

614 893 868 938 Sabbathi.
1077 898 1294 957 morale
1316 905 1375 957 et
1393 905 1752 975 perpetuum,
1773 894 1875 952 An
1891 893 2285 953 caeremoniale
2312 900 2538 951 tantum
2566 899 2625 950 et
2645 891 2719 949 ad
2737 900 2964 950 certum

554 986 782 1054 tempus
810 975 1186 1037 constitutum
1207 980 1237 1036 Ρ
1318 976 1484 1035 Circa
1505 996 1679 1053 quam
1701 976 1845 1033 Tres
1867 980 2174 1033 occurrunt
2199 972 2503 1050 praecipuae
2532 971 2962 1049 Theologorum

558 1057 890 1132 Sententiae,
923 1057 1070 1115 Duae
1099 1065 1389 1132 extremae,
1415 1064 1474 1115 et
1494 1055 1691 1114 Tertia
1718 1054 1924 1113 media.
2010 1053 2206 1111 Prima
2226 1072 2354 1129 quae
2376 1051 2579 1111 statuit
2600 1052 2963 1128 Praeceptum

553 1156 679 1196 esse
709 1136 1046 1213 simpliciter
1084 1137 1301 1195 morale
1342 1144 1402 1196 et
1440 1144 1801 1213 perpetuum,
1833 1134 2019 1209 Quam
2057 1140 2375 1209 sequuntur
2401 1132 2444 1190 J
2448 1130 2637 1206 udaei3
2682 1130 2784 1190 Ad
2811 1149 2964 1208 quos

552 1215 903 1275 accedebant
932 1216 1069 1274 olim
1100 1216 1406 1291 Ebionitae,
1441 1214 1813 1288 Cerinthiani,
1840 1212 2291 1290 Apollinaristae,
2321 1218 2381 1270 et
2401 1210 2516 1286 alii,
2542 1209 2833 1269 communi
2852 1230 2962 1268 no·

553 1295 706 1354 mine
734 1296 1098 1354 Sabbatkarii
1130 1295 1287 1371 dicti,
1333 1295 1434 1373 qui
1474 1294 1629 1353 diem
1671 1294 1977 1371 septimum
2018 1311 2136 1351 non
2175 1291 2368 1349 minus
2408 1310 2561 1349 nunc
2602 1310 2776 1368 quam
2817 1291 2962 1349 olim

552 1374 897 1435 sanctificari
919 1375 1207 1451 volebant,
1232 1394 1378 1453 quos
1399 1396 1435 1434 a
1454 1373 1640 1434 veteri
1669 1372 1932 1432 Ecclesia
1958 1373 2243 1431 haereseos
2263 1370 2567 1430 damnatos
2585 1370 2765 1429 fiiisse
2792 1378 2964 1430 notat

554 1454 767 1514 Euseb.
797 1455 932 1514 hist.
961 1455 1063 1513 lib.
1083 1455 1164 1513 iii.
1195 1475 1320 1532 cap.
1340 1458 1413 1514 21
1439 1476 1453 1530 ς
1505 1473 1540 1513 a
1568 1452 1782 1530 quibus
1809 1472 1926 1510 non
1956 1459 2091 1510 sunt
2107 1451 2297 1526 alieni,
2313 1450 2414 1527 qui
2441 1450 2753 1509 etiamnum
2781 1450 2959 1510 hodie

550 1543 901 1611 praeceptum
929 1534 1040 1592 hoc
1067 1534 1330 1594 absolute
1360 1534 1575 1594 morale
1605 1552 1731 1591 esse
1759 1531 2125 1609 pertendunt,
2155 1538 2223 1590 ut
2237 1538 2447 1590 caetera
2472 1539 2759 1608 praecepta
2778 1529 2962 1606 Legis

549 1614 801 1689 moralis,
831 1613 1090 1690 adeoque
1119 1623 1393 1692 perpetuo
1423 1611 1884 1672 observandum:
1933 1610 2215 1685 Secunda,
2245 1628 2376 1687 quae
2412 1610 2619 1669 asserit
2645 1630 2772 1669 esse
2798 1629 2960 1668 mere

550 1694 962 1769 caeremoniale,
994 1693 1254 1771 adeoque
1282 1694 1625 1771 abrogatum
1653 1692 1969 1751 secundum
1999 1711 2061 1749 se
2087 1698 2274 1749 totum
2302 1709 2407 1767 per
2427 1689 2735 1766 Christum,
2758 1690 2820 1747 in
2840 1708 2962 1766 qua

550 1773 782 1834 fuerunt
810 1774 949 1833 olim
975 1774 1287 1834 Manichoei
1310 1782 1553 1849 veteres,
1597 1780 1658 1832 et
1683 1771 1857 1831 hodie
1884 1771 2287 1846 Anabaptihtoe,
2319 1776 2377 1828 et
2403 1769 2708 1844 Sociniani,
2744 1769 2846 1846 qui
2871 1769 2961 1828 ita

549 1855 890 1932 abrogatum
932 1853 1080 1911 illud
1119 1873 1246 1913 esse
1288 1855 1510 1927 volunt,
1552 1860 1620 1912 ut
1659 1851 1736 1909 ad
1778 1851 2134 1910 Christianos
2173 1849 2336 1909 nulla
2380 1848 2603 1908 ratione
2629 1849 2958 1926 pertineat:

553 1933 785 1992 Catech.
819 1932 1005 1990 Rako,
1037 1952 1159 2009 cap.
1190 1931 1229 1991 i.
1260 1933 1335 1991 ad
1362 1953 1419 2010 q.
1452 1935 1547 2007 69,
1578 1930 1889 2008 respondet
1918 1932 1955 1964 ‘⁴
1977 1931 2269 1989 sublatum
2296 1948 2424 1987 esse
2452 1929 2560 1987 sub
2590 1929 2664 1987 N.
2689 1927 2958 2003 Foedere,

548 2022 615 2073 ut
642 2014 786 2071 alias
814 2011 1241 2087 caeremonias,”
1275 2013 1353 2071 Et
1380 2012 1592 2071 Volke.
1621 2011 1724 2069 lib.
1754 2011 1833 2069 iv.
1863 2029 1988 2087 cap.
2016 2013 2107 2085 14,
2143 2010 2179 2043 “
2202 2008 2482 2083 Quartum
2502 2008 2783 2085 Decalogi
2809 2028 2957 2085 prae-

548 2101 779 2170 ceptum
808 2092 880 2151 de
913 2090 1225 2165 sabbatho,
1257 2092 1415 2168 quod
1441 2091 1580 2151 olim
1603 2090 1881 2149 Israelitis
1903 2089 2101 2149 datum
2122 2097 2262 2163 erat,
2286 2095 2376 2146 est
2402 2088 2815 2163 caeremoniale,
2837 2107 2961 2146 nou

549 2174 782 2247 morale,
827 2180 887 2231 et
926 2191 1097 2249 porro
1142 2172 1217 2230 ad
1263 2172 1478 2230 Christi
1519 2169 1885 2247 disciplinam
1926 2169 2073 2227 nihil
2119 2169 2427 2246 quicquam
2464 2168 2714 2245 pertinet
2732 2169 2787 2243 ;’'
2833 2168 2961 2227 Nec

549 2251 760 2310 desunt
787 2252 903 2326 alii,
935 2251 1147 2328 quibus
1173 2252 1299 2310 haec
1328 2251 1615 2311 sententia
1641 2250 1890 2309 arridet:
1934 2249 2130 2308 Tertia
2155 2248 2362 2322 media,
2387 2267 2517 2324 quae
2545 2248 2676 2307 vult
2702 2267 2958 2325 praecep-

549 2340 670 2390 tum
693 2332 805 2389 hoc
826 2350 952 2388 esse
975 2331 1239 2407 mixtum,
1264 2331 1342 2390 id.
1366 2331 1575 2408 partim
1595 2330 1832 2405 morale,
1856 2328 2062 2406 partim
2088 2327 2501 2403 caeremoniale,
2526 2328 2741 2387 morale
2763 2327 2961 2405 quoad

547 2411 927 2484 substantiam,
973 2410 1245 2469 nimirum
1285 2412 1477 2471 cultus
1518 2410 1705 2468 divini
1746 2409 2148 2468 necessitatem
2188 2416 2345 2467 certo
2387 2415 2446 2466 et
2487 2414 2638 2466 stato
2678 2416 2956 2483 tempore,

549 2489 945 2549 caeremoniale
972 2509 1113 2547 vero
1141 2486 1334 2566 quoad
1375 2489 1868 2559 circumstantiam,
1915 2487 2145 2563 septimi
2171 2486 2288 2545 diei
2329 2486 2452 2545 scil.
2482 2486 2830 2563 peculiarem
2856 2487 2959 2545 de-

549 2569 1011 2629 terminationem
1041 2589 1055 2642 ;
1098 2567 1240 2641 Quae
1281 2576 1512 2646 recepta
1552 2576 1643 2627 est
1684 2567 1834 2626 inter
1862 2567 2249 2641 OrthodoxOS,
2294 2566 2463 2644 cujus
2510 2566 2813 2627 veritatem
2854 2566 2960 2626 de·

548 2647 996 2707 monstrabimus
1024 2646 1209 2705 tribus
1238 2646 1755 2723 Propositionibus.

623 2773 634 2784 .
741 2740 744 2743 ’
928 2770 938 2782 .
971 2770 982 2782 .
1154 2726 1311 2784 XX.
1358 2726 1588 2785 Prima:
1641 2728 1994 2801 Proeccptum
2033 2725 2113 2783 iv.
2159 2745 2273 2784 non
2323 2734 2404 2784 est
2449 2746 2523 2784 ex
2579 2726 2734 2785 omni
2780 2735 2962 2802 parte

549 2773 1034 2885 ΡῈ-ῗωῗιοιιῐῖιῖωξῖἶ
1074 2811 1290 2867 morale
1317 2812 1371 2864 et
1387 2815 1741 2882 perpetuum.
1828 2804 2115 2863 Probatur
2140 2814 2200 2863 et
2220 2813 2421 2864 contra
2447 2806 2490 2864 J
2496 2805 2709 2879 udaeos,
2733 2813 2792 2864 et
2818 2825 2961 2865 con-

596 2902 694 2930 που
705 2890 820 2989 alm
869 2889 1030 2931 totum
1071 2893 1161 2943 tra
1188 2885 1562 2960 Christianos,
1594 2883 1696 2962 qui
1722 2883 2045 2943 absolutam
2074 2884 2203 2961 ejus
2230 2884 2613 2944 moralitatem
2640 2885 2831 2943 adhuc
2858 2904 2959 2944 ur-

599 2960 704 2989 ¹¹¹⁰¹
754 2960 795 2990 ‘³'
1069 2972 1227 3042 gent.
1291 2965 1507 3039 Primo,
1538 2973 1740 3025 contra
1765 2965 1809 3023 J
1812 2962 2026 3038 udaeos,
2060 2965 2156 3021 Ex
2175 2972 2383 3024 natura
2402 2985 2595 3023 rerum
2616 2964 2917 3023 moralium
2932 2989 2961 3038 ,-

550 3065 682 3102 nam
725 3043 971 3103 moralia
1010 3052 1299 3123 praecepta
1335 3046 1524 3105 stricte
1558 3045 1643 3105 sic
1671 3044 1842 3119 dicta,
1888 3051 2025 3103 sunt
2051 3043 2124 3103 de
2155 3044 2313 3121 Lege
2355 3052 2592 3119 naturae,
2636 3044 2959 3104 conformia

549 3124 790 3203 imagini
821 3124 948 3198 Dei,
979 3134 1038 3185 et
1064 3126 1396 3185 notionibus
1424 3124 1563 3185 boni
1591 3133 1651 3184 et
1677 3124 1831 3200 mali,
1862 3124 2094 3182 honesti
2121 3132 2180 3182 et
2206 3123 2408 3200 turpis,
2439 3144 2569 3201 quae
2606 3124 2956 3202 principium

547 3206 765 3264 habent
792 3205 851 3261 in
880 3205 1005 3281 ipsa
1033 3215 1253 3283 natura,
1285 3215 1343 3265 et
1365 3226 1467 3283 per
1494 3226 1556 3265 se
1584 3204 1804 3265 faciunt
1824 3203 1899 3261 ad
1923 3204 2108 3262 bonos
2135 3222 2341 3279 mores,
2367 3203 2627 3281 adeoque
2650 3204 2801 3282 juris
2818 3212 2961 3264 sunt

549 3285 748 3344 aeterni
765 3294 824 3343 et
841 3284 1233 3344 immutabilis.
1316 3286 1476 3343 Talis
1498 3306 1637 3344 vero
1658 3305 1775 3343 non
1795 3291 1886 3343 est
1905 3282 2306 3342 determinatio
2335 3283 2565 3359 septimi
2582 3284 2716 3360 diei,
2740 3285 2955 3362 quippe

548 3383 678 3440 quae
707 3364 830 3421 sive
861 3366 1039 3427 ἁπλαῖς
1065 3365 1429 3423 considerata
1455 3365 1516 3421 in
1542 3385 1617 3440 ae,
1648 3384 1755 3423 nec
1782 3364 1935 3422 bona
1962 3383 2069 3421 nec
2098 3371 2298 3421 sancta
2326 3362 2418 3438 sit,
2451 3363 2577 3422 sive
2605 3374 2959 3440 comparate,-

547 3462 666 3500 non
706 3441 908 3499 melior
936 3442 1410 3502 determinatione
1450 3443 1600 3501 alius
1642 3442 1774 3516 diei,
1819 3442 1931 3500 nisi
1972 3442 2047 3500 ob
2089 3441 2494 3501 authoritatem
2537 3443 2719 3502 solam
2751 3444 2954 3520 praeci·

548 3519 776 3595 pientis.
861 3524 917 3576 2.
960 3522 1064 3577 Ex
1084 3521 1204 3595 ipso
1216 3531 1521 3597 praecepto,
1544 3522 1603 3579 in
1628 3541 1742 3598 quo
1764 3521 2154 3598 praescribitur
2172 3521 2575 3581 determinatio
2594 3523 2786 3583 cultus
2805 3524 2955 3601 pub-

547 3597 646 3655 lici
674 3597 749 3655 ad
778 3596 929 3656 diem
960 3600 1282 3676 septimum,
1314 3620 1444 3677 quae
1471 3621 1601 3660 cum
1632 3620 1790 3659 mera
1831 3600 1907 3659 sit
1934 3600 2207 3678 temporis
2248 3600 2695 3677 circumstantia,
2725 3623 2796 3662 eo
2824 3602 2955 3680 ipso

548 3676 842 3734 mutabilis
870 3678 1173 3753 censenda,
1204 3688 1378 3756 atque
1415 3681 1559 3739 adeo
1587 3681 2000 3740 caeremonialis
2027 3688 2087 3739 et
2112 3679 2379 3758 positiva,
2411 3700 2527 3739 non
2555 3682 2807 3742 moralis.
2891 3686 2952 3742 3.

547 3758 782 3835 Exfinc
799 3759 1089 3833 proecepttss
1122 3759 1270 3833 Quia
1297 3760 1447 3819 inter
1472 3760 1620 3820 alios
1646 3760 1808 3835 tinea,
1832 3759 2035 3819 habuit
2057 3761 2231 3819 etiam
2252 3761 2533 3820 rationem
2552 3762 2713 3838 siqni,
2735 3771 2793 3821 et
2813 3764 2951 3839 typi,

549 3836 707 3914 quod
746 3836 875 3895 ideo
918 3856 1023 3896 suo
1050 3846 1307 3916 tempore
1349 3839 1615 3917 abrogari
1644 3840 1881 3915 debuit;
1924 3840 2088 3916 Siyni
2112 3840 2363 3917 quidem,
2396 3840 2534 3899 dum
2561 3850 2805 3900 vocatur
2831 3843 2950 3918 sig-

546 3937 684 3976 num
713 3916 945 3975 foederis
972 3917 1123 3977 inter
1152 3919 1341 3978 Deum
1369 3927 1428 3980 et
1455 3920 1748 3980 Israelitas
1788 3920 1934 3995 initi,
1967 3920 2158 3978 Exod.
2187 3919 2355 3979 xxxi.
2389 3923 2481 3995 13,
2514 3927 2573 3979 et
2601 3922 2814 3980 Ezecb.
2845 3941 2950 3981 xx.

551 4002 644 4073 12,
677 4001 772 4072 20,
804 3994 932 4072 &c.,
965 3997 1194 4075 signum
1223 4019 1339 4058 non
1369 4001 1728 4060 indicativwn
1749 4009 1973 4060 tantum
1995 4000 2204 4076 qratioe
2220 4001 2534 4076 praecatas,
2555 4000 2659 4059 sed
2685 4009 2746 4060 et
2773 4002 2952 4076 obeiq-

546 4079 1043 4153 nativumsuturoe,
1072 4098 1188 4137 non
1215 4087 1440 4139 tantum
1461 4081 1505 4140 J
1507 4081 1754 4139 ehovam
1781 4099 1908 4138 esse
1939 4080 2129 4138 Deum
2149 4080 2193 4139 J
2195 4080 2507 4156 udaeorum,
2539 4080 2644 4139 sed
2671 4088 2732 4139 et
2759 4081 2951 4138 Deum

544 4158 678 4217 illos
706 4156 1158 4217 sanctificantem
1178 4181 1192 4233 ;
1241 4161 1389 4235 Zispi
1404 4180 1560 4234 vero,
1585 4160 1724 4237 quia
1749 4158 1963 4218 dicitur
1987 4179 2117 4219 cum
2136 4161 2359 4218 caeteris
2377 4159 2733 4219 caeremoniis
2753 4161 2957 4219 umbra

526 4242 883 4312 fiatur-orum,
916 4237 1039 4295 Col.
1069 4238 1129 4295 ii.
1164 4241 1254 4322 l6,
1291 4244 1382 4315 17,
1428 4240 1778 4298 adumbrans
1819 4238 2041 4297 scilicet
2068 4239 2356 4317 duplicem
2390 4238 2650 4298 fidelium
2678 4240 2951 4316 quietem,

545 4338 718 4395 quam
746 4318 808 4376 in
837 4316 1066 4376 Christo
1094 4318 1373 4394 obtinent,
1420 4319 1676 4377 Primam
1711 4318 2078 4394 spiritualem,
2123 4327 2245 4378 tum
2274 4319 2335 4377 in
2363 4318 2556 4396 quiete
2585 4319 2956 4379 conscientiae

545 4417 580 4454 a
608 4398 921 4456 terroribus
948 4397 1048 4455 irae
1077 4397 1306 4473 divinae,
1351 4406 1474 4458 tum
1517 4399 1577 4456 in
1616 4398 1934 4458 cessatione
1976 4397 2051 4456 ab
2079 4399 2350 4475 operibus
2390 4399 2606 4457 nostris
2646 4399 2833 4473 malis,
2878 4398 2952 4457 de

545 4495 661 4552 qua
690 4477 900 4535 Matth.
930 4477 1011 4536 xi.
1043 4479 1158 4552 28;
1208 4478 1451 4536 Roman.
1483 4498 1539 4536 v.
1576 4481 1603 4535 1
1632 4501 1647 4553 3
1696 4477 1876 4535 Hebr.
1906 4477 1986 4536 iv.
2019 4480 2094 4553 33
2143 4477 2258 4537 Isa.
2305 4478 2453 4536 lviii.
2489 4481 2580 4553 13,
2618 4482 2729 4538 14:
2778 4478 2952 4539 Unde

545 4553 737 4612 cultus
766 4555 1080 4630 spiritualis
1109 4557 1182 4615 N.
1213 4557 1370 4617 Test.
1401 4558 1549 4618 solet
1577 4556 1827 4617 describi
1854 4576 1932 4616 ex
1960 4558 2114 4634 stylo
2140 4557 2389 4635 Spiritus
2424 4558 2641 4633 Sancti,
2667 4558 2767 4635 qui
2795 4578 2953 4635 mys-

545 4633 690 4692 teria
719 4633 1028 4710 Evangelii
1056 4637 1315 4697 terminis
1342 4637 1630 4715 legalibus
1656 4645 1723 4697 ut
1748 4636 2059 4715 plurimum
2101 4637 2426 4715 exprimere
2455 4645 2628 4713 amat,
2672 4657 2776 4714 per
2806 4637 2954 4697 Sab-
