<?xml version="1.0" encoding="UTF-8"?>
<!DOCTYPE html PUBLIC "-//W3C//DTD XHTML 1.0 Transitional//EN"
    "http://www.w3.org/TR/xhtml1/DTD/xhtml1-transitional.dtd">
<html xmlns="http://www.w3.org/1999/xhtml" xml:lang="en" lang="en">
 <head>
  <title>
</title>
<meta http-equiv="Content-Type" content="text/html;charset=utf-8" />
  <meta name='ocr-system' content='tesseract 3.04.00' />
  <meta name='ocr-capabilities' content='ocr_page ocr_carea ocr_par ocr_line ocrx_word'/>
</head>
<body>
  <div class='ocr_page' id='page_1' title='image "./institutiotheol01turrgoog_0137.png"; bbox 0 0 3221 5200; ppageno 0'>
   <div class='ocr_carea' id='block_1_1' title="bbox 258 370 2673 454">
    <p class='ocr_par' dir='ltr' id='par_1_1' title="bbox 258 370 2673 454">
     <span class='ocr_line' id='line_1_1' title="bbox 258 370 2673 454; baseline 0 -18"><span class='ocrx_word' id='word_1_1' title='bbox 258 392 490 444; x_wconf 64' lang='lat' dir='ltr'>Qun-:sau</span> <span class='ocrx_word' id='word_1_2' title='bbox 524 370 683 454; x_wconf 68' lang='lat' dir='ltr'>xm]</span> <span class='ocrx_word' id='word_1_3' title='bbox 1332 394 1413 434; x_wconf 82' lang='lat' dir='ltr'>m:</span> <span class='ocrx_word' id='word_1_4' title='bbox 1442 394 1596 435; x_wconf 73' lang='lat' dir='ltr'>naon</span> <span class='ocrx_word' id='word_1_5' title='bbox 1627 394 1748 437; x_wconf 77' lang='lat' dir='ltr'>nm.</span> <span class='ocrx_word' id='word_1_6' title='bbox 2561 377 2673 437; x_wconf 79' lang='lat'>109</span> 
     </span>
    </p>
   </div>
   <div class='ocr_carea' id='block_1_2' title="bbox 260 531 2700 4792">
    <p class='ocr_par' dir='ltr' id='par_1_2' title="bbox 260 531 2684 1016">
     <span class='ocr_line' id='line_1_2' title="bbox 260 531 2678 614; baseline -0 -18"><span class='ocrx_word' id='word_1_7' title='bbox 260 535 452 596; x_wconf 88' lang='lat' dir='ltr'>tiones</span> <span class='ocrx_word' id='word_1_8' title='bbox 481 554 700 611; x_wconf 89' lang='lat' dir='ltr'>omnes,</span> <span class='ocrx_word' id='word_1_9' title='bbox 731 531 792 592; x_wconf 93' lang='lat' dir='ltr'>in</span> <span class='ocrx_word' id='word_1_10' title='bbox 810 532 1218 610; x_wconf 84' lang='lat' dir='ltr'>contractibus,</span> <span class='ocrx_word' id='word_1_11' title='bbox 1248 531 1310 592; x_wconf 90' lang='lat' dir='ltr'>in</span> <span class='ocrx_word' id='word_1_12' title='bbox 1337 535 1642 612; x_wconf 79' lang='lat' dir='ltr'>mercibus,</span> <span class='ocrx_word' id='word_1_13' title='bbox 1673 533 2044 614; x_wconf 89' lang='lat' dir='ltr'>ponderibus,</span> <span class='ocrx_word' id='word_1_14' title='bbox 2075 535 2377 612; x_wconf 77' lang='lat' dir='ltr'>mensuris,</span> <span class='ocrx_word' id='word_1_15' title='bbox 2408 538 2678 614; x_wconf 89' lang='lat' dir='ltr'>nummis,</span> 
     </span>
     <span class='ocr_line' id='line_1_3' title="bbox 261 614 2680 695; baseline 0 -20"><span class='ocrx_word' id='word_1_16' title='bbox 261 615 628 693; x_wconf 89' lang='lat' dir='ltr'>monopoliis,</span> <span class='ocrx_word' id='word_1_17' title='bbox 648 623 708 674; x_wconf 86' lang='lat' dir='ltr'>et</span> <span class='ocrx_word' id='word_1_18' title='bbox 734 614 903 673; x_wconf 70' lang='lat' dir='ltr'>malie</span> <span class='ocrx_word' id='word_1_19' title='bbox 930 634 1129 674; x_wconf 87' lang='lat' dir='ltr'>omnes</span> <span class='ocrx_word' id='word_1_20' title='bbox 1156 624 1310 674; x_wconf 91' lang='lat' dir='ltr'>artes</span> <span class='ocrx_word' id='word_1_21' title='bbox 1337 624 1397 675; x_wconf 91' lang='lat' dir='ltr'>et</span> <span class='ocrx_word' id='word_1_22' title='bbox 1424 617 1685 694; x_wconf 86' lang='lat' dir='ltr'>aucupia,</span> <span class='ocrx_word' id='word_1_23' title='bbox 1716 617 1929 693; x_wconf 83' lang='lat' dir='ltr'>quibus</span> <span class='ocrx_word' id='word_1_24' title='bbox 1957 618 2146 676; x_wconf 90' lang='lat' dir='ltr'>aliena</span> <span class='ocrx_word' id='word_1_25' title='bbox 2172 627 2492 695; x_wconf 76' lang='lat' dir='ltr'><strong>captantur.</strong></span> <span class='ocrx_word' id='word_1_26' title='bbox 2553 617 2680 676; x_wconf 93' lang='lat' dir='ltr'>Imo</span> 
     </span>
     <span class='ocr_line' id='line_1_4' title="bbox 267 695 2684 792; baseline 0.001 -37"><span class='ocrx_word' id='word_1_27' title='bbox 267 697 407 756; x_wconf 84' lang='lat' dir='ltr'>furti</span> <span class='ocrx_word' id='word_1_28' title='bbox 436 715 628 754; x_wconf 85' lang='lat' dir='ltr'>coram</span> <span class='ocrx_word' id='word_1_29' title='bbox 657 696 786 754; x_wconf 91' lang='lat' dir='ltr'>Deo</span> <span class='ocrx_word' id='word_1_30' title='bbox 823 695 908 753; x_wconf 88' lang='lat' dir='ltr'>rei</span> <span class='ocrx_word' id='word_1_31' title='bbox 951 704 1102 771; x_wconf 86' lang='lat' dir='ltr'>sunt,</span> <span class='ocrx_word' id='word_1_32' title='bbox 1133 696 1232 772; x_wconf 89' lang='lat' dir='ltr'>qui</span> <span class='ocrx_word' id='word_1_33' title='bbox 1274 696 1512 755; x_wconf 79' lang='lat' dir='ltr'>desidiae</span> <span class='ocrx_word' id='word_1_34' title='bbox 1559 718 1629 755; x_wconf 85' lang='lat' dir='ltr'>ac</span> <span class='ocrx_word' id='word_1_35' title='bbox 1673 698 1791 756; x_wconf 92' lang='lat' dir='ltr'>otio</span> <span class='ocrx_word' id='word_1_36' title='bbox 1820 698 2049 773; x_wconf 75' lang='lat' dir='ltr'>vitioSO,</span> <span class='ocrx_word' id='word_1_37' title='bbox 2081 698 2237 775; x_wconf 90' lang='lat' dir='ltr'>quod</span> <span class='ocrx_word' id='word_1_38' title='bbox 2281 698 2554 792; x_wconf 86' lang='lat' dir='ltr'>pulvinar</span> <span class='ocrx_word' id='word_1_39' title='bbox 2593 707 2684 757; x_wconf 86' lang='lat' dir='ltr'>est</span> 
     </span>
     <span class='ocr_line' id='line_1_5' title="bbox 275 775 2678 854; baseline 0 -18"><span class='ocrx_word' id='word_1_40' title='bbox 275 777 528 852; x_wconf 78' lang='lat' dir='ltr'>Diaboli,</span> <span class='ocrx_word' id='word_1_41' title='bbox 558 777 745 850; x_wconf 88' lang='lat' dir='ltr'>litant,</span> <span class='ocrx_word' id='word_1_42' title='bbox 776 775 992 853; x_wconf 90' lang='lat' dir='ltr'>quique</span> <span class='ocrx_word' id='word_1_43' title='bbox 1022 776 1081 833; x_wconf 92' lang='lat' dir='ltr'>in</span> <span class='ocrx_word' id='word_1_44' title='bbox 1110 777 1528 851; x_wconf 87' lang='lat' dir='ltr'>vocationibus,</span> <span class='ocrx_word' id='word_1_45' title='bbox 1559 776 2031 854; x_wconf 82' lang='lat' dir='ltr'>professionibus,</span> <span class='ocrx_word' id='word_1_46' title='bbox 2064 786 2122 837; x_wconf 90' lang='lat' dir='ltr'>et</span> <span class='ocrx_word' id='word_1_47' title='bbox 2161 778 2497 837; x_wconf 83' lang='lat' dir='ltr'>ministeriis</span> <span class='ocrx_word' id='word_1_48' title='bbox 2539 779 2678 854; x_wconf 88' lang='lat' dir='ltr'>suis,</span> 
     </span>
     <span class='ocr_line' id='line_1_6' title="bbox 269 855 2678 950; baseline -0.001 -32"><span class='ocrx_word' id='word_1_49' title='bbox 269 865 407 918; x_wconf 89' lang='lat' dir='ltr'>sunt</span> <span class='ocrx_word' id='word_1_50' title='bbox 436 856 802 934; x_wconf 77' lang='lat' dir='ltr'>negligentes</span> <span class='ocrx_word' id='word_1_51' title='bbox 830 866 889 914; x_wconf 90' lang='lat' dir='ltr'>et</span> <span class='ocrx_word' id='word_1_52' title='bbox 914 855 1196 949; x_wconf 86' lang='lat' dir='ltr'>infideles,</span> <span class='ocrx_word' id='word_1_53' title='bbox 1227 858 1329 950; x_wconf 88' lang='lat' dir='ltr'>qui</span> <span class='ocrx_word' id='word_1_54' title='bbox 1352 857 1684 950; x_wconf 86' lang='lat' dir='ltr'>stipendia</span> <span class='ocrx_word' id='word_1_55' title='bbox 1668 858 1811 936; x_wconf 77' lang='lat' dir='ltr'>ipsis</span> <span class='ocrx_word' id='word_1_56' title='bbox 1848 878 2125 918; x_wconf 88' lang='lat' dir='ltr'>concessa</span> <span class='ocrx_word' id='word_1_57' title='bbox 2152 859 2367 937; x_wconf 88' lang='lat' dir='ltr'>injuste</span> <span class='ocrx_word' id='word_1_58' title='bbox 2396 859 2678 936; x_wconf 87' lang='lat' dir='ltr'>furantur,</span> 
     </span>
     <span class='ocr_line' id='line_1_7' title="bbox 266 936 1972 1016; baseline -0.001 -18"><span class='ocrx_word' id='word_1_59' title='bbox 266 937 472 1016; x_wconf 79' lang='lat' dir='ltr'>supine</span> <span class='ocrx_word' id='word_1_60' title='bbox 502 946 562 995; x_wconf 92' lang='lat' dir='ltr'>et</span> <span class='ocrx_word' id='word_1_61' title='bbox 588 937 901 995; x_wconf 81' lang='lat' dir='ltr'>oscitanter</span> <span class='ocrx_word' id='word_1_62' title='bbox 928 937 1088 1013; x_wconf 90' lang='lat' dir='ltr'>operi</span> <span class='ocrx_word' id='word_1_63' title='bbox 1116 936 1228 994; x_wconf 89' lang='lat' dir='ltr'>sibi</span> <span class='ocrx_word' id='word_1_64' title='bbox 1255 938 1526 1015; x_wconf 88' lang='lat' dir='ltr'>imposito</span> <span class='ocrx_word' id='word_1_65' title='bbox 1552 938 1972 998; x_wconf 81' lang='lat' dir='ltr'>incumbentes.</span> 
     </span>
    </p>

    <p class='ocr_par' dir='ltr' id='par_1_3' title="bbox 266 1015 2684 1640">
     <span class='ocr_line' id='line_1_8' title="bbox 351 1015 2677 1095; baseline 0 -19"><span class='ocrx_word' id='word_1_66' title='bbox 351 1019 425 1077; x_wconf 92' lang='lat' dir='ltr'>V.</span> <span class='ocrx_word' id='word_1_67' title='bbox 471 1017 561 1075; x_wconf 93' lang='lat' dir='ltr'>Eo</span> <span class='ocrx_word' id='word_1_68' title='bbox 592 1024 816 1094; x_wconf 86' lang='lat' dir='ltr'>spectat</span> <span class='ocrx_word' id='word_1_69' title='bbox 842 1015 1015 1074; x_wconf 87' lang='lat' dir='ltr'>etiam</span> <span class='ocrx_word' id='word_1_70' title='bbox 1041 1018 1324 1092; x_wconf 79' lang='lat' dir='ltr'>Avaritia,</span> <span class='ocrx_word' id='word_1_71' title='bbox 1355 1017 1637 1076; x_wconf 87' lang='lat' dir='ltr'>malorum</span> <span class='ocrx_word' id='word_1_72' title='bbox 1666 1019 1923 1076; x_wconf 91' lang='lat' dir='ltr'>omnium</span> <span class='ocrx_word' id='word_1_73' title='bbox 1950 1018 2137 1094; x_wconf 80' lang='lat' dir='ltr'>radix,</span> <span class='ocrx_word' id='word_1_74' title='bbox 2173 1022 2202 1076; x_wconf 92' lang='lat'>1</span> <span class='ocrx_word' id='word_1_75' title='bbox 2229 1018 2379 1077; x_wconf 84' lang='lat' dir='ltr'>Tim.</span> <span class='ocrx_word' id='word_1_76' title='bbox 2398 1019 2478 1078; x_wconf 85' lang='lat' dir='ltr'>vi.</span> <span class='ocrx_word' id='word_1_77' title='bbox 2503 1021 2557 1095; x_wconf 86' lang='lat'>9,</span> <span class='ocrx_word' id='word_1_78' title='bbox 2585 1022 2677 1094; x_wconf 88' lang='lat'>10,</span> 
     </span>
     <span class='ocr_line' id='line_1_9' title="bbox 268 1096 2682 1177; baseline 0 -20"><span class='ocrx_word' id='word_1_79' title='bbox 268 1119 398 1177; x_wconf 76' lang='lat' dir='ltr'>quse</span> <span class='ocrx_word' id='word_1_80' title='bbox 426 1097 618 1176; x_wconf 89' lang='lat' dir='ltr'>posita</span> <span class='ocrx_word' id='word_1_81' title='bbox 646 1105 736 1155; x_wconf 92' lang='lat' dir='ltr'>est</span> <span class='ocrx_word' id='word_1_82' title='bbox 775 1096 836 1154; x_wconf 92' lang='lat' dir='ltr'>in</span> <span class='ocrx_word' id='word_1_83' title='bbox 877 1096 1194 1155; x_wconf 79' lang='lat' dir='ltr'>insatiabili</span> <span class='ocrx_word' id='word_1_84' title='bbox 1237 1096 1496 1157; x_wconf 87' lang='lat' dir='ltr'>habendi</span> <span class='ocrx_word' id='word_1_85' title='bbox 1540 1097 1847 1172; x_wconf 84' lang='lat' dir='ltr'>desideriO,</span> <span class='ocrx_word' id='word_1_86' title='bbox 1879 1109 1939 1158; x_wconf 86' lang='lat' dir='ltr'>et</span> <span class='ocrx_word' id='word_1_87' title='bbox 1979 1100 2103 1157; x_wconf 87' lang='lat' dir='ltr'>auri</span> <span class='ocrx_word' id='word_1_88' title='bbox 2149 1119 2312 1158; x_wconf 84' lang='lat' dir='ltr'>saera</span> <span class='ocrx_word' id='word_1_89' title='bbox 2356 1098 2523 1174; x_wconf 85' lang='lat' dir='ltr'>same,</span> <span class='ocrx_word' id='word_1_90' title='bbox 2557 1101 2682 1158; x_wconf 83' lang='lat' dir='ltr'>sive</span> 
     </span>
     <span class='ocr_line' id='line_1_10' title="bbox 267 1177 2684 1256; baseline 0 -18"><span class='ocrx_word' id='word_1_91' title='bbox 267 1199 463 1238; x_wconf 88' lang='lat' dir='ltr'>amore</span> <span class='ocrx_word' id='word_1_92' title='bbox 512 1177 840 1235; x_wconf 89' lang='lat' dir='ltr'>inordinato</span> <span class='ocrx_word' id='word_1_93' title='bbox 869 1177 1223 1253; x_wconf 83' lang='lat' dir='ltr'>divitiarum,</span> <span class='ocrx_word' id='word_1_94' title='bbox 1254 1178 1355 1254; x_wconf 91' lang='lat' dir='ltr'>qui</span> <span class='ocrx_word' id='word_1_95' title='bbox 1396 1177 1678 1243; x_wconf 63' lang='grc' dir='ltr'>ἇνὺστατος</span> <span class='ocrx_word' id='word_1_96' title='bbox 1722 1187 1813 1237; x_wconf 85' lang='lat' dir='ltr'>est</span> <span class='ocrx_word' id='word_1_97' title='bbox 1855 1199 1986 1238; x_wconf 87' lang='lat' dir='ltr'>cum</span> <span class='ocrx_word' id='word_1_98' title='bbox 2028 1199 2221 1238; x_wconf 89' lang='lat' dir='ltr'>amore</span> <span class='ocrx_word' id='word_1_99' title='bbox 2250 1198 2422 1256; x_wconf 89' lang='lat' dir='ltr'>quem</span> <span class='ocrx_word' id='word_1_100' title='bbox 2454 1181 2581 1238; x_wconf 90' lang='lat' dir='ltr'>Deo</span> <span class='ocrx_word' id='word_1_101' title='bbox 2623 1187 2684 1239; x_wconf 88' lang='lat' dir='ltr'>et</span> 
     </span>
     <span class='ocr_line' id='line_1_11' title="bbox 266 1257 2680 1337; baseline 0.001 -20"><span class='ocrx_word' id='word_1_102' title='bbox 266 1260 534 1337; x_wconf 82' lang='lat' dir='ltr'>proximo</span> <span class='ocrx_word' id='word_1_103' title='bbox 564 1257 859 1331; x_wconf 89' lang='lat' dir='ltr'>debemus,</span> <span class='ocrx_word' id='word_1_104' title='bbox 890 1257 1021 1315; x_wconf 89' lang='lat' dir='ltr'>Jac.</span> <span class='ocrx_word' id='word_1_105' title='bbox 1052 1257 1132 1316; x_wconf 83' lang='lat' dir='ltr'>iv.</span> <span class='ocrx_word' id='word_1_106' title='bbox 1163 1262 1219 1334; x_wconf 88' lang='lat'>4,</span> <span class='ocrx_word' id='word_1_107' title='bbox 1255 1257 1578 1317; x_wconf 82' lang='lat' dir='ltr'>“Adulteri</span> <span class='ocrx_word' id='word_1_108' title='bbox 1608 1269 1667 1317; x_wconf 86' lang='lat' dir='ltr'>et</span> <span class='ocrx_word' id='word_1_109' title='bbox 1697 1259 2015 1334; x_wconf 79' lang='lat' dir='ltr'>Adulterae,</span> <span class='ocrx_word' id='word_1_110' title='bbox 2048 1280 2121 1318; x_wconf 90' lang='lat' dir='ltr'>an</span> <span class='ocrx_word' id='word_1_111' title='bbox 2149 1260 2496 1336; x_wconf 88' lang='lat' dir='ltr'>ignoraratis</span> <span class='ocrx_word' id='word_1_112' title='bbox 2524 1280 2680 1319; x_wconf 86' lang='lat' dir='ltr'>amo·</span> 
     </span>
     <span class='ocr_line' id='line_1_12' title="bbox 268 1336 2680 1418; baseline 0 -20"><span class='ocrx_word' id='word_1_113' title='bbox 268 1360 389 1399; x_wconf 90' lang='lat' dir='ltr'>rem</span> <span class='ocrx_word' id='word_1_114' title='bbox 420 1337 622 1398; x_wconf 89' lang='lat' dir='ltr'>mundi</span> <span class='ocrx_word' id='word_1_115' title='bbox 650 1356 777 1395; x_wconf 90' lang='lat' dir='ltr'>esse</span> <span class='ocrx_word' id='word_1_116' title='bbox 805 1336 1166 1395; x_wconf 76' lang='lat' dir='ltr'>inimicitiam</span> <span class='ocrx_word' id='word_1_117' title='bbox 1195 1359 1325 1397; x_wconf 90' lang='lat' dir='ltr'>cum</span> <span class='ocrx_word' id='word_1_118' title='bbox 1341 1339 1544 1397; x_wconf 80' lang='lat' dir='ltr'>Deo?&#39;&#39;</span> <span class='ocrx_word' id='word_1_119' title='bbox 1591 1339 1750 1399; x_wconf 90' lang='lat' dir='ltr'>Hinc</span> <span class='ocrx_word' id='word_1_120' title='bbox 1779 1340 1853 1398; x_wconf 89' lang='lat' dir='ltr'>ab</span> <span class='ocrx_word' id='word_1_121' title='bbox 1872 1339 2160 1418; x_wconf 89' lang='lat' dir='ltr'>Apostolo</span> <span class='ocrx_word' id='word_1_122' title='bbox 2188 1340 2530 1399; x_wconf 89' lang='lat' dir='ltr'>detestando</span> <span class='ocrx_word' id='word_1_123' title='bbox 2558 1341 2680 1399; x_wconf 93' lang='lat' dir='ltr'>ido-</span> 
     </span>
     <span class='ocr_line' id='line_1_13' title="bbox 270 1417 2682 1515; baseline 0 -37"><span class='ocrx_word' id='word_1_124' title='bbox 270 1420 514 1479; x_wconf 85' lang='lat' dir='ltr'>lolatriae</span> <span class='ocrx_word' id='word_1_125' title='bbox 543 1417 782 1477; x_wconf 88' lang='lat' dir='ltr'>crimine</span> <span class='ocrx_word' id='word_1_126' title='bbox 808 1427 1191 1495; x_wconf 89' lang='lat' dir='ltr'>nuncupatur,</span> <span class='ocrx_word' id='word_1_127' title='bbox 1225 1419 1375 1496; x_wconf 91' lang='lat' dir='ltr'>Eph.</span> <span class='ocrx_word' id='word_1_128' title='bbox 1404 1438 1462 1477; x_wconf 84' lang='lat' dir='ltr'>v.</span> <span class='ocrx_word' id='word_1_129' title='bbox 1493 1422 1548 1494; x_wconf 79' lang='lat'>5,</span> <span class='ocrx_word' id='word_1_130' title='bbox 1580 1419 1718 1496; x_wconf 91' lang='lat' dir='ltr'>quia</span> <span class='ocrx_word' id='word_1_131' title='bbox 1744 1440 1850 1497; x_wconf 91' lang='lat' dir='ltr'>per</span> <span class='ocrx_word' id='word_1_132' title='bbox 1874 1439 2001 1479; x_wconf 90' lang='lat' dir='ltr'>eam</span> <span class='ocrx_word' id='word_1_133' title='bbox 2028 1420 2096 1479; x_wconf 86' lang='lat' dir='ltr'>fit</span> <span class='ocrx_word' id='word_1_134' title='bbox 2122 1429 2188 1479; x_wconf 88' lang='lat' dir='ltr'>ut</span> <span class='ocrx_word' id='word_1_135' title='bbox 2229 1420 2417 1496; x_wconf 90' lang='lat' dir='ltr'>hom0,</span> <span class='ocrx_word' id='word_1_136' title='bbox 2450 1421 2682 1515; x_wconf 72' lang='lat' dir='ltr'>postha-</span> 
     </span>
     <span class='ocr_line' id='line_1_14' title="bbox 270 1498 2684 1579; baseline 0 -20"><span class='ocrx_word' id='word_1_137' title='bbox 270 1500 394 1559; x_wconf 89' lang='lat' dir='ltr'>bito</span> <span class='ocrx_word' id='word_1_138' title='bbox 436 1499 636 1559; x_wconf 87' lang='lat' dir='ltr'>divino</span> <span class='ocrx_word' id='word_1_139' title='bbox 682 1498 949 1571; x_wconf 86' lang='lat' dir='ltr'>Numine,</span> <span class='ocrx_word' id='word_1_140' title='bbox 981 1517 1144 1576; x_wconf 90' lang='lat' dir='ltr'>spem</span> <span class='ocrx_word' id='word_1_141' title='bbox 1188 1519 1354 1558; x_wconf 87' lang='lat' dir='ltr'>suam</span> <span class='ocrx_word' id='word_1_142' title='bbox 1395 1507 1576 1558; x_wconf 90' lang='lat' dir='ltr'>totam</span> <span class='ocrx_word' id='word_1_143' title='bbox 1621 1508 1681 1558; x_wconf 93' lang='lat' dir='ltr'>et</span> <span class='ocrx_word' id='word_1_144' title='bbox 1722 1499 1994 1560; x_wconf 88' lang='lat' dir='ltr'>fiduciam</span> <span class='ocrx_word' id='word_1_145' title='bbox 2036 1501 2098 1559; x_wconf 91' lang='lat' dir='ltr'>in</span> <span class='ocrx_word' id='word_1_146' title='bbox 2147 1500 2369 1560; x_wconf 80' lang='lat' dir='ltr'>divitiis</span> <span class='ocrx_word' id='word_1_147' title='bbox 2409 1502 2578 1579; x_wconf 82' lang='lat' dir='ltr'>quasi</span> <span class='ocrx_word' id='word_1_148' title='bbox 2623 1502 2684 1559; x_wconf 92' lang='lat' dir='ltr'>in</span> 
     </span>
     <span class='ocr_line' id='line_1_15' title="bbox 270 1578 1102 1640; baseline -0.004 0"><span class='ocrx_word' id='word_1_149' title='bbox 270 1600 495 1640; x_wconf 89' lang='lat' dir='ltr'>summo</span> <span class='ocrx_word' id='word_1_150' title='bbox 525 1600 630 1638; x_wconf 90' lang='lat' dir='ltr'>suo</span> <span class='ocrx_word' id='word_1_151' title='bbox 658 1578 812 1637; x_wconf 92' lang='lat' dir='ltr'>bono</span> <span class='ocrx_word' id='word_1_152' title='bbox 841 1578 1102 1637; x_wconf 86' lang='lat' dir='ltr'>collocet.</span> 
     </span>
    </p>

    <p class='ocr_par' dir='ltr' id='par_1_4' title="bbox 271 1658 2699 3729">
     <span class='ocr_line' id='line_1_16' title="bbox 354 1658 2684 1739; baseline 0 -21"><span class='ocrx_word' id='word_1_153' title='bbox 354 1662 467 1719; x_wconf 91' lang='lat' dir='ltr'>VI.</span> <span class='ocrx_word' id='word_1_154' title='bbox 513 1660 711 1737; x_wconf 86' lang='lat' dir='ltr'>Atque</span> <span class='ocrx_word' id='word_1_155' title='bbox 739 1658 875 1716; x_wconf 87' lang='lat' dir='ltr'>hinc</span> <span class='ocrx_word' id='word_1_156' title='bbox 902 1668 1066 1737; x_wconf 88' lang='lat' dir='ltr'>patet</span> <span class='ocrx_word' id='word_1_157' title='bbox 1093 1678 1209 1718; x_wconf 91' lang='lat' dir='ltr'>non</span> <span class='ocrx_word' id='word_1_158' title='bbox 1237 1659 1298 1717; x_wconf 92' lang='lat' dir='ltr'>in</span> <span class='ocrx_word' id='word_1_159' title='bbox 1329 1660 1500 1718; x_wconf 80' lang='lat' dir='ltr'>Novo</span> <span class='ocrx_word' id='word_1_160' title='bbox 1528 1660 1687 1718; x_wconf 87' lang='lat' dir='ltr'>Test.</span> <span class='ocrx_word' id='word_1_161' title='bbox 1717 1659 1950 1719; x_wconf 89' lang='lat' dir='ltr'>demum</span> <span class='ocrx_word' id='word_1_162' title='bbox 1978 1660 2185 1719; x_wconf 87' lang='lat' dir='ltr'>vitium</span> <span class='ocrx_word' id='word_1_163' title='bbox 2214 1660 2371 1720; x_wconf 87' lang='lat' dir='ltr'>istud</span> <span class='ocrx_word' id='word_1_164' title='bbox 2399 1680 2526 1719; x_wconf 88' lang='lat' dir='ltr'>esse</span> <span class='ocrx_word' id='word_1_165' title='bbox 2554 1681 2684 1739; x_wconf 88' lang='lat' dir='ltr'>pro-</span> 
     </span>
     <span class='ocr_line' id='line_1_17' title="bbox 274 1739 2687 1818; baseline 0 -19"><span class='ocrx_word' id='word_1_166' title='bbox 274 1741 542 1817; x_wconf 90' lang='lat' dir='ltr'>hibitum,</span> <span class='ocrx_word' id='word_1_167' title='bbox 589 1749 655 1800; x_wconf 88' lang='grc' dir='ltr'>ιιι</span> <span class='ocrx_word' id='word_1_168' title='bbox 703 1739 925 1798; x_wconf 82' lang='lat' dir='ltr'>vellent</span> <span class='ocrx_word' id='word_1_169' title='bbox 977 1739 1269 1798; x_wconf 87' lang='lat' dir='ltr'>Sociniani</span> <span class='ocrx_word' id='word_1_170' title='bbox 1318 1761 1451 1799; x_wconf 90' lang='lat' dir='ltr'>cum</span> <span class='ocrx_word' id='word_1_171' title='bbox 1498 1740 1921 1818; x_wconf 88' lang='lat' dir='ltr'>Anabaptistis,</span> <span class='ocrx_word' id='word_1_172' title='bbox 1970 1742 2137 1817; x_wconf 88' lang='lat' dir='ltr'>quasi</span> <span class='ocrx_word' id='word_1_173' title='bbox 2185 1741 2502 1800; x_wconf 88' lang='lat' dir='ltr'>auctarium</span> <span class='ocrx_word' id='word_1_174' title='bbox 2551 1740 2687 1799; x_wconf 91' lang='lat' dir='ltr'>inde</span> 
     </span>
     <span class='ocr_line' id='line_1_18' title="bbox 280 1819 2687 1898; baseline -0.001 -18"><span class='ocrx_word' id='word_1_175' title='bbox 280 1820 429 1898; x_wconf 90' lang='lat' dir='ltr'>Legi</span> <span class='ocrx_word' id='word_1_176' title='bbox 469 1840 573 1898; x_wconf 89' lang='lat' dir='ltr'>per</span> <span class='ocrx_word' id='word_1_177' title='bbox 600 1820 893 1878; x_wconf 87' lang='lat' dir='ltr'>Christum</span> <span class='ocrx_word' id='word_1_178' title='bbox 940 1819 1201 1879; x_wconf 88' lang='lat' dir='ltr'>additum</span> <span class='ocrx_word' id='word_1_179' title='bbox 1247 1822 1337 1896; x_wconf 91' lang='lat' dir='ltr'>sit,</span> <span class='ocrx_word' id='word_1_180' title='bbox 1382 1821 1443 1878; x_wconf 92' lang='lat' dir='ltr'>in</span> <span class='ocrx_word' id='word_1_181' title='bbox 1488 1841 1558 1879; x_wconf 89' lang='lat' dir='ltr'>eo</span> <span class='ocrx_word' id='word_1_182' title='bbox 1600 1821 1757 1897; x_wconf 90' lang='lat' dir='ltr'>quod</span> <span class='ocrx_word' id='word_1_183' title='bbox 1801 1820 2134 1880; x_wconf 84' lang='lat' dir='ltr'>divitiarum</span> <span class='ocrx_word' id='word_1_184' title='bbox 2178 1821 2468 1898; x_wconf 80' lang='lat' dir='ltr'>possessio</span> <span class='ocrx_word' id='word_1_185' title='bbox 2512 1821 2687 1880; x_wconf 86' lang='lat' dir='ltr'>etiam</span> 
     </span>
     <span class='ocr_line' id='line_1_19' title="bbox 275 1899 2686 1977; baseline -0.001 -16"><span class='ocrx_word' id='word_1_186' title='bbox 275 1902 431 1961; x_wconf 88' lang='lat' dir='ltr'>ultra</span> <span class='ocrx_word' id='word_1_187' title='bbox 475 1901 878 1960; x_wconf 86' lang='lat' dir='ltr'>necessitatem</span> <span class='ocrx_word' id='word_1_188' title='bbox 918 1900 1079 1958; x_wconf 83' lang='lat' dir='ltr'>licita</span> <span class='ocrx_word' id='word_1_189' title='bbox 1119 1899 1291 1958; x_wconf 88' lang='lat' dir='ltr'>fuerit</span> <span class='ocrx_word' id='word_1_190' title='bbox 1335 1901 1443 1959; x_wconf 90' lang='lat' dir='ltr'>sub</span> <span class='ocrx_word' id='word_1_191' title='bbox 1472 1902 1673 1960; x_wconf 89' lang='lat' dir='ltr'>Veteri</span> <span class='ocrx_word' id='word_1_192' title='bbox 1718 1901 2108 1977; x_wconf 81' lang='lat' dir='ltr'>TestamentO,</span> <span class='ocrx_word' id='word_1_193' title='bbox 2141 1909 2202 1959; x_wconf 91' lang='lat' dir='ltr'>at</span> <span class='ocrx_word' id='word_1_194' title='bbox 2248 1901 2357 1960; x_wconf 90' lang='lat' dir='ltr'>sub</span> <span class='ocrx_word' id='word_1_195' title='bbox 2401 1901 2570 1959; x_wconf 83' lang='lat' dir='ltr'>Novo</span> <span class='ocrx_word' id='word_1_196' title='bbox 2599 1921 2686 1959; x_wconf 89' lang='lat' dir='ltr'>re-</span> 
     </span>
     <span class='ocr_line' id='line_1_20' title="bbox 275 1979 2686 2060; baseline -0.001 -20"><span class='ocrx_word' id='word_1_197' title='bbox 275 1983 593 2060; x_wconf 85' lang='lat' dir='ltr'>stringatur</span> <span class='ocrx_word' id='word_1_198' title='bbox 619 1979 697 2038; x_wconf 89' lang='lat' dir='ltr'>ad</span> <span class='ocrx_word' id='word_1_199' title='bbox 723 2000 792 2039; x_wconf 87' lang='lat' dir='ltr'>ea</span> <span class='ocrx_word' id='word_1_200' title='bbox 819 1999 949 2056; x_wconf 86' lang='lat' dir='ltr'>quae</span> <span class='ocrx_word' id='word_1_201' title='bbox 978 1980 1302 2038; x_wconf 84' lang='lat' dir='ltr'>necessaria</span> <span class='ocrx_word' id='word_1_202' title='bbox 1343 1989 1479 2040; x_wconf 88' lang='lat' dir='ltr'>sunt</span> <span class='ocrx_word' id='word_1_203' title='bbox 1523 1981 1862 2059; x_wconf 89' lang='lat' dir='ltr'>simpliciter</span> <span class='ocrx_word' id='word_1_204' title='bbox 1904 1981 1978 2040; x_wconf 88' lang='lat' dir='ltr'>ad</span> <span class='ocrx_word' id='word_1_205' title='bbox 2006 1981 2144 2040; x_wconf 83' lang='lat' dir='ltr'>vitae</span> <span class='ocrx_word' id='word_1_206' title='bbox 2189 1982 2686 2056; x_wconf 79' lang='lat' dir='ltr'>sustentationem,</span> 
     </span>
     <span class='ocr_line' id='line_1_21' title="bbox 272 2060 2689 2140; baseline -0.002 -18"><span class='ocrx_word' id='word_1_207' title='bbox 272 2072 338 2122; x_wconf 90' lang='lat' dir='ltr'>ut</span> <span class='ocrx_word' id='word_1_208' title='bbox 364 2062 540 2121; x_wconf 86' lang='lat' dir='ltr'>habet</span> <span class='ocrx_word' id='word_1_209' title='bbox 571 2060 796 2121; x_wconf 75' lang='lat' dir='ltr'>Catech.</span> <span class='ocrx_word' id='word_1_210' title='bbox 826 2061 1069 2120; x_wconf 76' lang='lat' dir='ltr'>Rakovi.</span> <span class='ocrx_word' id='word_1_211' title='bbox 1100 2060 1173 2118; x_wconf 89' lang='lat' dir='ltr'>de</span> <span class='ocrx_word' id='word_1_212' title='bbox 1205 2061 1517 2139; x_wconf 60' lang='lat' dir='ltr'>Praeceptis</span> <span class='ocrx_word' id='word_1_213' title='bbox 1545 2082 1580 2119; x_wconf 93' lang='lat' dir='ltr'>a</span> <span class='ocrx_word' id='word_1_214' title='bbox 1609 2062 1839 2121; x_wconf 87' lang='lat' dir='ltr'>Christo</span> <span class='ocrx_word' id='word_1_215' title='bbox 1865 2062 2011 2140; x_wconf 87' lang='lat' dir='ltr'>Legi</span> <span class='ocrx_word' id='word_1_216' title='bbox 2039 2061 2253 2120; x_wconf 88' lang='lat' dir='ltr'>additis</span> <span class='ocrx_word' id='word_1_217' title='bbox 2275 2083 2331 2140; x_wconf 93' lang='lat' dir='ltr'>q.</span> <span class='ocrx_word' id='word_1_218' title='bbox 2360 2065 2494 2120; x_wconf 87' lang='lat'>101.</span> <span class='ocrx_word' id='word_1_219' title='bbox 2539 2062 2689 2135; x_wconf 87' lang='lat' dir='ltr'>Quia</span> 
     </span>
     <span class='ocr_line' id='line_1_22' title="bbox 271 2141 2686 2221; baseline -0 -21"><span class='ocrx_word' id='word_1_220' title='bbox 271 2143 486 2221; x_wconf 86' lang='lat' dir='ltr'>passim</span> <span class='ocrx_word' id='word_1_221' title='bbox 515 2142 577 2200; x_wconf 90' lang='lat' dir='ltr'>in</span> <span class='ocrx_word' id='word_1_222' title='bbox 594 2141 797 2200; x_wconf 90' lang='lat' dir='ltr'>Veteri</span> <span class='ocrx_word' id='word_1_223' title='bbox 824 2141 1196 2200; x_wconf 84' lang='lat' dir='ltr'>Testamento</span> <span class='ocrx_word' id='word_1_224' title='bbox 1223 2141 1602 2218; x_wconf 88' lang='lat' dir='ltr'>interdicitur,</span> <span class='ocrx_word' id='word_1_225' title='bbox 1633 2162 1750 2200; x_wconf 91' lang='lat' dir='ltr'>non</span> <span class='ocrx_word' id='word_1_226' title='bbox 1778 2143 1950 2201; x_wconf 91' lang='lat' dir='ltr'>modo</span> <span class='ocrx_word' id='word_1_227' title='bbox 1991 2144 2102 2201; x_wconf 90' lang='lat' dir='ltr'>hoc</span> <span class='ocrx_word' id='word_1_228' title='bbox 2129 2151 2418 2221; x_wconf 72' lang='lat' dir='ltr'>praecepto</span> <span class='ocrx_word' id='word_1_229' title='bbox 2446 2150 2505 2200; x_wconf 90' lang='lat' dir='ltr'>et</span> <span class='ocrx_word' id='word_1_230' title='bbox 2532 2141 2686 2200; x_wconf 89' lang='lat' dir='ltr'>deci-</span> 
     </span>
     <span class='ocr_line' id='line_1_23' title="bbox 276 2221 2685 2299; baseline -0.001 -19"><span class='ocrx_word' id='word_1_231' title='bbox 276 2244 388 2297; x_wconf 86' lang='lat' dir='ltr'>mo,</span> <span class='ocrx_word' id='word_1_232' title='bbox 418 2222 523 2282; x_wconf 91' lang='lat' dir='ltr'>ubi</span> <span class='ocrx_word' id='word_1_233' title='bbox 550 2229 783 2280; x_wconf 82' lang='lat' dir='ltr'>vetatur</span> <span class='ocrx_word' id='word_1_234' title='bbox 808 2221 1275 2299; x_wconf 84' lang='lat' dir='ltr'>concupiscentia</span> <span class='ocrx_word' id='word_1_235' title='bbox 1301 2222 1583 2281; x_wconf 91' lang='lat' dir='ltr'>bonorum</span> <span class='ocrx_word' id='word_1_236' title='bbox 1628 2223 1896 2299; x_wconf 83' lang='lat' dir='ltr'>proximi,</span> <span class='ocrx_word' id='word_1_237' title='bbox 1930 2222 2032 2281; x_wconf 91' lang='lat' dir='ltr'>sed</span> <span class='ocrx_word' id='word_1_238' title='bbox 2062 2231 2121 2282; x_wconf 89' lang='lat' dir='ltr'>et</span> <span class='ocrx_word' id='word_1_239' title='bbox 2162 2222 2303 2281; x_wconf 87' lang='lat' dir='ltr'>alibi</span> <span class='ocrx_word' id='word_1_240' title='bbox 2344 2223 2685 2298; x_wconf 83' lang='lat' dir='ltr'>damnatur;</span> 
     </span>
     <span class='ocr_line' id='line_1_24' title="bbox 278 2301 2687 2378; baseline 0 -18"><span class='ocrx_word' id='word_1_241' title='bbox 278 2302 471 2360; x_wconf 85' lang='lat' dir='ltr'>Exod.</span> <span class='ocrx_word' id='word_1_242' title='bbox 513 2302 677 2361; x_wconf 81' lang='lat' dir='ltr'>xviii.</span> <span class='ocrx_word' id='word_1_243' title='bbox 718 2302 816 2378; x_wconf 86' lang='lat'>21,</span> <span class='ocrx_word' id='word_1_244' title='bbox 861 2308 922 2360; x_wconf 88' lang='lat' dir='ltr'>et</span> <span class='ocrx_word' id='word_1_245' title='bbox 961 2301 1106 2359; x_wconf 85' lang='lat' dir='ltr'>xxii.</span> <span class='ocrx_word' id='word_1_246' title='bbox 1137 2304 1233 2377; x_wconf 84' lang='lat'>25,</span> <span class='ocrx_word' id='word_1_247' title='bbox 1279 2311 1339 2360; x_wconf 91' lang='lat' dir='ltr'>et</span> <span class='ocrx_word' id='word_1_248' title='bbox 1379 2302 1545 2360; x_wconf 85' lang='lat' dir='ltr'>xxiii.</span> <span class='ocrx_word' id='word_1_249' title='bbox 1576 2305 1649 2378; x_wconf 85' lang='lat'>8;</span> <span class='ocrx_word' id='word_1_250' title='bbox 1710 2302 1955 2361; x_wconf 86' lang='lat' dir='ltr'>Levitic.</span> <span class='ocrx_word' id='word_1_251' title='bbox 1998 2304 2123 2361; x_wconf 85' lang='lat' dir='ltr'>xix.</span> <span class='ocrx_word' id='word_1_252' title='bbox 2159 2306 2251 2378; x_wconf 87' lang='lat'>13,</span> <span class='ocrx_word' id='word_1_253' title='bbox 2294 2312 2353 2362; x_wconf 91' lang='lat' dir='ltr'>et</span> <span class='ocrx_word' id='word_1_254' title='bbox 2394 2322 2538 2360; x_wconf 82' lang='lat' dir='ltr'>xxv.</span> <span class='ocrx_word' id='word_1_255' title='bbox 2567 2305 2687 2378; x_wconf 74' lang='lat'>463</span> 
     </span>
     <span class='ocr_line' id='line_1_25' title="bbox 279 2381 2686 2460; baseline -0.001 -19"><span class='ocrx_word' id='word_1_256' title='bbox 279 2384 457 2441; x_wconf 91' lang='lat' dir='ltr'>Deut.</span> <span class='ocrx_word' id='word_1_257' title='bbox 502 2382 622 2439; x_wconf 83' lang='lat' dir='ltr'>xvi.</span> <span class='ocrx_word' id='word_1_258' title='bbox 657 2384 765 2457; x_wconf 81' lang='lat'>193</span> <span class='ocrx_word' id='word_1_259' title='bbox 826 2382 1040 2440; x_wconf 84' lang='lat' dir='ltr'>Psalm.</span> <span class='ocrx_word' id='word_1_260' title='bbox 1083 2381 1209 2440; x_wconf 83' lang='lat' dir='ltr'>lxii.</span> <span class='ocrx_word' id='word_1_261' title='bbox 1260 2385 1372 2458; x_wconf 80' lang='lat'>103</span> <span class='ocrx_word' id='word_1_262' title='bbox 1440 2383 1556 2440; x_wconf 85' lang='lat' dir='ltr'>Isa.</span> <span class='ocrx_word' id='word_1_263' title='bbox 1586 2402 1645 2440; x_wconf 81' lang='lat' dir='ltr'>v.</span> <span class='ocrx_word' id='word_1_264' title='bbox 1676 2384 1748 2458; x_wconf 81' lang='lat'>83</span> <span class='ocrx_word' id='word_1_265' title='bbox 1807 2383 1932 2442; x_wconf 83' lang='lat' dir='ltr'>Jer.</span> <span class='ocrx_word' id='word_1_266' title='bbox 1964 2383 2043 2442; x_wconf 87' lang='lat' dir='ltr'>vi.</span> <span class='ocrx_word' id='word_1_267' title='bbox 2089 2387 2144 2460; x_wconf 86' lang='lat'>6,</span> <span class='ocrx_word' id='word_1_268' title='bbox 2179 2387 2233 2459; x_wconf 84' lang='lat'>7,</span> <span class='ocrx_word' id='word_1_269' title='bbox 2278 2392 2336 2442; x_wconf 88' lang='lat' dir='ltr'>et</span> <span class='ocrx_word' id='word_1_270' title='bbox 2391 2382 2537 2440; x_wconf 84' lang='lat' dir='ltr'>xxii.</span> <span class='ocrx_word' id='word_1_271' title='bbox 2573 2385 2686 2458; x_wconf 85' lang='lat'>17;</span> 
     </span>
     <span class='ocr_line' id='line_1_26' title="bbox 280 2460 2690 2541; baseline 0 -21"><span class='ocrx_word' id='word_1_272' title='bbox 280 2462 498 2521; x_wconf 91' lang='lat' dir='ltr'>Psalm.</span> <span class='ocrx_word' id='word_1_273' title='bbox 530 2462 685 2521; x_wconf 84' lang='lat' dir='ltr'>cxix.</span> <span class='ocrx_word' id='word_1_274' title='bbox 716 2465 810 2537; x_wconf 83' lang='lat'>36,</span> <span class='ocrx_word' id='word_1_275' title='bbox 837 2460 946 2520; x_wconf 71' lang='lat' dir='ltr'>Sto.</span> <span class='ocrx_word' id='word_1_276' title='bbox 972 2484 986 2538; x_wconf 90' lang='lat'>;</span> <span class='ocrx_word' id='word_1_277' title='bbox 1033 2462 1157 2520; x_wconf 87' lang='lat' dir='ltr'>Nec</span> <span class='ocrx_word' id='word_1_278' title='bbox 1186 2461 1521 2521; x_wconf 85' lang='lat' dir='ltr'>divitiarum</span> <span class='ocrx_word' id='word_1_279' title='bbox 1547 2462 1838 2541; x_wconf 87' lang='lat' dir='ltr'>possessio</span> <span class='ocrx_word' id='word_1_280' title='bbox 1921 2482 1985 2522; x_wconf 91' lang='lat' dir='ltr'>er</span> <span class='ocrx_word' id='word_1_281' title='bbox 2029 2483 2090 2522; x_wconf 89' lang='lat' dir='ltr'>se</span> <span class='ocrx_word' id='word_1_282' title='bbox 2136 2472 2225 2521; x_wconf 88' lang='lat' dir='ltr'>est</span> <span class='ocrx_word' id='word_1_283' title='bbox 2264 2463 2484 2539; x_wconf 83' lang='lat' dir='ltr'>illicita,</span> <span class='ocrx_word' id='word_1_284' title='bbox 2515 2462 2690 2520; x_wconf 90' lang='lat' dir='ltr'>modo</span> 
     </span>
     <span class='ocr_line' id='line_1_27' title="bbox 274 2483 2689 2621; baseline 0 -19"><span class='ocrx_word' id='word_1_285' title='bbox 274 2542 556 2621; x_wconf 87' lang='lat' dir='ltr'>legitimis</span> <span class='ocrx_word' id='word_1_286' title='bbox 582 2541 769 2602; x_wconf 87' lang='lat' dir='ltr'>modis</span> <span class='ocrx_word' id='word_1_287' title='bbox 797 2542 1184 2620; x_wconf 82' lang='lat' dir='ltr'>acquirantur,</span> <span class='ocrx_word' id='word_1_288' title='bbox 1215 2550 1274 2602; x_wconf 88' lang='lat' dir='ltr'>et</span> <span class='ocrx_word' id='word_1_289' title='bbox 1301 2543 1373 2600; x_wconf 90' lang='lat' dir='ltr'>iis</span> <span class='ocrx_word' id='word_1_290' title='bbox 1401 2550 1635 2602; x_wconf 84' lang='lat' dir='ltr'>utamur</span> <span class='ocrx_word' id='word_1_291' title='bbox 1673 2551 1740 2603; x_wconf 90' lang='lat' dir='ltr'>ut</span> <span class='ocrx_word' id='word_1_292' title='bbox 1778 2483 2003 2619; x_wconf 58' lang='lat' dir='ltr'>mediis,</span> <span class='ocrx_word' id='word_1_293' title='bbox 2034 2564 2151 2603; x_wconf 90' lang='lat' dir='ltr'>non</span> <span class='ocrx_word' id='word_1_294' title='bbox 2180 2543 2437 2603; x_wconf 84' lang='lat' dir='ltr'>fruamur</span> <span class='ocrx_word' id='word_1_295' title='bbox 2464 2551 2527 2602; x_wconf 89' lang='grc' dir='ltr'>ιιι</span> <span class='ocrx_word' id='word_1_296' title='bbox 2556 2543 2689 2620; x_wconf 88' lang='lat' dir='ltr'>fine,</span> 
     </span>
     <span class='ocr_line' id='line_1_28' title="bbox 272 2623 2690 2701; baseline 0 -18"><span class='ocrx_word' id='word_1_297' title='bbox 272 2633 339 2683; x_wconf 91' lang='lat' dir='ltr'>ut</span> <span class='ocrx_word' id='word_1_298' title='bbox 367 2624 583 2683; x_wconf 88' lang='lat' dir='ltr'>factum</span> <span class='ocrx_word' id='word_1_299' title='bbox 611 2644 648 2683; x_wconf 90' lang='lat' dir='ltr'>a</span> <span class='ocrx_word' id='word_1_300' title='bbox 673 2623 943 2682; x_wconf 88' lang='lat' dir='ltr'>fidelibus</span> <span class='ocrx_word' id='word_1_301' title='bbox 971 2623 1186 2699; x_wconf 91' lang='lat' dir='ltr'>multis,</span> <span class='ocrx_word' id='word_1_302' title='bbox 1209 2624 1310 2700; x_wconf 90' lang='lat' dir='ltr'>qui</span> <span class='ocrx_word' id='word_1_303' title='bbox 1338 2624 1546 2701; x_wconf 91' lang='lat' dir='ltr'>opibus</span> <span class='ocrx_word' id='word_1_304' title='bbox 1574 2623 1901 2684; x_wconf 85' lang='lat' dir='ltr'>abundasse</span> <span class='ocrx_word' id='word_1_305' title='bbox 1929 2625 2201 2684; x_wconf 86' lang='lat' dir='ltr'>dicuntur</span> <span class='ocrx_word' id='word_1_306' title='bbox 2229 2625 2401 2684; x_wconf 89' lang='lat' dir='ltr'>etiam</span> <span class='ocrx_word' id='word_1_307' title='bbox 2430 2624 2492 2682; x_wconf 91' lang='lat' dir='ltr'>in</span> <span class='ocrx_word' id='word_1_308' title='bbox 2520 2624 2690 2683; x_wconf 84' lang='lat' dir='ltr'>Novo</span> 
     </span>
     <span class='ocr_line' id='line_1_29' title="bbox 274 2703 2691 2782; baseline 0 -19"><span class='ocrx_word' id='word_1_309' title='bbox 274 2705 661 2779; x_wconf 80' lang='lat' dir='ltr'>Testamento,</span> <span class='ocrx_word' id='word_1_310' title='bbox 692 2703 883 2781; x_wconf 89' lang='lat' dir='ltr'>qualis</span> <span class='ocrx_word' id='word_1_311' title='bbox 926 2703 1035 2762; x_wconf 84' lang='lat' dir='ltr'>fuit</span> <span class='ocrx_word' id='word_1_312' title='bbox 1061 2705 1104 2763; x_wconf 90' lang='lat' dir='ltr'><strong>J</strong></span> <span class='ocrx_word' id='word_1_313' title='bbox 1108 2704 1358 2782; x_wconf 89' lang='lat' dir='ltr'>osephus</span> <span class='ocrx_word' id='word_1_314' title='bbox 1389 2704 1885 2781; x_wconf 82' lang='lat' dir='ltr'>Arimathaeensis,</span> <span class='ocrx_word' id='word_1_315' title='bbox 1932 2706 2104 2765; x_wconf 87' lang='lat' dir='ltr'>Matt.</span> <span class='ocrx_word' id='word_1_316' title='bbox 2149 2706 2357 2781; x_wconf 63' lang='lat' dir='ltr'>xxvii„</span> <span class='ocrx_word' id='word_1_317' title='bbox 2391 2705 2691 2764; x_wconf 90' lang='lat' dir='ltr'>Cornelius</span> 
     </span>
     <span class='ocr_line' id='line_1_30' title="bbox 275 2784 2689 2860; baseline 0 -17"><span class='ocrx_word' id='word_1_318' title='bbox 275 2785 564 2860; x_wconf 90' lang='lat' dir='ltr'>Centuri0,</span> <span class='ocrx_word' id='word_1_319' title='bbox 598 2785 734 2843; x_wconf 89' lang='lat' dir='ltr'>Act.</span> <span class='ocrx_word' id='word_1_320' title='bbox 765 2804 845 2859; x_wconf 84' lang='lat' dir='ltr'>x.,</span> <span class='ocrx_word' id='word_1_321' title='bbox 877 2784 1143 2859; x_wconf 90' lang='lat' dir='ltr'>Tabitha,</span> <span class='ocrx_word' id='word_1_322' title='bbox 1176 2784 1312 2843; x_wconf 91' lang='lat' dir='ltr'>Act.</span> <span class='ocrx_word' id='word_1_323' title='bbox 1342 2785 1442 2860; x_wconf 86' lang='lat' dir='ltr'>ix.,</span> <span class='ocrx_word' id='word_1_324' title='bbox 1475 2793 1534 2844; x_wconf 90' lang='lat' dir='ltr'>et</span> <span class='ocrx_word' id='word_1_325' title='bbox 1562 2786 1690 2844; x_wconf 90' lang='lat' dir='ltr'>sim.</span> <span class='ocrx_word' id='word_1_326' title='bbox 1777 2785 1898 2845; x_wconf 87' lang='lat' dir='ltr'>Nec</span> <span class='ocrx_word' id='word_1_327' title='bbox 1942 2786 1993 2844; x_wconf 92' lang='lat' dir='ltr'>si</span> <span class='ocrx_word' id='word_1_328' title='bbox 2032 2786 2248 2846; x_wconf 81' lang='lat' dir='ltr'>divites</span> <span class='ocrx_word' id='word_1_329' title='bbox 2281 2786 2555 2845; x_wconf 89' lang='lat' dir='ltr'>dicuntur</span> <span class='ocrx_word' id='word_1_330' title='bbox 2582 2786 2689 2843; x_wconf 82' lang='lat' dir='ltr'>vix</span> 
     </span>
     <span class='ocr_line' id='line_1_31' title="bbox 277 2864 2689 2945; baseline 0 -22"><span class='ocrx_word' id='word_1_331' title='bbox 277 2865 506 2943; x_wconf 85' lang='lat' dir='ltr'>ingredi</span> <span class='ocrx_word' id='word_1_332' title='bbox 534 2885 705 2943; x_wconf 87' lang='lat' dir='ltr'>posse</span> <span class='ocrx_word' id='word_1_333' title='bbox 734 2864 796 2922; x_wconf 90' lang='lat' dir='ltr'>in</span> <span class='ocrx_word' id='word_1_334' title='bbox 822 2882 1068 2941; x_wconf 88' lang='lat' dir='ltr'>regnum</span> <span class='ocrx_word' id='word_1_335' title='bbox 1096 2864 1390 2940; x_wconf 84' lang='lat' dir='ltr'>eoelorum,</span> <span class='ocrx_word' id='word_1_336' title='bbox 1423 2865 1635 2924; x_wconf 88' lang='lat' dir='ltr'>Matth.</span> <span class='ocrx_word' id='word_1_337' title='bbox 1665 2866 1789 2924; x_wconf 83' lang='lat' dir='ltr'>xix.</span> <span class='ocrx_word' id='word_1_338' title='bbox 1815 2870 1910 2942; x_wconf 87' lang='lat'>23,</span> <span class='ocrx_word' id='word_1_339' title='bbox 1941 2867 2052 2925; x_wconf 90' lang='lat' dir='ltr'>hoc</span> <span class='ocrx_word' id='word_1_340' title='bbox 2080 2866 2147 2925; x_wconf 91' lang='lat' dir='ltr'>fit</span> <span class='ocrx_word' id='word_1_341' title='bbox 2173 2876 2407 2945; x_wconf 87' lang='lat' dir='ltr'>propter</span> <span class='ocrx_word' id='word_1_342' title='bbox 2434 2866 2689 2941; x_wconf 83' lang='lat' dir='ltr'>divitias,</span> 
     </span>
     <span class='ocr_line' id='line_1_32' title="bbox 275 2945 2696 3024; baseline 0 -19"><span class='ocrx_word' id='word_1_343' title='bbox 275 2946 381 3005; x_wconf 87' lang='lat' dir='ltr'>sed</span> <span class='ocrx_word' id='word_1_344' title='bbox 408 2945 484 3003; x_wconf 90' lang='lat' dir='ltr'>ob</span> <span class='ocrx_word' id='word_1_345' title='bbox 512 2963 850 3023; x_wconf 80' lang='lat' dir='ltr'>perversum</span> <span class='ocrx_word' id='word_1_346' title='bbox 881 2964 1076 3004; x_wconf 87' lang='lat' dir='ltr'>earum</span> <span class='ocrx_word' id='word_1_347' title='bbox 1105 2965 1291 3020; x_wconf 89' lang='lat' dir='ltr'>usum,</span> <span class='ocrx_word' id='word_1_348' title='bbox 1307 2945 1466 3022; x_wconf 89' lang='lat' dir='ltr'>quod</span> <span class='ocrx_word' id='word_1_349' title='bbox 1490 2954 1653 3024; x_wconf 88' lang='lat' dir='ltr'>patet</span> <span class='ocrx_word' id='word_1_350' title='bbox 1680 2966 1755 3005; x_wconf 89' lang='lat' dir='ltr'>ex</span> <span class='ocrx_word' id='word_1_351' title='bbox 1786 2946 1966 3006; x_wconf 89' lang='lat' dir='ltr'>Marc.</span> <span class='ocrx_word' id='word_1_352' title='bbox 1996 2967 2058 3005; x_wconf 85' lang='lat' dir='ltr'>x.</span> <span class='ocrx_word' id='word_1_353' title='bbox 2082 2951 2178 3021; x_wconf 85' lang='lat'>24,</span> <span class='ocrx_word' id='word_1_354' title='bbox 2209 2947 2311 3005; x_wconf 89' lang='lat' dir='ltr'>ubi</span> <span class='ocrx_word' id='word_1_355' title='bbox 2338 2946 2696 3005; x_wconf 89' lang='lat' dir='ltr'>confidentes</span> 
     </span>
     <span class='ocr_line' id='line_1_33' title="bbox 278 3024 2691 3103; baseline 0 -20"><span class='ocrx_word' id='word_1_356' title='bbox 278 3026 339 3083; x_wconf 91' lang='grc' dir='ltr'>ιιι</span> <span class='ocrx_word' id='word_1_357' title='bbox 367 3026 590 3085; x_wconf 79' lang='lat' dir='ltr'>divitiis</span> <span class='ocrx_word' id='word_1_358' title='bbox 619 3025 984 3084; x_wconf 84' lang='lat' dir='ltr'>damnantur.</span> <span class='ocrx_word' id='word_1_359' title='bbox 1042 3024 1200 3084; x_wconf 87' lang='lat' dir='ltr'>Hinc</span> <span class='ocrx_word' id='word_1_360' title='bbox 1219 3025 1440 3084; x_wconf 81' lang='lat' dir='ltr'>divitiae</span> <span class='ocrx_word' id='word_1_361' title='bbox 1456 3034 1743 3085; x_wconf 79' lang='lat' dir='ltr'>vocantur</span> <span class='ocrx_word' id='word_1_362' title='bbox 1761 3045 2043 3085; x_wconf 83' lang='lat' dir='ltr'>mammon</span> <span class='ocrx_word' id='word_1_363' title='bbox 2064 3027 2304 3103; x_wconf 72' lang='lat' dir='ltr'>iniquus,</span> <span class='ocrx_word' id='word_1_364' title='bbox 2327 3027 2465 3085; x_wconf 86' lang='lat' dir='ltr'>Luc</span> <span class='ocrx_word' id='word_1_365' title='bbox 2492 3028 2614 3084; x_wconf 85' lang='lat' dir='ltr'>xvi.</span> <span class='ocrx_word' id='word_1_366' title='bbox 2633 3029 2691 3101; x_wconf 91' lang='grc'>9,</span> 
     </span>
     <span class='ocr_line' id='line_1_34' title="bbox 277 3105 2696 3201; baseline -0.001 -37"><span class='ocrx_word' id='word_1_367' title='bbox 277 3127 397 3165; x_wconf 90' lang='grc' dir='ltr'>ιιοιι</span> <span class='ocrx_word' id='word_1_368' title='bbox 426 3107 654 3201; x_wconf 88' lang='lat' dir='ltr'>proprie</span> <span class='ocrx_word' id='word_1_369' title='bbox 683 3105 906 3163; x_wconf 87' lang='lat' dir='ltr'>ratione</span> <span class='ocrx_word' id='word_1_370' title='bbox 935 3105 1043 3181; x_wconf 90' lang='lat' dir='ltr'>sui,</span> <span class='ocrx_word' id='word_1_371' title='bbox 1075 3105 1178 3164; x_wconf 90' lang='lat' dir='ltr'>sed</span> <span class='ocrx_word' id='word_1_372' title='bbox 1206 3125 1312 3183; x_wconf 89' lang='lat' dir='ltr'>per</span> <span class='ocrx_word' id='word_1_373' title='bbox 1337 3105 1606 3164; x_wconf 89' lang='lat' dir='ltr'>accidens</span> <span class='ocrx_word' id='word_1_374' title='bbox 1635 3105 1856 3164; x_wconf 89' lang='lat' dir='ltr'>ratione</span> <span class='ocrx_word' id='word_1_375' title='bbox 1884 3106 2321 3183; x_wconf 88' lang='lat' dir='ltr'>possidentium,</span> <span class='ocrx_word' id='word_1_376' title='bbox 2336 3106 2472 3182; x_wconf 88' lang='lat' dir='ltr'>quia</span> <span class='ocrx_word' id='word_1_377' title='bbox 2500 3106 2696 3182; x_wconf 84' lang='lat' dir='ltr'>saepis·</span> 
     </span>
     <span class='ocr_line' id='line_1_35' title="bbox 277 3183 2691 3279; baseline -0.001 -33"><span class='ocrx_word' id='word_1_378' title='bbox 277 3187 420 3246; x_wconf 87' lang='lat' dir='ltr'>sime</span> <span class='ocrx_word' id='word_1_379' title='bbox 449 3187 665 3263; x_wconf 89' lang='lat' dir='ltr'>injuste</span> <span class='ocrx_word' id='word_1_380' title='bbox 712 3185 1106 3263; x_wconf 88' lang='lat' dir='ltr'>acquiruntur,</span> <span class='ocrx_word' id='word_1_381' title='bbox 1136 3194 1196 3245; x_wconf 92' lang='lat' dir='ltr'>et</span> <span class='ocrx_word' id='word_1_382' title='bbox 1239 3186 1390 3244; x_wconf 87' lang='lat' dir='ltr'>male</span> <span class='ocrx_word' id='word_1_383' title='bbox 1434 3186 1822 3279; x_wconf 86' lang='lat' dir='ltr'>possidentur.</span> <span class='ocrx_word' id='word_1_384' title='bbox 1907 3186 1985 3244; x_wconf 88' lang='lat' dir='ltr'>Et</span> <span class='ocrx_word' id='word_1_385' title='bbox 2025 3186 2200 3249; x_wconf 67' lang='grc' dir='ltr'>έπέτη</span> <span class='ocrx_word' id='word_1_386' title='bbox 2242 3186 2358 3243; x_wconf 93' lang='lat' dir='ltr'>illis</span> <span class='ocrx_word' id='word_1_387' title='bbox 2402 3183 2691 3260; x_wconf 86' lang='lat' dir='ltr'>tribuitur,</span> 
     </span>
     <span class='ocr_line' id='line_1_36' title="bbox 278 3266 2695 3343; baseline -0.001 -17"><span class='ocrx_word' id='word_1_388' title='bbox 278 3268 423 3326; x_wconf 86' lang='lat' dir='ltr'>Mat.</span> <span class='ocrx_word' id='word_1_389' title='bbox 450 3267 573 3325; x_wconf 86' lang='grc' dir='ltr'>ιιιιι.</span> <span class='ocrx_word' id='word_1_390' title='bbox 599 3270 695 3343; x_wconf 89' lang='grc'>22,</span> <span class='ocrx_word' id='word_1_391' title='bbox 728 3285 843 3324; x_wconf 91' lang='grc' dir='ltr'>ιιοιι</span> <span class='ocrx_word' id='word_1_392' title='bbox 871 3266 933 3323; x_wconf 92' lang='grc' dir='ltr'>ιιι</span> <span class='ocrx_word' id='word_1_393' title='bbox 962 3286 1040 3341; x_wconf 90' lang='lat' dir='ltr'>se,</span> <span class='ocrx_word' id='word_1_394' title='bbox 1074 3266 1177 3324; x_wconf 90' lang='lat' dir='ltr'>sed</span> <span class='ocrx_word' id='word_1_395' title='bbox 1205 3275 1470 3343; x_wconf 87' lang='lat' dir='ltr'>respectu</span> <span class='ocrx_word' id='word_1_396' title='bbox 1497 3266 1709 3323; x_wconf 88' lang='lat' dir='ltr'>mentis</span> <span class='ocrx_word' id='word_1_397' title='bbox 1737 3286 1773 3322; x_wconf 91' lang='lat' dir='ltr'>a</span> <span class='ocrx_word' id='word_1_398' title='bbox 1799 3285 1914 3342; x_wconf 91' lang='lat' dir='ltr'>qua</span> <span class='ocrx_word' id='word_1_399' title='bbox 1940 3267 2345 3343; x_wconf 82' lang='lat' dir='ltr'>possidentur3</span> <span class='ocrx_word' id='word_1_400' title='bbox 2376 3285 2492 3342; x_wconf 88' lang='lat' dir='ltr'>quo</span> <span class='ocrx_word' id='word_1_401' title='bbox 2521 3284 2695 3324; x_wconf 89' lang='lat' dir='ltr'>sensu</span> 
     </span>
     <span class='ocr_line' id='line_1_37' title="bbox 274 3311 2694 3423; baseline -0.001 -17"><span class='ocrx_word' id='word_1_402' title='bbox 274 3348 449 3407; x_wconf 88' lang='lat' dir='ltr'>etiam</span> <span class='ocrx_word' id='word_1_403' title='bbox 478 3348 753 3406; x_wconf 86' lang='lat' dir='ltr'>tribuitur</span> <span class='ocrx_word' id='word_1_404' title='bbox 778 3346 897 3405; x_wconf 89' lang='lat' dir='ltr'>illis</span> <span class='ocrx_word' id='word_1_405' title='bbox 925 3346 1255 3405; x_wconf 88' lang='lat' dir='ltr'>sollicitudo</span> <span class='ocrx_word' id='word_1_406' title='bbox 1283 3355 1342 3405; x_wconf 92' lang='lat' dir='ltr'>et</span> <span class='ocrx_word' id='word_1_407' title='bbox 1371 3345 1671 3405; x_wconf 85' lang='lat' dir='ltr'>suffocatio</span> <span class='ocrx_word' id='word_1_408' title='bbox 1691 3345 1890 3422; x_wconf 88' lang='lat' dir='ltr'>Verbi,</span> <span class='ocrx_word' id='word_1_409' title='bbox 1915 3366 2033 3404; x_wconf 90' lang='lat' dir='ltr'>non</span> <span class='ocrx_word' id='word_1_410' title='bbox 2061 3347 2240 3406; x_wconf 90' lang='lat' dir='ltr'>relate</span> <span class='ocrx_word' id='word_1_411' title='bbox 2269 3311 2387 3404; x_wconf 74' lang='lat' dir='ltr'>ad</span> <span class='ocrx_word' id='word_1_412' title='bbox 2371 3366 2527 3423; x_wconf 75' lang='lat' dir='ltr'>ipsas</span> <span class='ocrx_word' id='word_1_413' title='bbox 2545 3345 2694 3403; x_wconf 86' lang='lat' dir='ltr'>divi·</span> 
     </span>
     <span class='ocr_line' id='line_1_38' title="bbox 276 3425 2696 3522; baseline -0.001 -34"><span class='ocrx_word' id='word_1_414' title='bbox 276 3429 405 3504; x_wconf 81' lang='lat' dir='ltr'>tias,</span> <span class='ocrx_word' id='word_1_415' title='bbox 438 3428 543 3487; x_wconf 89' lang='lat' dir='ltr'>sed</span> <span class='ocrx_word' id='word_1_416' title='bbox 571 3428 647 3486; x_wconf 89' lang='lat' dir='ltr'>ad</span> <span class='ocrx_word' id='word_1_417' title='bbox 675 3428 929 3486; x_wconf 89' lang='lat' dir='ltr'>animum</span> <span class='ocrx_word' id='word_1_418' title='bbox 957 3426 1324 3522; x_wconf 86' lang='lat' dir='ltr'>possidentis,</span> <span class='ocrx_word' id='word_1_419' title='bbox 1356 3427 1457 3504; x_wconf 90' lang='lat' dir='ltr'>qui</span> <span class='ocrx_word' id='word_1_420' title='bbox 1486 3425 1876 3487; x_wconf 87' lang='lat' dir='ltr'>sollicitudine</span> <span class='ocrx_word' id='word_1_421' title='bbox 1904 3427 2114 3486; x_wconf 81' lang='lat' dir='ltr'>anxius</span> <span class='ocrx_word' id='word_1_422' title='bbox 2142 3427 2429 3487; x_wconf 85' lang='lat' dir='ltr'>suffocat</span> <span class='ocrx_word' id='word_1_423' title='bbox 2414 3447 2474 3484; x_wconf 90' lang='grc' dir='ltr'>ιιι</span> <span class='ocrx_word' id='word_1_424' title='bbox 2504 3426 2696 3505; x_wconf 88' lang='lat' dir='ltr'>seipso</span> 
     </span>
     <span class='ocr_line' id='line_1_39' title="bbox 278 3507 2697 3600; baseline -0.002 -32"><span class='ocrx_word' id='word_1_425' title='bbox 278 3529 475 3568; x_wconf 90' lang='lat' dir='ltr'>semen</span> <span class='ocrx_word' id='word_1_426' title='bbox 505 3508 708 3583; x_wconf 89' lang='lat' dir='ltr'>Verbi,</span> <span class='ocrx_word' id='word_1_427' title='bbox 738 3528 845 3567; x_wconf 89' lang='lat' dir='ltr'>nec</span> <span class='ocrx_word' id='word_1_428' title='bbox 872 3509 1090 3587; x_wconf 89' lang='lat' dir='ltr'>patitur</span> <span class='ocrx_word' id='word_1_429' title='bbox 1116 3507 1341 3566; x_wconf 89' lang='lat' dir='ltr'>radices</span> <span class='ocrx_word' id='word_1_430' title='bbox 1385 3526 1557 3600; x_wconf 76' lang='lat' dir='ltr'>agere</span> <span class='ocrx_word' id='word_1_431' title='bbox 1599 3508 1661 3565; x_wconf 92' lang='lat' dir='ltr'>in</span> <span class='ocrx_word' id='word_1_432' title='bbox 1705 3508 1894 3566; x_wconf 91' lang='lat' dir='ltr'>corde.</span> <span class='ocrx_word' id='word_1_433' title='bbox 1980 3508 2251 3568; x_wconf 84' lang='lat' dir='ltr'>Avaritia</span> <span class='ocrx_word' id='word_1_434' title='bbox 2293 3528 2433 3585; x_wconf 90' lang='lat' dir='ltr'>ergo</span> <span class='ocrx_word' id='word_1_435' title='bbox 2473 3528 2592 3566; x_wconf 92' lang='lat' dir='ltr'>non</span> <span class='ocrx_word' id='word_1_436' title='bbox 2636 3507 2697 3564; x_wconf 89' lang='grc' dir='ltr'>ιιι</span> 
     </span>
     <span class='ocr_line' id='line_1_40' title="bbox 280 3587 2699 3665; baseline -0 -17"><span class='ocrx_word' id='word_1_437' title='bbox 280 3589 508 3664; x_wconf 84' lang='lat' dir='ltr'>effectu,</span> <span class='ocrx_word' id='word_1_438' title='bbox 543 3589 690 3647; x_wconf 87' lang='lat' dir='ltr'>sed</span> <span class='ocrx_word' id='word_1_439' title='bbox 673 3608 734 3647; x_wconf 90' lang='lat' dir='ltr'>m</span> <span class='ocrx_word' id='word_1_440' title='bbox 763 3588 973 3648; x_wconf 84' lang='lat' dir='ltr'>affectu</span> <span class='ocrx_word' id='word_1_441' title='bbox 1000 3588 1284 3665; x_wconf 84' lang='lat' dir='ltr'>consistit,</span> <span class='ocrx_word' id='word_1_442' title='bbox 1315 3608 1433 3646; x_wconf 92' lang='lat' dir='ltr'>non</span> <span class='ocrx_word' id='word_1_443' title='bbox 1474 3588 1536 3646; x_wconf 92' lang='lat' dir='ltr'>in</span> <span class='ocrx_word' id='word_1_444' title='bbox 1576 3587 1816 3665; x_wconf 84' lang='lat' dir='ltr'>divitiis,</span> <span class='ocrx_word' id='word_1_445' title='bbox 1850 3587 1954 3647; x_wconf 90' lang='lat' dir='ltr'>sed</span> <span class='ocrx_word' id='word_1_446' title='bbox 1993 3590 2055 3647; x_wconf 89' lang='grc' dir='ltr'>ιιι</span> <span class='ocrx_word' id='word_1_447' title='bbox 2097 3609 2294 3650; x_wconf 86' lang='lat' dir='ltr'>earum</span> <span class='ocrx_word' id='word_1_448' title='bbox 2323 3589 2611 3648; x_wconf 87' lang='lat' dir='ltr'>desiderio</span> <span class='ocrx_word' id='word_1_449' title='bbox 2637 3596 2699 3647; x_wconf 89' lang='lat' dir='ltr'>et</span> 
     </span>
     <span class='ocr_line' id='line_1_41' title="bbox 279 3635 644 3729; baseline 0 -1"><span class='ocrx_word' id='word_1_450' title='bbox 279 3689 391 3729; x_wconf 88' lang='lat' dir='ltr'>usu</span> <span class='ocrx_word' id='word_1_451' title='bbox 418 3635 644 3728; x_wconf 81' lang='lat' dir='ltr'>illi&#39;eito.</span> 
     </span>
    </p>

    <p class='ocr_par' dir='ltr' id='par_1_5' title="bbox 664 3747 2697 3826">
     <span class='ocr_line' id='line_1_42' title="bbox 664 3747 2697 3826; baseline 0 -19"><span class='ocrx_word' id='word_1_452' title='bbox 664 3815 675 3826; x_wconf 35' lang='lat'>⁸</span> <span class='ocrx_word' id='word_1_453' title='bbox 887 3749 1035 3807; x_wconf 92' lang='lat' dir='ltr'>VII.</span> <span class='ocrx_word' id='word_1_454' title='bbox 1081 3748 1218 3807; x_wconf 90' lang='lat' dir='ltr'>Huc</span> <span class='ocrx_word' id='word_1_455' title='bbox 1244 3747 1547 3808; x_wconf 86' lang='lat' dir='ltr'>referenda</span> <span class='ocrx_word' id='word_1_456' title='bbox 1572 3756 1664 3808; x_wconf 90' lang='lat' dir='ltr'>est</span> <span class='ocrx_word' id='word_1_457' title='bbox 1688 3748 1903 3809; x_wconf 90' lang='lat' dir='ltr'>nobilis</span> <span class='ocrx_word' id='word_1_458' title='bbox 1933 3750 2188 3825; x_wconf 66' lang='lat' dir='ltr'>Quaestio</span> <span class='ocrx_word' id='word_1_459' title='bbox 2217 3750 2289 3809; x_wconf 90' lang='lat' dir='ltr'>de</span> <span class='ocrx_word' id='word_1_460' title='bbox 2319 3750 2535 3824; x_wconf 67' lang='lat' dir='ltr'>Usar-123,</span> <span class='ocrx_word' id='word_1_461' title='bbox 2566 3769 2697 3826; x_wconf 68' lang='lat' dir='ltr'>quie</span> 
     </span>
    </p>

    <p class='ocr_par' dir='ltr' id='par_1_6' title="bbox 351 3812 2699 3917">
     <span class='ocr_line' id='line_1_43' title="bbox 351 3812 2699 3917; baseline -0 -31"><span class='ocrx_word' id='word_1_462' title='bbox 351 3812 619 3917; x_wconf 52' lang='lat' dir='ltr'>Anlgffi&#39;*</span> <span class='ocrx_word' id='word_1_463' title='bbox 637 3817 704 3859; x_wconf 70' lang='lat'>⁸¹¹²</span> <span class='ocrx_word' id='word_1_464' title='bbox 807 3828 958 3887; x_wconf 89' lang='lat' dir='ltr'>inter</span> <span class='ocrx_word' id='word_1_465' title='bbox 999 3828 1220 3905; x_wconf 91' lang='lat' dir='ltr'>species</span> <span class='ocrx_word' id='word_1_466' title='bbox 1261 3828 1400 3887; x_wconf 86' lang='lat' dir='ltr'>furti</span> <span class='ocrx_word' id='word_1_467' title='bbox 1441 3849 1478 3888; x_wconf 88' lang='lat' dir='ltr'>a</span> <span class='ocrx_word' id='word_1_468' title='bbox 1516 3829 1866 3906; x_wconf 86' lang='lat' dir='ltr'>quibusdam</span> <span class='ocrx_word' id='word_1_469' title='bbox 1893 3839 2299 3890; x_wconf 85' lang='lat' dir='ltr'>recensentur:</span> <span class='ocrx_word' id='word_1_470' title='bbox 2341 3832 2435 3888; x_wconf 78' lang='lat' dir='ltr'>An</span> <span class='ocrx_word' id='word_1_471' title='bbox 2477 3828 2699 3888; x_wconf 90' lang='lat' dir='ltr'>scilicet</span> 
     </span>
    </p>

    <p class='ocr_par' dir='ltr' id='par_1_7' title="bbox 802 3908 2695 3987">
     <span class='ocr_line' id='line_1_44' title="bbox 802 3908 2695 3987; baseline -0.001 -21"><span class='ocrx_word' id='word_1_472' title='bbox 802 3910 999 3986; x_wconf 79' lang='lat' dir='ltr'>aliqua</span> <span class='ocrx_word' id='word_1_473' title='bbox 1025 3929 1204 3967; x_wconf 76' lang='lat' dir='ltr'>usura</span> <span class='ocrx_word' id='word_1_474' title='bbox 1229 3909 1304 3968; x_wconf 76' lang='lat' dir='ltr'>sit</span> <span class='ocrx_word' id='word_1_475' title='bbox 1328 3909 1510 3968; x_wconf 75' lang='lat' dir='ltr'>licita.</span> <span class='ocrx_word' id='word_1_476' title='bbox 1500 3912 1525 3952; x_wconf 65' lang='lat'><strong><em>‘</em></strong></span> <span class='ocrx_word' id='word_1_477' title='bbox 1568 3910 1660 3968; x_wconf 90' lang='lat' dir='ltr'>De</span> <span class='ocrx_word' id='word_1_478' title='bbox 1703 3929 1818 3986; x_wconf 88' lang='lat' dir='ltr'>qua</span> <span class='ocrx_word' id='word_1_479' title='bbox 1860 3910 2060 3987; x_wconf 90' lang='lat' dir='ltr'>paucis</span> <span class='ocrx_word' id='word_1_480' title='bbox 2098 3908 2424 3984; x_wconf 89' lang='lat' dir='ltr'>dicendum,</span> <span class='ocrx_word' id='word_1_481' title='bbox 2464 3917 2531 3967; x_wconf 89' lang='lat' dir='ltr'>ut</span> <span class='ocrx_word' id='word_1_482' title='bbox 2559 3927 2695 3965; x_wconf 92' lang='lat' dir='ltr'>con-</span> 
     </span>
    </p>

    <p class='ocr_par' dir='ltr' id='par_1_8' title="bbox 278 3987 2699 4308">
     <span class='ocr_line' id='line_1_45' title="bbox 278 3987 2699 4065; baseline -0.001 -18"><span class='ocrx_word' id='word_1_483' title='bbox 278 3996 393 4047; x_wconf 87' lang='lat' dir='ltr'>stet</span> <span class='ocrx_word' id='word_1_484' title='bbox 414 3987 557 4065; x_wconf 90' lang='lat' dir='ltr'>quid</span> <span class='ocrx_word' id='word_1_485' title='bbox 584 3987 680 4046; x_wconf 88' lang='lat' dir='ltr'>hic</span> <span class='ocrx_word' id='word_1_486' title='bbox 703 4008 777 4047; x_wconf 87' lang='lat' dir='ltr'>ex</span> <span class='ocrx_word' id='word_1_487' title='bbox 795 3989 994 4048; x_wconf 90' lang='lat' dir='ltr'>Verbo</span> <span class='ocrx_word' id='word_1_488' title='bbox 1019 3988 1129 4047; x_wconf 90' lang='lat' dir='ltr'>Dei</span> <span class='ocrx_word' id='word_1_489' title='bbox 1152 3989 1519 4048; x_wconf 86' lang='lat' dir='ltr'>statuendum</span> <span class='ocrx_word' id='word_1_490' title='bbox 1543 3990 1637 4049; x_wconf 89' lang='lat' dir='ltr'>sit.</span> <span class='ocrx_word' id='word_1_491' title='bbox 1717 3991 1908 4048; x_wconf 73' lang='lat' dir='ltr'>Usura</span> <span class='ocrx_word' id='word_1_492' title='bbox 1935 3990 2159 4048; x_wconf 89' lang='lat' dir='ltr'>lucrum</span> <span class='ocrx_word' id='word_1_493' title='bbox 2181 3996 2287 4063; x_wconf 88' lang='lat' dir='ltr'>est,</span> <span class='ocrx_word' id='word_1_494' title='bbox 2313 3990 2468 4065; x_wconf 91' lang='lat' dir='ltr'>quod</span> <span class='ocrx_word' id='word_1_495' title='bbox 2490 3995 2699 4065; x_wconf 81' lang='lat' dir='ltr'>praeter</span> 
     </span>
     <span class='ocr_line' id='line_1_46' title="bbox 280 4068 2695 4148; baseline -0.001 -22"><span class='ocrx_word' id='word_1_496' title='bbox 280 4068 532 4127; x_wconf 90' lang='lat' dir='ltr'>officium</span> <span class='ocrx_word' id='word_1_497' title='bbox 560 4068 936 4127; x_wconf 88' lang='lat' dir='ltr'>mutuationis</span> <span class='ocrx_word' id='word_1_498' title='bbox 963 4069 1117 4128; x_wconf 90' lang='lat' dir='ltr'>ultra</span> <span class='ocrx_word' id='word_1_499' title='bbox 1145 4077 1357 4128; x_wconf 83' lang='lat' dir='ltr'>sortem</span> <span class='ocrx_word' id='word_1_500' title='bbox 1386 4070 1658 4148; x_wconf 84' lang='lat' dir='ltr'>exigitur,</span> <span class='ocrx_word' id='word_1_501' title='bbox 1705 4069 1827 4128; x_wconf 80' lang='lat' dir='ltr'>sive</span> <span class='ocrx_word' id='word_1_502' title='bbox 1872 4069 1948 4128; x_wconf 90' lang='lat' dir='ltr'>sit</span> <span class='ocrx_word' id='word_1_503' title='bbox 1987 4069 2248 4147; x_wconf 86' lang='lat' dir='ltr'>pecunia,</span> <span class='ocrx_word' id='word_1_504' title='bbox 2281 4068 2404 4126; x_wconf 84' lang='lat' dir='ltr'>sive</span> <span class='ocrx_word' id='word_1_505' title='bbox 2445 4068 2695 4126; x_wconf 88' lang='lat' dir='ltr'>frumen-</span> 
     </span>
     <span class='ocr_line' id='line_1_47' title="bbox 280 4146 2690 4228; baseline -0.001 -22"><span class='ocrx_word' id='word_1_506' title='bbox 280 4156 421 4223; x_wconf 88' lang='lat' dir='ltr'>tum,</span> <span class='ocrx_word' id='word_1_507' title='bbox 456 4149 581 4207; x_wconf 82' lang='lat' dir='ltr'>sive</span> <span class='ocrx_word' id='word_1_508' title='bbox 610 4148 770 4207; x_wconf 86' lang='lat' dir='ltr'>aliud</span> <span class='ocrx_word' id='word_1_509' title='bbox 797 4149 971 4226; x_wconf 82' lang='lat' dir='ltr'>quid3</span> <span class='ocrx_word' id='word_1_510' title='bbox 1017 4149 1229 4208; x_wconf 87' lang='lat' dir='ltr'>dicitur</span> <span class='ocrx_word' id='word_1_511' title='bbox 1256 4150 1329 4209; x_wconf 89' lang='lat' dir='ltr'>ab</span> <span class='ocrx_word' id='word_1_512' title='bbox 1358 4171 1477 4228; x_wconf 76' lang='lat' dir='ltr'>usu,</span> <span class='ocrx_word' id='word_1_513' title='bbox 1522 4150 1681 4227; x_wconf 90' lang='lat' dir='ltr'>quod</span> <span class='ocrx_word' id='word_1_514' title='bbox 1721 4158 1955 4227; x_wconf 88' lang='lat' dir='ltr'>propter</span> <span class='ocrx_word' id='word_1_515' title='bbox 1994 4169 2163 4207; x_wconf 88' lang='lat' dir='ltr'>usum</span> <span class='ocrx_word' id='word_1_516' title='bbox 2208 4148 2465 4226; x_wconf 76' lang='lat' dir='ltr'>pecuniae</span> <span class='ocrx_word' id='word_1_517' title='bbox 2509 4146 2690 4223; x_wconf 89' lang='lat' dir='ltr'>perci-</span> 
     </span>
     <span class='ocr_line' id='line_1_48' title="bbox 279 4194 2697 4308; baseline -0.001 -22"><span class='ocrx_word' id='word_1_518' title='bbox 279 4194 502 4306; x_wconf 74' lang='lat' dir='ltr'>piatiir3</span> <span class='ocrx_word' id='word_1_519' title='bbox 549 4230 774 4289; x_wconf 71' lang='lat' dir='ltr'>Graecis</span> <span class='ocrx_word' id='word_1_520' title='bbox 799 4230 955 4303; x_wconf 68' lang='grc' dir='ltr'>τόκος,</span> <span class='ocrx_word' id='word_1_521' title='bbox 986 4250 1022 4288; x_wconf 91' lang='lat' dir='ltr'>a</span> <span class='ocrx_word' id='word_1_522' title='bbox 1046 4231 1198 4288; x_wconf 65' lang='grc' dir='ltr'><strong><em>τίκτω</em></strong></span> <span class='ocrx_word' id='word_1_523' title='bbox 1238 4230 1417 4308; x_wconf 86' lang='lat' dir='ltr'>pario,</span> <span class='ocrx_word' id='word_1_524' title='bbox 1462 4230 1621 4308; x_wconf 89' lang='lat' dir='ltr'>quod</span> <span class='ocrx_word' id='word_1_525' title='bbox 1666 4230 1740 4289; x_wconf 92' lang='lat' dir='ltr'>sit</span> <span class='ocrx_word' id='word_1_526' title='bbox 1766 4229 1930 4288; x_wconf 83' lang='lat' dir='ltr'>velut</span> <span class='ocrx_word' id='word_1_527' title='bbox 1973 4238 2172 4307; x_wconf 90' lang='lat' dir='ltr'>partus</span> <span class='ocrx_word' id='word_1_528' title='bbox 2212 4226 2448 4306; x_wconf 89' lang='lat' dir='ltr'>quidam</span> <span class='ocrx_word' id='word_1_529' title='bbox 2492 4226 2697 4285; x_wconf 88' lang='lat' dir='ltr'>mutui.</span> 
     </span>
    </p>

    <p class='ocr_par' dir='ltr' id='par_1_9' title="bbox 279 4276 2697 4471">
     <span class='ocr_line' id='line_1_49' title="bbox 281 4276 2697 4388; baseline -0.001 -21"><span class='ocrx_word' id='word_1_530' title='bbox 281 4308 518 4368; x_wconf 79' lang='lat' dir='ltr'>Hebraei</span> <span class='ocrx_word' id='word_1_531' title='bbox 547 4309 773 4370; x_wconf 81' lang='lat' dir='ltr'>duabus</span> <span class='ocrx_word' id='word_1_532' title='bbox 801 4276 1044 4369; x_wconf 82' lang='lat' dir='ltr'>vocibus</span> <span class='ocrx_word' id='word_1_533' title='bbox 1072 4311 1261 4369; x_wconf 87' lang='lat' dir='ltr'>solent</span> <span class='ocrx_word' id='word_1_534' title='bbox 1296 4311 1455 4369; x_wconf 86' lang='lat' dir='ltr'>illam</span> <span class='ocrx_word' id='word_1_535' title='bbox 1484 4311 1823 4388; x_wconf 88' lang='lat' dir='ltr'>exprimere,</span> <span class='ocrx_word' id='word_1_536' title='bbox 1864 4327 1984 4365; x_wconf 62' lang='lat' dir='ltr'>rw:</span> <span class='ocrx_word' id='word_1_537' title='bbox 1988 4328 2052 4384; x_wconf 65' lang='grc' dir='ltr'>π,</span> <span class='ocrx_word' id='word_1_538' title='bbox 2097 4329 2131 4367; x_wconf 91' lang='lat' dir='ltr'>a</span> <span class='ocrx_word' id='word_1_539' title='bbox 2156 4332 2255 4370; x_wconf 53' lang='lat' dir='ltr'>mn</span> <span class='ocrx_word' id='word_1_540' title='bbox 2296 4307 2697 4383; x_wconf 78' lang='lat' dir='ltr'>multiplicavit,</span> 
     </span>
     <span class='ocr_line' id='line_1_50' title="bbox 279 4387 2697 4471; baseline -0 -24"><span class='ocrx_word' id='word_1_541' title='bbox 279 4389 435 4466; x_wconf 83' lang='lat' dir='ltr'>quod</span> <span class='ocrx_word' id='word_1_542' title='bbox 462 4409 566 4468; x_wconf 89' lang='lat' dir='ltr'>per</span> <span class='ocrx_word' id='word_1_543' title='bbox 592 4410 827 4450; x_wconf 85' lang='lat' dir='ltr'>usuram</span> <span class='ocrx_word' id='word_1_544' title='bbox 853 4391 1267 4469; x_wconf 82' lang='lat' dir='ltr'>multiplicetur</span> <span class='ocrx_word' id='word_1_545' title='bbox 1291 4400 1352 4451; x_wconf 86' lang='lat' dir='ltr'>et</span> <span class='ocrx_word' id='word_1_546' title='bbox 1379 4400 1598 4450; x_wconf 88' lang='lat' dir='ltr'>crescat</span> <span class='ocrx_word' id='word_1_547' title='bbox 1617 4392 1742 4468; x_wconf 88' lang='lat' dir='ltr'>ipsa</span> <span class='ocrx_word' id='word_1_548' title='bbox 1770 4408 1912 4458; x_wconf 89' lang='lat' dir='ltr'>sors,</span> <span class='ocrx_word' id='word_1_549' title='bbox 1942 4391 2001 4442; x_wconf 85' lang='lat' dir='ltr'>et</span> <span class='ocrx_word' id='word_1_550' title='bbox 2028 4408 2139 4465; x_wconf 62' lang='lat'>720³,</span> <span class='ocrx_word' id='word_1_551' title='bbox 2171 4409 2206 4446; x_wconf 93' lang='lat' dir='ltr'>a</span> <span class='ocrx_word' id='word_1_552' title='bbox 2231 4387 2423 4447; x_wconf 90' lang='lat' dir='ltr'>radice</span> <span class='ocrx_word' id='word_1_553' title='bbox 2450 4411 2542 4471; x_wconf 69' lang='grc' dir='ltr'>-ςτι</span> <span class='ocrx_word' id='word_1_554' title='bbox 2581 4408 2697 4446; x_wconf 85' lang='lat' dir='ltr'>mo-</span> 
     </span>
    </p>

    <p class='ocr_par' dir='ltr' id='par_1_10' title="bbox 282 4469 2265 4549">
     <span class='ocr_line' id='line_1_51' title="bbox 282 4469 2265 4549; baseline 0.001 -23"><span class='ocrx_word' id='word_1_555' title='bbox 282 4471 507 4545; x_wconf 78' lang='lat' dir='ltr'>mordit,</span> <span class='ocrx_word' id='word_1_556' title='bbox 537 4470 677 4548; x_wconf 88' lang='lat' dir='ltr'>quia</span> <span class='ocrx_word' id='word_1_557' title='bbox 704 4471 888 4530; x_wconf 89' lang='lat' dir='ltr'>instar</span> <span class='ocrx_word' id='word_1_558' title='bbox 916 4472 1199 4549; x_wconf 87' lang='lat' dir='ltr'>serpentis</span> <span class='ocrx_word' id='word_1_559' title='bbox 1226 4471 1452 4530; x_wconf 87' lang='lat' dir='ltr'>mordet</span> <span class='ocrx_word' id='word_1_560' title='bbox 1479 4480 1538 4530; x_wconf 90' lang='lat' dir='ltr'>et</span> <span class='ocrx_word' id='word_1_561' title='bbox 1565 4470 1760 4530; x_wconf 88' lang='lat' dir='ltr'>atterit</span> <span class='ocrx_word' id='word_1_562' title='bbox 1786 4490 1905 4528; x_wconf 92' lang='lat' dir='ltr'>non</span> <span class='ocrx_word' id='word_1_563' title='bbox 1933 4469 2265 4527; x_wconf 90' lang='lat' dir='ltr'>sentientes.</span> 
     </span>
    </p>

    <p class='ocr_par' dir='ltr' id='par_1_11' title="bbox 281 4547 2700 4792">
     <span class='ocr_line' id='line_1_52' title="bbox 360 4547 2697 4628; baseline 0 -20"><span class='ocrx_word' id='word_1_564' title='bbox 360 4550 543 4610; x_wconf 91' lang='lat' dir='ltr'>VIII.</span> <span class='ocrx_word' id='word_1_565' title='bbox 609 4551 778 4610; x_wconf 85' lang='lat' dir='ltr'>Circa</span> <span class='ocrx_word' id='word_1_566' title='bbox 833 4551 1224 4626; x_wconf 73' lang='lat' dir='ltr'>Quaestionem</span> <span class='ocrx_word' id='word_1_567' title='bbox 1273 4551 1401 4610; x_wconf 81' lang='lat' dir='ltr'>duae</span> <span class='ocrx_word' id='word_1_568' title='bbox 1452 4558 1587 4610; x_wconf 88' lang='lat' dir='ltr'>sunt</span> <span class='ocrx_word' id='word_1_569' title='bbox 1640 4551 1944 4628; x_wconf 74' lang='lat' dir='ltr'>praecipuae</span> <span class='ocrx_word' id='word_1_570' title='bbox 2000 4549 2339 4624; x_wconf 80' lang='lat' dir='ltr'>sententiae3</span> <span class='ocrx_word' id='word_1_571' title='bbox 2411 4547 2552 4607; x_wconf 93' lang='lat' dir='ltr'>Alia</span> <span class='ocrx_word' id='word_1_572' title='bbox 2599 4570 2697 4609; x_wconf 88' lang='lat' dir='ltr'>ne-</span> 
     </span>
     <span class='ocr_line' id='line_1_53' title="bbox 281 4630 2699 4725; baseline 0 -36"><span class='ocrx_word' id='word_1_573' title='bbox 281 4632 565 4708; x_wconf 86' lang='lat' dir='ltr'>gantium,</span> <span class='ocrx_word' id='word_1_574' title='bbox 597 4630 738 4689; x_wconf 83' lang='lat' dir='ltr'>Alia</span> <span class='ocrx_word' id='word_1_575' title='bbox 765 4631 1190 4691; x_wconf 84' lang='lat' dir='ltr'>affirmantium.</span> <span class='ocrx_word' id='word_1_576' title='bbox 1276 4631 1631 4725; x_wconf 76' lang='lat' dir='ltr'>Negativum</span> <span class='ocrx_word' id='word_1_577' title='bbox 1672 4631 1768 4689; x_wconf 91' lang='lat' dir='ltr'>hic</span> <span class='ocrx_word' id='word_1_578' title='bbox 1801 4638 2050 4705; x_wconf 89' lang='lat' dir='ltr'>tuentur,</span> <span class='ocrx_word' id='word_1_579' title='bbox 2095 4638 2155 4689; x_wconf 90' lang='lat' dir='ltr'>et</span> <span class='ocrx_word' id='word_1_580' title='bbox 2196 4649 2423 4689; x_wconf 90' lang='lat' dir='ltr'>omnem</span> <span class='ocrx_word' id='word_1_581' title='bbox 2465 4650 2699 4690; x_wconf 88' lang='lat' dir='ltr'>usuram</span> 
     </span>
     <span class='ocr_line' id='line_1_54' title="bbox 282 4711 2700 4792; baseline 0.001 -23"><span class='ocrx_word' id='word_1_582' title='bbox 282 4711 623 4790; x_wconf 80' lang='lat' dir='ltr'>simpliciter</span> <span class='ocrx_word' id='word_1_583' title='bbox 649 4712 916 4772; x_wconf 85' lang='lat' dir='ltr'>illicitam</span> <span class='ocrx_word' id='word_1_584' title='bbox 939 4720 1147 4792; x_wconf 85' lang='lat' dir='ltr'>putant</span> <span class='ocrx_word' id='word_1_585' title='bbox 1168 4712 1560 4789; x_wconf 78' lang='lat' dir='ltr'>Canonistae,</span> <span class='ocrx_word' id='word_1_586' title='bbox 1545 4733 1604 4777; x_wconf 78' lang='lat' dir='ltr'>in</span> <span class='ocrx_word' id='word_1_587' title='bbox 1624 4712 1670 4773; x_wconf 85' lang='lat' dir='ltr'>J</span> <span class='ocrx_word' id='word_1_588' title='bbox 1672 4731 1773 4772; x_wconf 90' lang='lat' dir='ltr'>ure</span> <span class='ocrx_word' id='word_1_589' title='bbox 1794 4712 2103 4789; x_wconf 90' lang='lat' dir='ltr'>Canonico,</span> <span class='ocrx_word' id='word_1_590' title='bbox 2127 4733 2178 4772; x_wconf 90' lang='lat' dir='ltr'>c.</span> <span class='ocrx_word' id='word_1_591' title='bbox 2200 4712 2322 4771; x_wconf 85' lang='lat' dir='ltr'>xiv.</span> <span class='ocrx_word' id='word_1_592' title='bbox 2336 4731 2393 4788; x_wconf 93' lang='lat' dir='ltr'>q.</span> <span class='ocrx_word' id='word_1_593' title='bbox 2409 4714 2463 4788; x_wconf 90' lang='lat'>3,</span> <span class='ocrx_word' id='word_1_594' title='bbox 2487 4711 2700 4789; x_wconf 87' lang='lat' dir='ltr'>quibus</span> 
     </span>
    </p>
   </div>
  </div>
 </body>
</html>
