3221 5200
532 340 649 396 570
1378 351 1559 393 Locus
1588 349 1849 391 Decimus
1878 350 2116 392 ssx'rus.
2577 333 2828 415 [Quffisr.
2858 355 2950 398 111.

528 500 563 552 2
589 497 743 554 Sam.
762 494 886 553 xix.
917 496 1008 570 19,
1034 513 1211 571 quum
1223 513 1442 552 merces
1464 492 1761 570 injustitiae
1783 491 1899 550 illis
1916 492 2257 567 decernitur,
2275 499 2331 550 et
2348 492 2394 551 J
2397 492 2648 551 udicium
2667 514 2702 552 a
2721 495 2947 554 Phinea

527 575 843 633 exercitum
872 575 933 632 in
962 583 1279 633 scortantes
1307 576 1639 648 imputatum
1667 581 1746 630 est
1766 573 2130 647 injustitiam,
2156 573 2308 631 Psal.
2341 573 2450 631 cvi.
2476 576 2571 648 31,
2605 574 2681 632 id.
2712 585 2945 651 gratum

530 656 654 712 Deo
683 655 807 729 fuit,
844 662 902 713 et
929 655 1016 712 illi
1045 656 1219 713 cessit
1246 654 1304 710 in
1333 653 1565 710 laudem
1607 660 1821 710 sanctae
1864 653 2185 730 zelotypiae,
2231 662 2290 710 et
2331 654 2590 729 perpetui
2623 654 2946 714 Sacerdotii

524 743 775 811 pactum.
860 737 1105 810 Proprie
1134 742 1222 792 est
1250 753 1397 807 eum,
1444 732 1544 809 qui
1564 731 1786 809 aliquid
1828 751 1944 790 non
1985 733 2136 807 fecit,
2167 733 2381 791 habere
2410 752 2477 790 ac
2507 734 2556 790 si
2586 734 2849 810 secisset3
2882 747 2942 794 et

525 815 783 872 vicissim
812 835 927 873 non
959 815 1255 891 imputare,
1280 820 1369 869 est
1389 831 1518 869 eum
1542 812 1644 887 qui
1670 811 1892 887 aliquid
1930 811 2080 889 fecit,
2112 813 2322 871 habere
2351 833 2419 870 ac
2448 813 2496 870 si
2526 833 2640 871 non
2669 813 2941 890 fecisset3

521 902 589 953 ut
619 894 835 953 Paulus
866 895 976 952 sibi
1015 893 1161 969 petit
1202 891 1469 967 imputari
1511 891 1739 967 culpam
1784 891 2058 967 Onesimi‚
2104 912 2275 969 quam
2314 893 2435 970 ipse
2465 911 2581 950 non
2610 893 2938 970 admiserat,

527 975 636 1051 Ep.
668 975 743 1032 ad
774 975 922 1031 Phil.
959 975 1048 1046 18,
1101 980 1160 1030 et
1203 972 1430 1048 culpam
1476 969 1865 1029 desertoribus
1908 971 2028 1030 suis
2069 991 2185 1030 non
2224 973 2494 1048 imputari
2536 982 2718 1049 rogat,
2766 995 2942 1050 quam

523 1054 635 1130 ipsi
664 1055 1026 1126 admiserant,
1060 1057 1096 1109 2
1127 1052 1275 1108 Tim.
1307 1051 1384 1109 iv.
1422 1053 1512 1109 16.
1599 1051 1697 1109 Ex
1738 1070 1852 1127 qua
1893 1050 2107 1127 duplici
2150 1052 2312 1109 vocis
2341 1053 2687 1128 acceptione,
2721 1053 2938 1130 duplex

526 1134 708 1191 oritur
748 1132 1066 1208 imputatio,
1099 1131 1171 1190 de
1210 1150 1324 1208 qua
1354 1130 1571 1188 Paulus
1615 1141 1742 1185 κατὰ
1766 1140 1920 1204 χάριν,
1952 1139 2011 1188 et
2040 1141 2148 1185 κατ’
2173 1139 2415 1206 benamu,
2447 1152 2521 1189 ex
2543 1135 2754 1208 qratia,
2787 1144 2841 1190 et
2865 1155 2942 1192 ex

525 1215 720 1287 debite,
754 1213 921 1269 Rom.
952 1211 1030 1269 iv.
1075 1215 1130 1286 4,
1178 1214 1232 1286 5,
1289 1214 1323 1243 ‘⁶
1348 1211 1421 1267 Ei
1463 1211 1563 1286 qui
1591 1219 1874 1287 operatur,
1906 1230 2123 1269 merces
2151 1230 2268 1268 non
2290 1211 2604 1288 imputatur
2630 1232 2704 1269 ex
2733 1214 2939 1290 gratia,

523 1292 624 1349 sed
652 1312 727 1349 ex
756 1291 967 1364 debito,
1002 1291 1102 1349 sed
1132 1292 1184 1349 ei
1213 1291 1313 1368 qui
1341 1310 1458 1348 non
1499 1298 1783 1366 operatur,
1817 1289 1919 1347 sed
1947 1290 2046 1366 qui
2075 1290 2258 1349 credit
2286 1291 2347 1348 in
2374 1310 2506 1349 eum
2535 1292 2632 1368 qui
2654 1293 2937 1368 justificat

524 1371 779 1447 impium,
810 1370 955 1428 fides
984 1371 1070 1429 illi
1101 1371 1413 1448 imputatur
1441 1369 1515 1427 ad
1535 1370 1885 1446 justitiam,’'
1911 1371 2048 1430 nim.
2080 1391 2154 1428 ex
2184 1370 2403 1446 gratia3
2434 1391 2569 1428 nam
2596 1372 2936 1431 fundamen-

523 1459 645 1509 tum
677 1451 1089 1527 imputationis,
1135 1452 1229 1509 vel
1272 1458 1361 1509 est
1401 1450 1461 1506 in
1502 1450 1706 1507 merito
1749 1457 1807 1506 et
1840 1448 2122 1526 dignitate
2150 1470 2427 1526 personae,
2460 1451 2553 1509 cui
2582 1452 2802 1528 aliquid
2830 1453 2934 1509 im-

520 1539 770 1607 putatur,
797 1530 890 1588 vel
914 1538 1001 1588 est
1024 1541 1188 1589 extra
1217 1550 1343 1588 eam
1373 1530 1430 1585 in
1460 1529 1585 1586 sola
1612 1532 1799 1606 gratia
1819 1537 1878 1586 et
1899 1529 2289 1587 misericordia
2317 1531 2688 1607 imputantis:
2717 1532 2937 1608 primus

522 1610 728 1668 modus
757 1619 845 1669 est
875 1611 1125 1686 Legalis,
1171 1611 1316 1668 alter
1356 1627 1495 1666 vero
1526 1608 1936 1684 Evangelicus.
2027 1609 2196 1666 Unde
2234 1610 2528 1686 colligitur
2555 1631 2755 1670 vocem
2785 1612 2934 1671 hanc

524 1711 649 1749 esse
680 1690 708 1747 f
739 1710 980 1766 rensem,
1012 1710 1140 1766 quae
1179 1710 1293 1746 non
1334 1696 1422 1746 est
1459 1687 1837 1764 intelligenda
1864 1688 2102 1766 physice
2132 1688 2203 1746 de
2233 1689 2517 1748 infusione
2539 1691 2799 1767 justitiae,
2832 1692 2936 1750 sed

505 1711 858 1845 judicabit&
899 1779 957 1829 et
997 1771 1227 1828 relative
1269 1769 1339 1826 de
1383 1768 1636 1845 gratuita
1676 1769 2006 1845 acceptione
2049 1769 2109 1825 in
2143 1769 2365 1845 judicio
2411 1770 2536 1843 Dei,
2575 1771 2732 1847 quod
2760 1773 2932 1830 etiam

526 1852 708 1927 liquet
737 1872 811 1909 ex
840 1851 901 1907 vi
928 1851 1091 1908 vocis
1142 1857 1403 1917 λογίζωαα,
1432 1857 1489 1907 et
1518 1858 1741 1922 iaaoysrv,
1772 1869 1900 1925 quae
1930 1869 1965 1907 a
1991 1850 2315 1907 rationariis
2342 1850 2522 1926 petita
2550 1859 2656 1909 est.

606 1931 784 1988 VIII.
830 1931 1113 1988 Caeterum
1141 1929 1235 1986 hic
1264 1937 1526 1987 accurate
1556 1928 2027 2005 distinguendum
2055 1937 2144 1988 est
2173 1938 2225 1984 τὸ
2263 1930 2594 2007 imputatum
2621 1951 2657 1988 a
2673 1933 2933 2007 putativo

524 2030 626 2069 seu
676 2010 895 2084 fictitio,
943 2017 1009 2068 ut
1057 2018 1389 2067 occurratur
1436 2008 1740 2066 calumniae
1791 2008 2291 2084 Adversariorum,
2344 2010 2444 2086 qui
2499 2010 2935 2088 imputationem

524 2090 695 2148 istam
724 2089 1049 2165 traducunt,
1082 2088 1247 2165 quasi
1274 2107 1489 2146 meram
1517 2087 1808 2147 fictionem
1838 2090 2063 2163 mentis,
2097 2090 2247 2147 circa
2275 2109 2395 2147 rem
2425 2109 2540 2148 non
2569 2091 2932 2150 existentem.

525 2169 667 2228 Cum
713 2169 788 2228 sit
829 2187 920 2227 res
961 2189 1076 2227 non
1119 2168 1309 2227 minus
1350 2168 1520 2227 realis
1560 2167 1622 2224 in
1665 2188 1769 2227 suo
1797 2169 2013 2243 ordine,
2059 2170 2278 2228 scilicet
2313 2169 2563 2247 juridico
2607 2180 2664 2229 et
2701 2170 2930 2246 forensi,

521 2269 695 2325 quam
738 2249 949 2306 infusio
992 2249 1052 2305 in
1095 2268 1304 2325 genere
1343 2247 1546 2306 morali
1594 2267 1697 2307 seu
1746 2249 2023 2325 physico;
2072 2250 2156 2308 Ut
2197 2250 2497 2326 imputatio
2546 2251 2848 2308 solutionis
2899 2271 2935 2309 a

523 2329 689 2387 Vade
737 2328 920 2404 factae,
972 2347 1103 2405 quae
1150 2329 1218 2386 fit
1261 2328 1540 2402 Debitori,
1585 2329 1836 2387 maxime
1885 2330 2056 2387 realis
2105 2338 2208 2403 est,
2260 2350 2362 2408 per
2416 2350 2587 2406 quam
2634 2330 2852 2388 scilicet
2897 2349 2934 2388 a

520 2409 715 2468 debito
764 2409 1056 2483 liberatur,
1105 2416 1162 2466 et
1211 2409 1483 2466 eximitur
1530 2427 1564 2464 a
1603 2410 1737 2485 jure
1785 2408 1941 2485 quod
1991 2410 2050 2466 in
2097 2410 2286 2486 ipsum
2342 2409 2593 2468 habebat
2649 2410 2930 2469 Creditor.

523 2490 691 2548 Unde
734 2497 892 2566 patet
932 2497 1122 2547 actum
1166 2488 1340 2545 istum
1385 2488 1496 2546 Dei
1544 2486 1895 2545 Judicialem
1933 2509 2050 2546 non
2098 2509 2289 2546 carere
2331 2490 2576 2563 veritate,
2630 2490 2766 2565 quia
2812 2509 2932 2547 non
3034 2510 3038 2513 “

517 2569 856 2646 pronunciat
873 2587 979 2626 nos
1013 2569 1204 2644 justos
1235 2567 1292 2624 in
1322 2568 1504 2640 nobis,
1535 2566 1693 2642 quod
1721 2576 1874 2626 esset
1901 2566 2126 2643 falsum,
2159 2568 2260 2626 sed
2288 2569 2348 2626 in
2379 2568 2624 2643 Christo,
2656 2569 2812 2645 quod
2841 2578 2933 2629 est

522 2649 917 2719 verissimum3
949 2668 1055 2704 nec
1067 2647 1308 2720 justitia,
1340 2647 1476 2721 quia
1504 2647 1676 2703 datur
1712 2648 2036 2704 communio
2064 2648 2213 2704 inter
2239 2666 2344 2703 nos
2374 2656 2431 2705 et
2461 2648 2768 2722 Christum,
2801 2669 2936 2724 quae

520 2726 767 2783 solidum
797 2724 1232 2782 fundamentum
1261 2732 1349 2782 est
1376 2725 1543 2781 istius
1572 2724 1984 2798 imputationis.

603 2804 720 2861 IX.
754 2804 897 2862 Cum
921 2822 1059 2878 ergo
1082 2802 1326 2860 dicimus
1339 2802 1553 2859 Christi
1568 2802 1856 2877 justitiam
1869 2802 1944 2859 ad
1962 2802 2427 2878 justificationem
2445 2802 2613 2860 nobis
2635 2802 2931 2884 imputari,

518 2892 576 2942 et
602 2903 708 2941 nos
756 2902 858 2959 per
898 2881 1183 2959 justitiam
1233 2881 1391 2938 illam
1434 2881 1773 2958 imputatam
1811 2882 2002 2957 justos
2045 2902 2169 2940 esse
2199 2901 2389 2940 coram
2422 2883 2564 2957 Dec,
2597 2891 2655 2941 et
2678 2904 2798 2942 non
2826 2906 2932 2963 per

510 2962 796 3041 justitiam
821 2962 996 3020 ullam
1020 2982 1149 3038 quae
1170 2961 1337 3019 nobis
1359 2960 1660 3036 inhaereat3
1685 2960 1841 3018 Nihil
1865 2962 2024 3019 aliud
2035 2962 2319 3037 volumus,
2345 2982 2518 3039 quam
2540 2963 2928 3023 obedientiam

521 3044 733 3103 Christi
780 3044 905 3101 Deo
951 3042 1110 3100 Patri
1150 3041 1379 3101 nomine
1422 3049 1619 3099 nostro
1661 3041 1991 3118 praestitam,
2037 3043 2118 3102 ita
2157 3042 2325 3100 nobis
2368 3062 2403 3101 a
2446 3044 2571 3101 Deo
2614 3043 2831 3119 donari,
2861 3055 2929 3104 ut

519 3145 653 3183 vere
682 3132 880 3183 nostra
907 3131 1223 3199 censeatur,
1255 3142 1495 3199 eamque
1517 3141 1643 3181 esse
1662 3122 1889 3179 unicam
1908 3131 1966 3182 et
1993 3124 2172 3181 solam
2202 3123 2360 3180 illam
2381 3123 2666 3200 justitiam
2695 3132 2927 3200 propter

518 3225 708 3281 quam,
734 3213 791 3262 et
810 3205 901 3281 cuj
911 3224 976 3262 us
998 3204 1219 3277 meritc,
1251 3203 1606 3261 absolvimur
1635 3223 1669 3260 a
1695 3210 1856 3261 reatu
1886 3213 2248 3281 peccatorum
2277 3210 2618 3277 nostrorum,
2644 3211 2703 3261 et
2721 3205 2821 3280 jus
2849 3204 2926 3262 ad

515 3286 695 3343 vitam
753 3284 1117 3357 obtinemus3
1162 3303 1269 3341 nec
1294 3283 1473 3341 ullam
1503 3284 1562 3340 in
1590 3282 1760 3340 nobis
1789 3302 1914 3341 esse
1936 3283 2242 3360 justitiam,
2279 3292 2378 3341 aut
2405 3282 2524 3340 ulla
2550 3282 2703 3340 bona
2731 3303 2920 3360 opera,

513 3364 723 3440 quibus
745 3364 1025 3422 beneficia
1042 3371 1202 3421 tanta
1223 3382 1661 3439 promereamur,
1686 3382 1814 3438 quae
1833 3363 1978 3420 ferre
2001 3362 2222 3439 possint
2239 3381 2500 3420 severum
2513 3361 2720 3438 judicii
2743 3362 2924 3420 divini

514 3462 774 3515 examen,
821 3443 869 3499 si
916 3444 1074 3499 Deus
1108 3444 1279 3516 juxta
1324 3442 1499 3517 Legis
1542 3462 1661 3499 suae
1701 3442 1950 3517 rigorem
1993 3442 2293 3500 nobiscum
2322 3461 2493 3517 agere
2521 3442 2734 3516 vellet3
2781 3442 2924 3499 nihil

514 3540 620 3577 nos
649 3520 734 3575 illi
762 3539 931 3594 posse
961 3539 1264 3595 opponere,
1297 3520 1408 3576 nisi
1439 3520 1654 3578 Christi
1680 3521 1945 3578 meritum
1969 3529 2028 3579 et
2056 3521 2517 3595 satisfactionem,
2550 3521 2609 3577 in
2638 3541 2751 3597 qua
2781 3522 2917 3595 sola,

510 3605 873 3673 peccatorum
897 3597 1246 3654 conscientia
1275 3598 1474 3670 territi,
1507 3605 1693 3655 tutum
1724 3598 2003 3657 adversus
2031 3600 2172 3656 iram
2203 3599 2459 3656 divinam
2487 3601 2830 3677 perfugium,
2861 3609 2921 3659 et

510 3676 827 3735 animarum
858 3684 1179 3734 nostrarum
1208 3695 1407 3751 pacem
1438 3676 1695 3733 invenire
1723 3696 2046 3752 possumus

597 3757 679 3814 X.
728 3756 892 3814 Licet
934 3775 1071 3814 vero
1114 3755 1362 3813 nolimus
1405 3754 1713 3830 quicquam
1757 3775 1881 3813 esse
1925 3757 1983 3813 in
2012 3757 2196 3829 nobis,
2228 3758 2382 3834 quod
2414 3760 2625 3835 opponi
2652 3759 2833 3836 possit
2862 3758 2923 3817 in

500 3837 726 3913 judicio
778 3837 890 3895 Dei
938 3836 1012 3893 ad
1045 3834 1534 3909 justificationem,
1580 3834 1729 3892 male
1771 3844 1964 3894 tamen
2005 3837 2134 3912 quis
2175 3837 2309 3896 inde
2351 3839 2734 3913 concluderet,
2767 3837 2922 3914 quod

508 3919 653 3976 falso
683 3926 741 3976 et
768 3937 871 3994 per
914 3916 1258 3974 calumniam
1285 3915 1453 3973 nobis
1481 3913 1761 3990 affingunt
1794 3915 2150 3991 Adversarii,
2197 3918 2318 3975 Nos
2359 3918 2577 3977 nullam
2606 3937 2919 3995 agnoscere

500 3998 790 4072 justitiam
837 3998 1223 4069 inhaerentem,
1276 4015 1405 4071 quae
1452 3995 1722 4054 fidelibus
1771 3996 1926 4071 insit,
1975 4006 2032 4055 et
2087 3998 2252 4073 cujus
2298 3998 2515 4056 ratione
2571 4018 2706 4056 vere
2762 3996 2918 4074 apud

514 4078 703 4135 Deum
736 4077 886 4150 justi
928 4084 986 4134 et
1027 4076 1210 4133 sancti
1253 4083 1629 4149 censeantur;
1676 4075 1959 4152 Adeoque
2003 4076 2207 4135 docere
2248 4077 2449 4135 fideles
2491 4098 2715 4154 semper
2757 4078 2817 4134 in
2860 4096 2924 4135 se

508 4176 737 4214 manere
768 4156 974 4232 impios
1002 4163 1061 4213 et
1088 4153 1352 4228 injustOS,
1398 4164 1457 4213 et
1500 4155 1711 4213 Christi
1745 4154 2036 4226 justitiam
2079 4155 2153 4213 ad
2180 4157 2288 4214 hoc
2320 4157 2505 4215 solum
2533 4157 2700 4216 nobis
2730 4157 2914 4233 impu-

510 4236 637 4309 tari,
684 4246 746 4294 ut
790 4244 1025 4309 peccata
1067 4244 1264 4291 nostra
1313 4243 1598 4309 tegantur,
1652 4254 1768 4292 non
1810 4256 1947 4293 vero
1976 4235 2269 4294 tollantur.
2359 4237 2528 4296 Unde
2557 4236 2914 4295 occasionem

512 4323 744 4373 sumunt
778 4315 1110 4372 Doctrinam
1138 4322 1391 4370 nostram
1422 4313 1493 4371 de
1524 4314 1909 4391 Imputatione
1939 4312 2197 4373 Justitiae
2228 4316 2456 4390 Christi,
2488 4317 2653 4391 quasi
2682 4317 2913 4393 impiam
3015 4368 3024 4378 ,

512 4403 570 4451 et
598 4394 997 4467 execrandam,
1029 4392 1384 4450 traducendi.
1471 4392 1636 4468 Quia,
1661 4403 1726 4451 ut
1760 4413 1932 4470 supra
1950 4397 2074 4472 jam
2103 4395 2374 4468 diximus,
2406 4397 2773 4471 agnoscimus
2801 4396 2918 4454 duo

512 4472 623 4531 ista
671 4472 951 4530 beneficia
994 4492 1119 4530 esse
1167 4470 1604 4547 inseparabilia3
1652 4481 1710 4531 et
1749 4474 2033 4530 neminem
2078 4494 2112 4531 a
2169 4475 2397 4532 Christo
2433 4475 2761 4551 justificari,
2817 4477 2918 4552 qui

511 4553 685 4608 etiam
713 4573 825 4610 non
857 4552 1258 4624 sanctificetur,
1292 4559 1350 4609 et
1369 4549 1601 4624 justitia
1643 4553 1952 4611 inhaerente
1996 4552 2254 4627 donetur,
2308 4574 2342 4610 a
2389 4574 2505 4630 qua
2548 4575 2682 4614 vere
2733 4556 2917 4613 sancti

509 4636 565 4685 et
585 4628 749 4703 justi,
781 4631 918 4689 licet
945 4651 1060 4687 non
1086 4630 1336 4708 perfecte
1365 4632 1426 4689 in
1454 4631 1562 4689 hac
1592 4632 1733 4707 vita,
1764 4632 2115 4691 denominari
2144 4633 2368 4709 possint
2397 4635 2610 4692 fideles.
