3221 5200
261 337 495 385 QUAEs‘r.
543 316 658 395 ιιι]
1203 333 1279 371 nr:
1321 333 1826 374 aus‘rffrcxrroxn.
2572 323 2688 380 569

353 477 471 533 III.
509 475 677 534 Unde
708 473 965 551 sequitur
989 471 1078 552 (5)
1104 473 1291 532 Deum
1313 475 1530 533 nemini
1559 475 1804 552 gratiam
1826 475 2014 535 facere
2035 495 2203 552 posse
2234 497 2339 535 nec
2361 497 2687 556 quenquam

255 556 584 633 justificare
631 555 753 614 sine
800 553 1053 630 perfecta
1085 554 1332 631 justitia.
1419 555 1564 613 Cum
1609 555 1761 612 enim
1797 556 2081 634 judicium
2128 558 2240 616 Dei
2269 558 2344 616 sit
2373 560 2690 618 secundum

262 636 591 709 veritatem,
622 654 739 691 non
765 641 956 710 potest
983 653 1309 709 quenquam
1344 635 1569 711 justum
1616 635 2010 712 pronunciare,
2041 637 2140 712 qui
2182 657 2384 695 revera
2411 639 2546 697 talis
2574 660 2691 698 non

266 715 365 773 sit.
453 717 597 772 Cum
627 733 764 771 vero
793 713 987 771 nullus
1015 714 1344 772 mortalium
1385 723 1516 791 post
1557 723 1856 790 peccatum
1886 717 2059 774 talem
2095 717 2381 792 justitiam
2411 718 2470 774 in
2500 720 2691 796 seipso

267 794 502 868 habeat,
550 794 665 851 imo
694 812 798 870 per
824 801 1123 869 peccatum
1153 793 1306 851 filius
1325 793 1423 850 irae
1446 793 1634 852 factus
1664 795 1737 852 sit
1759 804 1816 853 et
1838 796 2038 854 mortis
2066 816 2213 871 reuS,
2246 798 2555 872 quaerenda
2583 800 2692 858 fuit

269 884 442 932 extra
463 893 568 931 nos
598 873 657 930 in
686 873 817 946 alio,
850 874 1016 949 cujus
1037 872 1367 931 interventu
1388 874 1560 931 homo
1583 883 1850 950 peccator
1870 883 1929 933 et
1956 875 2166 951 impius
2186 877 2538 953 justificetur
2566 879 2690 937 sine

258 954 496 1029 justitia
523 953 770 1030 propria.
858 953 1130 1010 Humana
1158 972 1295 1010 sane
1344 953 1386 1010 J
1392 952 1583 1010 udicia
1632 953 1871 1029 impium
1901 975 2054 1032 soepe
2091 956 2431 1032 justificant,
2466 957 2561 1015 vel
2588 978 2693 1034 per

269 1033 676 1108 ignorantiam,
710 1053 886 1108 quum
917 1031 1182 1108 impietas
1211 1032 1508 1107 ignoratur
1535 1042 1593 1091 et
1615 1033 1772 1106 latet,
1795 1035 1891 1092 vel
1919 1054 2022 1111 per
2051 1035 2339 1112 injuriam,
2371 1056 2547 1112 quum
2576 1057 2692 1095 non

269 1113 608 1186 attenditur,
640 1113 734 1169 vel
780 1132 882 1188 per
928 1112 1309 1187 iniquitatem,
1342 1131 1519 1188 quum
1568 1113 1936 1189 approbatur.
2026 1115 2140 1173 Sed
2177 1116 2238 1173 in
2270 1116 2422 1173 Foro
2454 1117 2686 1193 Divin0,

269 1191 336 1249 in
364 1212 478 1268 quo
508 1192 675 1249 nobis
703 1212 794 1250 res
823 1201 910 1249 est
939 1210 1069 1249 cum
1106 1191 1430 1268 justissimo
1458 1193 1501 1250 J
1507 1190 1689 1266 udice,
1721 1193 1822 1268 qui
1848 1212 1955 1251 nec
2006 1204 2228 1253 sontem
2258 1195 2434 1254 habet
2474 1216 2576 1273 pro
2604 1199 2691 1254 in-

272 1281 458 1344 sonte,
492 1292 597 1329 nec
627 1273 910 1329 insontem
942 1291 1044 1347 pro
1075 1279 1255 1345 sonte,
1286 1272 1397 1329 hoc
1423 1271 1617 1329 locum
1653 1273 1864 1330 habere
1911 1274 2127 1349 nequit.
2215 1275 2357 1333 Ideo
2386 1276 2487 1352 qui
2516 1277 2692 1335 desti-

273 1352 458 1410 tuitur
486 1351 714 1428 propria
747 1351 993 1427 justitia,
1041 1351 1213 1408 aliam
1255 1351 1426 1409 debet
1475 1352 1687 1410 habere
1734 1372 1847 1429 qua
1890 1354 2259 1429 justificetur.
2347 1356 2514 1414 Licet
2541 1357 2693 1414 enim

277 1432 459 1506 DeuS,
491 1440 555 1489 ut
584 1450 841 1489 summus
869 1450 1057 1489 rerum
1109 1430 1364 1506 Arbiter,
1397 1440 1456 1490 et
1483 1451 1784 1508 supremus
1823 1433 2074 1491 omnium
2108 1435 2409 1510 Dominus,
2442 1445 2692 1512 potesta-

274 1520 394 1569 tem
424 1511 634 1568 habeat
662 1510 905 1587 gratiam
957 1530 1141 1588 poenae
1189 1511 1433 1569 faciendi
1477 1513 1911 1588 peccatoribus3
1955 1533 2069 1571 non
2099 1522 2291 1590 potest
2317 1524 2528 1591 tamen,
2560 1516 2697 1593 quia

275 1599 368 1648 est
403 1591 779 1667 justissimus,
804 1592 914 1649 hoc
944 1590 1245 1668 indulgere
1293 1593 1597 1667 peccatori,
1630 1592 1744 1651 nisi
1792 1592 1926 1650 data
1953 1594 2112 1668 prius
2141 1594 2547 1669 satisfactione,
2580 1616 2695 1672 qua

275 1680 336 1727 et
357 1670 601 1745 justitiae
630 1671 730 1728 fiat
780 1671 938 1744 satiS,
971 1679 1028 1728 et
1055 1691 1228 1747 poena
1256 1670 1328 1728 de
1356 1681 1593 1748 peccato
1639 1682 1934 1747 sumatur;
1984 1692 2113 1747 quae
2164 1693 2294 1731 cum
2323 1693 2356 1730 a
2385 1675 2553 1810 nogis
2581 1676 2695 1732 reis

278 1750 569 1825 proficisci
615 1770 730 1808 non
787 1751 1052 1826 potuerit,
1111 1751 1172 1807 in
1216 1751 1330 1808 alio
1378 1752 1688 1826 quaerenda
1734 1751 1858 1824 fuit,
1910 1751 2012 1825 qui
2060 1751 2315 1828 Sponsor
2340 1771 2446 1810 nos
2505 1773 2538 1810 o
2567 1754 2695 1811 loco

276 1829 644 1903 constitutus,
705 1849 934 1906 poenam
995 1829 1165 1887 nobis
1227 1828 1481 1887 debitam
1543 1830 1602 1886 in
1646 1849 1706 1887 se
1751 1828 2078 1906 recipiendo
2128 1831 2414 1907 justitiam
2458 1841 2515 1889 et
2557 1838 2696 1887 δικαί-

277 1937 400 1982 ωμα,
433 1929 547 1986 quo
577 1909 1045 1983 destituebamur,
1075 1909 1200 1985 ipse
1228 1907 1551 1984 largiretur.

365 1989 473 2046 IV.
520 1987 689 2061 Quod
732 2007 870 2046 vero
919 1989 980 2045 in
1028 1988 1197 2046 nobis
1240 1988 1474 2064 reperiri
1522 2008 1638 2045 non
1683 1988 1887 2064 potuit,
1940 1997 1999 2048 et
2047 1989 2106 2045 in
2155 1989 2267 2048 alio
2297 1990 2405 2049 fuit
2433 2011 2693 2067 quaeren-

278 2068 436 2141 dum,
482 2087 600 2124 non
641 2067 781 2124 alibi
825 2067 1071 2124 inveniri
1115 2086 1284 2143 posse
1315 2067 1700 2144 Evangelium
1748 2067 1934 2143 docet,
1982 2089 2153 2144 quam
2184 2069 2243 2126 in
2303 2071 2531 2128 Christo
2560 2080 2695 2125 ssa·-

279 2155 451 2220 θρόνῳ,
484 2147 585 2222 qui
633 2147 816 2204 Vadis
844 2148 1027 2205 nostri
1075 2155 1304 2223 recepto
1343 2147 1403 2203 in
1433 2166 1494 2205 se
1522 2166 1777 2222 munere,
1809 2147 2142 2223 plenissime
2179 2150 2422 2225 justitiae
2454 2150 2564 2208 Dei
2593 2169 2697 2225 per

282 2225 668 2283 obedientiam
716 2247 880 2285 suam
908 2226 1175 2284 omnibus
1207 2227 1461 2284 numeris
1498 2226 1824 2285 absolutam
1858 2227 2153 2301 satisfecit,
2198 2237 2256 2286 et
2285 2230 2365 2287 ita
2393 2229 2697 2297 Justitiam

282 2305 623 2380 seculorum,
671 2326 786 2382 qua
833 2327 949 2364 una
983 2306 1289 2383 justificari
1333 2325 1639 2382 possumus
1681 2327 1872 2365 coram
1925 2308 2068 2382 De0,
2101 2308 2268 2366 nobis
2290 2310 2499 2383 attulit,
2531 2317 2596 2367 ut
2630 2328 2699 2366 ea

281 2386 419 2444 tecti
447 2394 506 2444 et
533 2386 721 2445 induti
749 2396 1022 2463 tanquam
1053 2386 1419 2463 primogeniti
1443 2387 1623 2444 nostri
1651 2395 1831 2462 veste,
1864 2387 1940 2445 ad
1961 2388 2141 2446 instar
2157 2389 2199 2447 J
2203 2389 2386 2464 acobi,
2420 2399 2691 2447 aeternam

285 2465 475 2524 Patris
504 2467 759 2525 coelestis
786 2466 1244 2525 benedictionem
1276 2466 1383 2524 sub
1413 2486 1480 2524 ea
1508 2466 1889 2526 obtineamus.

365 2545 440 2605 V.
488 2546 685 2621 Porro,
719 2546 867 2622 Quia
895 2545 1149 2624 quandiu
1181 2545 1443 2605 Christus
1472 2557 1560 2605 cst
1603 2555 1769 2606 extra
1808 2567 1930 2623 nos,
1963 2555 2022 2607 et
2048 2568 2154 2607 nos
2184 2558 2349 2607 extra
2381 2547 2692 2624 Christum,

283 2626 505 2684 nullum
535 2647 610 2685 ex
644 2628 872 2705 justitia
916 2627 1104 2685 aliena
1152 2626 1399 2686 fructum
1427 2627 1718 2704 percipere
1766 2648 2110 2704 possumus3
2158 2629 2317 2687 Deus
2346 2629 2562 2705 duplici
2591 2648 2698 2687 nos

284 2706 517 2765 vinculo
546 2727 677 2766 cum
709 2708 936 2765 Christo
967 2707 1126 2765 unire
1156 2707 1359 2781 voluit,
1391 2708 1640 2765 naturali
1667 2727 1800 2783 uno,
1827 2708 2072 2784 mystico
2101 2709 2298 2782 altero,
2332 2710 2496 2785 cujus
2524 2709 2699 2766 bene-

287 2786 417 2843 ficio
446 2786 528 2862 fit,
560 2796 624 2845 ut
672 2795 730 2844 et
769 2788 919 2845 mala
967 2797 1163 2845 nostra
1205 2787 1265 2844 in
1311 2787 1601 2845 Christum
1635 2787 1943 2864 transferri,
1976 2797 2035 2846 et
2061 2788 2213 2847 bona
2242 2788 2455 2848 Christi
2485 2788 2558 2845 ad
2587 2808 2694 2845 nos

286 2867 527 2924 transire
556 2867 864 2942 potuerint,
896 2876 954 2926 et
983 2875 1178 2925 nostra
1204 2867 1346 2925 fieri.
1434 2867 1602 2925 Prius
1633 2876 1721 2926 est
1742 2868 2071 2927 Commum'o
2099 2871 2344 2927 Naturae
2369 2889 2472 2945 per
2502 2869 2695 2925 Incar-

286 2945 594 3018 nationem,
626 2964 740 3020 qua
770 2945 1032 3004 Christus
1062 2966 1231 3004 carne
1260 2955 1457 3004 nostra
1484 2956 1779 3023 assumpta
1804 2949 2009 3005 Frater
2026 2957 2235 3018 noster,
2261 2957 2318 3005 et
2346 2968 2518 3005 verus
2549 2947 2698 3004 Goel

289 3023 488 3096 sactus,
533 3032 770 3099 peccata
814 3034 1012 3082 nostra
1060 3025 1118 3081 in
1149 3044 1209 3082 se
1255 3026 1507 3101 recipere
1552 3028 1741 3101 potuit
1769 3034 1826 3082 et
1858 3027 1959 3101 jus
1988 3046 2094 3084 nos
2132 3026 2448 3083 redimendi
2477 3026 2696 3084 habuit.

291 3102 584 3160 Posterius
630 3110 717 3159 est
770 3102 1096 3161 Communia
1145 3103 1382 3175 Gratim,
1434 3123 1536 3178 per
1585 3104 2017 3179 Mediationem,
2058 3124 2174 3180 qua
2218 3105 2341 3162 Vas
2388 3124 2491 3180 pro
2530 3104 2699 3162 nobis

288 3180 472 3239 factus
501 3202 535 3239 a
566 3181 709 3254 De0,
741 3190 799 3239 et
849 3182 908 3238 in
937 3183 1125 3258 Caput
1150 3181 1318 3238 nobis
1362 3180 1548 3254 datuS,
1587 3182 1874 3258 justitiam
1900 3201 2060 3240 suam
2092 3192 2149 3240 et
2178 3184 2368 3240 omnia
2415 3184 2564 3241 bona
2593 3204 2699 3241 sua

287 3261 454 3318 nobis
477 3261 895 3319 communicare
919 3270 1126 3337 potest.
1179 3260 1335 3317 Hinc
1354 3260 1584 3333 factum,
1606 3268 1671 3318 ut
1692 3260 2171 3336 quemadmodum
2187 3282 2289 3338 pro
2308 3263 2473 3319 nobis
2497 3282 2695 3339 pecca-

288 3349 409 3398 tum
436 3340 622 3399 faetus
640 3360 674 3397 a
698 3341 823 3399 Deo
846 3350 933 3398 est
962 3360 1062 3416 per
1081 3350 1446 3417 peccatorum
1476 3349 1800 3398 nostrorum
1822 3340 2256 3415 imputationem
2280 3365 2293 3401 ς
2327 3342 2417 3399 Ita
2440 3342 2696 3399 vicissim

287 3421 492 3479 fiamus
514 3419 744 3497 justitia
776 3421 881 3478 Dei
915 3421 973 3477 in
995 3421 1120 3497 ipso
1141 3440 1245 3497 per
1261 3418 1603 3477 obedientiae
1634 3419 1813 3496 ipsius
1834 3419 2285 3496 imputationem,
2308 3426 2343 3480 2
2370 3422 2497 3479 Cor.
2519 3443 2575 3479 v.
2598 3426 2695 3480 21.

371 3502 480 3559 VI.
526 3500 1020 3575 Quemadmodum
1050 3520 1188 3558 vero
1218 3499 1503 3576 duplicem
1553 3509 1711 3569 σχίσιν
1758 3500 2003 3558 sustinet
2060 3501 2322 3560 Christus
2378 3522 2516 3578 erga
2569 3521 2695 3578 nOS,

301 3582 473 3639 Vadis
520 3590 579 3639 et
627 3582 860 3657 Capitis,
911 3580 1113 3656 Vadis,
1165 3580 1264 3656 qui
1313 3579 1481 3637 tollat
1523 3588 1745 3638 reatum
1801 3581 2023 3656 peccati
2079 3581 2364 3641 solutione
2412 3603 2515 3659 pro
2571 3583 2697 3659 ipso

290 3662 559 3736 praestita,
594 3661 829 3738 Capitis,
862 3661 1017 3738 quod
1049 3662 1176 3738 ejus
1197 3660 1318 3717 vim
1337 3668 1395 3718 et
1416 3660 1700 3718 maculam
1719 3658 1939 3718 auferat
1960 3681 2063 3737 per
2088 3662 2335 3738 Spiritus
2358 3661 2695 3736 efficaciam;

293 3741 383 3797 Ita
411 3740 627 3817 duplici
656 3741 827 3798 modo
857 3741 1136 3799 beneficia
1165 3760 1270 3800 sua
1310 3740 1478 3798 nobis
1507 3740 1831 3815 impertitur
1861 3741 2140 3814 Christus,
2173 3743 2550 3816 Imputatione
2564 3744 2695 3813 sor·

289 3820 417 3890 ensi,
451 3827 509 3876 et
552 3821 777 3876 Mor-ala·
820 3841 887 3878 ac
934 3821 1155 3877 interna
1204 3820 1494 3893 inficsione.
1583 3820 1750 3877 Prior
1790 3818 1918 3876 fluit
1960 3840 1995 3876 a
2038 3820 2265 3876 Christo
2307 3828 2372 3877 ut
2404 3818 2584 3893 Vade,
2637 3826 2696 3877 ct

290 3898 720 3955 fundamentum
749 3907 837 3957 est
859 3898 1289 3975 justificationis
1317 3908 1546 3956 nostrae.
1634 3898 1925 3955 Posterior
1945 3898 2157 3973 pendet
2186 3897 2258 3955 ab
2288 3917 2355 3955 eo
2385 3906 2447 3955 ut
2477 3897 2694 3974 Capite,

288 3987 342 4036 et
382 3977 725 4053 principium
775 3986 864 4035 est
913 3976 1397 4035 sanctificationis
1484 3977 1626 4035 Ideo
1669 3977 1822 4034 enim
1864 3996 1969 4033 nos
2002 3976 2285 4052 justificat
2335 3977 2510 4050 Deus,
2562 3977 2699 4052 quia

293 4056 502 4115 Christi
531 4056 717 4113 Vadis
737 4056 966 4132 justitia
996 4056 1161 4114 nobis
1190 4056 1521 4130 imputatur.
1608 4057 1688 4113 Et
1708 4055 1838 4112 ideo
1856 4074 2216 4130 renovamur,
2248 4056 2385 4131 quia
2412 4077 2447 4113 a
2469 4057 2697 4114 Christo

293 4137 488 4214 Capite
522 4135 798 4212 Spiritum
825 4136 1137 4209 haurimuS,
1183 4135 1282 4211 qui
1325 4135 1398 4193 ad
1442 4135 1752 4211 imaginem
1784 4134 1997 4192 Christi
2025 4154 2130 4192 nos
2159 4145 2416 4210 renovat,
2448 4144 2507 4194 et
2525 4136 2698 4212 justi-

289 4218 426 4275 tiam
454 4216 827 4274 inhaerentem
856 4215 1117 4292 largitur.

369 4297 515 4354 VII.
560 4296 710 4371 Quia
749 4304 939 4354 autem
982 4295 1078 4352 hic
1120 4294 1190 4352 de
1234 4294 1513 4371 imputata
1556 4292 1770 4351 Christi
1811 4293 2055 4351 Justitia
2093 4294 2335 4371 agimuS,
2369 4294 2697 4353 Notandum

292 4384 377 4432 est
420 4375 678 4451 ulterius,
723 4376 965 4434 verbum
1008 4375 1338 4450 imputandi,
1384 4372 1540 4449 quod
1584 4371 1738 4429 Heb.
1784 4381 1873 4430 est
1901 4386 2027 4445 :nr-e,
2061 4373 2285 4432 Graecis
2315 4383 2577 4443 λογίζωααι
2606 4375 2701 4433 vel

192 4484 196 4489 ·
294 4463 510 4527 ἰλλογιΐν,
557 4455 819 4513 bifariam
850 4475 1019 4532 posse
1049 4455 1215 4527 sumi,
1248 4453 1343 4512 vel
1371 4451 1598 4529 proprie
1629 4451 1725 4508 vel
1755 4452 2081 4529 improprie.
2166 4456 2490 4531 Improprie
2517 4455 2700 4530 impu·

293 4532 398 4589 tari
427 4533 636 4592 dicitur
675 4536 866 4609 alicui,
911 4535 971 4592 id
1013 4534 1169 4611 quod
1211 4533 1346 4592 fecit
1376 4534 1515 4609 ipse,
1547 4531 1644 4590 vel
1673 4531 1864 4608 habet,
1897 4552 2074 4608 quum
2103 4534 2369 4592 nimirum
2400 4543 2703 4611 propterea

293 4613 710 4688 praemiumvel
758 4634 928 4689 poena
958 4614 1041 4671 illi
1071 4613 1413 4672 decernitur.
1503 4611 1585 4670 Ut
1617 4622 1910 4687 peccatum
1953 4611 2229 4688 imputari
2253 4614 2462 4672 dicitur
2490 4615 2699 4691 impiis,
