3221 5200
523 321 642 379 610
1326 339 1509 382 Locus
1555 340 1812 381 mxcmus
1861 341 2164 382 ssp‘rmus.
2369 307 2374 308 ἶ
2611 318 2862 402 [ouaesr.
2895 338 2939 380 1.

530 517 860 564 Sanctificatio
908 532 1007 565 non
1133 478 1241 539 IV.
1288 481 1433 539 Haec
1474 490 1666 540 autem
1708 501 1826 539 non
1862 481 2125 540 consistit
2161 480 2222 539 in
2256 481 2380 540 sola
2421 480 2557 539 vitae
2598 499 2940 557 morumque

592 579 819 622 consistit
833 580 883 622 in
905 579 1010 623 sola
1050 560 1470 631 emendatione,
1515 570 1581 619 ut
1625 561 1844 618 vellent
1888 561 2196 636 Sociniani,
2240 561 2340 637 qui
2375 559 2795 637 corruptionem
2825 561 2942 618 ori-

594 649 786 736 {norum
853 641 1013 681 muta-
1054 640 1303 717 ginalem
1333 649 1628 717 neganteS,
1672 649 1732 698 et
1770 641 2043 718 quicquid
2071 640 2219 699 labis
2247 650 2306 699 et
2332 641 2460 699 vitii
2489 640 2654 698 nobis
2681 639 2849 712 inest,
2880 639 2948 697 id

620 706 746 737 '⁰¹¹⁰’
1061 719 1275 778 crebris
1314 720 1534 795 peccati
1576 719 1819 794 actibuS,
1860 729 1917 779 et
1953 720 2228 797 peccandi
2255 720 2503 796 quadam
2532 718 2949 778 consuetudine

538 805 894 857 contractum
923 819 1050 858 esse
1080 807 1412 871 statuenteS,
1443 800 1935 875 regenerationem
1978 809 2036 858 et
2078 798 2585 858 sanctificationem
2613 798 2760 855 nihil
2786 797 2950 856 aliud

541 897 668 936 esse
698 878 1061 955 pertendunt,
1093 897 1266 954 quam
1318 879 1565 953 “pravae
1595 879 2045 953 consuetudiniS,
2087 887 2146 936 et
2182 878 2318 936 vitae
2347 879 2739 951 mutationem,
2771 885 2830 936 et
2858 896 2948 936 se-

542 957 796 1016 cundum
842 958 1156 1015 doctrinam
1205 956 1417 1014 Christi
1455 956 1975 1033 reformationem,'’
2019 967 2085 1017 ut
2130 957 2373 1017 Socinus
2398 957 2670 1034 loquitur,
2719 956 2822 1015 lib.
2872 956 2948 1015 de

543 1037 713 1113 Bapt.
744 1045 802 1094 et
834 1036 1115 1095 Smalcius
1142 1034 1215 1092 de
1245 1034 1398 1092 Filio
1428 1035 1556 1110 Dei,
1589 1056 1639 1094 c.
1670 1040 1706 1093 2
1733 1059 1747 1095 ε
1795 1036 1910 1096 Sed
1947 1037 2008 1094 in
2047 1037 2454 1096 Immutatione
2492 1045 2550 1094 et
2576 1036 2948 1094 renovatione

541 1116 721 1192 ipsius
749 1124 985 1189 naturae,
1016 1123 1252 1190 peccato
1294 1114 1562 1190 originali
1603 1124 1903 1192 corruptae,
1933 1136 2049 1192 qua
2075 1137 2268 1192 pravae
2295 1117 2603 1193 qualitates
2631 1124 2690 1174 et
2716 1114 2950 1174 habitus

543 1194 861 1266 abolentur,
908 1203 967 1251 ct
1013 1192 1152 1251 boni
1199 1192 1578 1252 infunduntur
1623 1202 1689 1253 ut
1736 1195 1907 1253 homo
1955 1195 2198 1254 desistat
2245 1216 2280 1252 a
2319 1196 2488 1253 malis
2530 1194 2850 1253 actionibus
2892 1202 2951 1253 et

544 1271 772 1329 studeat
799 1271 983 1329 bonis.

625 1349 699 1405 V.
746 1350 1025 1408 Rationes
1074 1357 1245 1407 sunt:
1297 1353 1349 1407 1.
1402 1349 1551 1422 Quia
1598 1350 1894 1425 Scriptura
1952 1351 2475 1410 Sanctificationem
2516 1372 2633 1409 non
2674 1351 2749 1410 ad
2789 1359 2956 1410 actus

542 1436 783 1502 tantum,
835 1428 937 1485 sed
986 1427 1058 1485 ad
1104 1429 1286 1504 ipsam
1334 1436 1553 1485 naturae
1599 1429 2028 1486 renovationem
2076 1431 2354 1502 extendit,
2412 1435 2440 1487 1
2495 1431 2696 1488 Thess.
2747 1449 2805 1488 V.
2853 1433 2955 1488 23.

545 1506 761 1564 Paulus
803 1514 964 1582 optat
1007 1505 1621 1563 Thessalonicensibus
1661 1507 2147 1584 sanctificationem
2186 1508 2431 1582 spiritus,
2478 1508 2682 1564 animae
2722 1514 2780 1563 et
2821 1528 2955 1565 cor-

537 1585 716 1662 por-2⁶3,
748 1586 847 1643 ubi
889 1605 992 1662 per
1016 1585 1272 1661 spir-itum
1301 1592 1517 1660 partem
1550 1584 1755 1641 animae
1786 1585 2152 1660 superiorem,
2205 1594 2263 1644 et
2310 1604 2412 1661 per
2438 1585 2687 1642 animam
2714 1583 2953 1642 inferio-

544 1685 664 1723 rem
694 1664 985 1742 intelligit,
1017 1664 1172 1741 quod
1200 1663 1338 1722 alibi
1370 1663 1664 1740 Scriptura
1704 1683 1807 1739 per
1832 1664 2261 1722 renovationem
2289 1664 2497 1721 mentis
2525 1672 2584 1721 et
2609 1663 2956 1740 voluntatis,

548 1743 701 1821 Eph.
729 1744 811 1804 iv.
841 1748 936 1818 22,
968 1748 1064 1818 23,
1096 1747 1192 1816 24,
1223 1752 1282 1802 et
1307 1742 1594 1819 appetitus
1624 1742 1904 1817 sensitivi,
1934 1743 2048 1800 Tit.
2078 1743 2159 1800 iii.
2190 1746 2245 1817 5,
2277 1751 2335 1801 et
2364 1742 2497 1802 Gal.
2526 1762 2584 1801 v.
2615 1745 2712 1816 24,
2741 1750 2924 1801 notat.

627 1824 739 1881 VI.
784 1828 840 1882 2.
885 1824 1034 1898 Quia
1074 1823 1213 1881 alibi
1252 1843 1355 1899 per
1382 1822 1663 1880 dationem
1689 1823 1890 1896 cordele,
1923 1823 2273 1897 creationem,
2299 1823 2731 1898 qenerationem,
2761 1841 2955 1880 resur-

546 1904 860 1978 rectionem,
907 1904 1038 1961 novi
1081 1903 1315 1960 hominis
1361 1902 1701 1959 incitationem
1741 1901 2098 1977 exprimitur,
2137 1922 2266 1978 quae
2309 1902 2546 1978 phrases
2583 1921 2698 1959 non
2726 1908 2956 1959 tantum

546 1983 683 2041 vitae
713 1991 771 2041 et
799 1991 1031 2041 actuum
1059 1981 1534 2054 emendationem,
1577 1981 1680 2039 sed
1717 1981 1895 2039 totius
1931 1990 2150 2039 naturae
2180 1982 2608 2039 renovationem
2637 1980 2954 2057 postulant.

549 2065 605 2120 3.
638 2061 787 2135 Quia
813 2061 927 2119 ista
967 2061 1342 2119 sanctificatio
1381 2060 1553 2118 debet
1601 2080 1727 2118 esse
1773 2061 2091 2117 communis
2139 2060 2456 2119 infantibus
2498 2080 2615 2118 non
2652 2059 2842 2117 minus
2883 2078 2959 2117 ac

547 2140 779 2215 adultis,
830 2149 895 2198 ut
942 2140 1003 2196 in
1052 2140 1321 2216 Regnum
1372 2139 1485 2197 Dei
1531 2139 1754 2216 possint
1797 2139 2041 2215 ingredi,
2091 2138 2152 2196 in
2200 2159 2345 2215 quos
2400 2148 2593 2197 tamen
2639 2158 2756 2196 non
2799 2138 2962 2197 cadit

547 2226 780 2277 actuum
827 2219 1089 2278 mutatio.
1191 2223 1249 2277 4.
1296 2219 1380 2277 Ut
1423 2218 1712 2294 corruptio
1760 2218 1984 2293 peccati
2032 2218 2230 2277 infecit
2274 2226 2455 2277 totam
2504 2226 2783 2290 naturam,
2834 2236 2958 2275 non

546 2297 720 2357 modo
748 2298 940 2375 quoad
969 2306 1148 2372 actus,
1180 2297 1283 2356 sed
1310 2297 1482 2355 etiam
1512 2295 1702 2373 quoad
1729 2296 2000 2371 habitus;
2047 2298 2141 2355 Ita
2168 2297 2543 2360 sanctificatio
2571 2296 2745 2355 debet
2769 2296 2960 2355 inclu-

549 2376 685 2435 dere
714 2377 891 2435 totius
918 2385 1138 2435 naturas
1166 2376 1646 2449 reformationem,
1676 2384 1794 2434 tam
1820 2375 2190 2452 habitualem,
2222 2396 2394 2453 quam
2423 2376 2723 2434 actualem.

630 2456 778 2514 VII.
823 2455 964 2514 Alia
991 2464 1079 2513 est
1105 2455 1347 2514 mutatio
1374 2454 1685 2514 habitualis
1712 2455 1775 2512 in
1817 2455 2210 2531 qualitatibus,
2254 2476 2369 2532 qua
2404 2454 2574 2514 fimus
2601 2473 2768 2514 novae
2798 2473 2959 2513 crea-

548 2542 710 2610 turae,
762 2533 902 2592 Alia
945 2535 1187 2593 actualis
1234 2534 1295 2592 in
1339 2534 1460 2592 vita
1504 2543 1563 2591 et
1605 2533 1879 2609 moribus,
1931 2554 2046 2611 qua
2092 2535 2238 2593 tales
2294 2555 2420 2593 esse
2475 2534 2958 2594 demonstramur.

550 2614 712 2672 Deus
756 2633 862 2673 nos
909 2614 1047 2672 facit
1082 2614 1266 2689 primo
1307 2632 1489 2670 novas
1529 2613 1833 2672 Creaturas
1860 2633 1963 2689 per
2003 2616 2532 2690 regenerationem;
2580 2612 2804 2672 Deinde
2846 2633 2961 2673 nos

547 2712 674 2749 esse
702 2692 994 2767 regenitos
1016 2692 1369 2749 ostendimus
1391 2710 1493 2767 per
1507 2711 1719 2748 novam
1742 2692 2154 2766 obedientiam;
2185 2702 2249 2751 ut
2276 2694 2373 2753 isti
2400 2702 2564 2751 actus
2591 2692 2961 2768 distinguun-

547 2778 659 2844 tur,
702 2771 751 2826 Ε
795 2771 852 2827 h.
896 2770 955 2826 ii.
1000 2772 1091 2843 10,
1136 2779 1194 2827 et
1237 2770 1404 2825 Ezcc.
1450 2768 1656 2826 xxxvi.
1688 2773 1784 2843 26,
1815 2770 1939 2828 Jer.
1970 2771 2156 2828 xxxii.
2188 2774 2285 2832 39.
2370 2772 2484 2831 Illo
2511 2771 2683 2831 modo
2711 2770 2963 2830 dicimur

550 2868 718 2907 novae
796 2856 1036 2906 reaturae
1067 2868 1101 2904 a
1127 2847 1318 2924 priori,
1353 2847 1476 2905 Isto
1506 2865 1540 2902 a
1566 2848 1888 2923 posteriori.

632 2929 815 2988 VIII.
880 2926 1150 2986 Actualis
1210 2924 1491 3003 depositio
1552 2925 1843 3001 vitiorum,
1916 2934 1974 2986 et
2027 2927 2164 2987 vitae
2218 2949 2557 3007 morumque
2611 2928 2959 3005 emendatio,

551 3008 811 3088 sequitur
851 3006 1359 3085 regenerationem,
1403 3014 1469 3064 ut
1508 3004 1773 3082 proprius
1816 3004 1943 3081 ejus
1985 3005 2240 3085 effectus,
2287 3010 2419 3069 Gal.
2462 3030 2521 3068 v.
2565 3012 2662 3083 22,
2703 3012 2798 3083 23,
2831 3009 2960 3068 Col.

549 3089 630 3147 iii.
673 3092 727 3148 5.
837 3087 953 3147 Sed
997 3087 1122 3165 ipsa
1167 3106 1285 3144 non
1333 3093 1421 3144 est
1456 3085 1684 3162 proprie
1729 3087 1862 3145 talis
1907 3085 2227 3163 depositio;
2272 3088 2375 3148 sed
2419 3089 2549 3162 ejus
2587 3107 2776 3161 causa,
2826 3107 2961 3163 quae

550 3167 816 3227 consistit
863 3168 924 3225 in
970 3176 1189 3227 naturae
1238 3173 1520 3242 corruptae
1566 3166 1956 3240 renovatione,
2008 3175 2067 3225 et
2114 3166 2188 3224 ad
2233 3168 2345 3227 Dei
2389 3168 2710 3245 Imaginem
2739 3168 2960 3227 instau-

549 3248 790 3307 ratione.

555 3365 890 3412 Sanctificate·
938 3368 1035 3411 ‹ns-
1157 3326 1275 3385 IX.
1308 3325 1455 3383 Haec
1483 3333 1675 3383 autem
1711 3323 2087 3383 sanctificatio
2116 3323 2316 3384 sedulo
2345 3324 2754 3402 distinguenda
2793 3333 2883 3383 est
2925 3345 2964 3385 a

612 3424 1035 3525 {23533532;.⁸³”⁸‘
1073 3404 1520 3540 aniene
1555 3423 1971 3540 ..aaa
1984 3403 2664 3542 ..gezsssflsaemz
2706 3405 2965 3556 ..23¹3

884 3509 896 3522 ·
2408 3505 2426 3541 1

542 3562 669 3639 jam
697 3562 906 3618 visum.
991 3559 1157 3617 Licet
1197 3559 1348 3615 enim
1379 3559 1725 3617 conveniant
1760 3560 1817 3616 in
1860 3561 2125 3620 Authore
2155 3561 2300 3635 Deo,
2334 3562 2406 3619 In
2435 3503 2633 3621 CausaP
2649 3504 2958 3636 gei-ituria,

554 3641 774 3699 scilicet
830 3637 1044 3697 Christi
1088 3637 1337 3711 justitia,
1394 3655 1523 3712 quae
1571 3646 1877 3713 utrumque
1932 3638 2089 3697 istud
2142 3640 2486 3701 beneficium
2540 3641 2709 3700 nobis
2763 3641 2963 3716 acqui-

555 3720 710 3794 sivit,
759 3736 936 3794 quum
976 3717 1139 3774 venit
1178 3714 1239 3772 in
1297 3734 1446 3791 aqua
1487 3723 1545 3773 et
1582 3717 1879 3792 sanguine,
1949 3721 1979 3774 1
2028 3718 2168 3777 Joh.
2218 3739 2276 3777 v.
2323 3722 2378 3791 6,
2442 3721 2515 3778 In
2562 3740 2736 3796 scopo
2784 3738 2964 3796 gene-

552 3800 662 3858 rali
689 3797 873 3876 gloria
905 3794 1016 3855 Dei
1057 3805 1115 3854 et
1156 3794 1338 3853 salute
1372 3803 1583 3869 nostra,
1632 3794 1704 3851 In
1745 3814 1917 3853 causa
1958 3796 2398 3877 instrumentali,
2440 3799 2554 3857 fide
2597 3800 2817 3858 scilicet
2859 3818 2969 3875 per

555 3878 945 3955 acceptionem
985 3876 1174 3948 unius,
1219 3883 1277 3933 et
1317 3894 1420 3951 per
1459 3873 1893 3951 productionem
1936 3876 2210 3936 alterius:
2272 3878 2505 3937 Certum
2547 3886 2635 3937 est
2674 3878 2734 3936 in
2782 3878 2966 3954 pluri-

550 3958 662 4017 bus
692 3956 935 4031 differre,
967 3964 1031 4014 ut
1064 3954 1186 4013 Scri
1229 3962 1358 4012 tura
1384 3972 1500 4012 non
1529 3952 1705 4011 semel
1733 3952 1845 4011 ista
1871 3952 2150 4013 beneficia
2175 3954 2457 4031 distinxit,
2493 3961 2523 4014 1
2550 3958 2679 4016 Cor.
2708 3958 2746 4015 i.
2777 3958 2876 4030 30,
2906 3965 2970 4016 et

549 4037 629 4096 vi.
679 4038 769 4111 ll,
800 4034 916 4094 Tit.
959 4034 1039 4092 iii.
1065 4036 1100 4091 5
1224 4053 1349 4111 poc.
1392 4032 1538 4090 xxii.
1585 4034 1677 4106 11,
1721 4051 1827 4091 nec
1867 4042 2063 4111 posset
2102 4035 2272 4094 toties
2311 4036 2511 4112 negari
2552 4056 2587 4093 a
2630 4036 2814 4095 Paulo
2853 4055 2967 4094 nos

544 4114 855 4193 justificari
898 4114 1184 4192 operibus,
1230 4112 1278 4170 si
1313 4111 1652 4188 justificatio
1699 4110 1853 4169 idem
1901 4122 1991 4170 est
2038 4113 2194 4189 quod
2241 4115 2651 4189 sanctificati03
2695 4134 2801 4173 nec
2839 4114 2968 4172 ulla.

555 4214 686 4254 cum
729 4192 917 4270 specie
961 4192 1136 4267 objici
1176 4190 1458 4267 potuisset
1505 4190 1632 4266 ipsi,
1679 4190 1835 4266 quod
1880 4190 2139 4250 doctrina
2187 4211 2288 4251 sua
2336 4194 2657 4253 sanctitatis
2705 4192 2965 4253 studium

554 4272 826 4346 remittat,
858 4272 906 4329 si
927 4270 1246 4347 justificare
1273 4268 1427 4328 idem
1456 4278 1608 4328 esset
1637 4268 1792 4345 quod
1820 4270 2193 4329 sanctificare.

640 4351 724 4410 X.
771 4349 1059 4408 Differunt
1087 4368 1225 4424 ergo
1254 4347 1652 4406 multifariam:
1687 4350 1739 4406 1.
1771 4347 2016 4407 Ratione
2046 4350 2251 4424 objecti.
2316 4350 2670 4410 Justificatio
2697 4358 2970 4410 versatur

557 4431 709 4489 circa
763 4440 981 4488 reatum
1039 4427 1276 4505 peccati,
1345 4425 1735 4485 Sanctificatio
1790 4445 1928 4486 vero
1977 4427 2128 4486 circa
2186 4429 2484 4489 maculam.
2598 4431 2652 4488 2.
2712 4429 2969 4489 Ratione

541 4512 773 4582 sormae.
847 4508 960 4566 Illa
1007 4504 1270 4564 consistit
1312 4504 1373 4561 in
1401 4513 1533 4564 actu
1568 4504 1841 4579 judiciali
1886 4513 1945 4563 et
1986 4505 2198 4565 forensi
2238 4509 2590 4567 remissionis
2632 4510 2874 4586 peceati,
2903 4521 2973 4569 et

556 4586 949 4660 imputationis
1013 4584 1275 4661 justitiae,
1310 4584 1431 4642 Ista
1458 4583 1518 4640 in
1546 4590 1679 4643 actu
1706 4583 1949 4660 physico
1987 4594 2045 4642 et
2074 4586 2270 4644 morali
2304 4587 2607 4648 infusionis
2628 4588 2874 4666 ‚iustitia
2901 4598 2972 4648 et
