3221 5200
496 337 614 393 218
1384 353 1566 394 Locus
1595 353 1995 394 nuonsscmus.
2566 331 2815 413 [QUAEST.
2848 351 2908 394 x.

578 496 829 554 XVIII.
875 495 1065 570 Quum
1096 495 1361 553 Christus
1390 502 1632 553 vocatur
1658 492 1833 566 ἵγγυος
1860 494 2121 553 Foederis
2145 492 2316 569 Novi,
2352 493 2503 552 Heb.
2529 494 2629 553 vii.
2655 499 2750 568 22,
2792 516 2908 554 ιιοιι

495 576 898 652 restringenda
924 583 1013 633 est
1041 575 1169 651 ejus
1208 574 1454 652 Sponsio
1496 575 1571 633 ad
1615 576 1796 633 solam
1838 575 2307 651 fidejussionem3
2352 593 2486 630 nam
2527 583 2909 652 praeterquam

496 656 654 733 quod
681 656 860 714 verba
890 655 1056 712 Pauli
1085 674 1201 712 non
1229 656 1421 712 minus
1463 654 1537 711 ad
1571 662 1799 731 tempus
1843 655 1998 712 Novi
2025 653 2380 712 Testamenti
2410 653 2749 728 referuntur,
2793 675 2911 732 quo

495 757 665 795 nemo
683 744 859 813 negat
876 755 1007 793 eum
1028 735 1529 811 Expromissorem
1548 734 1628 792 fu
1615 754 1764 809 isse3
1797 755 1915 792 vox
1933 734 2059 811 ipsa
2077 754 2150 791 ex
2172 753 2281 791 usu
2299 741 2529 809 recepto
2547 754 2662 792 non
2684 743 2910 793 tantum

492 816 890 890 fidejussorem
935 833 1252 887 merum,s
1224 814 1326 872 sed
1370 814 1542 873 etiam
1590 814 2072 906 expromissorem·
2128 813 2380 887 denotat,
2428 813 2616 904 Ilesy.
2654 813 2904 888 Ἐγγυοῃ

494 893 750 971 «inflexae,
783 905 844 954 at
871 892 1191 988 ἀιάόίχιτθειι
1221 903 1309 951 est
1336 903 1500 952 actus
1521 894 1787 971 proprius
1816 893 2272 985 expromissoris,
2297 892 2397 967 qui
2427 892 2486 948 in
2515 914 2575 950 se
2604 895 2824 972 recipit,
2850 907 2910 953 et

492 996 659 1035 suum
674 976 946 1069 ‘agnoscit
958 976 1235 1046 debitum,
1274 973 1490 1031 Budaeo
1513 982 1677 1047 teste,
1705 973 1938 1031 Martin.
1959 973 2019 1030 in
2050 973 2193 1030 Lex.
2222 972 2408 1029 Philo.
2429 972 2502 1029 ad
2521 992 2723 1031 vocem
2754 975 2906 1045 3776..

491 1057 732 1132 sponsiO,
764 1055 1129 1129 eaepromessio
1158 1051 1394 1128 ἀναιδοχὲ.

576 1135 766 1192 XIX.
814 1135 944 1191 Non
983 1132 1182 1191 eadem
1214 1145 1301 1192 est
1330 1133 1475 1191 ratio
1505 1132 1869 1191 victimarum
1912 1131 2187 1209 legalium
2217 1139 2275 1189 et
2302 1132 2516 1204 ὶλόγυι,
2549 1140 2606 1190 et
2637 1133 2690 1189 V
2697 1133 2907 1192 ietimae

494 1215 746 1274 eoelestis
775 1222 833 1271 et
861 1212 1113 1272 divinae:
1161 1213 1289 1270 Illis
1316 1232 1432 1270 non
1460 1213 1651 1288 potuit
1693 1212 1908 1289 imponi
1950 1220 2159 1284 reatus,
2205 1220 2511 1287 antequam
2547 1211 2904 1288 offerrentur,

493 1294 631 1371 quia
658 1293 959 1351 translatio
987 1292 1163 1351 fiebat
1191 1312 1224 1349 a
1252 1291 1654 1368 peccatoribus
1683 1313 1755 1350 ex
1790 1292 1899 1349 Dei
1929 1291 2306 1363 ordinatione,
2333 1291 2492 1348 nullo
2514 1291 2904 1351 intercedente

493 1393 691 1432 earum
722 1391 1023 1445 consensu,
1055 1373 1128 1430 ad
1159 1371 1546 1447 expiationem
1576 1372 1796 1447 peccati
1827 1372 1956 1429 sui:
2005 1370 2120 1428 Sed
2161 1371 2303 1427 nihil
2347 1371 2539 1428 obstat
2581 1373 2906 1431 translatio-

493 1473 625 1511 nem
655 1452 867 1510 factam
895 1470 1021 1508 esse
1054 1452 1111 1508 in
1144 1450 1453 1523 Christum,
1486 1458 1795 1525 antequam
1824 1460 1956 1509 actu
1985 1449 2298 1523 offerretur,
2324 1470 2501 1526 quum
2530 1470 2738 1509 munus
2761 1453 2908 1510 illud

494 1540 699 1610 sponte
729 1531 1046 1607 susceperit
1074 1551 1147 1588 ex
1180 1529 1291 1587 Dei
1321 1529 1569 1587 decreto.
1657 1529 1784 1587 Imo
1813 1549 2047 1588 necesse
2076 1528 2186 1587 fuit
2214 1530 2341 1606 ejus
2383 1530 2818 1605 promissionem
2847 1542 2909 1592 et

492 1612 859 1689 sponsionem
891 1609 1274 1668 voluntariam
1302 1609 1641 1667 antecedere
1671 1609 2037 1682 oblationem,
2067 1617 2134 1667 ut
2154 1609 2373 1700 fruetus
2401 1610 2530 1686 ejus
2551 1620 2808 1669 manaret
2829 1611 2906 1669 ad

489 1691 691 1750 fideles
715 1691 790 1748 V.
814 1691 881 1748 T.
913 1690 1012 1766 qui
1040 1709 1143 1766 per
1169 1689 1341 1746 fidem
1367 1689 1477 1746 sibi
1506 1688 1794 1766 applicare
1818 1689 2141 1747 debuerunt
2162 1688 2282 1746 vim
2310 1688 2499 1747 meriti
2529 1689 2803 1764 Christi,
2777 1711 2902 1767 Jam

490 1781 612 1831 tum
642 1770 889 1829 efficacis
917 1769 991 1827 ad
1020 1770 1108 1829 sui
1136 1769 1554 1827 liberationem.

572 1851 726 1909 XX.
774 1850 937 1908 Licet
967 1849 1092 1908 Lex
1123 1847 1537 1907 eaeremonialis
1568 1867 1702 1906 eum
1735 1847 2086 1907 Sacrificiis
2071 1866 2132 1905 ιιι
2173 1848 2336 1924 σχίσει
2360 1867 2464 1905 sua
2494 1847 2698 1924 Legali
2732 1847 2905 1908 fuerit

489 1932 671 1990 instar
698 1929 1083 2007 chirographi,
1115 1929 1272 2005 quod
1301 1927 1616 1987 inculcavit
1649 1928 1749 2004 jus
1778 1927 1980 1985 violati
2014 1927 2247 1986 foederis
2277 1929 2566 2003 Operum3
2610 1947 2726 1985 non
2771 1928 2904 1987 ideo

489 2020 681 2070 tamen
711 2010 1045 2087 importavit
1079 2008 1456 2084 Sponsionem
1483 2006 1698 2065 Christi
1718 2006 1892 2064 fuisse
1920 2025 2135 2064 meram
2159 2007 2605 2084 fidejussionem,
2627 2017 2685 2065 et
2700 2006 2904 2067 fideles

489 2110 716 2149 manere
748 2089 936 2147 adhuc
954 2088 1244 2165 obligatos
1274 2088 1382 2145 sub
1412 2094 1607 2145 reatu·
1594 2086 1835 2162 ,Quia
1820 2107 1879 2144 ιιι
1900 2087 2059 2163 σχίσει
2084 2107 2188 2144 sua
2217 2086 2592 2163 Evangelica,
2613 2094 2901 2163 quatenus

483 2179 605 2228 erat
633 2179 810 2246 typus
839 2167 1072 2242 Christi,
1103 2167 1487 2225 adumbrabat
1515 2166 1914 2224 liberationem
1943 2187 1979 2224 a
2006 2175 2186 2241 reatu,
2224 2175 2282 2225 et
2317 2165 2788 2241 justificationem
2833 2168 2893 2225 in

491 2249 721 2307 Christo
755 2249 1044 2324 Sponsore
1074 2248 1286 2305 datam.
1361 2246 1531 2306 Unde
1557 2246 1931 2304 Circumcisio
1960 2245 2172 2304 dicitur
2200 2246 2456 2322 sigillum
2479 2246 2722 2322 justitiae
2744 2245 2898 2322 fidei,

493 2330 661 2387 Rom.
692 2329 770 2386 iv.
806 2331 897 2400 11,
930 2337 988 2384 et
1019 2328 1193 2391 Petra
1221 2327 1500 2399 Christus,
1544 2329 1573 2382 1
1607 2326 1737 2384 Cor.
1768 2346 1827 2383 x.
1859 2328 1915 2383 4.
2000 2325 2113 2399 Qui
2156 2326 2321 2402 plura
2347 2325 2596 2385 voluerit
2637 2327 2903 2386 consulat

491 2409 748 2467 Celeber.
780 2408 1180 2465 Leideckerum
1211 2406 1572 2481 Theologum
1618 2414 1677 2463 et
1716 2404 2108 2464 Professorem
2141 2405 2603 2481 Ultrajectinum,
2649 2405 2750 2481 qui
2790 2406 2901 2466 hoc

488 2495 890 2565 argumentum
921 2485 1046 2543 fuse
1076 2492 1136 2543 et
1163 2484 1347 2543 solide
1377 2484 1700 2560 exequitur,
1735 2485 1863 2542 Lib.
1896 2485 1953 2543 ii.
1997 2486 2092 2542 Vis
2119 2485 2384 2558 veritatis,
2418 2484 2583 2544 Cont.
2620 2487 2669 2543 1.
2695 2493 2753 2543 et
2783 2489 2838 2544 2.

1434 2721 1823 2795 QUAESTIO
1867 2722 1951 2781 x.

1158 2898 1235 2937 m:
1266 2898 1454 2939 STATU
1484 2900 1728 2940 PATRUM
1758 2900 1867 2940 SUB
1895 2900 2223 2941 VET.'1·Es·1·.

488 3046 580 3101 An
610 3045 816 3101 Patres
842 3042 940 3099 sub
980 3041 1095 3098 Vet.
1131 3041 1274 3097 Test.
1305 3040 1419 3097 dzci
1449 3041 1669 3117 possint
1690 3041 1877 3115 stetisse
1903 3043 2088 3099 adhuc
2127 3043 2224 3099 sub
2253 3041 2345 3098 ira
2374 3041 2504 3114 Dei,
2544 3050 2597 3099 et
2635 3045 2897 3100 maledzc-

567 3123 713 3182 tione
754 3123 937 3197 Leqis,
984 3130 1037 3177 et
1065 3121 1444 3195 permansisse
1486 3121 1543 3178 in
1584 3129 1749 3178 reatu
1780 3123 2018 3196 peccati,
2063 3141 2234 3197 usque
2261 3124 2344 3179 acl
2380 3130 2610 3179 mortem
2644 3121 2899 3194 Chresti,-

566 3206 690 3262 Nec
707 3202 959 3261 habuisse
979 3207 1166 3273 ιὶφισιι,
1187 3220 1283 3257 seu
1302 3203 1535 3276 plenam
1559 3210 1613 3259 et
1628 3221 1871 3276 proprze
1893 3202 2098 3259 dictam
2120 3201 2494 3259 remissionem
2513 3210 2897 3277 peccatorum,

564 3287 667 3342 sed
690 3292 903 3341 tantum
933 3282 1173 3361 riguo-n?
1258 3280 1332 3337 D.

570 3440 619 3497 Ι.
665 3439 748 3498 Ut
775 3436 1107 3515 praecedens
1137 3436 1393 3528 Quaestio
1422 3436 1494 3494 de
1528 3436 1816 3513 Sponsore
1847 3435 2110 3495 Foederis
2140 3437 2357 3496 Gratiae
2387 3438 2495 3497 sub
2525 3438 2727 3498 Veteri
2756 3439 2897 3499 Tes-

484 3526 740 3577 tamento
788 3527 924 3575 nata
951 3524 1039 3573 est
1067 3536 1140 3573 ex
1185 3514 1484 3573 occasione
1512 3515 1829 3593 praesentiS,
1871 3535 2000 3593 quae
2027 3525 2291 3575 versatur
2331 3517 2484 3576 eirca
2528 3519 2752 3577 Statum
2785 3520 2897 3578 Pa-

486 3605 638 3656 trum
680 3595 789 3653 sub
819 3594 1021 3653 Veteri
1063 3595 1453 3668 rlestamento,
1499 3614 1616 3653 non
1658 3614 1857 3673 parum
1903 3596 2077 3654 etiam
2120 3596 2374 3655 conferet
2416 3599 2543 3675 ejus
2572 3597 2787 3657 decisio
2814 3599 2890 3657 ad

484 3676 653 3734 istius
680 3674 1142 3733 elucidationem.

1089 3753 1172 3811 II.
1215 3752 1302 3810 Ne
1331 3760 1523 3811 autem
1552 3754 1883 3814 aberremus
1910 3774 1946 3812 a
1977 3755 2144 3813 Statu
2174 3754 2540 3831 Quaestionis,
2561 3764 2618 3815 et
2648 3777 2683 3814 a
2711 3757 2896 3815 Nobis

1007 3832 1101 3890 hic
1130 3841 1415 3909 peccetur,
1446 3832 1586 3890 vel
1571 3854 1632 3890 m
1660 3838 1876 3909 defectu
1903 3834 2075 3893 nimis
2116 3834 2490 3911 deprimendo
2534 3856 2733 3895 eorum
2775 3838 2890 3914 pri·

1005 3913 1239 3989 vilegia,
1270 3912 1368 3971 vel
1408 3912 1469 3969 in
1510 3933 1737 3972 excessu
1781 3912 1952 3971 nimis
1993 3934 2062 3972 ea
2100 3914 2452 3989 extollendO,
2496 3926 2562 3975 ut
2605 3936 2722 3975 non
2762 3936 2892 3974 raro

481 3991 606 4049 fieri
635 3990 798 4067 solet,
844 3990 1301 4067 Observandum,
1339 3995 1390 4050 1.
1422 3992 1555 4051 Non
1582 3993 1764 4069 quaeri
1793 3993 1883 4051 De
1911 3994 2123 4052 actuali
2140 3994 2538 4070 impetratione
2557 3995 2889 4054 reconcilia-

481 4071 656 4130 tionis
701 4079 760 4129 et
805 4072 1161 4131 remissionis
1209 4080 1574 4149 peccatorum
1624 4092 1729 4149 per
1772 4071 2115 4131 solutionem
2144 4072 2244 4131 λυτ
2184 4100 2326 4131 υτου
2353 4074 2562 4133 factam
2604 4075 2665 4133 in
2706 4083 2889 4133 morte

482 4150 715 4209 Christi.
801 4149 1042 4210 Constat
1088 4152 1243 4211 enim
1290 4151 1559 4228 utrinque
1605 4171 1733 4210 eam
1783 4151 2014 4211 demum
2062 4152 2186 4210 fieri
2275 4154 2521 4229 ebuisse,
2569 4163 2629 4212 et
2675 4154 2888 4213 factam

479 4230 657 4288 fuisse
686 4229 795 4287 sub
836 4229 909 4287 N.
940 4231 1007 4290 Τ.
1051 4231 1111 4289 in
1152 4232 1574 4309 complemento
1602 4241 1942 4307 temporum.
2031 4232 2146 4291 Sed
2176 4233 2248 4291 de
2277 4233 2659 4311 applicatione
2687 4232 2892 4292 morali

480 4309 785 4369 solutionis
813 4309 981 4369 istius
1007 4311 1349 4387 praestandae
1376 4319 1633 4387 tempore
1679 4330 1715 4368 a
1745 4311 1870 4370 Deo
1913 4312 2255 4388 praestitutO,
2285 4313 2347 4370 in
2387 4313 2723 4372 remissione
2753 4333 2892 4371 vera

476 4398 536 4448 et
563 4389 735 4466 plena
762 4390 1017 4448 omnium
1045 4400 1412 4468 peccatorum
1439 4390 1716 4464 fidelium,
1748 4390 1829 4449 ita
1872 4399 1937 4449 ut
1976 4391 2237 4450 debitum
2279 4393 2353 4451 ab
2396 4393 2537 4470 ipsis
2578 4393 2739 4469 exigi
2766 4413 2886 4451 am·

476 4468 629 4545 plius
655 4488 768 4526 non
799 4470 1067 4545 potuerit.
2585 4478 2632 4511 θ

560 4548 677 4605 III.
721 4551 777 4605 2.
810 4548 941 4606 Non
959 4549 1137 4625 quaeri
1166 4551 1253 4608 De
1277 4549 1489 4608 virtute
1512 4558 1570 4609 et
1592 4548 1845 4608 efficacia
1865 4550 2073 4627 Legis
2059 4572 2118 4608 in
2142 4572 2203 4611 se
2227 4561 2516 4629 spectatoe‚
2544 4552 2782 4629 quoad'
2757 4574 2883 4629 Jus-

474 4626 861 4700 tifieationem,
898 4628 991 4685 An
1024 4630 1283 4687 remissio
1316 4629 1586 4688 Patribus
1616 4628 1889 4706 obtigerit
1918 4650 2020 4707 per
2048 4631 2314 4690 victimas
2345 4632 2563 4709 legales
2592 4641 2883 4710 spectatas

546 3819 715 3865 Status
738 3818 897 3869 Quos·

642 3879 806 3923 tionis.
