<?xml version="1.0" encoding="UTF-8"?>
<!DOCTYPE html PUBLIC "-//W3C//DTD XHTML 1.0 Transitional//EN"
    "http://www.w3.org/TR/xhtml1/DTD/xhtml1-transitional.dtd">
<html xmlns="http://www.w3.org/1999/xhtml" xml:lang="en" lang="en">
 <head>
  <title>
</title>
<meta http-equiv="Content-Type" content="text/html;charset=utf-8" />
  <meta name='ocr-system' content='tesseract 3.04.00' />
  <meta name='ocr-capabilities' content='ocr_page ocr_carea ocr_par ocr_line ocrx_word'/>
</head>
<body>
  <div class='ocr_page' id='page_1' title='image "./institutiotheol01turrgoog_0334.png"; bbox 0 0 3221 5200; ppageno 0'>
   <div class='ocr_carea' id='block_1_1' title="bbox 533 324 2932 407">
    <p class='ocr_par' dir='ltr' id='par_1_1' title="bbox 533 324 2932 407">
     <span class='ocr_line' id='line_1_1' title="bbox 533 324 2932 407; baseline 0.003 -27"><span class='ocrx_word' id='word_1_1' title='bbox 533 325 649 381; x_wconf 87' lang='lat'><strong>306</strong></span> <span class='ocrx_word' id='word_1_2' title='bbox 1270 342 1452 383; x_wconf 77' lang='lat' dir='ltr'><strong>Locus</strong></span> <span class='ocrx_word' id='word_1_3' title='bbox 1481 342 1740 382; x_wconf 75' lang='lat' dir='ltr'><strong>nscmus</strong></span> <span class='ocrx_word' id='word_1_4' title='bbox 1768 342 2035 382; x_wconf 66' lang='lat' dir='ltr'><strong>Tannus.</strong></span> <span class='ocrx_word' id='word_1_5' title='bbox 2525 324 2779 407; x_wconf 65' lang='lat' dir='ltr'><strong>[Quffls‘r.</strong></span> <span class='ocrx_word' id='word_1_6' title='bbox 2812 347 2932 389; x_wconf 84' lang='lat' dir='ltr'><strong>xm.</strong></span> 
     </span>
    </p>
   </div>
   <div class='ocr_carea' id='block_1_2' title="bbox 499 480 2932 1993">
    <p class='ocr_par' dir='ltr' id='par_1_2' title="bbox 1138 480 2931 565">
     <span class='ocr_line' id='line_1_2' title="bbox 1138 480 2931 565; baseline 0.004 -25"><span class='ocrx_word' id='word_1_7' title='bbox 1138 480 1250 541; x_wconf 90' lang='lat' dir='ltr'><strong>VI.</strong></span> <span class='ocrx_word' id='word_1_8' title='bbox 1294 484 1466 541; x_wconf 77' lang='lat' dir='ltr'><strong>Fides</strong></span> <span class='ocrx_word' id='word_1_9' title='bbox 1487 502 1626 559; x_wconf 88' lang='lat' dir='ltr'><strong>ergo</strong></span> <span class='ocrx_word' id='word_1_10' title='bbox 1668 481 1939 541; x_wconf 86' lang='lat' dir='ltr'>tribuitur</span> <span class='ocrx_word' id='word_1_11' title='bbox 1988 482 2233 557; x_wconf 87' lang='lat' dir='ltr'><strong>Christ0,</strong></span> <span class='ocrx_word' id='word_1_12' title='bbox 2263 503 2379 541; x_wconf 91' lang='lat' dir='ltr'><strong>non</strong></span> <span class='ocrx_word' id='word_1_13' title='bbox 2414 493 2700 561; x_wconf 87' lang='lat' dir='ltr'><strong>quatenus</strong></span> <span class='ocrx_word' id='word_1_14' title='bbox 2728 497 2815 547; x_wconf 87' lang='lat' dir='ltr'><strong>est</strong></span> <span class='ocrx_word' id='word_1_15' title='bbox 2843 508 2931 565; x_wconf 87' lang='lat' dir='ltr'><strong>ap-</strong></span> 
     </span>
    </p>

    <p class='ocr_par' dir='ltr' id='par_1_3' title="bbox 499 561 2932 641">
     <span class='ocr_line' id='line_1_3' title="bbox 499 561 2932 641; baseline 0.004 -24"><span class='ocrx_word' id='word_1_16' title='bbox 499 597 510 608; x_wconf 73' lang='lat'><strong>‚.</strong></span> <span class='ocrx_word' id='word_1_17' title='bbox 1058 562 1362 640; x_wconf 82' lang='lat' dir='ltr'><strong>prehensio</strong></span> <span class='ocrx_word' id='word_1_18' title='bbox 1409 561 1695 620; x_wconf 90' lang='lat' dir='ltr'><strong>fiducialis</strong></span> <span class='ocrx_word' id='word_1_19' title='bbox 1741 562 2148 620; x_wconf 64' lang='lat' dir='ltr'><strong>misericordiae</strong></span> <span class='ocrx_word' id='word_1_20' title='bbox 2216 564 2343 638; x_wconf 86' lang='lat' dir='ltr'><strong>Dei,</strong></span> <span class='ocrx_word' id='word_1_21' title='bbox 2404 565 2540 641; x_wconf 91' lang='lat' dir='ltr'><strong>quia</strong></span> <span class='ocrx_word' id='word_1_22' title='bbox 2588 565 2670 624; x_wconf 89' lang='lat' dir='ltr'><strong>sic</strong></span> <span class='ocrx_word' id='word_1_23' title='bbox 2720 576 2932 626; x_wconf 87' lang='lat' dir='ltr'><strong>tantum</strong></span> 
     </span>
    </p>

    <p class='ocr_par' dir='ltr' id='par_1_4' title="bbox 529 641 2932 1116">
     <span class='ocr_line' id='line_1_4' title="bbox 536 641 2931 724; baseline 0.002 -23"><span class='ocrx_word' id='word_1_24' title='bbox 536 643 936 721; x_wconf 89' lang='lat' dir='ltr'><strong>peccatoribus</strong></span> <span class='ocrx_word' id='word_1_25' title='bbox 964 642 1270 720; x_wconf 89' lang='lat' dir='ltr'><strong>competit;</strong></span> <span class='ocrx_word' id='word_1_26' title='bbox 1313 662 1422 699; x_wconf 90' lang='lat' dir='ltr'><strong>nec</strong></span> <span class='ocrx_word' id='word_1_27' title='bbox 1448 641 1668 700; x_wconf 86' lang='lat' dir='ltr'><strong>ratione</strong></span> <span class='ocrx_word' id='word_1_28' title='bbox 1706 643 1863 700; x_wconf 81' lang='lat' dir='ltr'><strong>modi</strong></span> <span class='ocrx_word' id='word_1_29' title='bbox 1880 643 2216 717; x_wconf 74' lang='lat' dir='ltr'><strong>coquitionis,</strong></span> <span class='ocrx_word' id='word_1_30' title='bbox 2242 653 2520 719; x_wconf 87' lang='lat' dir='ltr'><strong>quantum</strong></span> <span class='ocrx_word' id='word_1_31' title='bbox 2565 645 2640 702; x_wconf 90' lang='lat' dir='ltr'><strong>ad</strong></span> <span class='ocrx_word' id='word_1_32' title='bbox 2668 647 2931 724; x_wconf 72' lang='lat' dir='ltr'><strong>aenigma-</strong></span> 
     </span>
     <span class='ocr_line' id='line_1_5' title="bbox 538 717 2932 803; baseline 0.001 -21"><span class='ocrx_word' id='word_1_33' title='bbox 538 723 612 782; x_wconf 89' lang='lat' dir='ltr'><strong>tis</strong></span> <span class='ocrx_word' id='word_1_34' title='bbox 651 723 1075 797; x_wconf 76' lang='lat' dir='ltr'><strong>obscuritatem,</strong></span> <span class='ocrx_word' id='word_1_35' title='bbox 1107 730 1166 780; x_wconf 89' lang='lat' dir='ltr'><strong>et</strong></span> <span class='ocrx_word' id='word_1_36' title='bbox 1193 728 1476 798; x_wconf 88' lang='lat' dir='ltr'><strong>quatenus</strong></span> <span class='ocrx_word' id='word_1_37' title='bbox 1525 721 1835 797; x_wconf 88' lang='lat' dir='ltr'><strong>opponitur</strong></span> <span class='ocrx_word' id='word_1_38' title='bbox 1877 717 1985 779; x_wconf 61' lang='lat' dir='ltr'><strong>{itu</strong></span> <span class='ocrx_word' id='word_1_39' title='bbox 2039 723 2315 797; x_wconf 86' lang='lat' dir='ltr'><strong>aspectui,</strong></span> <span class='ocrx_word' id='word_1_40' title='bbox 2336 727 2372 780; x_wconf 82' lang='lat'><strong>2</strong></span> <span class='ocrx_word' id='word_1_41' title='bbox 2425 723 2554 781; x_wconf 88' lang='lat' dir='ltr'><strong>Cor.</strong></span> <span class='ocrx_word' id='word_1_42' title='bbox 2583 743 2642 782; x_wconf 91' lang='lat' dir='ltr'><strong>v.</strong></span> <span class='ocrx_word' id='word_1_43' title='bbox 2701 730 2754 800; x_wconf 85' lang='lat'><strong>7,</strong></span> <span class='ocrx_word' id='word_1_44' title='bbox 2786 727 2932 803; x_wconf 87' lang='lat' dir='ltr'><strong>quod</strong></span> 
     </span>
     <span class='ocr_line' id='line_1_6' title="bbox 534 800 2931 882; baseline 0.002 -22"><span class='ocrx_word' id='word_1_45' title='bbox 534 822 649 861; x_wconf 92' lang='lat' dir='ltr'><strong>non</strong></span> <span class='ocrx_word' id='word_1_46' title='bbox 681 804 803 862; x_wconf 89' lang='lat' dir='ltr'><strong>sine</strong></span> <span class='ocrx_word' id='word_1_47' title='bbox 831 802 1260 880; x_wconf 81' lang='lat' dir='ltr'><strong>imperfectione</strong></span> <span class='ocrx_word' id='word_1_48' title='bbox 1280 800 1405 859; x_wconf 86' lang='lat' dir='ltr'><strong>fieri</strong></span> <span class='ocrx_word' id='word_1_49' title='bbox 1431 809 1639 877; x_wconf 88' lang='lat' dir='ltr'><strong>potest,</strong></span> <span class='ocrx_word' id='word_1_50' title='bbox 1664 820 1793 876; x_wconf 83' lang='lat' dir='ltr'><strong>quae</strong></span> <span class='ocrx_word' id='word_1_51' title='bbox 1821 800 1882 857; x_wconf 91' lang='lat' dir='ltr'><strong>in</strong></span> <span class='ocrx_word' id='word_1_52' title='bbox 1906 801 2198 858; x_wconf 81' lang='lat' dir='ltr'><strong>Christum</strong></span> <span class='ocrx_word' id='word_1_53' title='bbox 2217 822 2334 859; x_wconf 91' lang='lat' dir='ltr'><strong>non</strong></span> <span class='ocrx_word' id='word_1_54' title='bbox 2364 802 2518 860; x_wconf 87' lang='lat' dir='ltr'><strong>cadit</strong></span> <span class='ocrx_word' id='word_1_55' title='bbox 2543 824 2557 861; x_wconf 89' lang='lat'><strong>:</strong></span> <span class='ocrx_word' id='word_1_56' title='bbox 2604 803 2721 862; x_wconf 84' lang='lat' dir='ltr'><strong>Sed</strong></span> <span class='ocrx_word' id='word_1_57' title='bbox 2748 806 2931 882; x_wconf 86' lang='lat' dir='ltr'><strong>quoad</strong></span> 
     </span>
     <span class='ocr_line' id='line_1_7' title="bbox 534 880 2929 959; baseline 0.001 -19"><span class='ocrx_word' id='word_1_58' title='bbox 534 883 858 959; x_wconf 69' lang='lat' dir='ltr'><strong>coqnitionis</strong></span> <span class='ocrx_word' id='word_1_59' title='bbox 883 882 1265 954; x_wconf 73' lang='lat' dir='ltr'><strong>substantiam,</strong></span> <span class='ocrx_word' id='word_1_60' title='bbox 1297 888 1354 938; x_wconf 86' lang='lat' dir='ltr'><strong>et</strong></span> <span class='ocrx_word' id='word_1_61' title='bbox 1382 880 1573 956; x_wconf 88' lang='lat' dir='ltr'><strong>quoad</strong></span> <span class='ocrx_word' id='word_1_62' title='bbox 1603 899 1900 937; x_wconf 77' lang='lat' dir='ltr'><strong>assensum</strong></span> <span class='ocrx_word' id='word_1_63' title='bbox 1930 880 1987 937; x_wconf 92' lang='lat' dir='ltr'><strong>in</strong></span> <span class='ocrx_word' id='word_1_64' title='bbox 2025 900 2146 938; x_wconf 89' lang='lat' dir='ltr'><strong>rem</strong></span> <span class='ocrx_word' id='word_1_65' title='bbox 2176 882 2484 957; x_wconf 79' lang='lat' dir='ltr'><strong>cognitam,</strong></span> <span class='ocrx_word' id='word_1_66' title='bbox 2510 881 2588 939; x_wconf 91' lang='lat' dir='ltr'><strong>id.</strong></span> <span class='ocrx_word' id='word_1_67' title='bbox 2620 882 2929 943; x_wconf 87' lang='lat' dir='ltr'><strong>doctrinam</strong></span> 
     </span>
     <span class='ocr_line' id='line_1_8' title="bbox 531 959 2926 1036; baseline 0.001 -16"><span class='ocrx_word' id='word_1_68' title='bbox 531 982 567 1020; x_wconf 90' lang='lat' dir='ltr'><strong>a</strong></span> <span class='ocrx_word' id='word_1_69' title='bbox 605 963 730 1020; x_wconf 87' lang='lat' dir='ltr'><strong>Deo</strong></span> <span class='ocrx_word' id='word_1_70' title='bbox 759 962 1071 1020; x_wconf 82' lang='lat' dir='ltr'><strong>revelatam</strong></span> <span class='ocrx_word' id='word_1_71' title='bbox 1096 983 1111 1035; x_wconf 78' lang='lat'>3</span> <span class='ocrx_word' id='word_1_72' title='bbox 1155 968 1214 1019; x_wconf 88' lang='lat' dir='ltr'><strong>et</strong></span> <span class='ocrx_word' id='word_1_73' title='bbox 1241 959 1433 1036; x_wconf 91' lang='lat' dir='ltr'><strong>quoad</strong></span> <span class='ocrx_word' id='word_1_74' title='bbox 1460 959 1748 1033; x_wconf 89' lang='lat' dir='ltr'><strong>fiduciam,</strong></span> <span class='ocrx_word' id='word_1_75' title='bbox 1780 980 1909 1036; x_wconf 85' lang='lat' dir='ltr'><strong>quae</strong></span> <span class='ocrx_word' id='word_1_76' title='bbox 1937 960 2220 1018; x_wconf 88' lang='lat' dir='ltr'><strong>recumbit</strong></span> <span class='ocrx_word' id='word_1_77' title='bbox 2247 961 2306 1017; x_wconf 88' lang='lat' dir='ltr'><strong>in</strong></span> <span class='ocrx_word' id='word_1_78' title='bbox 2348 961 2457 1019; x_wconf 91' lang='lat' dir='ltr'><strong>Dei</strong></span> <span class='ocrx_word' id='word_1_79' title='bbox 2486 961 2803 1022; x_wconf 82' lang='lat' dir='ltr'><strong>bonitatem</strong></span> <span class='ocrx_word' id='word_1_80' title='bbox 2834 985 2926 1023; x_wconf 91' lang='lat' dir='ltr'><strong>no·</strong></span> 
     </span>
     <span class='ocr_line' id='line_1_9' title="bbox 529 1038 1631 1116; baseline -0.004 -16"><span class='ocrx_word' id='word_1_81' title='bbox 529 1041 622 1100; x_wconf 91' lang='lat' dir='ltr'><strong>bis</strong></span> <span class='ocrx_word' id='word_1_82' title='bbox 650 1041 842 1098; x_wconf 88' lang='lat' dir='ltr'><strong>omnia</strong></span> <span class='ocrx_word' id='word_1_83' title='bbox 870 1040 1192 1100; x_wconf 89' lang='lat' dir='ltr'><strong>necessaria</strong></span> <span class='ocrx_word' id='word_1_84' title='bbox 1209 1038 1631 1116; x_wconf 84' lang='lat' dir='ltr'><strong>providentem.</strong></span> 
     </span>
    </p>

    <p class='ocr_par' dir='ltr' id='par_1_5' title="bbox 526 1116 2927 1511">
     <span class='ocr_line' id='line_1_10' title="bbox 611 1116 2927 1197; baseline 0.002 -20"><span class='ocrx_word' id='word_1_85' title='bbox 611 1121 758 1178; x_wconf 87' lang='lat' dir='ltr'><strong>VII.</strong></span> <span class='ocrx_word' id='word_1_86' title='bbox 806 1120 970 1178; x_wconf 90' lang='lat' dir='ltr'><strong>Idem</strong></span> <span class='ocrx_word' id='word_1_87' title='bbox 993 1120 1064 1178; x_wconf 87' lang='lat' dir='ltr'><strong>de</strong></span> <span class='ocrx_word' id='word_1_88' title='bbox 1085 1120 1199 1195; x_wconf 81' lang='lat' dir='ltr'><strong>Spe</strong></span> <span class='ocrx_word' id='word_1_89' title='bbox 1227 1118 1551 1193; x_wconf 90' lang='lat' dir='ltr'><strong>dicendum,</strong></span> <span class='ocrx_word' id='word_1_90' title='bbox 1582 1116 1874 1193; x_wconf 82' lang='lat' dir='ltr'><strong>Quicquid</strong></span> <span class='ocrx_word' id='word_1_91' title='bbox 1902 1117 1963 1175; x_wconf 90' lang='lat' dir='ltr'><strong>in</strong></span> <span class='ocrx_word' id='word_1_92' title='bbox 1990 1137 2060 1176; x_wconf 91' lang='lat' dir='ltr'><strong>ea</strong></span> <span class='ocrx_word' id='word_1_93' title='bbox 2086 1118 2453 1194; x_wconf 85' lang='lat' dir='ltr'><strong>perfectionis</strong></span> <span class='ocrx_word' id='word_1_94' title='bbox 2481 1128 2570 1178; x_wconf 89' lang='lat' dir='ltr'><strong>est</strong></span> <span class='ocrx_word' id='word_1_95' title='bbox 2597 1122 2789 1197; x_wconf 87' lang='lat' dir='ltr'><strong>quoad</strong></span> <span class='ocrx_word' id='word_1_96' title='bbox 2818 1143 2927 1181; x_wconf 84' lang='lat' dir='ltr'><strong>cer·</strong></span> 
     </span>
     <span class='ocr_line' id='line_1_11' title="bbox 530 1197 2927 1278; baseline 0.001 -20"><span class='ocrx_word' id='word_1_97' title='bbox 530 1201 835 1274; x_wconf 79' lang='lat' dir='ltr'><strong>titudinem,</strong></span> <span class='ocrx_word' id='word_1_98' title='bbox 893 1219 995 1278; x_wconf 89' lang='lat' dir='ltr'><strong>per</strong></span> <span class='ocrx_word' id='word_1_99' title='bbox 1022 1219 1196 1275; x_wconf 89' lang='lat' dir='ltr'><strong>quam</strong></span> <span class='ocrx_word' id='word_1_100' title='bbox 1250 1197 1489 1256; x_wconf 85' lang='lat' dir='ltr'><strong>firmiter</strong></span> <span class='ocrx_word' id='word_1_101' title='bbox 1543 1197 1843 1255; x_wconf 87' lang='lat' dir='ltr'><strong>innitimur</strong></span> <span class='ocrx_word' id='word_1_102' title='bbox 1870 1198 2231 1273; x_wconf 83' lang='lat' dir='ltr'><strong>promissioni</strong></span> <span class='ocrx_word' id='word_1_103' title='bbox 2263 1197 2476 1256; x_wconf 76' lang='lat' dir='ltr'><strong>divinae</strong></span> <span class='ocrx_word' id='word_1_104' title='bbox 2506 1198 2577 1258; x_wconf 91' lang='lat' dir='ltr'><strong>de</strong></span> <span class='ocrx_word' id='word_1_105' title='bbox 2608 1219 2666 1258; x_wconf 91' lang='lat' dir='ltr'><strong>re</strong></span> <span class='ocrx_word' id='word_1_106' title='bbox 2724 1200 2927 1277; x_wconf 88' lang='lat' dir='ltr'><strong>futura,</strong></span> 
     </span>
     <span class='ocr_line' id='line_1_12' title="bbox 527 1276 2926 1357; baseline 0 -20"><span class='ocrx_word' id='word_1_107' title='bbox 527 1288 682 1338; x_wconf 87' lang='lat' dir='ltr'><strong>recte</strong></span> <span class='ocrx_word' id='word_1_108' title='bbox 726 1280 954 1338; x_wconf 91' lang='lat' dir='ltr'><strong>Christo</strong></span> <span class='ocrx_word' id='word_1_109' title='bbox 996 1279 1302 1338; x_wconf 83' lang='lat' dir='ltr'><strong>tribuitur:</strong></span> <span class='ocrx_word' id='word_1_110' title='bbox 1346 1277 1448 1335; x_wconf 89' lang='lat' dir='ltr'><strong>sed</strong></span> <span class='ocrx_word' id='word_1_111' title='bbox 1490 1276 1648 1354; x_wconf 92' lang='lat' dir='ltr'><strong>quod</strong></span> <span class='ocrx_word' id='word_1_112' title='bbox 1688 1276 1938 1336; x_wconf 90' lang='lat' dir='ltr'><strong>involvit</strong></span> <span class='ocrx_word' id='word_1_113' title='bbox 1986 1276 2272 1335; x_wconf 89' lang='lat' dir='ltr'><strong>defectum</strong></span> <span class='ocrx_word' id='word_1_114' title='bbox 2328 1286 2386 1336; x_wconf 92' lang='lat' dir='ltr'><strong>et</strong></span> <span class='ocrx_word' id='word_1_115' title='bbox 2427 1278 2926 1357; x_wconf 83' lang='lat' dir='ltr'><strong>imperfectionem,</strong></span> 
     </span>
     <span class='ocr_line' id='line_1_13' title="bbox 526 1356 2926 1435; baseline 0.001 -19"><span class='ocrx_word' id='word_1_116' title='bbox 526 1366 811 1434; x_wconf 88' lang='lat' dir='ltr'><strong>quatenus</strong></span> <span class='ocrx_word' id='word_1_117' title='bbox 839 1368 927 1417; x_wconf 91' lang='lat' dir='ltr'><strong>est</strong></span> <span class='ocrx_word' id='word_1_118' title='bbox 948 1357 1274 1435; x_wconf 82' lang='lat' dir='ltr'><strong>expectatio</strong></span> <span class='ocrx_word' id='word_1_119' title='bbox 1296 1356 1485 1415; x_wconf 86' lang='lat' dir='ltr'><strong>adhuc</strong></span> <span class='ocrx_word' id='word_1_120' title='bbox 1513 1357 1758 1415; x_wconf 89' lang='lat' dir='ltr'><strong>obscura</strong></span> <span class='ocrx_word' id='word_1_121' title='bbox 1775 1357 1859 1414; x_wconf 90' lang='lat' dir='ltr'><strong>rei</strong></span> <span class='ocrx_word' id='word_1_122' title='bbox 1885 1376 2014 1433; x_wconf 79' lang='lat' dir='ltr'><strong>quse</strong></span> <span class='ocrx_word' id='word_1_123' title='bbox 2036 1357 2290 1416; x_wconf 90' lang='lat' dir='ltr'><strong>nondum</strong></span> <span class='ocrx_word' id='word_1_124' title='bbox 2313 1357 2574 1433; x_wconf 88' lang='lat' dir='ltr'><strong>habetur,</strong></span> <span class='ocrx_word' id='word_1_125' title='bbox 2608 1359 2778 1417; x_wconf 88' lang='lat' dir='ltr'><strong>Rom.</strong></span> <span class='ocrx_word' id='word_1_126' title='bbox 2810 1362 2926 1418; x_wconf 91' lang='lat' dir='ltr'><strong>viii.</strong></span> 
     </span>
     <span class='ocr_line' id='line_1_14' title="bbox 526 1435 1380 1511; baseline -0.002 -16"><span class='ocrx_word' id='word_1_127' title='bbox 526 1441 622 1511; x_wconf 82' lang='lat'><strong>24,</strong></span> <span class='ocrx_word' id='word_1_128' title='bbox 654 1457 770 1496; x_wconf 90' lang='lat' dir='ltr'><strong>non</strong></span> <span class='ocrx_word' id='word_1_129' title='bbox 799 1439 972 1497; x_wconf 88' lang='lat' dir='ltr'><strong>debet</strong></span> <span class='ocrx_word' id='word_1_130' title='bbox 997 1438 1084 1495; x_wconf 92' lang='lat' dir='ltr'><strong>illi</strong></span> <span class='ocrx_word' id='word_1_131' title='bbox 1113 1435 1380 1495; x_wconf 83' lang='lat' dir='ltr'><strong>adscribi.</strong></span> 
     </span>
    </p>

    <p class='ocr_par' dir='ltr' id='par_1_6' title="bbox 519 1514 2927 1993">
     <span class='ocr_line' id='line_1_15' title="bbox 605 1514 2927 1592; baseline 0.002 -19"><span class='ocrx_word' id='word_1_132' title='bbox 605 1517 790 1575; x_wconf 92' lang='lat' dir='ltr'><strong>VIII.</strong></span> <span class='ocrx_word' id='word_1_133' title='bbox 835 1518 1000 1576; x_wconf 86' lang='lat' dir='ltr'><strong>Licet</strong></span> <span class='ocrx_word' id='word_1_134' title='bbox 1028 1516 1221 1574; x_wconf 89' lang='lat' dir='ltr'><strong>anima</strong></span> <span class='ocrx_word' id='word_1_135' title='bbox 1265 1514 1477 1574; x_wconf 88' lang='lat' dir='ltr'><strong>Christi</strong></span> <span class='ocrx_word' id='word_1_136' title='bbox 1515 1514 1590 1572; x_wconf 90' lang='lat' dir='ltr'><strong>ab</strong></span> <span class='ocrx_word' id='word_1_137' title='bbox 1644 1515 1810 1574; x_wconf 88' lang='lat' dir='ltr'><strong>initio</strong></span> <span class='ocrx_word' id='word_1_138' title='bbox 1852 1515 1974 1592; x_wconf 88' lang='lat' dir='ltr'><strong>jam</strong></span> <span class='ocrx_word' id='word_1_139' title='bbox 2002 1515 2278 1574; x_wconf 82' lang='lat' dir='ltr'><strong>beatitate</strong></span> <span class='ocrx_word' id='word_1_140' title='bbox 2324 1516 2529 1592; x_wconf 90' lang='lat' dir='ltr'><strong>gavisa</strong></span> <span class='ocrx_word' id='word_1_141' title='bbox 2577 1517 2668 1590; x_wconf 91' lang='lat' dir='ltr'><strong>sit,</strong></span> <span class='ocrx_word' id='word_1_142' title='bbox 2716 1527 2775 1576; x_wconf 90' lang='lat' dir='ltr'><strong>et</strong></span> <span class='ocrx_word' id='word_1_143' title='bbox 2805 1519 2927 1577; x_wconf 90' lang='lat' dir='ltr'><strong>Deo</strong></span> 
     </span>
     <span class='ocr_line' id='line_1_16' title="bbox 523 1593 2927 1675; baseline 0.001 -22"><span class='ocrx_word' id='word_1_144' title='bbox 523 1595 650 1672; x_wconf 92' lang='lat' dir='ltr'><strong>ipso</strong></span> <span class='ocrx_word' id='word_1_145' title='bbox 680 1616 756 1654; x_wconf 85' lang='lat' dir='ltr'><strong>ex</strong></span> <span class='ocrx_word' id='word_1_146' title='bbox 785 1597 846 1654; x_wconf 90' lang='lat' dir='ltr'><strong>vi</strong></span> <span class='ocrx_word' id='word_1_147' title='bbox 877 1596 1125 1656; x_wconf 88' lang='lat' dir='ltr'><strong>Unionis</strong></span> <span class='ocrx_word' id='word_1_148' title='bbox 1170 1593 1547 1672; x_wconf 82' lang='lat' dir='ltr'><strong>hypostaticae</strong></span> <span class='ocrx_word' id='word_1_149' title='bbox 1575 1594 1751 1653; x_wconf 89' lang='lat' dir='ltr'><strong>fruita</strong></span> <span class='ocrx_word' id='word_1_150' title='bbox 1779 1594 1892 1653; x_wconf 84' lang='lat' dir='ltr'><strong>sit:</strong></span> <span class='ocrx_word' id='word_1_151' title='bbox 1976 1594 2109 1653; x_wconf 91' lang='lat' dir='ltr'><strong>Non</strong></span> <span class='ocrx_word' id='word_1_152' title='bbox 2137 1595 2340 1654; x_wconf 90' lang='lat' dir='ltr'><strong>habuit</strong></span> <span class='ocrx_word' id='word_1_153' title='bbox 2368 1604 2559 1654; x_wconf 90' lang='lat' dir='ltr'><strong>tamen</strong></span> <span class='ocrx_word' id='word_1_154' title='bbox 2586 1596 2776 1655; x_wconf 88' lang='lat' dir='ltr'><strong>adhuc</strong></span> <span class='ocrx_word' id='word_1_155' title='bbox 2803 1599 2927 1675; x_wconf 90' lang='lat' dir='ltr'><strong>ejus</strong></span> 
     </span>
     <span class='ocr_line' id='line_1_17' title="bbox 522 1674 2927 1753; baseline 0.001 -20"><span class='ocrx_word' id='word_1_156' title='bbox 522 1675 958 1752; x_wconf 87' lang='lat' dir='ltr'><strong>plenitudinem,</strong></span> <span class='ocrx_word' id='word_1_157' title='bbox 988 1682 1223 1753; x_wconf 87' lang='lat' dir='ltr'><strong>propter</strong></span> <span class='ocrx_word' id='word_1_158' title='bbox 1260 1674 1544 1751; x_wconf 79' lang='lat' dir='ltr'><strong>passionis</strong></span> <span class='ocrx_word' id='word_1_159' title='bbox 1581 1674 2019 1749; x_wconf 81' lang='lat' dir='ltr'><strong>necessitatem3</strong></span> <span class='ocrx_word' id='word_1_160' title='bbox 2066 1675 2170 1733; x_wconf 89' lang='lat' dir='ltr'><strong>sed</strong></span> <span class='ocrx_word' id='word_1_161' title='bbox 2225 1675 2454 1734; x_wconf 91' lang='lat' dir='ltr'><strong>demum</strong></span> <span class='ocrx_word' id='word_1_162' title='bbox 2501 1695 2627 1734; x_wconf 87' lang='lat' dir='ltr'><strong>eam</strong></span> <span class='ocrx_word' id='word_1_163' title='bbox 2657 1677 2927 1753; x_wconf 87' lang='lat' dir='ltr'><strong>consequi</strong></span> 
     </span>
     <span class='ocr_line' id='line_1_18' title="bbox 521 1754 2923 1832; baseline 0 -20"><span class='ocrx_word' id='word_1_164' title='bbox 521 1754 724 1816; x_wconf 89' lang='lat' dir='ltr'><strong>debuit</strong></span> <span class='ocrx_word' id='word_1_165' title='bbox 750 1765 882 1832; x_wconf 91' lang='lat' dir='ltr'><strong>post</strong></span> <span class='ocrx_word' id='word_1_166' title='bbox 935 1755 1409 1814; x_wconf 88' lang='lat' dir='ltr'><strong>resurrectionem</strong></span> <span class='ocrx_word' id='word_1_167' title='bbox 1438 1761 1497 1812; x_wconf 89' lang='lat' dir='ltr'><strong>et</strong></span> <span class='ocrx_word' id='word_1_168' title='bbox 1550 1754 1963 1830; x_wconf 86' lang='lat' dir='ltr'><strong>ascensionem,</strong></span> <span class='ocrx_word' id='word_1_169' title='bbox 1995 1774 2173 1830; x_wconf 89' lang='lat' dir='ltr'><strong>quum</strong></span> <span class='ocrx_word' id='word_1_170' title='bbox 2228 1754 2413 1813; x_wconf 85' lang='lat' dir='ltr'><strong>factus</strong></span> <span class='ocrx_word' id='word_1_171' title='bbox 2469 1756 2923 1832; x_wconf 86' lang='lat' dir='ltr'><strong>comprehensor,</strong></span> 
     </span>
     <span class='ocr_line' id='line_1_19' title="bbox 519 1833 2925 1912; baseline 0.001 -21"><span class='ocrx_word' id='word_1_172' title='bbox 519 1834 689 1911; x_wconf 89' lang='lat' dir='ltr'><strong>plene</strong></span> <span class='ocrx_word' id='word_1_173' title='bbox 746 1836 1102 1912; x_wconf 88' lang='lat' dir='ltr'><strong>glorificatus</strong></span> <span class='ocrx_word' id='word_1_174' title='bbox 1156 1842 1246 1893; x_wconf 88' lang='lat' dir='ltr'><strong>est</strong></span> <span class='ocrx_word' id='word_1_175' title='bbox 1287 1842 1345 1892; x_wconf 89' lang='lat' dir='ltr'><strong>et</strong></span> <span class='ocrx_word' id='word_1_176' title='bbox 1399 1833 1592 1910; x_wconf 89' lang='lat' dir='ltr'><strong>quoad</strong></span> <span class='ocrx_word' id='word_1_177' title='bbox 1630 1834 1879 1891; x_wconf 91' lang='lat' dir='ltr'><strong>animam</strong></span> <span class='ocrx_word' id='word_1_178' title='bbox 1908 1840 1965 1892; x_wconf 87' lang='lat' dir='ltr'><strong>et</strong></span> <span class='ocrx_word' id='word_1_179' title='bbox 1993 1834 2186 1910; x_wconf 89' lang='lat' dir='ltr'><strong>quoad</strong></span> <span class='ocrx_word' id='word_1_180' title='bbox 2213 1854 2438 1911; x_wconf 88' lang='lat' dir='ltr'><strong>corpus.</strong></span> <span class='ocrx_word' id='word_1_181' title='bbox 2484 1835 2626 1893; x_wconf 89' lang='lat' dir='ltr'><strong>Ideo</strong></span> <span class='ocrx_word' id='word_1_182' title='bbox 2655 1836 2798 1892; x_wconf 91' lang='lat' dir='ltr'><strong>nihil</strong></span> <span class='ocrx_word' id='word_1_183' title='bbox 2827 1836 2925 1894; x_wconf 91' lang='lat' dir='ltr'><strong>ob-</strong></span> 
     </span>
     <span class='ocr_line' id='line_1_20' title="bbox 521 1912 2923 1993; baseline 0 -21"><span class='ocrx_word' id='word_1_184' title='bbox 521 1914 670 1973; x_wconf 89' lang='lat' dir='ltr'><strong>stitit</strong></span> <span class='ocrx_word' id='word_1_185' title='bbox 724 1916 1032 1993; x_wconf 85' lang='lat' dir='ltr'><strong>quominus</strong></span> <span class='ocrx_word' id='word_1_186' title='bbox 1085 1914 1147 1972; x_wconf 90' lang='lat' dir='ltr'><strong>in</strong></span> <span class='ocrx_word' id='word_1_187' title='bbox 1177 1915 1368 1973; x_wconf 87' lang='lat' dir='ltr'><strong>Deum</strong></span> <span class='ocrx_word' id='word_1_188' title='bbox 1423 1912 1698 1988; x_wconf 87' lang='lat' dir='ltr'><strong>crederet,</strong></span> <span class='ocrx_word' id='word_1_189' title='bbox 1750 1921 1809 1972; x_wconf 90' lang='lat' dir='ltr'><strong>et</strong></span> <span class='ocrx_word' id='word_1_190' title='bbox 1837 1921 2092 1991; x_wconf 86' lang='lat' dir='ltr'><strong>speraret</strong></span> <span class='ocrx_word' id='word_1_191' title='bbox 2139 1913 2378 1990; x_wconf 85' lang='lat' dir='ltr'><strong>gloriam</strong></span> <span class='ocrx_word' id='word_1_192' title='bbox 2429 1914 2540 1972; x_wconf 89' lang='lat' dir='ltr'><strong>sibi</strong></span> <span class='ocrx_word' id='word_1_193' title='bbox 2566 1915 2923 1991; x_wconf 86' lang='lat' dir='ltr'><strong>promissam,</strong></span> 
     </span>
    </p>
   </div>
   <div class='ocr_carea' id='block_1_3' title="bbox 522 1993 889 2054">
    <p class='ocr_par' dir='ltr' id='par_1_7' title="bbox 522 1993 889 2054">
     <span class='ocr_line' id='line_1_21' title="bbox 522 1993 889 2054; baseline 0.005 -3"><span class='ocrx_word' id='word_1_194' title='bbox 522 1993 676 2052; x_wconf 88' lang='lat' dir='ltr'><strong>Heb.</strong></span> <span class='ocrx_word' id='word_1_195' title='bbox 706 1996 807 2054; x_wconf 87' lang='lat' dir='ltr'><strong>xii.</strong></span> <span class='ocrx_word' id='word_1_196' title='bbox 834 1999 889 2053; x_wconf 84' lang='lat'><strong>2.</strong></span> 
     </span>
    </p>
   </div>
   <div class='ocr_carea' id='block_1_4' title="bbox 631 517 988 575">
    <p class='ocr_par' dir='ltr' id='par_1_8' title="bbox 631 517 988 575">
     <span class='ocr_line' id='line_1_22' title="bbox 631 517 988 575; baseline 0.003 -12"><span class='ocrx_word' id='word_1_197' title='bbox 631 517 699 563; x_wconf 83' lang='lat' dir='ltr'><strong>Et</strong></span> <span class='ocrx_word' id='word_1_198' title='bbox 719 519 988 575; x_wconf 71' lang='lat' dir='ltr'><strong>quomodo?</strong></span> 
     </span>
    </p>
   </div>
   <div class='ocr_carea' id='block_1_5' title="bbox 1412 2228 2039 2305">
    <p class='ocr_par' dir='ltr' id='par_1_9' title="bbox 1412 2228 2039 2305">
     <span class='ocr_line' id='line_1_23' title="bbox 1412 2228 2039 2305; baseline -0.005 -14"><span class='ocrx_word' id='word_1_199' title='bbox 1412 2228 1801 2305; x_wconf 86' lang='lat' dir='ltr'><strong>QUAESTIO</strong></span> <span class='ocrx_word' id='word_1_200' title='bbox 1846 2229 2039 2288; x_wconf 88' lang='lat' dir='ltr'><strong>XIII.</strong></span> 
     </span>
    </p>
   </div>
   <div class='ocr_carea' id='block_1_6' title="bbox 1239 2406 2146 2447">
    <p class='ocr_par' dir='ltr' id='par_1_10' title="bbox 1239 2406 2146 2447">
     <span class='ocr_line' id='line_1_24' title="bbox 1239 2406 2146 2447; baseline -0.001 0"><span class='ocrx_word' id='word_1_201' title='bbox 1239 2407 1317 2447; x_wconf 79' lang='lat' dir='ltr'><strong>DE</strong></span> <span class='ocrx_word' id='word_1_202' title='bbox 1349 2406 1620 2447; x_wconf 75' lang='lat' dir='ltr'>SCIENTIA</span> <span class='ocrx_word' id='word_1_203' title='bbox 1650 2406 1863 2446; x_wconf 72' lang='lat' dir='ltr'>ANIMAE</span> <span class='ocrx_word' id='word_1_204' title='bbox 1892 2406 2146 2446; x_wconf 79' lang='lat' dir='ltr'><strong>CHRISTI.</strong></span> 
     </span>
    </p>
   </div>
   <div class='ocr_carea' id='block_1_7' title="bbox 513 2545 2919 2700">
    <p class='ocr_par' dir='ltr' id='par_1_11' title="bbox 513 2545 2919 2700">
     <span class='ocr_line' id='line_1_25' title="bbox 513 2545 2919 2626; baseline -0 -18"><span class='ocrx_word' id='word_1_205' title='bbox 513 2550 606 2608; x_wconf 80' lang='lat' dir='ltr'><strong>An</strong></span> <span class='ocrx_word' id='word_1_206' title='bbox 640 2548 853 2609; x_wconf 76' lang='lat' dir='ltr'><strong>Christi</strong></span> <span class='ocrx_word' id='word_1_207' title='bbox 875 2547 1085 2606; x_wconf 83' lang='lat' dir='ltr'><strong>Anima</strong></span> <span class='ocrx_word' id='word_1_208' title='bbox 1112 2547 1183 2605; x_wconf 82' lang='lat' dir='ltr'><strong>ab</strong></span> <span class='ocrx_word' id='word_1_209' title='bbox 1210 2546 1336 2621; x_wconf 77' lang='lat' dir='ltr'><strong>ipsa</strong></span> <span class='ocrx_word' id='word_1_210' title='bbox 1368 2545 1685 2619; x_wconf 78' lang='lat' dir='ltr'><strong>Creatione,</strong></span> <span class='ocrx_word' id='word_1_211' title='bbox 1734 2546 1815 2603; x_wconf 83' lang='lat' dir='ltr'><strong>ita</strong></span> <span class='ocrx_word' id='word_1_212' title='bbox 1841 2548 2059 2621; x_wconf 81' lang='lat' dir='ltr'><strong>repleta</strong></span> <span class='ocrx_word' id='word_1_213' title='bbox 2096 2545 2286 2619; x_wconf 58' lang='lat' dir='ltr'><strong>fuerit</strong></span> <span class='ocrx_word' id='word_1_214' title='bbox 2309 2546 2553 2621; x_wconf 81' lang='lat' dir='ltr'><strong>scientia,</strong></span> <span class='ocrx_word' id='word_1_215' title='bbox 2585 2556 2647 2606; x_wconf 81' lang='lat' dir='ltr'><strong>ut</strong></span> <span class='ocrx_word' id='word_1_216' title='bbox 2672 2548 2812 2608; x_wconf 76' lang='lat' dir='ltr'><strong>nihil</strong></span> <span class='ocrx_word' id='word_1_217' title='bbox 2836 2550 2919 2626; x_wconf 71' lang='lat' dir='ltr'><strong>iq-</strong></span> 
     </span>
     <span class='ocr_line' id='line_1_26' title="bbox 918 2624 2520 2700; baseline -0.001 -16"><span class='ocrx_word' id='word_1_218' title='bbox 918 2627 1221 2700; x_wconf 81' lang='lat' dir='ltr'><strong>noraverit,</strong></span> <span class='ocrx_word' id='word_1_219' title='bbox 1251 2628 1340 2682; x_wconf 82' lang='lat' dir='ltr'><strong>vel</strong></span> <span class='ocrx_word' id='word_1_220' title='bbox 1365 2625 1672 2683; x_wconf 69' lang='lat' dir='ltr'><strong>didicerit?</strong></span> <span class='ocrx_word' id='word_1_221' title='bbox 1754 2624 1904 2700; x_wconf 87' lang='lat' dir='ltr'><strong>Neg.</strong></span> <span class='ocrx_word' id='word_1_222' title='bbox 1935 2632 2135 2683; x_wconf 89' lang='lat' dir='ltr'><strong>contra</strong></span> <span class='ocrx_word' id='word_1_223' title='bbox 2166 2624 2520 2683; x_wconf 89' lang='lat' dir='ltr'><strong>Pontificios.</strong></span> 
     </span>
    </p>
   </div>
   <div class='ocr_carea' id='block_1_8' title="bbox 502 2780 2923 3891">
    <p class='ocr_par' dir='ltr' id='par_1_12' title="bbox 502 2780 2923 3891">
     <span class='ocr_line' id='line_1_27' title="bbox 594 2780 2923 2863; baseline 0.002 -21"><span class='ocrx_word' id='word_1_224' title='bbox 594 2783 643 2842; x_wconf 95' lang='grc' dir='ltr'><strong>Ι.</strong></span> <span class='ocrx_word' id='word_1_225' title='bbox 693 2782 1033 2842; x_wconf 88' lang='lat' dir='ltr'><strong>Scholastici</strong></span> <span class='ocrx_word' id='word_1_226' title='bbox 1062 2781 1359 2841; x_wconf 88' lang='lat' dir='ltr'><strong>scientiam</strong></span> <span class='ocrx_word' id='word_1_227' title='bbox 1396 2780 1613 2840; x_wconf 89' lang='lat' dir='ltr'><strong>Christi</strong></span> <span class='ocrx_word' id='word_1_228' title='bbox 1667 2780 2031 2857; x_wconf 86' lang='lat' dir='ltr'><strong>distinguunt</strong></span> <span class='ocrx_word' id='word_1_229' title='bbox 2078 2781 2139 2839; x_wconf 91' lang='lat' dir='ltr'><strong>in</strong></span> <span class='ocrx_word' id='word_1_230' title='bbox 2167 2790 2285 2840; x_wconf 89' lang='lat' dir='ltr'><strong>tres</strong></span> <span class='ocrx_word' id='word_1_231' title='bbox 2331 2781 2649 2858; x_wconf 86' lang='lat' dir='ltr'><strong>praecipuas</strong></span> <span class='ocrx_word' id='word_1_232' title='bbox 2678 2787 2923 2863; x_wconf 89' lang='lat' dir='ltr'><strong>species,</strong></span> 
     </span>
     <span class='ocr_line' id='line_1_28' title="bbox 511 2860 2923 2939; baseline 0.001 -18"><span class='ocrx_word' id='word_1_233' title='bbox 511 2863 770 2938; x_wconf 91' lang='lat' dir='ltr'><strong>Beatam,</strong></span> <span class='ocrx_word' id='word_1_234' title='bbox 805 2863 1082 2938; x_wconf 89' lang='lat' dir='ltr'><strong>Infusam,</strong></span> <span class='ocrx_word' id='word_1_235' title='bbox 1115 2870 1173 2921; x_wconf 91' lang='lat' dir='ltr'><strong>et</strong></span> <span class='ocrx_word' id='word_1_236' title='bbox 1201 2861 1585 2939; x_wconf 86' lang='lat' dir='ltr'><strong>Acquisitam,</strong></span> <span class='ocrx_word' id='word_1_237' title='bbox 1621 2881 1721 2938; x_wconf 90' lang='lat' dir='ltr'><strong>pro</strong></span> <span class='ocrx_word' id='word_1_238' title='bbox 1743 2860 1955 2938; x_wconf 89' lang='lat' dir='ltr'><strong>triplici</strong></span> <span class='ocrx_word' id='word_1_239' title='bbox 1983 2861 2199 2920; x_wconf 90' lang='lat' dir='ltr'><strong>lumine</strong></span> <span class='ocrx_word' id='word_1_240' title='bbox 2229 2861 2446 2938; x_wconf 75' lang='lat' dir='ltr'><strong>glorias,</strong></span> <span class='ocrx_word' id='word_1_241' title='bbox 2480 2862 2697 2938; x_wconf 75' lang='lat' dir='ltr'><strong>gratiae,</strong></span> <span class='ocrx_word' id='word_1_242' title='bbox 2731 2873 2790 2922; x_wconf 91' lang='lat' dir='ltr'><strong>et</strong></span> <span class='ocrx_word' id='word_1_243' title='bbox 2817 2885 2923 2924; x_wconf 89' lang='lat' dir='ltr'><strong>na-</strong></span> 
     </span>
     <span class='ocr_line' id='line_1_29' title="bbox 508 2940 2920 3019; baseline -0 -17"><span class='ocrx_word' id='word_1_244' title='bbox 508 2952 670 3002; x_wconf 73' lang='lat' dir='ltr'><strong>turae.</strong></span> <span class='ocrx_word' id='word_1_245' title='bbox 755 2946 997 3001; x_wconf 82' lang='lat' dir='ltr'><strong>Beatam</strong></span> <span class='ocrx_word' id='word_1_246' title='bbox 1026 2951 1238 3001; x_wconf 91' lang='lat' dir='ltr'><strong>vocant</strong></span> <span class='ocrx_word' id='word_1_247' title='bbox 1266 2961 1393 2999; x_wconf 90' lang='lat' dir='ltr'><strong>eam</strong></span> <span class='ocrx_word' id='word_1_248' title='bbox 1421 2960 1536 3017; x_wconf 92' lang='lat' dir='ltr'><strong>qua</strong></span> <span class='ocrx_word' id='word_1_249' title='bbox 1565 2940 1830 2999; x_wconf 89' lang='lat' dir='ltr'><strong>Christus</strong></span> <span class='ocrx_word' id='word_1_250' title='bbox 1861 2941 2048 2999; x_wconf 90' lang='lat' dir='ltr'><strong>Deum</strong></span> <span class='ocrx_word' id='word_1_251' title='bbox 2070 2940 2232 2998; x_wconf 89' lang='lat' dir='ltr'><strong>videt</strong></span> <span class='ocrx_word' id='word_1_252' title='bbox 2252 2941 2569 2999; x_wconf 87' lang='lat' dir='ltr'><strong>secundum</strong></span> <span class='ocrx_word' id='word_1_253' title='bbox 2589 2944 2920 3019; x_wconf 87' lang='lat' dir='ltr'><strong>essentiam,</strong></span> 
     </span>
     <span class='ocr_line' id='line_1_30' title="bbox 508 3020 2923 3101; baseline 0 -20"><span class='ocrx_word' id='word_1_254' title='bbox 508 3032 574 3082; x_wconf 91' lang='lat' dir='ltr'><strong>ut</strong></span> <span class='ocrx_word' id='word_1_255' title='bbox 600 3023 755 3082; x_wconf 89' lang='lat' dir='ltr'><strong>beati</strong></span> <span class='ocrx_word' id='word_1_256' title='bbox 777 3025 905 3101; x_wconf 90' lang='lat' dir='ltr'><strong>ejus</strong></span> <span class='ocrx_word' id='word_1_257' title='bbox 934 3022 1137 3081; x_wconf 87' lang='lat' dir='ltr'><strong>faciem</strong></span> <span class='ocrx_word' id='word_1_258' title='bbox 1166 3021 1226 3079; x_wconf 93' lang='lat' dir='ltr'><strong>in</strong></span> <span class='ocrx_word' id='word_1_259' title='bbox 1255 3022 1400 3080; x_wconf 86' lang='lat' dir='ltr'><strong>coelo</strong></span> <span class='ocrx_word' id='word_1_260' title='bbox 1423 3021 1737 3080; x_wconf 88' lang='lat' dir='ltr'><strong>intuentur.</strong></span> <span class='ocrx_word' id='word_1_261' title='bbox 1820 3023 2023 3096; x_wconf 75' lang='lat' dir='ltr'><strong>Infusa</strong></span> <span class='ocrx_word' id='word_1_262' title='bbox 2059 3020 2177 3079; x_wconf 88' lang='lat' dir='ltr'><strong>illis</strong></span> <span class='ocrx_word' id='word_1_263' title='bbox 2219 3029 2324 3095; x_wconf 90' lang='lat' dir='ltr'><strong>est,</strong></span> <span class='ocrx_word' id='word_1_264' title='bbox 2355 3039 2470 3096; x_wconf 89' lang='lat' dir='ltr'><strong>qua</strong></span> <span class='ocrx_word' id='word_1_265' title='bbox 2498 3024 2923 3097; x_wconf 85' lang='lat' dir='ltr'><strong>supernaturali</strong></span> 
     </span>
     <span class='ocr_line' id='line_1_31' title="bbox 504 3100 2917 3182; baseline 0.001 -22"><span class='ocrx_word' id='word_1_266' title='bbox 504 3103 708 3163; x_wconf 88' lang='lat' dir='ltr'><strong>habitu</strong></span> <span class='ocrx_word' id='word_1_267' title='bbox 737 3103 1036 3182; x_wconf 84' lang='lat' dir='ltr'><strong>cognoscit</strong></span> <span class='ocrx_word' id='word_1_268' title='bbox 1063 3122 1155 3161; x_wconf 90' lang='lat' dir='ltr'><strong>res</strong></span> <span class='ocrx_word' id='word_1_269' title='bbox 1184 3101 1463 3176; x_wconf 83' lang='lat' dir='ltr'><strong>coelestes,</strong></span> <span class='ocrx_word' id='word_1_270' title='bbox 1495 3109 1554 3160; x_wconf 89' lang='lat' dir='ltr'><strong>et</strong></span> <span class='ocrx_word' id='word_1_271' title='bbox 1582 3100 1860 3178; x_wconf 91' lang='lat' dir='ltr'><strong>quicquid</strong></span> <span class='ocrx_word' id='word_1_272' title='bbox 1887 3121 1988 3178; x_wconf 88' lang='lat' dir='ltr'><strong>per</strong></span> <span class='ocrx_word' id='word_1_273' title='bbox 2031 3101 2226 3158; x_wconf 89' lang='lat' dir='ltr'><strong>lumen</strong></span> <span class='ocrx_word' id='word_1_274' title='bbox 2261 3101 2461 3177; x_wconf 80' lang='lat' dir='ltr'><strong>gratiae</strong></span> <span class='ocrx_word' id='word_1_275' title='bbox 2488 3100 2675 3158; x_wconf 92' lang='lat' dir='ltr'><strong>videri</strong></span> <span class='ocrx_word' id='word_1_276' title='bbox 2703 3111 2917 3179; x_wconf 89' lang='lat' dir='ltr'><strong>potest.</strong></span> 
     </span>
     <span class='ocr_line' id='line_1_32' title="bbox 505 3180 2920 3265; baseline -0.001 -23"><span class='ocrx_word' id='word_1_277' title='bbox 505 3184 796 3260; x_wconf 78' lang='lat' dir='ltr'><strong>Acqm&#39;sita</strong></span> <span class='ocrx_word' id='word_1_278' title='bbox 824 3192 930 3257; x_wconf 86' lang='lat' dir='ltr'><strong>est,</strong></span> <span class='ocrx_word' id='word_1_279' title='bbox 962 3203 1077 3265; x_wconf 88' lang='lat' dir='ltr'><strong>qua</strong></span> <span class='ocrx_word' id='word_1_280' title='bbox 1104 3182 1379 3259; x_wconf 88' lang='lat' dir='ltr'><strong>intelligit</strong></span> <span class='ocrx_word' id='word_1_281' title='bbox 1423 3201 1780 3257; x_wconf 76' lang='lat' dir='ltr'><strong>qua-,cunque</strong></span> <span class='ocrx_word' id='word_1_282' title='bbox 1808 3180 2025 3239; x_wconf 90' lang='lat' dir='ltr'><strong>lumine</strong></span> <span class='ocrx_word' id='word_1_283' title='bbox 2080 3188 2299 3239; x_wconf 71' lang='lat' dir='ltr'><strong>naturae</strong></span> <span class='ocrx_word' id='word_1_284' title='bbox 2345 3180 2468 3239; x_wconf 88' lang='lat' dir='ltr'><strong>sive</strong></span> <span class='ocrx_word' id='word_1_285' title='bbox 2512 3181 2751 3239; x_wconf 89' lang='lat' dir='ltr'><strong>rationis</strong></span> <span class='ocrx_word' id='word_1_286' title='bbox 2779 3201 2920 3258; x_wconf 90' lang='lat' dir='ltr'><strong>cog-</strong></span> 
     </span>
     <span class='ocr_line' id='line_1_33' title="bbox 504 3259 2919 3339; baseline -0.001 -19"><span class='ocrx_word' id='word_1_287' title='bbox 504 3264 667 3322; x_wconf 90' lang='lat' dir='ltr'><strong>nosci</strong></span> <span class='ocrx_word' id='word_1_288' title='bbox 696 3272 933 3339; x_wconf 90' lang='lat' dir='ltr'><strong>queunt.</strong></span> <span class='ocrx_word' id='word_1_289' title='bbox 1023 3262 1138 3320; x_wconf 86' lang='lat' dir='ltr'><strong>Sed</strong></span> <span class='ocrx_word' id='word_1_290' title='bbox 1166 3261 1356 3320; x_wconf 89' lang='lat' dir='ltr'><strong>minus</strong></span> <span class='ocrx_word' id='word_1_291' title='bbox 1383 3268 1556 3333; x_wconf 88' lang='lat' dir='ltr'><strong>recte,</strong></span> <span class='ocrx_word' id='word_1_292' title='bbox 1603 3261 1741 3336; x_wconf 91' lang='lat' dir='ltr'><strong>quia</strong></span> <span class='ocrx_word' id='word_1_293' title='bbox 1769 3259 2009 3317; x_wconf 89' lang='lat' dir='ltr'><strong>scientia</strong></span> <span class='ocrx_word' id='word_1_294' title='bbox 2055 3259 2337 3330; x_wconf 86' lang='lat' dir='ltr'><strong>beatifica,</strong></span> <span class='ocrx_word' id='word_1_295' title='bbox 2384 3279 2514 3336; x_wconf 77' lang='lat' dir='ltr'><strong>quse</strong></span> <span class='ocrx_word' id='word_1_296' title='bbox 2542 3269 2630 3318; x_wconf 89' lang='lat' dir='ltr'><strong>est</strong></span> <span class='ocrx_word' id='word_1_297' title='bbox 2658 3280 2919 3336; x_wconf 88' lang='lat' dir='ltr'><strong>compre-</strong></span> 
     </span>
     <span class='ocr_line' id='line_1_34' title="bbox 503 3338 2917 3418; baseline -0.001 -19"><span class='ocrx_word' id='word_1_298' title='bbox 503 3342 832 3416; x_wconf 89' lang='lat' dir='ltr'><strong>hensorum,</strong></span> <span class='ocrx_word' id='word_1_299' title='bbox 863 3361 980 3399; x_wconf 92' lang='lat' dir='ltr'><strong>non</strong></span> <span class='ocrx_word' id='word_1_300' title='bbox 1008 3348 1201 3418; x_wconf 89' lang='lat' dir='ltr'><strong>potest</strong></span> <span class='ocrx_word' id='word_1_301' title='bbox 1232 3339 1531 3398; x_wconf 89' lang='lat' dir='ltr'><strong>commode</strong></span> <span class='ocrx_word' id='word_1_302' title='bbox 1560 3338 1737 3397; x_wconf 91' lang='lat' dir='ltr'><strong>tribui</strong></span> <span class='ocrx_word' id='word_1_303' title='bbox 1768 3338 1998 3397; x_wconf 90' lang='lat' dir='ltr'><strong>Christo</strong></span> <span class='ocrx_word' id='word_1_304' title='bbox 2037 3339 2224 3396; x_wconf 90' lang='lat' dir='ltr'><strong>adhuc</strong></span> <span class='ocrx_word' id='word_1_305' title='bbox 2253 3339 2482 3397; x_wconf 89' lang='lat' dir='ltr'><strong>Viatori</strong></span> <span class='ocrx_word' id='word_1_306' title='bbox 2508 3339 2569 3395; x_wconf 91' lang='lat' dir='ltr'><strong>in</strong></span> <span class='ocrx_word' id='word_1_307' title='bbox 2590 3340 2758 3397; x_wconf 90' lang='lat' dir='ltr'><strong>terris</strong></span> <span class='ocrx_word' id='word_1_308' title='bbox 2783 3359 2917 3397; x_wconf 91' lang='lat' dir='ltr'><strong>ver-</strong></span> 
     </span>
     <span class='ocr_line' id='line_1_35' title="bbox 506 3418 2915 3497; baseline 0 -20"><span class='ocrx_word' id='word_1_309' title='bbox 506 3420 673 3494; x_wconf 89' lang='lat' dir='ltr'><strong>santi,</strong></span> <span class='ocrx_word' id='word_1_310' title='bbox 705 3428 770 3478; x_wconf 90' lang='lat' dir='ltr'><strong>ut</strong></span> <span class='ocrx_word' id='word_1_311' title='bbox 796 3429 998 3497; x_wconf 87' lang='lat' dir='ltr'><strong>postea</strong></span> <span class='ocrx_word' id='word_1_312' title='bbox 1026 3419 1265 3477; x_wconf 86' lang='lat' dir='ltr'><strong>dicetur.</strong></span> <span class='ocrx_word' id='word_1_313' title='bbox 1351 3418 1658 3494; x_wconf 88' lang='lat' dir='ltr'><strong>Duplicem</strong></span> <span class='ocrx_word' id='word_1_314' title='bbox 1676 3436 1816 3493; x_wconf 88' lang='lat' dir='ltr'><strong>ergo</strong></span> <span class='ocrx_word' id='word_1_315' title='bbox 1833 3425 2051 3475; x_wconf 83' lang='lat' dir='ltr'><strong>naturae</strong></span> <span class='ocrx_word' id='word_1_316' title='bbox 2073 3419 2341 3476; x_wconf 77' lang='lat' dir='ltr'><strong>humanae</strong></span> <span class='ocrx_word' id='word_1_317' title='bbox 2372 3418 2585 3476; x_wconf 88' lang='lat' dir='ltr'><strong>Christi</strong></span> <span class='ocrx_word' id='word_1_318' title='bbox 2612 3418 2673 3475; x_wconf 88' lang='lat' dir='ltr'><strong>in</strong></span> <span class='ocrx_word' id='word_1_319' title='bbox 2694 3418 2915 3478; x_wconf 88' lang='lat' dir='ltr'><strong>mundo</strong></span> 
     </span>
     <span class='ocr_line' id='line_1_36' title="bbox 505 3496 2914 3574; baseline -0 -18"><span class='ocrx_word' id='word_1_320' title='bbox 505 3498 739 3574; x_wconf 85' lang='lat' dir='ltr'><strong>degenti</strong></span> <span class='ocrx_word' id='word_1_321' title='bbox 763 3499 1059 3557; x_wconf 88' lang='lat' dir='ltr'><strong>scientiam</strong></span> <span class='ocrx_word' id='word_1_322' title='bbox 1082 3496 1466 3574; x_wconf 86' lang='lat' dir='ltr'><strong>agnoscimus,</strong></span> <span class='ocrx_word' id='word_1_323' title='bbox 1497 3496 1764 3569; x_wconf 88' lang='lat' dir='ltr'><strong>infusam,</strong></span> <span class='ocrx_word' id='word_1_324' title='bbox 1796 3504 1855 3554; x_wconf 89' lang='lat' dir='ltr'><strong>et</strong></span> <span class='ocrx_word' id='word_1_325' title='bbox 1875 3497 2215 3573; x_wconf 86' lang='lat' dir='ltr'><strong>acquisitam</strong></span> <span class='ocrx_word' id='word_1_326' title='bbox 2237 3517 2339 3555; x_wconf 88' lang='lat' dir='ltr'><strong>seu</strong></span> <span class='ocrx_word' id='word_1_327' title='bbox 2367 3497 2872 3574; x_wconf 85' lang='lat' dir='ltr'><strong>experimentalem</strong></span> <span class='ocrx_word' id='word_1_328' title='bbox 2897 3521 2914 3574; x_wconf 91' lang='lat'><strong>;</strong></span> 
     </span>
     <span class='ocr_line' id='line_1_37' title="bbox 503 3574 2915 3654; baseline 0.001 -21"><span class='ocrx_word' id='word_1_329' title='bbox 503 3579 760 3651; x_wconf 65' lang='lat' dir='ltr'><strong>Infit-sam</strong></span> <span class='ocrx_word' id='word_1_330' title='bbox 793 3577 1011 3654; x_wconf 87' lang='lat' dir='ltr'><strong>accepit</strong></span> <span class='ocrx_word' id='word_1_331' title='bbox 1039 3596 1140 3652; x_wconf 89' lang='lat' dir='ltr'><strong>per</strong></span> <span class='ocrx_word' id='word_1_332' title='bbox 1169 3574 1413 3652; x_wconf 88' lang='lat' dir='ltr'><strong>gratiam</strong></span> <span class='ocrx_word' id='word_1_333' title='bbox 1445 3574 1693 3651; x_wconf 90' lang='lat' dir='ltr'><strong>Spiritus</strong></span> <span class='ocrx_word' id='word_1_334' title='bbox 1727 3575 1785 3632; x_wconf 88' lang='lat' dir='ltr'><strong>S.</strong></span> <span class='ocrx_word' id='word_1_335' title='bbox 1830 3575 2140 3633; x_wconf 89' lang='lat' dir='ltr'><strong>humanam</strong></span> <span class='ocrx_word' id='word_1_336' title='bbox 2189 3585 2451 3635; x_wconf 88' lang='lat' dir='ltr'><strong>naturam</strong></span> <span class='ocrx_word' id='word_1_337' title='bbox 2482 3577 2915 3652; x_wconf 78' lang='lat' dir='ltr'><strong>sanctificantiS,</strong></span> 
     </span>
     <span class='ocr_line' id='line_1_38' title="bbox 504 3653 2916 3732; baseline 0 -19"><span class='ocrx_word' id='word_1_338' title='bbox 504 3665 562 3714; x_wconf 91' lang='lat' dir='ltr'><strong>et</strong></span> <span class='ocrx_word' id='word_1_339' title='bbox 591 3677 717 3715; x_wconf 89' lang='lat' dir='ltr'><strong>eam</strong></span> <span class='ocrx_word' id='word_1_340' title='bbox 745 3657 911 3715; x_wconf 80' lang='lat' dir='ltr'><strong>(Ionis</strong></span> <span class='ocrx_word' id='word_1_341' title='bbox 941 3656 1060 3714; x_wconf 89' lang='lat' dir='ltr'><strong>suis</strong></span> <span class='ocrx_word' id='word_1_342' title='bbox 1088 3654 1378 3732; x_wconf 89' lang='lat' dir='ltr'><strong>replentis,</strong></span> <span class='ocrx_word' id='word_1_343' title='bbox 1411 3653 1482 3712; x_wconf 91' lang='lat' dir='ltr'><strong>de</strong></span> <span class='ocrx_word' id='word_1_344' title='bbox 1512 3674 1628 3730; x_wconf 88' lang='lat' dir='ltr'><strong>qua</strong></span> <span class='ocrx_word' id='word_1_345' title='bbox 1656 3654 1847 3730; x_wconf 89' lang='lat' dir='ltr'><strong>agitur</strong></span> <span class='ocrx_word' id='word_1_346' title='bbox 1878 3655 1992 3712; x_wconf 89' lang='lat' dir='ltr'><strong>Isa.</strong></span> <span class='ocrx_word' id='word_1_347' title='bbox 2023 3657 2104 3713; x_wconf 90' lang='lat' dir='ltr'><strong>xi.</strong></span> <span class='ocrx_word' id='word_1_348' title='bbox 2149 3658 2199 3729; x_wconf 92' lang='lat'><strong>1,</strong></span> <span class='ocrx_word' id='word_1_349' title='bbox 2232 3661 2287 3713; x_wconf 81' lang='lat'><strong>2.</strong></span> <span class='ocrx_word' id='word_1_350' title='bbox 2330 3655 2619 3731; x_wconf 65' lang='lat' dir='ltr'><strong>Aequisita</strong></span> <span class='ocrx_word' id='word_1_351' title='bbox 2648 3664 2736 3714; x_wconf 89' lang='lat' dir='ltr'><strong>est</strong></span> <span class='ocrx_word' id='word_1_352' title='bbox 2774 3676 2916 3732; x_wconf 86' lang='lat' dir='ltr'><strong>cog·</strong></span> 
     </span>
     <span class='ocr_line' id='line_1_39' title="bbox 502 3733 2915 3812; baseline 0 -20"><span class='ocrx_word' id='word_1_353' title='bbox 502 3736 644 3795; x_wconf 91' lang='lat' dir='ltr'><strong>nitio</strong></span> <span class='ocrx_word' id='word_1_354' title='bbox 674 3736 933 3812; x_wconf 89' lang='lat' dir='ltr'><strong>actualis,</strong></span> <span class='ocrx_word' id='word_1_355' title='bbox 965 3754 1137 3812; x_wconf 89' lang='lat' dir='ltr'><strong>quam</strong></span> <span class='ocrx_word' id='word_1_356' title='bbox 1168 3733 1429 3792; x_wconf 87' lang='lat' dir='ltr'><strong>Christus</strong></span> <span class='ocrx_word' id='word_1_357' title='bbox 1458 3733 1782 3809; x_wconf 88' lang='lat' dir='ltr'><strong>acquisivit,</strong></span> <span class='ocrx_word' id='word_1_358' title='bbox 1827 3741 1951 3791; x_wconf 92' lang='lat' dir='ltr'><strong>tum</strong></span> <span class='ocrx_word' id='word_1_359' title='bbox 1979 3755 2081 3811; x_wconf 89' lang='lat' dir='ltr'><strong>per</strong></span> <span class='ocrx_word' id='word_1_360' title='bbox 2127 3734 2637 3809; x_wconf 88' lang='lat' dir='ltr'><strong>ratiocinationem,</strong></span> <span class='ocrx_word' id='word_1_361' title='bbox 2679 3735 2915 3793; x_wconf 90' lang='lat' dir='ltr'><strong>conclu-</strong></span> 
     </span>
     <span class='ocr_line' id='line_1_40' title="bbox 503 3812 2915 3891; baseline -0.001 -16"><span class='ocrx_word' id='word_1_362' title='bbox 503 3816 695 3876; x_wconf 89' lang='lat' dir='ltr'><strong>siones</strong></span> <span class='ocrx_word' id='word_1_363' title='bbox 724 3814 1062 3876; x_wconf 89' lang='lat' dir='ltr'><strong>deducendo</strong></span> <span class='ocrx_word' id='word_1_364' title='bbox 1086 3834 1160 3873; x_wconf 85' lang='lat' dir='ltr'><strong>ex</strong></span> <span class='ocrx_word' id='word_1_365' title='bbox 1181 3812 1479 3890; x_wconf 89' lang='lat' dir='ltr'><strong>principiis</strong></span> <span class='ocrx_word' id='word_1_366' title='bbox 1508 3812 1763 3871; x_wconf 77' lang='lat' dir='ltr'><strong>scientiae</strong></span> <span class='ocrx_word' id='word_1_367' title='bbox 1786 3812 2007 3889; x_wconf 84' lang='lat' dir='ltr'><strong>infusae,</strong></span> <span class='ocrx_word' id='word_1_368' title='bbox 2027 3823 2151 3872; x_wconf 92' lang='lat' dir='ltr'><strong>tum</strong></span> <span class='ocrx_word' id='word_1_369' title='bbox 2171 3834 2275 3890; x_wconf 88' lang='lat' dir='ltr'><strong>per</strong></span> <span class='ocrx_word' id='word_1_370' title='bbox 2294 3815 2582 3891; x_wconf 88' lang='lat' dir='ltr'><strong>propriam</strong></span> <span class='ocrx_word' id='word_1_371' title='bbox 2611 3816 2915 3891; x_wconf 82' lang='lat' dir='ltr'><strong>experien-</strong></span> 
     </span>
    </p>
   </div>
   <div class='ocr_carea' id='block_1_9' title="bbox 499 3894 2915 4046">
    <p class='ocr_par' dir='ltr' id='par_1_13' title="bbox 499 3894 2915 4046">
     <span class='ocr_line' id='line_1_41' title="bbox 499 3894 1344 3971; baseline -0.004 -17"><span class='ocrx_word' id='word_1_372' title='bbox 499 3895 657 3971; x_wconf 84' lang='lat' dir='ltr'><strong>tiam,</strong></span> <span class='ocrx_word' id='word_1_373' title='bbox 693 3896 845 3955; x_wconf 90' lang='lat' dir='ltr'><strong>Heb.</strong></span> <span class='ocrx_word' id='word_1_374' title='bbox 877 3897 957 3954; x_wconf 91' lang='lat' dir='ltr'><strong>iv.</strong></span> <span class='ocrx_word' id='word_1_375' title='bbox 991 3897 1081 3969; x_wconf 88' lang='lat'><strong>15,</strong></span> <span class='ocrx_word' id='word_1_376' title='bbox 1113 3902 1173 3952; x_wconf 88' lang='lat' dir='ltr'><strong>et</strong></span> <span class='ocrx_word' id='word_1_377' title='bbox 1198 3913 1257 3950; x_wconf 90' lang='lat' dir='ltr'><strong>v.</strong></span> <span class='ocrx_word' id='word_1_378' title='bbox 1288 3894 1344 3951; x_wconf 89' lang='lat'><strong>8.</strong></span> 
     </span>
     <span class='ocr_line' id='line_1_42' title="bbox 1105 3971 2915 4046; baseline 0 -16"><span class='ocrx_word' id='word_1_379' title='bbox 1105 3974 1191 4031; x_wconf 89' lang='lat' dir='ltr'><strong>II.</strong></span> <span class='ocrx_word' id='word_1_380' title='bbox 1236 3972 1491 4046; x_wconf 75' lang='lat' dir='ltr'><strong>Quaestio</strong></span> <span class='ocrx_word' id='word_1_381' title='bbox 1508 3972 1603 4029; x_wconf 93' lang='lat' dir='ltr'><strong>hic</strong></span> <span class='ocrx_word' id='word_1_382' title='bbox 1632 3971 1936 4030; x_wconf 89' lang='lat' dir='ltr'><strong>intercedit</strong></span> <span class='ocrx_word' id='word_1_383' title='bbox 1964 3992 2094 4030; x_wconf 91' lang='lat' dir='ltr'><strong>cum</strong></span> <span class='ocrx_word' id='word_1_384' title='bbox 2125 3972 2463 4046; x_wconf 89' lang='lat' dir='ltr'><strong>Pontificiis,</strong></span> <span class='ocrx_word' id='word_1_385' title='bbox 2496 3973 2585 4030; x_wconf 90' lang='lat' dir='ltr'><strong>De</strong></span> <span class='ocrx_word' id='word_1_386' title='bbox 2615 3982 2818 4030; x_wconf 87' lang='lat' dir='ltr'><strong>natura</strong></span> <span class='ocrx_word' id='word_1_387' title='bbox 2846 3982 2915 4031; x_wconf 86' lang='lat' dir='ltr'><strong>et</strong></span> 
     </span>
    </p>
   </div>
   <div class='ocr_carea' id='block_1_10' title="bbox 495 4051 2914 4447">
    <p class='ocr_par' dir='ltr' id='par_1_14' title="bbox 577 4051 2912 4207">
     <span class='ocr_line' id='line_1_43' title="bbox 577 4051 2912 4127; baseline -0.001 -16"><span class='ocrx_word' id='word_1_388' title='bbox 577 4053 747 4125; x_wconf 54' lang='lat' dir='ltr'><strong>Status</strong></span> <span class='ocrx_word' id='word_1_389' title='bbox 800 4056 983 4125; x_wconf 37' lang='lat' dir='ltr'><strong>&#39;Quaes-</strong></span> <span class='ocrx_word' id='word_1_390' title='bbox 1025 4052 1361 4111; x_wconf 87' lang='lat' dir='ltr'><strong>extensione</strong></span> <span class='ocrx_word' id='word_1_391' title='bbox 1389 4051 1558 4110; x_wconf 86' lang='lat' dir='ltr'><strong>istius</strong></span> <span class='ocrx_word' id='word_1_392' title='bbox 1580 4051 1853 4110; x_wconf 83' lang='lat' dir='ltr'><strong>scientiae.</strong></span> <span class='ocrx_word' id='word_1_393' title='bbox 1915 4051 1969 4109; x_wconf 88' lang='lat' dir='ltr'>N</span> <span class='ocrx_word' id='word_1_394' title='bbox 1972 4072 2047 4110; x_wconf 92' lang='lat' dir='ltr'><strong>on</strong></span> <span class='ocrx_word' id='word_1_395' title='bbox 2076 4051 2147 4110; x_wconf 88' lang='lat' dir='ltr'><strong>de</strong></span> <span class='ocrx_word' id='word_1_396' title='bbox 2176 4051 2417 4110; x_wconf 89' lang='lat' dir='ltr'><strong>scientia</strong></span> <span class='ocrx_word' id='word_1_397' title='bbox 2446 4051 2660 4109; x_wconf 87' lang='lat' dir='ltr'><strong>Christi</strong></span> <span class='ocrx_word' id='word_1_398' title='bbox 2688 4052 2912 4127; x_wconf 89' lang='lat' dir='ltr'><strong>glorifi-</strong></span> 
     </span>
     <span class='ocr_line' id='line_1_44' title="bbox 690 4117 2905 4207; baseline -0.001 -17"><span class='ocrx_word' id='word_1_399' title='bbox 690 4117 853 4158; x_wconf 51' lang='grc' dir='ltr'><strong>*ΨΜ</strong></span> <span class='ocrx_word' id='word_1_400' title='bbox 1027 4132 1158 4207; x_wconf 71' lang='lat' dir='ltr'><strong>eati,</strong></span> <span class='ocrx_word' id='word_1_401' title='bbox 1190 4131 1293 4191; x_wconf 71' lang='lat' dir='ltr'><strong>sed</strong></span> <span class='ocrx_word' id='word_1_402' title='bbox 1346 4130 1406 4188; x_wconf 77' lang='lat' dir='ltr'><strong>in</strong></span> <span class='ocrx_word' id='word_1_403' title='bbox 1456 4131 1624 4190; x_wconf 72' lang='lat' dir='ltr'><strong>terris</strong></span> <span class='ocrx_word' id='word_1_404' title='bbox 1679 4131 1924 4207; x_wconf 80' lang='lat' dir='ltr'><strong>agentis.</strong></span> <span class='ocrx_word' id='word_1_405' title='bbox 2009 4132 2157 4206; x_wconf 83' lang='lat' dir='ltr'><strong>Non,</strong></span> <span class='ocrx_word' id='word_1_406' title='bbox 2210 4130 2309 4188; x_wconf 82' lang='lat' dir='ltr'><strong>An</strong></span> <span class='ocrx_word' id='word_1_407' title='bbox 2339 4130 2753 4190; x_wconf 58' lang='lat' dir='ltr'><strong>omniscientis</strong></span> <span class='ocrx_word' id='word_1_408' title='bbox 2809 4130 2905 4188; x_wconf 75' lang='lat' dir='ltr'><strong>ini</strong></span> 
     </span>
    </p>

    <p class='ocr_par' dir='ltr' id='par_1_15' title="bbox 495 4209 2914 4447">
     <span class='ocr_line' id='line_1_45' title="bbox 497 4209 2911 4289; baseline 0.001 -22"><span class='ocrx_word' id='word_1_409' title='bbox 497 4209 633 4268; x_wconf 87' lang='lat' dir='ltr'><strong>data</strong></span> <span class='ocrx_word' id='word_1_410' title='bbox 661 4211 736 4271; x_wconf 87' lang='lat' dir='ltr'><strong>sit</strong></span> <span class='ocrx_word' id='word_1_411' title='bbox 756 4232 860 4289; x_wconf 91' lang='lat' dir='ltr'><strong>per</strong></span> <span class='ocrx_word' id='word_1_412' title='bbox 886 4211 1131 4289; x_wconf 89' lang='lat' dir='ltr'><strong>gratiam</strong></span> <span class='ocrx_word' id='word_1_413' title='bbox 1182 4210 1448 4286; x_wconf 90' lang='lat' dir='ltr'><strong>Unionis,</strong></span> <span class='ocrx_word' id='word_1_414' title='bbox 1501 4210 1658 4287; x_wconf 90' lang='lat' dir='ltr'><strong>quod</strong></span> <span class='ocrx_word' id='word_1_415' title='bbox 1699 4218 1869 4269; x_wconf 90' lang='lat' dir='ltr'><strong>antea</strong></span> <span class='ocrx_word' id='word_1_416' title='bbox 1894 4210 2288 4269; x_wconf 83' lang='lat' dir='ltr'><strong>refutavimus.</strong></span> <span class='ocrx_word' id='word_1_417' title='bbox 2374 4211 2526 4285; x_wconf 85' lang='lat' dir='ltr'><strong>Non,</strong></span> <span class='ocrx_word' id='word_1_418' title='bbox 2586 4210 2685 4267; x_wconf 88' lang='lat' dir='ltr'><strong>An</strong></span> <span class='ocrx_word' id='word_1_419' title='bbox 2707 4229 2911 4269; x_wconf 85' lang='lat' dir='ltr'><strong>crassa</strong></span> 
     </span>
     <span class='ocr_line' id='line_1_46' title="bbox 497 4290 2910 4368; baseline 0.001 -22"><span class='ocrx_word' id='word_1_420' title='bbox 497 4290 806 4349; x_wconf 90' lang='lat' dir='ltr'><strong>multarum</strong></span> <span class='ocrx_word' id='word_1_421' title='bbox 835 4312 1024 4350; x_wconf 90' lang='lat' dir='ltr'><strong>rerum</strong></span> <span class='ocrx_word' id='word_1_422' title='bbox 1042 4290 1369 4368; x_wconf 86' lang='lat' dir='ltr'><strong>ignorantia</strong></span> <span class='ocrx_word' id='word_1_423' title='bbox 1394 4290 1760 4364; x_wconf 83' lang='lat' dir='ltr'><strong>laboraverit,</strong></span> <span class='ocrx_word' id='word_1_424' title='bbox 1793 4290 1948 4366; x_wconf 87' lang='lat' dir='ltr'><strong>quod</strong></span> <span class='ocrx_word' id='word_1_425' title='bbox 1969 4310 2071 4366; x_wconf 91' lang='lat' dir='ltr'><strong>per</strong></span> <span class='ocrx_word' id='word_1_426' title='bbox 2092 4291 2434 4348; x_wconf 85' lang='lat' dir='ltr'><strong>calumniam</strong></span> <span class='ocrx_word' id='word_1_427' title='bbox 2458 4290 2627 4348; x_wconf 89' lang='lat' dir='ltr'><strong>nobis</strong></span> <span class='ocrx_word' id='word_1_428' title='bbox 2656 4290 2910 4366; x_wconf 84' lang='lat' dir='ltr'><strong>imputa-</strong></span> 
     </span>
     <span class='ocr_line' id='line_1_47' title="bbox 495 4369 2914 4447; baseline 0 -21"><span class='ocrx_word' id='word_1_429' title='bbox 495 4377 591 4426; x_wconf 89' lang='lat' dir='ltr'><strong>tur</strong></span> <span class='ocrx_word' id='word_1_430' title='bbox 617 4369 692 4427; x_wconf 88' lang='lat' dir='ltr'><strong>ab</strong></span> <span class='ocrx_word' id='word_1_431' title='bbox 721 4370 1110 4444; x_wconf 89' lang='lat' dir='ltr'><strong>Adversariis,</strong></span> <span class='ocrx_word' id='word_1_432' title='bbox 1142 4371 1279 4446; x_wconf 90' lang='lat' dir='ltr'><strong>quia</strong></span> <span class='ocrx_word' id='word_1_433' title='bbox 1306 4370 1388 4428; x_wconf 89' lang='lat' dir='ltr'><strong>sic</strong></span> <span class='ocrx_word' id='word_1_434' title='bbox 1416 4389 1531 4427; x_wconf 91' lang='lat' dir='ltr'><strong>non</strong></span> <span class='ocrx_word' id='word_1_435' title='bbox 1559 4377 1756 4446; x_wconf 90' lang='lat' dir='ltr'><strong>posset</strong></span> <span class='ocrx_word' id='word_1_436' title='bbox 1783 4369 1959 4427; x_wconf 76' lang='lat' dir='ltr'><strong>eximi</strong></span> <span class='ocrx_word' id='word_1_437' title='bbox 1988 4389 2022 4427; x_wconf 92' lang='lat' dir='ltr'><strong>a</strong></span> <span class='ocrx_word' id='word_1_438' title='bbox 2048 4378 2301 4447; x_wconf 89' lang='lat' dir='ltr'><strong>peccat0,</strong></span> <span class='ocrx_word' id='word_1_439' title='bbox 2333 4370 2500 4446; x_wconf 90' lang='lat' dir='ltr'><strong>cujus</strong></span> <span class='ocrx_word' id='word_1_440' title='bbox 2535 4389 2609 4428; x_wconf 90' lang='lat' dir='ltr'><strong>ne</strong></span> <span class='ocrx_word' id='word_1_441' title='bbox 2637 4369 2914 4428; x_wconf 89' lang='lat' dir='ltr'><strong>umbram</strong></span> 
     </span>
    </p>
   </div>
   <div class='ocr_carea' id='block_1_11' title="bbox 495 4448 2918 4602">
    <p class='ocr_par' dir='ltr' id='par_1_16' title="bbox 495 4448 2918 4602">
     <span class='ocr_line' id='line_1_48' title="bbox 495 4448 1591 4526; baseline 0.001 -21"><span class='ocrx_word' id='word_1_442' title='bbox 495 4448 729 4524; x_wconf 87' lang='lat' dir='ltr'><strong>quidem</strong></span> <span class='ocrx_word' id='word_1_443' title='bbox 759 4449 818 4506; x_wconf 88' lang='lat' dir='ltr'><strong>in</strong></span> <span class='ocrx_word' id='word_1_444' title='bbox 847 4449 972 4526; x_wconf 91' lang='lat' dir='ltr'><strong>ipso</strong></span> <span class='ocrx_word' id='word_1_445' title='bbox 1000 4449 1177 4508; x_wconf 87' lang='lat' dir='ltr'><strong>fuisse</strong></span> <span class='ocrx_word' id='word_1_446' title='bbox 1207 4450 1591 4526; x_wconf 86' lang='lat' dir='ltr'><strong>agnoscimus.</strong></span> 
     </span>
     <span class='ocr_line' id='line_1_49' title="bbox 579 4525 2918 4602; baseline 0.003 -21"><span class='ocrx_word' id='word_1_447' title='bbox 579 4526 697 4583; x_wconf 88' lang='lat' dir='ltr'><strong>III.</strong></span> <span class='ocrx_word' id='word_1_448' title='bbox 747 4528 862 4585; x_wconf 84' lang='lat' dir='ltr'><strong>Sed</strong></span> <span class='ocrx_word' id='word_1_449' title='bbox 890 4528 1144 4601; x_wconf 65' lang='lat' dir='ltr'><strong>Quaestio</strong></span> <span class='ocrx_word' id='word_1_450' title='bbox 1173 4548 1241 4586; x_wconf 90' lang='lat' dir='ltr'><strong>eo</strong></span> <span class='ocrx_word' id='word_1_451' title='bbox 1285 4527 1451 4602; x_wconf 88' lang='lat' dir='ltr'><strong>redit,</strong></span> <span class='ocrx_word' id='word_1_452' title='bbox 1537 4527 1638 4584; x_wconf 91' lang='lat' dir='ltr'><strong>An</strong></span> <span class='ocrx_word' id='word_1_453' title='bbox 1673 4525 1889 4584; x_wconf 87' lang='lat' dir='ltr'><strong>Anima</strong></span> <span class='ocrx_word' id='word_1_454' title='bbox 1932 4528 2144 4587; x_wconf 89' lang='lat' dir='ltr'><strong>Christi</strong></span> <span class='ocrx_word' id='word_1_455' title='bbox 2186 4536 2346 4587; x_wconf 83' lang='lat' dir='ltr'><strong>tanta</strong></span> <span class='ocrx_word' id='word_1_456' title='bbox 2393 4528 2634 4587; x_wconf 87' lang='lat' dir='ltr'><strong>scientia</strong></span> <span class='ocrx_word' id='word_1_457' title='bbox 2681 4527 2918 4587; x_wconf 83' lang='lat' dir='ltr'><strong>imbuta</strong></span> 
     </span>
    </p>
   </div>
   <div class='ocr_carea' id='block_1_12' title="bbox 497 4602 2910 4683">
    <p class='ocr_par' dir='ltr' id='par_1_17' title="bbox 497 4602 2910 4683">
     <span class='ocr_line' id='line_1_50' title="bbox 497 4602 2910 4683; baseline 0.003 -24"><span class='ocrx_word' id='word_1_458' title='bbox 497 4602 667 4660; x_wconf 86' lang='lat' dir='ltr'><strong>fucrit</strong></span> <span class='ocrx_word' id='word_1_459' title='bbox 685 4605 758 4661; x_wconf 89' lang='lat' dir='ltr'><strong>ab</strong></span> <span class='ocrx_word' id='word_1_460' title='bbox 787 4606 967 4680; x_wconf 84' lang='lat' dir='ltr'><strong>initio,</strong></span> <span class='ocrx_word' id='word_1_461' title='bbox 1016 4626 1091 4663; x_wconf 85' lang='lat' dir='ltr'><strong>cx</strong></span> <span class='ocrx_word' id='word_1_462' title='bbox 1136 4607 1196 4664; x_wconf 91' lang='lat' dir='ltr'><strong>vi</strong></span> <span class='ocrx_word' id='word_1_463' title='bbox 1243 4606 1491 4666; x_wconf 89' lang='lat' dir='ltr'><strong>Unionis</strong></span> <span class='ocrx_word' id='word_1_464' title='bbox 1537 4605 1932 4683; x_wconf 78' lang='lat' dir='ltr'><strong>hypostaticae,</strong></span> <span class='ocrx_word' id='word_1_465' title='bbox 1977 4616 2042 4666; x_wconf 91' lang='lat' dir='ltr'><strong>ut</strong></span> <span class='ocrx_word' id='word_1_466' title='bbox 2088 4608 2233 4665; x_wconf 90' lang='lat' dir='ltr'><strong>nihil</strong></span> <span class='ocrx_word' id='word_1_467' title='bbox 2278 4608 2647 4683; x_wconf 87' lang='lat' dir='ltr'><strong>ignoraverit,</strong></span> <span class='ocrx_word' id='word_1_468' title='bbox 2700 4608 2796 4664; x_wconf 89' lang='lat' dir='ltr'><strong>vel</strong></span> <span class='ocrx_word' id='word_1_469' title='bbox 2826 4608 2910 4666; x_wconf 86' lang='lat' dir='ltr'><strong>de</strong></span> 
     </span>
    </p>
   </div>
  </div>
 </body>
</html>
