3221 5200
284 347 502 398 Quaesr.
535 325 606 410 1.]
934 339 1012 378 ns
1042 337 1273 378 ormcio
1302 335 1539 377 cunrs'm
1568 336 1960 379 nsnmromo.
2588 325 2705 381 333

289 486 841 550 Reconciliationem
866 504 880 557 3
924 498 1101 557 quum
1140 477 1350 535 dicitur
1389 476 1694 553 Mediator,
1715 488 1999 556 quatenus
2027 499 2089 539 se
2117 485 2325 538 ἁπίλυτ
2354 507 2399 538 οι
2427 479 2588 541 dedit
2607 500 2712 557 pro

289 570 477 644 nobiS,
512 568 542 625 1
576 566 725 623 Tim.
757 563 815 620 ii.
847 564 902 636 6,
933 559 1034 636 qui
1062 559 1405 638 ὶιςηυοπουίσις
1447 577 1587 633 pace
1608 579 1712 636 per
1733 559 2073 637 sanguinem
2092 561 2278 619 crucis
2344 568 2489 633 acta,
2522 561 2714 619 Deum

286 649 456 708 nobis
476 641 896 716 reconciliavit,
920 638 1042 697 Col.
1073 638 1112 697 i.
1143 640 1238 712 20,
1272 638 1350 696 Et
1369 634 1547 709 ’ἔγγυος
1575 648 1634 697 et
1666 639 1921 716 Sponsor
1948 639 2088 697 novi
2116 639 2396 715 Foederis,
2424 640 2578 698 Heb.
2608 640 2711 699 vii.

289 733 385 804 22,
417 727 517 805 qui
543 722 783 803 proinde
813 719 1036 780 solvere
1065 727 1123 777 et
1151 716 1477 776 satisfacere
1515 739 1619 796 pro
1648 719 1816 778 nobis
1864 719 2081 794 debuit,
2133 719 2212 778 Et
2258 719 2562 794 Mediator,
2614 720 2717 796 qui

287 817 471 867 morte
491 803 942 881 redemptionem
954 806 1285 876 procuraret
1296 797 1536 856 Vocatis
1558 806 1618 857 et
1634 799 1913 876 sanguine
1933 819 2037 858 suo
2055 806 2327 858 aeternam
2349 799 2594 858 salutem
2612 799 2713 858 ob-

290 888 512 961 tineret,
547 884 700 942 Heb.
729 882 810 939 ix.
847 883 937 953 12,
975 880 1065 953 15,
1102 876 1272 936 Unde
1303 874 1615 936 Mediatori
1634 879 1903 955 jungitur
1917 879 2145 955 sanquis
2174 886 2443 959 ςαιτισμοῧ
2469 878 2714 937 allusive

290 967 366 1025 ad
394 964 735 1041 sanguinem
764 959 1128 1019 victimarum
1157 955 1432 1032 legalium
1459 976 1562 1034 pro
1583 958 1984 1035 peccatoribus
2012 958 2395 1033 morientium,
2424 958 2579 1016 Heb.
2609 959 2711 1016 xii.

292 1050 389 1105 24.
410 1045 550 1120 Quae
574 1042 767 1101 omnia
787 1059 904 1097 non
925 1036 1244 1113 simplicem
1272 1035 1734 1112 declarationem,
1757 1037 1861 1096 sed
1883 1057 2082 1112 veram
2100 1038 2550 1097 satisfactionem
2568 1038 2711 1097 infe-

290 1133 441 1198 runt,
473 1133 537 1183 ut
558 1142 663 1181 suo
691 1122 819 1178 loco
848 1117 1032 1177 fusius
1058 1114 1411 1192 probabitur.

372 1204 494 1262 IX.
524 1208 579 1261 2.
611 1198 941 1259 Necessitas
969 1195 1171 1255 salutis
1199 1195 1309 1252 hoc
1336 1193 1682 1272 requirebat,
1714 1197 1851 1274 quia
1872 1217 2004 1256 cum
2027 1196 2333 1256 dissidium
2350 1197 2500 1256 inter
2524 1197 2713 1254 Deum

290 1292 349 1343 et
369 1283 658 1342 hominem
669 1283 1080 1358 per'peccatum
1109 1284 1314 1348 ortum,
1336 1273 1885 1347 hominesffioervynk
1898 1276 2260 1354 reddidisset,
2284 1277 2452 1335 Rom.
2477 1276 2607 1335 i.3O
2635 1277 2714 1335 id.

288 1383 407 1422 non
437 1371 659 1422 tantum
688 1378 874 1418 osores
901 1355 1020 1414 Dei
1043 1354 1249 1428 active,
1281 1353 1385 1412 sed
1411 1354 1584 1412 etiam
1613 1376 1808 1416 exosos
1836 1359 1965 1415 Deo
1991 1357 2238 1434 passive,
2283 1376 2399 1414 non
2444 1356 2715 1433 simplici·

291 1451 380 1502 ter
398 1441 676 1515 doctrina,
708 1439 804 1496 vel
826 1434 1092 1511 exemplo
1114 1433 1177 1491 id
1205 1433 1330 1492 tolli
1357 1433 1546 1510 potuit
1570 1457 1585 1493 2
1650 1436 1753 1495 sed
1770 1457 1972 1496 verum
2014 1453 2185 1517 λυτςοι
2233 1435 2579 1513 postulabat,
2600 1456 2716 1513 quo

290 1541 407 1580 non
435 1522 606 1580 homo
635 1526 859 1578 tantum
890 1517 1016 1573 Deo
1045 1513 1447 1572 conciliaretur
1471 1532 1573 1589 per
1589 1516 1986 1593 poenitentiam
2024 1524 2082 1575 et
2100 1516 2422 1575 sanctitatis
2461 1515 2717 1574 studium

292 1610 359 1660 ut
397 1599 744 1678 pertendunt
775 1594 1084 1669 Sociniani,
1117 1592 1221 1652 scd
1247 1592 1420 1651 etiam
1445 1592 1605 1654 Deus
1634 1596 1869 1671 homini,
1894 1596 1987 1653 cui
2016 1616 2091 1654 ex
2110 1595 2354 1671 justitiae
2376 1615 2495 1653 sure
2525 1595 2714 1653 vindi-

295 1680 520 1739 catricis
542 1687 746 1737 natura
761 1674 965 1734 merito
983 1672 1335 1732 irascebatur
1354 1672 1569 1749 quique
1586 1674 1730 1734 adeo
1748 1675 1978 1734 nonnisi
2006 1674 2306 1751 adaequata
2326 1674 2717 1733 satisfactione

295 1759 512 1837 placari
531 1757 732 1836 potuit,
753 1775 856 1833 per
885 1752 1355 1812 substitutionem
1375 1752 1789 1813 Mediatorisin
1810 1756 1935 1832 ejus
1952 1753 2161 1829 locum,
2182 1754 2283 1830 qui
2304 1774 2365 1812 se
2387 1773 2491 1831 pro
2519 1773 2587 1811 eo
2617 1753 2717 1811 de-

291 1838 561 1897 vovendo
572 1835 897 1916 poenasipsi
909 1833 1134 1891 debitas
1155 1832 1216 1889 in
1229 1851 1290 1890 se
1302 1831 1598 1908 reciperet,
1620 1843 1679 1893 et
1697 1853 1795 1892 eas
1813 1832 2047 1892 ferendo
2069 1833 2235 1892 illum
2257 1834 2329 1891 ab
2342 1833 2412 1891 iis
2426 1833 2713 1891 ilberaret.

375 1918 459 1976 X.
505 1922 560 1977 3.
594 1917 658 1977 Si
687 1916 949 1974 Christus
975 1932 1092 1970 non
1120 1911 1286 1970 aliter
1312 1919 1466 1970 esset
1513 1912 1819 1988 Mediator,
1859 1932 2033 1990 quam
2060 1912 2322 1971 doctrina
2348 1921 2406 1971 et
2433 1912 2718 1987 exemp10,

294 1999 354 2055 in
382 1998 582 2057 eodem
613 1995 812 2055 ordine
840 1993 1217 2052 collocaretur
1244 2010 1373 2049 cum
1406 1990 1711 2069 Prophetis
1739 2001 1797 2051 et
1825 1992 2144 2070 Apostolis,
2166 1992 2282 2050 illis
2309 1992 2594 2068 praecipue
2616 1992 2717 2067 qui

294 2077 631 2154 martyrium
658 2074 814 2154 passi
849 2079 998 2148 sunt,
1022 2071 1124 2148 qui
1152 2070 1412 2129 doctrina
1438 2080 1497 2130 et
1524 2071 1791 2149 exemplo
1821 2092 1925 2131 suo
1954 2072 2109 2130 viam
2137 2071 2341 2130 salutis
2388 2071 2718 2129 manifesta-

293 2164 443 2232 runt,
474 2164 533 2215 et
560 2176 727 2214 omne
756 2152 1058 2212 consilium
1091 2150 1203 2209 Dei
1228 2150 1397 2209 nobis
1438 2161 1849 2227 exposuerunt,
1897 2151 2033 2210 Act.
2078 2171 2182 2209 xx.
2213 2155 2308 2224 27,
2339 2150 2497 2228 quod
2526 2159 2717 2209 tamen

296 2235 616 2312 Apostolus
643 2241 819 2309 negat
845 2251 1014 2309 posse
1044 2230 1176 2304 dici,
1208 2249 1386 2306 quum
1416 2231 1711 2290 Christum
1765 2239 1938 2290 vocat
1964 2250 2141 2289 unum
2174 2230 2553 2289 Mediatorem
2584 2250 2716 2288 nos·-

295 2324 466 2390 trum,
493 2319 522 2372 l
548 2314 696 2372 Tim.
716 2314 776 2370 ii.
801 2315 855 2370 5.
924 2314 982 2370 4.
1007 2311 1140 2368 Non
1163 2309 1329 2368 aliter
1356 2319 1508 2369 esset
1533 2311 1821 2384 Servator,
1842 2330 2015 2386 quam
2042 2310 2333 2368 moraliter
2360 2318 2418 2368 et
2438 2330 2541 2386 per
2568 2310 2718 2368 acci-

298 2394 457 2469 denS,
502 2394 638 2471 quia
686 2393 841 2451 salus
887 2390 1339 2467 uniuscujusque
1387 2391 1620 2449 realiter
1662 2391 1939 2468 penderet
1986 2390 2060 2447 ab
2108 2390 2228 2464 illo,
2276 2390 2376 2466 qui
2430 2388 2718 2448 mandatis

297 2472 511 2532 divinis
540 2474 974 2550 obtemperaret,
1006 2478 1070 2528 ut
1092 2470 1319 2546 plenius
1347 2470 1700 2540 ostendetur,
1732 2490 1910 2547 quum
1939 2470 2011 2527 de
2064 2469 2465 2529 satisfactione
2495 2478 2717 2545 agetur.

860 2550 979 2609 XI.
1025 2549 1287 2609 Christus
1315 2548 1524 2610 dicitur
1573 2550 1863 2610 IVIediator
1890 2556 1951 2615 εἰς
1976 2548 2240 2632 merbeca»
2275 2555 2460 2631 magei}
2503 2547 2650 2625 ibim,
2687 2552 2717 2608 1

351 2609 719 2714 Ἑοῗξζζυὲῗιὼ
780 2630 927 2688 Tim.
951 2630 1010 2688 ii.
1043 2633 1097 2705 6,
1128 2639 1191 2687 ut
1209 2632 1301 2688 det
1328 2632 1693 2689 testimonium
1710 2631 1931 2691 scilicet
1947 2632 2178 2690 veritati
2189 2633 2433 2708 proprio
2456 2640 2717 2706 tempore,

237 2764 248 2773 .
783 2730 899 2768 non
928 2718 1152 2769 tantum
1180 2709 1317 2786 quia
1333 2711 1726 2770 testimonium
1747 2711 1909 2770 dedit
1929 2711 2161 2770 veritati
2206 2711 2579 2787 Evangelicae
2618 2730 2721 2787 per

301 2786 685 2865 Prophetiam,
717 2790 820 2848 sed
848 2791 985 2867 quia
1011 2799 1194 2848 morte
1214 2790 1450 2867 insuper
1477 2811 1582 2851 sua
1607 2791 1782 2850 fidem
1811 2791 1981 2850 nobis
2009 2790 2146 2850 fecit
2160 2798 2338 2867 partae
2362 2790 2529 2849 nobis
2547 2791 2721 2848 bene-

297 2867 584 2941 volentiae,
617 2876 675 2925 et
703 2867 867 2928 factae
896 2890 1027 2928 cum
1058 2869 1184 2927 Deo
1233 2871 1748 2947 reconciliationis;
1799 2871 1897 2929 vel
1937 2870 2203 2951 μιςτΰςιου
2242 2880 2434 2947 potest
2475 2870 2725 2945 intelligi

285 2946 512 3020 passive
540 2945 610 3003 de
640 2965 700 3003 rc
731 2948 825 3005 cui
852 2948 1243 3006 testimonium
1297 2950 1585 3024 perhiberi
1615 2949 1830 3025 debuit,
1862 2951 1999 3026 quia
2027 2951 2098 3008 de
2128 2970 2197 3007 ea
2224 2969 2422 3007 omnes
2452 2949 2582 3007 Viri
2612 2948 2724 3007 Dei

295 3024 493 3083 testari
523 3023 859 3083 debuerunt.

381 3102 536 3159 XII.
585 3102 931 3179 Similitudo,
963 3123 1093 3179 quae
1121 3103 1425 3163 intercedit
1453 3105 1603 3163 inter
1647 3106 1873 3163 Mosem
1918 3114 1977 3164 et
2025 3105 2336 3179 Christum,
2383 3125 2501 3163 non
2549 3104 2724 3162 infert

302 3181 496 3241 statim
518 3180 854 3257 paritatem;
887 3190 1082 3240 utnon
1104 3182 1218 3239 alia
1246 3184 1464 3242 ratione
1495 3183 1759 3241 Christus
1782 3184 2073 3242 Mediator
2094 3184 2280 3258 fuerit,
2313 3203 2485 3259 quam
2516 3184 2714 3240 Moses

297 3282 401 3339 per
421 3260 656 3319 modum
680 3261 1051 3336 Internuncii,
1079 3263 1251 3335 Deut,
1284 3282 1339 3318 v.
1371 3266 1426 3337 5,
1460 3262 1595 3321 Act.
1626 3262 1726 3321 vii.
1751 3265 1846 3339 38,
1869 3263 2017 3337 Quia
2044 3262 2153 3320 fuit
2180 3271 2401 3321 tantum
2434 3261 2724 3320 Mediator

297 3342 544 3419 typicus,
577 3348 748 3417 atque
778 3340 922 3399 adeo
951 3341 1124 3417 longe
1152 3340 1537 3417 imperfectior
1564 3341 1845 3418 antitypo,
1898 3342 2159 3400 Christus
2208 3353 2398 3399 autem
2443 3360 2616 3399 verus
2666 3349 2725 3400 et

296 3421 522 3499 proprie
552 3420 758 3497 dictus,
792 3421 901 3479 Ille
929 3421 1101 3479 homo
1130 3441 1338 3494 meruS,
1370 3421 1634 3481 Christus
1661 3442 1799 3481 vero
1828 3423 1999 3480 homo
2030 3420 2207 3495 Deus,
2257 3420 2366 3480 Ille
2388 3420 2621 3497 quidem
2651 3420 2728 3479 ad

299 3502 529 3578 eloquia
557 3501 669 3559 Dei
697 3501 772 3559 ad
798 3501 1075 3578 populum
1105 3500 1429 3575 deferenda,
1453 3521 1572 3560 non
1599 3521 1739 3559 vero
1760 3501 1835 3559 ad
1850 3501 2127 3579 populum
2151 3501 2277 3559 Deo
2299 3500 2722 3560 conciliandum

300 3582 397 3640 vel
426 3581 704 3657 sanguine
735 3602 838 3640 suo
867 3582 1011 3639 iram
1041 3581 1152 3639 Dei
1209 3580 1566 3658 placandam,
1616 3599 1745 3639 cum
1801 3581 1877 3639 ad
1923 3600 2127 3639 vocem
2178 3581 2291 3638 Dei
2341 3580 2719 3657 Legislatoris

301 3662 721 3735 contremuerit,
748 3662 901 3721 Heb.
922 3662 1023 3719 xii.
1048 3665 1144 3737 21,
1173 3660 1290 3720 Sed
1301 3659 1410 3720 iste
1433 3660 1713 3738 sanguine
1733 3680 1837 3719 suo
1858 3680 2057 3738 pacem
2077 3660 2228 3736 fecit,
2260 3669 2320 3719 et
2337 3681 2398 3719 se
2421 3661 2566 3720 stitit
2591 3661 2716 3720 Deo

298 3737 475 3809 ’ἔγγυον
503 3759 604 3813 pro
633 3742 816 3799 nobis.
903 3741 1109 3818 Itaque
1126 3750 1192 3800 ut
1213 3748 1387 3817 typus
1414 3740 1673 3818 partialis
1701 3748 1760 3799 et
1786 3741 2184 3817 inadaethus
2212 3741 2401 3817 potuit
2429 3741 2720 3801 Christum

301 3819 364 3874 in
391 3818 683 3875 nonnullis
710 3820 967 3895 partibus
1011 3820 1351 3879 Mediatoris
1378 3820 1737 3894 adumbrare,
1781 3830 1922 3898 puta
1975 3819 2168 3896 quoad
2215 3820 2581 3896 Prophetiam
2623 3820 2721 3878 vel

305 3896 593 3971 Regnum,
625 3897 728 3954 sed
755 3918 870 3956 non
897 3900 1087 3974 quoad
1114 3920 1330 3973 omnes,
1362 3908 1421 3958 ct
1471 3900 1790 3977 praesertim
1837 3899 2030 3976 quoad
2075 3898 2397 3957 functiones
2445 3898 2719 3956 Sacerdo-

302 3976 465 4048 tales,
497 3994 625 4050 quae
654 3976 783 4033 aliis
810 3978 982 4053 typis,
1014 3979 1233 4037 scilicet
1265 3979 1672 4038 Sacerdotibus
1696 3988 1755 4038 et
1781 3978 2049 4052 victimis,
2082 3977 2419 4053 significatae
2449 3986 2599 4035 sunt.

384 4054 574 4112 XIII.
620 4055 743 4113 Nec
764 4056 937 4132 juvat
980 4056 1366 4117 Adversarios
1406 4058 1568 4118 locus
1613 4058 1745 4119 Gal.
1775 4058 1855 4117 iii.
1890 4060 1980 4130 19,
2027 4056 2130 4115 ubi
2176 4057 2301 4114 Lex
2330 4056 2539 4114 dicitur
2586 4055 2722 4113 data

303 4138 342 4194 in
384 4140 512 4215 χιιςὶ
557 4137 758 4210 μεσίτου
801 4137 872 4193 In
926 4156 1098 4194 manu
1146 4138 1499 4197 Mediator-223.
1589 4138 1751 4212 Nam,
1809 4144 2189 4214 praeterquam
2236 4135 2390 4211 quod
2440 4144 2593 4194 recte
2643 4135 2718 4193 ad

304 4216 594 4274 Christum
623 4216 820 4274 referri
847 4224 1053 4292 potest,
1085 4216 1242 4291 quod
1268 4216 1526 4294 plerique
1554 4216 1813 4275 fecerunt
1840 4216 2032 4274 Graeci
2060 4224 2118 4273 et
2152 4215 2361 4289 Latini,
2412 4223 2530 4273 tam
2558 4224 2716 4273 vete-

302 4316 394 4355 res
422 4316 594 4372 quam
623 4296 985 4370 recentioreS,
1018 4304 1075 4354 et
1103 4296 1253 4355 inter
1281 4317 1380 4355 eos
1410 4296 1687 4356 Calvinus
1715 4304 1947 4371 noster;
1990 4303 2114 4353 tum
2138 4295 2273 4371 quia
2320 4294 2583 4370 nuspiam
2613 4294 2715 4351 ali-

303 4375 364 4434 bi
378 4375 716 4434 Mediatoris
736 4396 945 4435 nomen
963 4376 1074 4433 nisi
1097 4377 1326 4435 Christo
1348 4377 1637 4449 tribuitur,
1661 4375 1798 4452 quia
1817 4375 1988 4433 etiam
2009 4374 2213 4433 unicus
2234 4383 2491 4447 vocatur,
2510 4378 2538 4431 1
2565 4374 2715 4431 Tim.
2764 4415 2770 4422 .

303 4456 361 4512 ii.
388 4457 442 4527 5,
463 4463 585 4513 tum
607 4456 743 4532 quia
765 4456 961 4527 Moses
983 4456 1138 4531 alibi,
1166 4457 1301 4515 Act.
1326 4457 1424 4513 vii.
1447 4457 1543 4529 35,
1569 4454 1780 4513 dicitur
1801 4454 2148 4514 constitutus
2173 4454 2448 4530 Princeps
2466 4463 2523 4512 et
2547 4453 2716 4512 Libe-

302 4541 458 4591 rator
480 4532 687 4611 Populi
712 4536 750 4592 ξι
767 4560 891 4614 zaga
915 4536 1166 4607 Ἀγγελοῦ
1183 4537 1239 4596 in
1252 4556 1442 4607 manu,
1456 4534 1534 4592 id.
1551 4535 1898 4594 authoritate
1920 4543 1978 4593 et
2005 4534 2319 4593 directione
2330 4535 2547 4609 Anqelz',
2564 4535 2720 4592 illius

303 4613 539 4687 scilicet,
554 4613 653 4689 qui
675 4613 759 4671 illi
771 4625 1110 4691 apparuerat
1131 4617 1191 4673 in
1213 4616 1373 4689 rub0,
1404 4614 1541 4672 Filii
1562 4615 1761 4674 aeterni
1783 4614 1910 4690 Dei,
1935 4615 2036 4691 qui
2063 4615 2236 4673 etiam
2259 4634 2378 4672 ver.
2403 4616 2497 4689 38,
2512 4614 2722 4672 dicitur
