3221 5200
466 295 582 350 312
1291 311 1471 352 100110
1502 311 1759 351 uncinus
1788 310 2055 351 rsa‘rms.
2462 290 2712 372 [QUAES'I'.
2745 309 2875 351 xiv.

474 450 800 528 symbolum
845 451 958 508 dici
1001 459 1209 526 potest.
1296 451 1468 510 Adde
1491 452 1648 528 quod
1675 472 1781 510 nec
1810 462 1985 543 typus
2013 451 2374 527 particularis
2403 451 2629 511 defuit
2614 473 2672 509 m
2702 454 2886 528 passi

473 531 680 589 onibus
728 530 989 603 Davidis,
1022 551 1148 605 quae
1169 531 1571 590 describuntur
1596 531 1749 590 Psal.
1787 532 1930 588 xxii.
1963 540 2020 589 et
2050 530 2197 588 lxix.
2184 575 2216 604 .,
2249 551 2378 606 quae
2409 551 2524 588 non
2562 532 2732 590 modo
2762 534 2886 610 fue-

474 617 607 668 runt
629 618 899 683 externae,
933 609 1034 666 sed
1063 619 1119 667 01
1150 609 1403 667 internae.

555 688 639 746 X.
686 688 816 746 Non
858 708 1089 746 necesse
1139 699 1227 746 est
1253 699 1317 747 ut
1346 700 1697 748 sacramenta
1748 709 1945 746 omnes
1978 699 2169 766 partes
2197 689 2528 765 passionum
2559 690 2772 748 Christi
2798 711 2889 748 re

476 776 843 846 praesentent,
877 767 1085 826 sufficit
1113 777 1174 826 ut
1205 778 1422 843 partem
1451 770 1758 845 quandam,
1790 789 1918 845 quae
1947 769 2134 846 potuit
2161 769 2373 827 talibus
2402 770 2681 846 symbolis
2710 768 2891 845 signi-

475 848 651 940 ficari,
685 848 788 906 sed
831 868 905 905 ex
945 867 1059 922 qua
1101 846 1334 923 reliquae
1363 848 1530 906 facile
1569 849 1931 924 colligantur,
1964 849 2292 923 exhibeant,
2325 869 2455 906 cum
2486 869 2610 907 sese
2640 849 2891 907 invicem

477 928 821 986 comitentur
849 926 1169 984 necessario
1198 928 1257 984 in
1287 928 1560 1002 Christ03
1603 949 1710 986 nec
1740 948 1892 985 mors
1923 928 2134 985 Christi
2162 927 2345 1004 possit
2374 927 2717 1003 adumbrari,
2748 930 2891 1006 quin

475 1006 805 1065 maledictio
833 1006 919 1062 illi
947 1005 1235 1082 adjuncta,
1266 1007 1443 1065 menti
1473 1018 1684 1066 nostrae
1714 1008 2066 1065 obversetur.

560 1086 680 1143 XI.
729 1084 1082 1143 Sacrificium
1097 1086 1309 1144 Christi
1338 1095 1579 1145 vocatur
1606 1088 1811 1145 oblatzo
1838 1088 2109 1161 corporis,
2133 1086 2285 1144 Heb.
2317 1107 2395 1161 x.,
2427 1106 2544 1144 non
2573 1087 2632 1144 in
2661 1087 2892 1163 opposi-

477 1166 634 1225 tione
664 1165 917 1241 corporis
946 1164 1019 1221 ad
1048 1165 1313 1240 animam,
1346 1186 1516 1241 quam
1547 1167 1719 1224 etiam
1749 1167 2007 1242 posuisse
2036 1186 2140 1243 pro
2168 1165 2336 1222 nobis
2382 1166 2607 1241 dicitur,
2642 1167 2755 1224 lsa.
2785 1167 2891 1225 liii.

484 1248 575 1317 10,
607 1252 665 1302 01
692 1243 831 1303 Joh.
862 1265 921 1301 x.
958 1247 1048 1318 15,
1081 1244 1183 1302 sed
1211 1265 1312 1321 per
1359 1245 1672 1304 antithesin
1716 1245 1789 1303 ad
1843 1246 2131 1305 Sacrificia
2169 1245 2431 1304 Levitica
2459 1247 2628 1304 toties
2670 1246 2893 1320 iterata,

480 1325 551 1383 de
593 1322 804 1400 quibus
851 1324 1193 1400 loquebatur
1222 1325 1558 1401 Apostolus,
1647 1324 1818 1384 Unde
1867 1326 1977 1383 hoc
2007 1344 2191 1402 genus
2228 1325 2501 1401 loquendi
2531 1325 2894 1402 aptissimum

479 1404 605 1462 fuit.

563 1483 718 1541 XII.
763 1484 961 1559 Atque
990 1485 1123 1543 111110
1165 1505 1281 1543 11011
1316 1485 1556 1543 obscure
1606 1485 1916 1561 colligitur,
1948 1484 2087 1560 quid
2129 1484 2508 1560 judicandum
2559 1484 2634 1542 sit
2662 1484 2733 1542 de
2761 1503 2893 1561 pas-

483 1563 744 1621 sionibus
774 1563 1004 1636 Christi,
1037 1563 1136 1621 An
1165 1565 1515 1640 gehennales
1544 1573 1601 1622 et
1629 1573 1890 1623 tartareae
1933 1564 2078 1622 bene
2108 1562 2387 1638 dicantur,
2418 1573 2484 1621 ut
2512 1564 2716 1622 volunt
2745 1564 2895 1622 Nos-

481 1644 574 1701 tri.
661 1643 804 1700 Cum
835 1642 989 1699 enim
1018 1645 1267 1716 infernus
1284 1644 1344 1700 in
1377 1644 1687 1720 Scriptura,
1720 1664 1831 1701 non
1864 1652 2087 1702 tantum
2117 1644 2499 1719 sepulchrum,
2532 1655 2631 1701 aut
2659 1642 2894 1700 damna·

483 1732 672 1782 torum
722 1722 933 1796 sedem,
967 1722 1069 1780 sed
1123 1724 1296 1781 etiam
1352 1732 1669 1781 extremam
1697 1723 1941 1781 miseriae
1997 1731 2057 1781 01
2111 1722 2454 1781 calamitatis
2510 1722 2897 1781 conditionem

482 1810 660 1876 notet,
711 1810 776 1860 ut
802 1802 948 1860 110110
1020 1803 1290 1861 observat
1335 1803 1509 1859 Arias
1539 1803 1871 1877 Montanus,
1904 1813 1961 1860 et
2006 1803 2214 1876 inferni
2232 1805 2452 1860 dolores
2479 1812 2765 1878 ponantur
2792 1821 2897 1878 pro

482 1881 842 1959 gravissimis
866 1903 879 1956 ;
912 1882 1056 1938 nihil
1085 1883 1276 1940 obstat
1306 1880 1517 1939 Christi
1547 1882 1846 1958 passiones
1873 1882 1983 1939 hoc
2013 1902 2185 1940 sensu
2205 1881 2509 1940 infernales
2531 1881 2646 1939 dici
2667 1891 2900 1959 propter

489 1981 688 2020 earum
711 1960 1000 2019 diritatem
1029 1971 1088 2019 et
1115 1962 1512 2019 intensionem.

567 2040 758 2098 XIII.
804 2040 926 2098 Nec
954 2048 1147 2098 tamen
1175 2049 1476 2117 propterea
1503 2050 1657 2099 recte
1700 2040 1916 2098 dixeris
1942 2063 1955 2098 :
1987 2040 2100 2097 Vel
2118 2040 2515 2099 damnatorum
2544 2040 2733 2098 locum
2763 2039 2897 2098 sub-

486 2122 638 2195 iisse,
670 2128 730 2179 et
751 2119 1083 2178 damnatum
1112 2120 1323 2179 fuisse:
1369 2120 1517 2193 Quia
1544 2120 1731 2196 potuit
1758 2120 1990 2197 quidem
2018 2119 2164 2178 ferre
2199 2140 2398 2195 poenas
2425 2122 2898 2193 damnandorum,

488 2200 591 2259 sed
618 2220 734 2257 non
758 2202 1173 2275 damnatorum,
1205 2208 1269 2258 ut
1297 2200 1356 2256 in
1385 2200 1574 2256 locum
1604 2199 1936 2257 infernalem
1962 2199 2101 2277 ipsis
2122 2208 2382 2276 paratum
2403 2198 2791 2271 descenderet,
2823 2218 2902 2256 ex

487 2299 602 2357 quo
630 2279 777 2338 nulli
799 2279 968 2337 datur
995 2279 1250 2355 redituS,
1234 2302 1247 2315 ·
1295 2278 1410 2337 Vel
1439 2287 1666 2337 aeternae
1693 2299 1878 2355 poenae
1906 2278 2083 2337 fuisse
2113 2278 2424 2353 addictum,
2451 2279 2599 2351 Quia
2620 2279 2903 2336 aeternitas

487 2379 786 2438 poenarum
814 2359 983 2416 nobis
1012 2358 1332 2417 debitarum
1360 2378 1462 2435 per
1482 2378 1675 2418 earum
1707 2359 2050 2434 gravitatem
2072 2367 2130 2417 et
2151 2359 2572 2416 extremitatem
2589 2358 2651 2416 in
2674 2357 2905 2416 Christo

488 2438 717 2498 abunde
747 2449 1114 2516 compensata
1142 2449 1247 2499 est.

572 2518 755 2576 XIV.
801 2518 990 2577 Multo
1019 2520 1209 2580 minus
1236 2520 1576 2594 Desperatio
1607 2519 1835 2578 Christo
1859 2519 2031 2578 debet
2059 2519 2251 2593 tribui,
2284 2539 2413 2595 quae
2444 2518 2599 2576 cadit
2652 2519 2710 2576 in
2739 2517 2904 2574 dam-

491 2608 698 2657 110100.
742 2598 892 2671 Quia
918 2618 1034 2656 11011
1063 2607 1152 2656 001
1178 2597 1250 2657 (10
1272 2599 1505 2657 essentia
1522 2618 1707 2674 paenoe
1736 2599 1794 2655 111
1825 2620 1886 2658 00
1915 2598 2306 2674 consideratae,
2338 2609 2396 2658 01
2423 2608 2592 2675 prout
2628 2619 2663 2656 a
2689 2596 2733 2657 J
2735 2597 2906 2656 udice

496 2677 796 2753 infligitur,
829 2677 930 2734 sed
960 2677 1030 2734 de
1061 2678 1204 2735 vitio
1234 2677 1479 2753 subjecti
1505 2678 1794 2753 patientis,
1826 2678 1984 2754 quod
2012 2699 2142 2736 cum
2172 2679 2547 2737 aeternitatem
2576 2678 2712 2735 mali
2734 2676 2902 2734 diris-

495 2756 627 2815 simi
654 2756 915 2829 attendit,
948 2765 1006 2814 01
1031 2756 1548 2833 impossibilitatem
1579 2777 1654 2814 ex
1703 2777 1771 2814 ea
1818 2757 2126 2832 eluctandi,
2157 2777 2273 2814 11011
2301 2766 2490 2834 potest
2518 2758 2656 2833 quin
2685 2757 2745 2814 in
2773 2756 2906 2815 des-

494 2836 847 2913 perationem
877 2835 1060 2908 cadat,
1112 2855 1240 2910 quae
1290 2835 1640 2893 alienissima
1688 2835 1796 2894 fuit
1823 2857 1858 2893 a
1888 2837 2133 2909 Christo,
2165 2838 2265 2913 qui
2293 2837 2431 2895 licet
2458 2837 2743 2895 diritatem
2774 2856 2904 2894 cru-

498 2915 750 2972 ciatuum
781 2914 890 2972 sibi
922 2914 1282 2973 ferendorum
1314 2914 1566 2989 sentiret,
1598 2923 1788 2974 certus
1817 2925 1940 2974 erat
1967 2925 2159 2973 tamen
2198 2916 2268 2974 de
2299 2917 2452 2974 felici
2482 2917 2659 2989 exim,
2690 2924 2749 2974 et
2791 2915 2909 2974 fine

498 2995 772 3071 ipsorum.
819 2994 988 3053 Unde
1017 3003 1174 3070 patet
1202 2994 1423 3052 falsitas
1452 2995 1662 3052 atrocis
1691 2996 2008 3068 calumniae,
2033 3015 2161 3070 quse
2185 2996 2540 3072 iniquissime
2569 2995 2910 3072 impingitur

499 3075 573 3133 ab
604 3074 974 3133 Adversariis
1002 3074 1060 3132 in
1093 3075 1395 3133 Calvinum
1425 3083 1702 3148 nostrum,
1735 3084 1799 3134 ut
1827 3095 1863 3132 a
1892 3075 2039 3132 Bell.
2068 3075 2170 3133 lib.
2201 3074 2279 3132 iv.
2320 3075 2390 3133 de
2422 3075 2666 3149 Christo,
2693 3095 2815 3150 cap.
2847 3078 2906 3149 8,

502 3154 754 3215 Genebr.
780 3155 838 3211 in
881 3154 1034 3213 Psal.
1066 3155 1230 3229 xxii„
1260 3154 1517 3212 Maldon.
1552 3154 1607 3211 in
1634 3155 1843 3212 Matth.
1865 3155 2070 3227 xxvii„
2096 3163 2155 3214 et
2182 3154 2328 3229 aliis,
2362 3155 2498 3230 quia
2519 3155 2600 3213 ait
2621 3155 2680 3212 in
2697 3154 2908 3212 Matth.

501 3235 688 3293 xxvii.
721 3238 814 3310 46,
851 3236 1023 3292 “Sed
1046 3237 1350 3292 absurdum
1380 3245 1458 3293 est
1489 3234 1711 3293 Christo
1740 3237 1991 3309 elapsam
2020 3236 2422 3310 desperatione
2449 3235 2692 3308 vocem,''
2766 3234 2909 3307 Quis

502 3315 652 3372 enim
702 3334 819 3373 non
867 3313 1028 3372 videt
1056 3334 1182 3372 esse
1232 3314 1629 3390 objectionem,
1662 3333 1832 3389 quam
1884 3314 1994 3372 sibi
2042 3314 2310 3390 proponit
2350 3334 2423 3372 ex
2473 3314 2667 3371 verbis
2698 3313 2913 3371 Christi

504 3396 663 3452 Deus
684 3394 775 3467 mi,
799 3392 905 3450 810.
912 3413 1237 3469 ,quamque
1256 3394 1337 3450 ita
1365 3392 1551 3466 diluit,
1576 3401 1641 3450 ut
1662 3392 2075 3451 alienissimum
2098 3415 2133 3450 a
2160 3394 2572 3469 desperatione,
2599 3403 2656 3451 et
2682 3393 2911 3450 fiduciae

503 3474 734 3548 plenum
767 3491 990 3547 semper
1018 3471 1192 3529 fuisse
1238 3470 1552 3529 clarissime
1581 3474 1852 3531 asserat?
1898 3475 1932 3505 “
1956 3473 2237 3547 Solutio,''
2282 3472 2484 3548 inquit,
2533 3472 2775 3531 “facilis
2803 3481 2908 3546 est,

505 3569 833 3627 quanquam
904 3569 1107 3608 sensus
1163 3551 1350 3608 carnis
1415 3550 1657 3608 exitium
1723 3551 2192 3628 apprehenderet,
2265 3552 2440 3609 fixam
2503 3560 2696 3610 tamen
2772 3560 2910 3610 stet-

503 3630 619 3687 isse
647 3627 864 3686 fidem
848 3648 907 3685 111
957 3629 1083 3704 ejus
1112 3629 1300 3703 corde,
1336 3649 1466 3722 ’qua
1516 3631 1705 3688 Deum
1746 3640 2084 3707 praesentem
2115 3632 2355 3689 intuitus
2383 3640 2486 3706 est,
2519 3631 2591 3690 de
2621 3632 2787 3708 cujus
2814 3630 2914 3688 ab·

507 3707 693 3767 sentia
721 3709 1144 3782 conqueriturss'
1191 3708 1273 3766 At
1304 3709 1351 3766 01
1399 3709 1543 3767 fides
1581 3709 1700 3767 fixa
1727 3711 1836 3769 fuit
1878 3712 1939 3767 in
1967 3712 2095 3788 ejus
2140 3710 2327 3783 corde,
2379 3711 2711 3787 quomodo
2698 3731 2754 3768 m
2784 3729 2915 3768 eum

506 3787 694 3867 potuit
743 3787 945 3845 cadere
991 3788 1359 3864 desperatio?
1403 3788 1569 3862 Quod
1597 3789 1802 3849 fortius
1846 3790 2034 3849 adhuc
2083 3791 2396 3863 confirmat,
2425 3791 2615 3849 Instit.
2644 3791 2744 3848 lib.
2774 3790 2832 3847 ii.
2862 3809 2914 3847 0.

514 3871 605 3942 16,
639 3870 692 3942 5,
723 3870 813 3943 12,
847 3876 910 3926 111
939 3888 1013 3925 ex
1058 3868 1171 3926 loci
1219 3869 1571 3944 inspectione
1623 3879 1797 3945 patet.
1846 3869 1962 3928 Sed
1992 3871 2040 3927 si
2068 3870 2273 3928 liberet
2300 3870 2668 3944 reci-iminari,
2700 3879 2916 3947 quanto

496 3948 719 4025 justius
746 3947 856 4005 hoc
884 3957 1079 4025 posset
1107 3948 1347 4024 impingi
1379 3948 1763 4023 AdversariiS,
1788 3970 1860 4007 ex
1892 3950 2101 4025 quibus
2131 3970 2245 4006 non
2274 3950 2437 4025 pauci
2470 3950 2722 4007 criminis
2749 3949 2917 4006 istius

513 4028 594 4086 rei
625 4027 1174 4104 deprehenduntur?
1214 4035 1281 4085 ut
1323 4027 1697 4087 Maldonatus
1744 4029 1803 4085 in
1851 4030 2058 4086 Matth.
2106 4030 2311 4101 xxvii„
2358 4029 2540 4086 Ferus
2582 4029 2641 4086 in
2672 4028 2915 4086 eundem

511 4108 720 4180 locum,
752 4107 851 4183 qui
879 4106 1333 4183 desperationem
1365 4107 1592 4165 Christo
1635 4126 1905 4183 expresse
1946 4108 2223 4180 tribuunt,
2257 4110 2518 4166 Cusanus
2548 4108 2619 4166 de
2644 4106 2920 4166 Cruciati-

512 4187 624 4246 bus
655 4186 869 4243 Christi
897 4195 955 4244 et
983 4188 1099 4245 alii.
1145 4186 1297 4243 Vide
1330 4186 1493 4263 Disp.
1527 4187 1721 4244 Nostr.
1753 4187 1824 4245 de
1859 4186 2051 4245 Satisf.
2082 4208 2137 4262 p.
2170 4190 2306 4245 283.

595 4265 740 4322 XV.
786 4264 916 4322 Non
944 4265 1193 4323 absimili
1221 4265 1506 4323 calumnia
1534 4273 1837 4324 accusatur
1862 4286 2107 4342 magnus
2150 4267 2259 4324 Vir
2289 4266 2416 4340 Dei,
2447 4266 2603 4342 quod
2633 4266 2922 4323 Christum

516 4348 844 4404 damnatum
873 4343 1047 4402 fuisse
1078 4344 1305 4417 dixerit,
1331 4345 1467 4420 quia
1504 4346 1770 4404 Sectione
1800 4366 1858 4403 x.
1892 4346 2123 4403 Catech.
2155 4348 2207 4403 in
2251 4346 2355 4403 tali
2392 4347 2750 4404 damnatione
2791 4365 2920 4402 con·

516 4426 762 4483 stitutum
806 4422 962 4497 dicit,
1015 4433 1078 4482 ut
1127 4443 1162 4480 a
1186 4424 1311 4480 Deo
1335 4443 1395 4481 se
1418 4424 1754 4483 derelictum
1784 4434 2132 4501 conquestus
2162 4427 2253 4483 sit.
2298 4425 2517 4483 Verum
2555 4428 2603 4482 l.
2636 4425 2778 4498 Quis
2806 4443 2923 4481 non

519 4503 679 4561 videt
706 4503 800 4559 hic
842 4504 1256 4559 damnationem
1300 4521 1404 4577 pro
1433 4504 1886 4562 condemnatione
1913 4506 2066 4580 poni,
2098 4525 2173 4562 ex
2216 4504 2369 4581 stylo
2417 4505 2632 4581 linguae
2681 4504 2922 4563 Gallicae

520 4591 656 4640 tunc
712 4581 984 4657 temporis
1011 4581 1428 4640 usitatissimo?
1490 4587 1545 4641 2.
1601 4584 1662 4642 81
1713 4583 1973 4641 Christus
2022 4584 2231 4641 dicitur
2279 4585 2608 4657 maledic-tab,
2660 4603 2762 4640 cur
2808 4602 2926 4640 11011
