3221 5200
757 1083 1073 1162 LOCUS
1154 1086 1616 1163 DECIMUS
1698 1088 2175 1176 QUINTUS.

593 1335 745 1424 DE
848 1338 1626 1433 VOCATIONE
1730 1340 1877 1429 ET
1978 1342 2331 1434 FIDE.

1238 1612 1640 1620 ——-———-

1108 1792 1497 1866 QUAES'rIo
1541 1793 1831 1850 PmMA.

311 1946 469 2013 Quid
488 1946 563 2005 sit
598 1949 842 2024 VocatiO,
874 1958 927 2007 et
956 1950 1281 2025 Quotupzeae
1295 1959 1431 2103 {If}
1445 1952 1740 2087 Quotngodo
1780 1950 2007 2009 Vocatio
2035 1952 2301 2009 Externa
2330 1961 2384 2010 et
2409 1953 2648 2010 Interna

1353 2049 1370 2084 ι
1416 2049 1555 2087 eran
1596 2074 1608 2085 .

353 2184 403 2243 Ι.
457 2185 758 2243 Hactenus
787 2185 857 2242 de
894 2187 1087 2258 Officio
1119 2186 1333 2244 Christi
1357 2186 1574 2245 dictum
1603 2194 1712 2245 est:
1741 2206 1895 2245 nunc
1924 2188 1996 2245 de
2026 2189 2152 2266 ejus
2179 2189 2472 2267 Beneficia&
2500 2209 2677 2266 agen-

270 2263 427 2336 dum,
459 2282 587 2338 quae
625 2263 912 2338 pertinent
959 2264 1034 2322 ad
1075 2266 1518 2341 applicationem
1566 2266 1770 2324 salutis
1810 2266 1978 2324 nobis
2033 2268 2348 2344 acquisitae,
2407 2289 2537 2344 quae
2585 2270 2680 2327 hic

271 2341 574 2400 inchoatur
599 2361 703 2417 per
730 2344 991 2418 gratiam,
1023 2352 1081 2402 et
1128 2345 1188 2401 in
1217 2345 1379 2402 coelis
1421 2344 1912 2403 consummabitur
1937 2366 2040 2422 per
2077 2347 2339 2423 gloriam.
2426 2348 2682 2407 Primum

273 2441 471 2479 eorum
500 2429 589 2480 est
628 2422 855 2480 Vocatio
876 2446 899 2495 ,·
943 2423 1074 2481 Non
1094 2424 1360 2499 specialis
1388 2424 1465 2482 ad
1492 2443 1702 2482 munus
1732 2423 1984 2500 aliquod,
2017 2426 2141 2485 sive
2185 2427 2506 2503 politicum,
2558 2428 2682 2486 sive

275 2520 517 2575 sacrum,
549 2520 664 2576 quo
694 2520 867 2560 sensu
897 2502 1113 2561 Paulus
1144 2523 1205 2561 se
1251 2504 1465 2580 passim
1489 2504 1632 2562 dicit
1671 2512 1927 2561 vocatum
1953 2505 2302 2581 Apostolum,
2334 2507 2503 2565 Rom.
2553 2507 2591 2566 i.
2628 2510 2679 2581 1,

275 2580 380 2639 sed
406 2581 693 2656 generalis
721 2580 797 2639 ad
825 2581 1089 2642 salutem.
1174 2583 1355 2660 Cujus
1405 2591 1621 2660 quanta
1670 2582 1746 2642 sit
1793 2585 2143 2660 praestantia,
2169 2585 2267 2644 vel
2315 2586 2452 2645 hinc
2505 2594 2682 2664 patet,

272 2660 431 2737 quod
457 2660 583 2736 ipsa
613 2662 877 2720 Ecclesia
901 2683 1017 2721 non
1046 2663 1279 2721 aliunde
1308 2683 1516 2722 nomen
1547 2683 1716 2721 suum
1744 2663 1953 2740 adepta
1981 2665 2071 2741 sit,
2097 2686 2269 2742 quam
2299 2687 2333 2724 a
2361 2675 2538 2734 κλήσω,
2583 2687 2687 2726 seu

271 2741 573 2815 vocatione,
604 2740 862 2817 nihilque
892 2742 1051 2800 aliud
1092 2743 1169 2800 sit
1195 2762 1369 2820 quam
1402 2744 1586 2803 Coetus
1627 2745 1981 2802 Vocatorum.

880 2821 963 2879 11.
1020 2823 1247 2881 Vocatio
1287 2824 1400 2882 ista
1448 2831 1537 2882 est
1578 2822 1754 2881 Actio
1804 2824 2006 2899 gratiae
2038 2825 2150 2882 Dei
2189 2825 2251 2882 in
2281 2825 2528 2900 Christo,
2573 2845 2690 2903 qua

792 2901 1056 2959 homines
1084 2910 1340 2961 mortuos
1368 2902 1428 2959 in
1456 2902 1709 2978 peccatis
1737 2909 1796 2960 et
1822 2904 2077 2979 perditos
2120 2904 2182 2961 in
2211 2904 2459 2979 Adamo,
2492 2905 2706 2963 Evan-.

276 2979 415 3055 gelii
444 2981 748 3055 praeconio,
779 2987 839 3037 et
884 2979 1132 3054 Spiritus
1166 2981 1365 3040 Sancti
1391 2982 1607 3041 virtute
1637 2989 1811 3038 vocat
1838 2982 1913 3039 ad
1962 2984 2424 3041 communionem
2455 2983 2687 3060 Christi,

275 3066 335 3116 et
363 3059 607 3116 salutem
650 3058 707 3114 in
744 3077 813 3114 eo
841 3059 1343 3133 consequendam:
1390 3060 1460 3116 In
1499 3080 1614 3136 qua
1642 3060 1758 3116 duo
1786 3059 2041 3118 Termini
2092 3062 2443 3135 attendendi,
2489 3083 2524 3120 a
2552 3083 2684 3139 qu0,

277 3137 438 3195 etad
466 3156 656 3212 quem.
718 3136 1009 3193 Terminus
1037 3157 1077 3193 a
1104 3157 1213 3211 quo
1255 3146 1344 3195 est
1385 3146 1570 3196 status
1627 3138 1849 3213 peccati
1893 3147 1953 3196 et
2001 3139 2402 3215 damnationis,
2461 3141 2521 3197 in
2570 3161 2686 3217 quo

276 3225 598 3290 versantur,
625 3215 776 3291 Eph.
796 3214 855 3272 ii.
889 3218 917 3271 1
945 3237 958 3288 3
989 3215 1260 3290 tenebrae,
1295 3216 1444 3291 Eph.
1474 3236 1532 3275 v.
1563 3218 1619 3290 8,
1657 3219 1684 3273 1
1723 3216 1848 3273 Pet.
1892 3217 1952 3274 ii.
1991 3220 2064 3291 9;
2116 3219 2382 3292 munduS,
2414 3220 2458 3278 J
2461 3220 2555 3277 oh.
2587 3241 2687 3280 xv.

284 3298 355 3354 19
377 3317 392 3370 ;
423 3304 483 3354 et
509 3315 638 3371 quae
668 3303 801 3353 sunt
829 3301 999 3367 retro,
1032 3302 1257 3353 terrena
1286 3295 1507 3354 scilicet
1534 3303 1592 3353 et
1619 3294 1927 3369 mundana,
1963 3297 2113 3353 Phil.
2133 3297 2214 3355 iii.
2242 3300 2333 3356 13.
2397 3299 2691 3358 Terminus

276 3378 363 3434 ad
401 3395 578 3450 quem,
626 3374 964 3432 Communio
995 3373 1226 3449 Christi,
1256 3377 1286 3432 1
1320 3376 1449 3434 Cor.
1480 3375 1519 3433 i.
1550 3377 1585 3433 9
1610 3397 1626 3450 3
1672 3375 1964 3450 sanctitaS,
2011 3376 2161 3434 Rom
2189 3376 2227 3435 i.
2259 3381 2314 3450 7,
2352 3380 2379 3434 l
2407 3376 2537 3437 Cor.
2568 3379 2605 3438 i.
2631 3384 2688 3456 2,

285 3459 313 3511 1
354 3455 559 3513 Thess.
593 3455 669 3513 iv.
701 3458 733 3511 7
762 3475 776 3527 ;
806 3453 912 3510 lux
941 3453 1294 3529 admiranda,
1331 3458 1359 3513 1
1397 3455 1523 3513 Pet.
1553 3455 1614 3512 ii.
1644 3457 1717 3529 93
1747 3473 1991 3531 regnum
2021 3456 2151 3531 Dei,
2187 3458 2218 3514 1
2250 3457 2453 3515 Thess.
2485 3458 2544 3517 ii.
2579 3462 2690 3536 123

280 3535 468 3611 gloria
512 3533 803 3592 aeternain
833 3532 1080 3609 ChristO,
1109 3537 1136 3591 1
1174 3534 1300 3594 Pet.
1330 3554 1388 3593 v.
1425 3537 1499 3593 10
1523 3557 1538 3610 ;
1570 3534 1714 3593 Vita
1741 3541 1972 3610 aeterna,
2003 3538 2030 3592 1
2059 3536 2207 3595 Tim.
2237 3537 2317 3594 vi.
2353 3540 2447 3595 12.

361 3614 482 3671 III.
528 3614 686 3672 Hinc
708 3620 948 3671 vocatur
974 3613 1146 3671 modo
1181 3616 1408 3674 Vocatio
1434 3624 1649 3690 sancta,
1681 3618 1716 3672 2
1747 3613 1897 3674 Tim.
1921 3615 1959 3675 i.
1990 3618 2046 3689 9,
2072 3635 2189 3674 non
2215 3623 2440 3675 tantum
2468 3616 2691 3677 ratione

270 3694 557 3769 principii,
589 3694 725 3769 quia
755 3693 914 3752 Deus
959 3693 1165 3750 author
1195 3694 1533 3754 Vocationis
1572 3701 1806 3753 sanctus
1827 3702 1932 3768 est,
1968 3697 1998 3752 1
2032 3695 2158 3754 Pet.
2188 3696 2226 3754 i.
2263 3699 2353 3769 15,
2387 3695 2489 3753 sed
2518 3697 2692 3755 etiam

282 3772 499 3830 ratione
510 3774 667 3849 finis,
693 3772 830 3847 quia
865 3771 1052 3830 tendit
1080 3772 1154 3830 ad
1183 3776 1544 3834 sanctitatem
1570 3797 1584 3849 3
1632 3773 1812 3831 Modo
1852 3783 2011 3833 κλῆσις
2049 3782 2309 3846 invectu-e,
2343 3774 2497 3832 Heb.
2527 3775 2608 3834 iii.
2637 3779 2689 3851 1,

279 3851 522 3922 caelestis,
554 3859 613 3908 et
657 3850 807 3907 Phil.
837 3850 918 3906 iii.
967 3854 1058 3923 14,
1090 3861 1116 3908 ὁ
1151 3861 1239 3906 dm
1263 3865 1439 3920 κλῆσις,
1462 3874 1727 3930 superna,
1759 3852 1896 3928 quia
1924 3859 2012 3909 est
2053 3872 2086 3909 e
2116 3852 2262 3909 eoelo
2291 3861 2350 3910 et
2376 3853 2452 3910 ad
2481 3855 2690 3912 eoelum

280 3936 470 4003 vocat,
500 3929 743 3986 allusive
786 3927 860 3985 ad
885 3927 1057 3985 ludos
1087 3927 1438 4007 Olympicos,
1470 3933 1529 3989 in
1558 3933 1771 4008 quibus
1797 3949 1915 3987 non
1942 3929 2114 3988 modo
2143 3941 2346 4004 ssg-ssnzn
2377 3933 2690 4016 suspende-

279 4009 451 4067 batur
493 4027 665 4084 super
703 4014 933 4080 metam,
984 4006 1088 4063 sed
1118 4007 1355 4068 inferius
1385 4009 1643 4069 Athletae
1689 4009 2012 4083 currebant,
2061 4016 2120 4067 et
2161 4010 2584 4068 coronabantur
2631 4012 2692 4069 in

283 4088 561 4164 superiori
589 4088 736 4161 loco,
779 4085 880 4142 ubi
923 4084 1201 4143 sedebant
1226 4096 1475 4160 βμβιυηὶ
1509 4097 1568 4147 et
1596 4088 2005 4166 Agonothetae,
2024 4087 2178 4145 unde
2205 4108 2350 4146 voce
2401 4090 2694 4150 Praecouis

282 4186 544 4226 cursores
573 4166 648 4225 ad
675 4183 905 4225 cursum
934 4164 1207 4224 citabant.

891 4245 1002 4303 IV.
1051 4244 1114 4303 Si
1152 4243 1445 4321 quaeritur,
1479 4243 1594 4303 Cur
1626 4244 1875 4323 Spiritus
1922 4245 1980 4304 S.
2009 4246 2120 4307 hac
2146 4249 2582 4309 nomenclatura
2606 4251 2694 4310 uti

808 4324 1060 4384 voluerit
1107 4323 1180 4382 ad
1230 4344 1374 4401 opus
1417 4324 1573 4383 istud
1601 4325 2040 4384 describendum
2057 4330 2086 4385 Ρ
2169 4328 2341 4386 Ratio
2388 4330 2695 4406 multiplex

286 4400 451 4458 reddi
476 4410 685 4478 potest.
772 4407 824 4462 1.
872 4403 970 4463 Ad
998 4405 1401 4482 desiqnandam
1430 4405 1666 4464 hominis
1692 4406 1990 4480 miseriam,
2023 4407 2160 4482 quia
2199 4428 2235 4465 a
2264 4408 2389 4467 Deo
2431 4429 2534 4485 per
2560 4429 2693 4486 pec-

286 4488 479 4537 catum
510 4491 820 4559 separatus,
853 4492 913 4543 et
938 4485 1112 4561 longe
1142 4485 1396 4558 dissituS,
1427 4485 1787 4543 revocandus
1815 4484 1924 4543 fuit
1945 4486 2017 4544 ab
2048 4487 2337 4545 erroribus
2367 4490 2503 4563 suia,
2533 4497 2599 4547 ut
2620 4490 2694 4548 ad

290 4559 478 4616 Deum
507 4561 735 4636 rediret,
760 4565 1048 4639 quomodo
1082 4565 1240 4624 Deus
1264 4564 1554 4623 Adamum
1577 4565 1891 4642 fugientem
1915 4566 2123 4642 quaerit
2142 4575 2201 4625 et
2227 4576 2416 4642 vocat,
2444 4571 2480 4601 ‘⁴
2501 4568 2693 4628 Adam

288 4637 387 4695 ubi
417 4658 479 4696 es
495 4640 557 4697 ?''
643 4645 698 4697 2.
745 4642 844 4701 Ad
873 4648 1178 4703 notandum
1227 4645 1483 4720 medium,
1520 4665 1635 4721 quo
1667 4646 1827 4704 Deus
1854 4646 2036 4705 utitur
2062 4645 2137 4704 ad
2165 4647 2426 4706 homines
2454 4667 2691 4709 conver-

275 2875 407 2924 Quid
444 2877 510 2920 sit
529 2875 752 2920 Venatio.

343 4302 447 4347 Gur
474 4305 546 4348 ita
564 4303 710 4348 dieta.
