3221 5200
529 363 645 419 124
1423 378 1607 421 Locus
1637 361 2000 420 unnncm'us.
2478 355 2729 438 [QuAEs'r.
2760 378 2936 419 xxm.

525 519 676 578 Tum
701 519 862 579 Deus
889 539 993 598 per
1012 527 1313 598 peccatum
1333 519 1584 578 hominis
1606 518 1902 578 excideret
1920 520 2054 597 jure
2076 537 2182 576 suo
2204 516 2589 577 obedientiam
2612 518 2687 577 ab
2707 518 2940 578 homine

525 599 858 676 requirendi
881 623 895 676 3
943 602 1021 658 Et
1060 601 1233 658 homo
1265 619 1385 658 non
1413 600 1738 659 obediendo
1764 619 1883 658 non
1923 606 2205 675 peccaret,
2236 599 2373 675 quia
2398 598 2503 657 ubi
2529 618 2647 657 non
2675 608 2764 658 est
2792 598 2938 676 Lex,

524 679 607 736 ibi
635 699 751 738 non
779 688 868 739 est
894 680 1298 757 transgressiO.

1128 759 1275 818 XV.
1327 759 1460 817 Non
1502 758 1705 818 eadem
1748 765 1837 816 est
1882 757 2031 816 ratio
2073 765 2260 816 status
2301 756 2514 834 integri
2555 764 2614 816 et
2662 756 2932 835 corrupti,

603 824 946 927 Fzffifflffflu·
1047 839 1196 914 Quia
1238 839 1300 896 in
1340 839 1441 897 5110
1483 839 1656 898 unica
1696 847 1920 897 tantum
1962 836 2129 913 exe...
2170 837 2281 896 fuit
2337 838 2603 912 hominis,
2661 837 2935 895 nimirum

856 914 868 927 ‘
1047 928 1331 996 quatenus
1361 927 1622 977 creatura
1649 925 1772 976 erat
1803 917 2116 992 rationalis,
2148 937 2277 993 quse
2305 917 2646 994 obsequium
2677 916 2937 975 Creatori

524 995 740 1073 debuit,
768 996 951 1056 sedin
973 998 1085 1057 isto
1106 999 1306 1076 primas
1334 999 1431 1057 isti
1459 998 1725 1056 relationi
1753 998 1934 1055 altera
1961 997 2222 1071 accessit,
2244 1004 2436 1055 reatus
2464 1016 2567 1073 per
2592 1004 2893 1073 peecatum
2913 1018 2929 1072 ;
2953 996 2968 1010 ⁸

526 1077 700 1136 Unde
734 1077 871 1135 licet
911 1079 973 1135 in
1012 1079 1197 1155 primo
1226 1086 1379 1137 statu
1422 1078 1550 1136 Lex
1578 1077 1851 1154 obligarit
1876 1084 2100 1135 tantum
2129 1076 2203 1133 ad
2232 1075 2635 1151 obedientiam,
2666 1084 2731 1134 ut
2757 1075 2933 1134 homo

523 1156 850 1233 praestando
879 1157 1264 1216 obedientiam
1307 1157 1578 1215 immunis
1615 1166 1767 1216 esset
1811 1176 1846 1213 a
1888 1175 2092 1233 poena3
2137 1155 2192 1213 N
2194 1175 2269 1213 on
2313 1155 2571 1232 sequitur
2613 1156 2828 1232 pariter
2870 1156 2932 1212 in

524 1243 680 1293 statu
706 1237 945 1312 peccati,
975 1257 1136 1295 reum
1164 1237 1377 1296 factum
1405 1256 1591 1314 poenae
1621 1237 1872 1295 solutum
1901 1255 2027 1294 esse
2049 1234 2123 1293 ab
2144 1233 2489 1308 obedientia,
2519 1234 2656 1311 quia
2681 1243 2748 1292 ut
2773 1243 2929 1293 utra-

523 1334 636 1390 que
665 1315 833 1390 σχίσις
874 1317 935 1373 ἰιι
974 1325 1274 1393 peccatore
1317 1317 1509 1375 locum
1551 1316 1744 1391 habet,
1774 1323 2081 1391 utrumque
2109 1315 2203 1372 hic
2232 1321 2321 1372 est
2349 1313 2833 1391 conjungendum,
2866 1320 2932 1373 ut

524 1394 742 1452 subditi
769 1396 1031 1472 rebelles,
1074 1417 1247 1474 poena
1288 1397 1451 1473 digni
1493 1404 1728 1473 propter
1770 1394 2160 1470 rebellionem,
2203 1414 2320 1452 non
2349 1393 2620 1452 desinunt
2646 1392 2723 1451 ad
2763 1393 2931 1452 obse·

523 1474 724 1550 quium
751 1484 1088 1552 perpetuum
1120 1476 1491 1552 Magistratui
1519 1475 1781 1534 obstricti
1808 1494 2055 1533 manere.

604 1553 785 1612 XVI.
832 1555 997 1615 Licet
1027 1556 1152 1613 Lex
1182 1555 1402 1632 obliget
1442 1555 1734 1613 hominem
1777 1563 2136 1631 peccatorem
2182 1552 2257 1611 ad
2302 1572 2531 1630 poenam
2572 1559 2631 1610 et
2674 1550 2749 1610 ad
2790 1552 2927 1611 obe-

522 1631 797 1691 dientiam
827 1635 1031 1711 simul;
1078 1637 1132 1694 N
1136 1655 1209 1693 on
1239 1635 1499 1712 sequitur
1536 1635 1829 1693 hominem
1857 1634 2041 1692 teneri
2069 1633 2327 1692 debitum
2357 1632 2509 1691 idem
2538 1632 2628 1690 bis
2661 1632 2921 1708 solvere;

523 1712 672 1786 Quia
714 1713 842 1773 Lex
883 1715 957 1772 ad
1002 1714 1387 1773 obedientiam
1432 1723 1774 1792 praesentem
1817 1721 1875 1771 et
1919 1713 2169 1772 futuram
2212 1713 2469 1789 obligat3
2520 1732 2692 1789 poena
2732 1721 2926 1770 autem

518 1792 808 1930 {lrlro'gatur
847 1802 1071 1853 tantum
1112 1815 1217 1872 pro
1257 1803 1494 1873 peccato
1530 1795 1655 1872 jam
1684 1793 2008 1869 commissO,
2055 1801 2114 1851 et
2150 1800 2285 1852 actu
2322 1792 2500 1851 semel
2525 1792 2757 1850 violatae
2787 1792 2925 1851 obe-

563 1872 768 1931 'entiae.
1275 1899 1288 1906 *
2335 1912 2341 1918 -

523 1989 524 1992 =
602 1952 817 2011 XVII.
864 1954 1053 2028 Quum
1082 1954 1295 2014 dicitur
1332 1974 1436 2031 per
1474 1974 1661 2032 poenae
1702 1952 2131 2031 perpessionem
2160 1951 2380 2029 expiari
2422 1960 2723 2028 peccatum
2752 1950 2924 2010 omis·

517 2031 712 2108 sionis,
745 2053 861 2091 non
889 2034 1138 2111 intelligi
1160 2034 1333 2092 debet
1353 2035 1463 2092 hoc
1486 2053 1676 2108 sensu,
1700 2033 1866 2109 quasi
1887 2041 2185 2109 peccatum
2206 2051 2321 2089 non
2342 2030 2514 2090 fuerit
2535 2031 2922 2108 commissum,

514 2119 574 2169 et
602 2113 769 2188 quasi
796 2114 968 2172 homo
997 2114 1197 2172 fecerit
1223 2133 1580 2190 quaecunque
1609 2112 1911 2171 tenebatur
1951 2119 2238 2188 praestare,
2271 2110 2426 2187 quod
2455 2111 2686 2170 veritati
2712 2129 2921 2188 repug-

513 2200 711 2251 naret:
760 2192 875 2251 Sed
903 2202 1187 2270 quatenus
1227 2213 1331 2271 per
1369 2192 1797 2271 perpessionem
1839 2192 2125 2268 poenalem
2153 2190 2430 2249 liberatur
2457 2211 2491 2247 a
2519 2190 2922 2250 maledictione

510 2269 621 2346 ipsi
664 2281 899 2349 propter
937 2283 1237 2350 peccatum
1279 2273 1664 2345 incumbente,
1709 2291 1815 2330 nec
1860 2271 2102 2329 ulterius
2149 2289 2320 2347 poena
2366 2269 2499 2327 talis
2547 2270 2658 2347 ipsi
2701 2271 2920 2347 imponi

507 2359 700 2425 potest
726 2351 969 2412 luenda:
1015 2354 1302 2411 Remissio
1331 2373 1471 2430 ergo
1499 2373 1630 2430 quae
1664 2351 1752 2409 illi
1780 2351 1966 2425 datur,
1998 2350 2184 2409 aufert
2211 2348 2443 2426 quidem
2470 2359 2694 2408 reatum
2723 2359 2919 2409 actua-

505 2429 638 2506 lem,
671 2431 773 2490 sed
802 2452 917 2491 non
947 2432 1047 2491 dat
1073 2433 1204 2491 ideo
1226 2433 1325 2508 jus
1354 2432 1428 2489 ad
1456 2433 1655 2490 vitam.
2416 2475 2419 2476 ν

589 2510 839 2569 XVIII.
887 2512 1180 2588 Obligatio
1221 2511 1297 2569 ad
1338 2511 1742 2586 obedientiam,
1773 2509 1871 2568 vel
1912 2516 2001 2567 est
2040 2509 2337 2582 naturalia,
2379 2528 2551 2584 quam
2584 2510 2758 2567 homo
2789 2509 2916 2568 Deo

505 2587 693 2665 debet,
726 2598 792 2649 ut
820 2590 1094 2649 Creatura
1135 2590 1449 2667 rationalia,
1482 2611 1612 2667 quae
1643 2598 1856 2648 aeterna
1884 2597 1974 2648 est
2015 2596 2075 2647 et
2114 2588 2548 2664 indissolubilia,
2580 2596 2638 2647 et
2678 2588 2739 2646 in
2767 2588 2915 2648 coelo

503 2670 676 2725 etiam
705 2677 932 2743 manet;
970 2670 1064 2727 vel
1077 2671 1397 2743 foederalis,
1421 2690 1536 2746 qua
1557 2670 1689 2746 quis
1709 2689 1826 2728 non
1855 2677 2078 2727 tantum
2107 2669 2399 2744 obligatur
2425 2667 2500 2726 ad
2528 2668 2916 2728 obedientiam

506 2745 654 2821 Legi
681 2748 1082 2823 praestandam,
1115 2748 1217 2806 sed
1246 2749 1321 2806 ad
1349 2769 1474 2807 eam
1516 2749 1866 2825 implendam
1899 2748 2006 2806 sub
2029 2750 2192 2823 exim
2221 2747 2453 2806 foederis
2481 2748 2557 2805 ad
2583 2749 2914 2807 merendam

502 2825 682 2882 vitam
714 2835 1003 2901 aeternam,
1028 2828 1124 2885 vel
1151 2847 1255 2905 pro
1286 2848 1364 2903 se,
1389 2828 1485 2886 vel
1513 2848 1618 2905 pro
1646 2829 1794 2902 alio;
1838 2828 2101 2886 Christus
2129 2828 2316 2905 priore
2338 2827 2691 2904 obligatione
2720 2848 2822 2905 pro
2852 2848 2915 2887 se

502 2903 702 2963 debuit
731 2905 1118 2966 obedientiam
1149 2907 1277 2965 Deo
1305 2927 1421 2983 qua
1447 2907 1658 2966 homo:
1702 2907 1805 2965 sed
1833 2927 1949 2964 non
1976 2909 2280 2966 tenebatur
2314 2908 2616 2984 posteriori
2655 2908 2769 2965 nisi
2808 2927 2914 2985 pro

501 2983 687 3060 nobis,
719 2985 856 3061 quia
882 3006 1000 3044 non
1028 3006 1180 3063 opus,
1201 2987 1404 3045 habuit
1431 3007 1536 3063 per
1561 2987 1723 3045 illam
1744 2987 1925 3045 vitam
1949 2995 2220 3046 aeternam
2243 2987 2355 3045 sibi
2380 2987 2709 3064 promereri,
2740 3006 2917 3063 quam·

499 3083 576 3121 ex
604 3065 665 3121 vi
707 3065 939 3124 unionis
980 3067 1360 3144 hypostaticae
1402 3067 1737 3145 obtinebat;
1784 3067 1870 3126 Ut
1898 3085 2003 3125 suo
2043 3067 2173 3125 loco
2202 3066 2706 3141 demonstrabitur,
2736 3085 2917 3143 quum

496 3142 570 3202 de
601 3144 816 3204 Christi
844 3145 1175 3205 obedientia
1201 3155 1426 3225 agetur.

1349 3385 1740 3461 QUAEsrlo
1798 3384 2061 3443 xxm.

1182 3560 1261 3599 DE
1292 3560 1713 3603 ABROGATIONE
1742 3562 1914 3602 LEGIS
1941 3560 2218 3602 MORALIS.

494 3699 588 3757 An
616 3699 745 3757 Lex
771 3699 1004 3757 moralis
1024 3700 1294 3773 abroqata
1320 3702 1393 3758 sit
1409 3702 1635 3777 penitus
1655 3705 1752 3761 sub
1781 3705 1945 3761 Novo
1978 3704 2141 3776 Test.‚
2165 3700 2259 3757 An
2287 3720 2417 3759 vero
2444 3700 2634 3776 aliquo
2655 3711 2909 3777 respectu

575 3780 1086 3918 Ξῇᾳιὲοξῖξηεαι
1123 3783 1208 3838 ad
1254 3781 1602 3841 Christianos
1621 3785 1648 3841 ,²
1758 3783 1928 3841 Prius
1978 3781 2146 3858 Neg.,
2201 3780 2423 3839 Poster.
2468 3779 2654 3856 Affir.‚
2707 3789 2909 3841 contra

579 4017 629 4075 1.
674 4018 771 4076 Ex
810 4018 981 4077 tertio
1021 4018 1149 4078 Usu
1180 4019 1373 4096 Legis,
1405 4039 1576 4096 quem
1605 4019 1929 4078 directivum
1956 4018 2227 4092 diximus,
2259 4017 2441 4076 oritur
2477 4016 2733 4091 Quaestio
2773 4038 2913 4095 pro-

495 4098 701 4174 posita,
734 4117 864 4174 quae
891 4098 1060 4156 nobis
1089 4119 1218 4157 cum
1249 4100 1585 4158 Antinomis
1626 4098 1947 4171 intercedit,
1979 4098 2079 4174 qui
2119 4097 2343 4155 nullum
2371 4115 2539 4154 usum
2570 4096 2748 4174 Legis
2777 4117 2905 4156 esse
2968 4119 2983 4133 ·

497 4177 744 4254 amplius
771 4176 1118 4253 pertendunt
1145 4178 1253 4237 sub
1277 4178 1446 4237 Nouo
1469 4179 1647 4253 Test.‚
1672 4187 1843 4254 atque
1872 4177 2002 4236 ideo
2030 4176 2237 4235 nolunt
2262 4176 2615 4253 Scripturam
2637 4176 2714 4235 V.
2738 4177 2806 4235 T.
2830 4176 2907 4235 ad

499 4255 854 4314 Christianos
882 4258 1183 4332 pertinere,
1214 4256 1286 4315 de
1315 4277 1431 4334 quo
1460 4266 1653 4316 aetum
1684 4258 1751 4315 P.
1783 4258 1851 4331 1.‚
1885 4257 1991 4315 Lo,
2023 4257 2108 4314 II.
2140 4256 2209 4330 Q.
2240 4257 2297 4313 8.

577 4335 663 4392 II.
707 4333 809 4392 Ad
851 4334 1198 4408 Quaestionis
1243 4345 1456 4395 statum
1497 4337 1606 4395 rite
1648 4336 1978 4412 tenendum,
2022 4334 2358 4392 Videndum
2400 4353 2517 4410 quo
2559 4353 2732 4393 sensu
2778 4334 2912 4392 Lex

495 4412 774 4489 abrogata
801 4413 1040 4489 dicatur,
1073 4435 1186 4492 quo
1215 4433 1389 4474 sensu
1410 4436 1550 4475 vero
1578 4435 1714 4473 non.
1786 4415 1998 4490 Primo,
2032 4415 2163 4472 Non
2192 4413 2466 4490 quaeritur
2494 4413 2566 4471 de
2595 4433 2703 4471 usu
2727 4413 2908 4490 Legis

494 4492 688 4565 quoad
715 4494 863 4565 justi
925 4495 1182 4569 ationem,
1227 4492 1329 4552 An
1374 4496 1520 4573 Legi
1563 4495 1753 4553 adhuc
1797 4503 2095 4553 teneamur
2131 4493 2204 4551 ad
2246 4493 2427 4551 vitam
2472 4492 2902 4569 acquirendam,

491 4569 629 4644 quia
669 4589 800 4626 cum
882 4592 950 4630 oo
991 4574 1068 4631 sit
1106 4574 1462 4651 impossibile
1505 4583 1639 4652 post
1680 4581 1997 4652 peccatum,
2041 4574 2152 4631 hoc
2195 4592 2368 4631 sensu
2408 4572 2582 4630 etiam
2623 4571 2914 4649 abrogata

488 4646 730 4706 dicitur:
772 4647 940 4707 Rom.
983 4651 1064 4711 iii.
1094 4655 1189 4729 20,
1234 4655 1271 4686 “
1302 4672 1378 4713 ex
1425 4654 1695 4733 operibus
1739 4653 1916 4729 Legis
1956 4653 2118 4713 nulla
2158 4671 2292 4710 earo
2322 4650 2799 4728 justificabitur,”
2842 4660 2905 4710 et
