3221 5200
599 267 714 324 508
1463 285 1647 327 Locus
1677 285 1934 326 nscmus
1963 283 2233 333 Qum‘rns.
2604 262 2875 344 [Quazs‘r.
2918 282 3031 325 ΧΠ.

595 423 914 482 doctrinam
944 433 1195 484 nostram
1239 428 1575 486 traducendi
1617 436 1683 485 ut
1723 427 2047 500 absurdam,
2093 446 2221 502 quae
2266 424 2479 482 circulo
2521 424 2764 482 ridiculo
2818 425 3024 502 impli-

597 512 774 576 eetur,
833 506 998 580 quasi
1054 506 1312 565 dicamus
1367 509 1539 565 fidem
1589 507 2021 584 justificantem,
2081 526 2195 581 qua
2243 505 2567 562 obtinemus
2606 504 3023 562 remissionem

594 593 974 659 peccatorum,
1010 586 1066 642 in
1096 607 1163 643 eo
1194 589 1521 658 consistere,
1554 599 1619 644 ut
1648 587 1947 643 credamus
1985 594 2218 661 peccata
2247 585 2412 641 nobis
2432 586 2556 660 jam
2585 604 2711 641 esse
2742 586 3018 658 remissa,

594 671 658 719 ut
678 664 972 721 Arnalclus
1020 675 1150 741 post
1182 668 1452 724 Bellarm.
1485 668 1608 724 fuse
1638 666 1746 723 hoc
1797 666 2105 740 exequitur
2132 665 2231 721 lib.
2266 665 2343 722 iii.
2374 684 2497 740 cap.
2530 667 2583 738 9,
2616 665 3019 722 Subvcrsionis

594 745 863 802 doctrinae
884 746 1132 818 morales,
1167 744 1272 803 stc.
1363 747 1477 804 Sed
1526 747 1693 803 facilc
1744 755 1833 802 est
1873 746 2170 802 illusiones
2214 743 2538 801 istiusmodi
2580 753 2637 801 et
2678 743 3017 802 calumnias

593 822 897 881 discutere.
1003 825 1212 898 PrimO,
1246 827 1504 883 remissio
1553 833 1744 901 potest
1799 824 1912 882 dici
1959 826 2262 900 impetrata
2316 824 2387 880 dc
2418 827 2555 898 jure
2601 843 2704 899 per
2751 833 3013 881 mortem

594 903 823 972 Christi,
858 903 916 959 in
959 905 1126 979 cujus
1156 907 1434 981 sanguine
1474 905 1866 962 remissionem
1909 903 2202 974 habemuS,
2252 904 2399 980 Eph.
2429 905 2466 960 i.
2499 907 2552 976 7,
2600 903 2695 960 vel
2726 902 2799 959 de
2835 906 3015 975 sacto

594 1002 695 1056 per
723 983 1008 1038 efficacem
1059 984 1185 1058 ejus
1231 985 1690 1061 applicationem,
1744 1004 1872 1060 quae
1917 984 1983 1042 fit
2026 984 2079 1040 in
2126 983 2315 1040 corde.
2405 983 2589 1039 Priori
2639 1002 2817 1039 sensu
2850 983 3007 1040 bene

592 1061 802 1117 dicitur
830 1061 1118 1136 objectum
1150 1062 1282 1121 fidei
1313 1085 1437 1122 esse
1469 1065 1858 1121 remissionem
1890 1073 2251 1138 peccatorum
2269 1063 2390 1139 jam
2424 1062 2802 1139 impetratam,
2840 1063 3006 1119 scili-

589 1149 681 1196 cet
705 1140 906 1198 merito
937 1142 1166 1201 Christi.
1261 1145 1376 1201 sed
1405 1144 1705 1221 posteriori
1734 1154 1822 1201 est
1864 1152 2084 1200 tantum
2115 1143 2376 1199 remissio
2418 1142 2775 1217 impetranda
2800 1163 2815 1215 ;
2862 1143 3009 1218 quia

590 1238 719 1274 eum
745 1219 885 1276 fides
916 1222 989 1278 sit
1019 1243 1190 1280 causa
1221 1224 1671 1281 instrumentalis
1691 1223 2137 1300 justificationiS,
2170 1222 2340 1280 debet
2368 1221 2686 1297 praecedere
2710 1222 3006 1297 justifica·

590 1299 823 1355 tionem.
913 1302 994 1357 At
1023 1302 1233 1359 fiducia
1254 1305 1606 1360 remissionis
1636 1304 1970 1379 impetratae,
2003 1323 2129 1359 cam
2180 1302 2500 1359 necessario
2550 1300 2826 1376 sequitur,
2859 1303 3005 1377 quia

590 1378 885 1452 persuasio
915 1379 985 1436 de
1015 1401 1074 1437 rc
1105 1382 1296 1458 aliqua
1325 1383 1490 1456 facta,
1525 1403 1749 1458 semper
1767 1394 1853 1439 est
1876 1381 2157 1458 posterior
2175 1382 2299 1458 ipsa
2321 1401 2380 1437 re
2412 1382 2576 1456 facta,
2598 1400 2725 1455 quae
2754 1390 2847 1439 est
2869 1383 3002 1457 ejus

588 1457 897 1530 objectum,
931 1479 1035 1516 nec
1080 1470 1268 1536 potest
1311 1482 1435 1519 esse
1477 1463 1604 1536 ejus
1654 1482 1841 1521 causa.
1933 1462 2214 1535 Secundo,
2245 1469 2401 1518 actus
2423 1461 2728 1539 fiducialis,
2760 1469 2829 1517 ut
2868 1462 3001 1536 jam

587 1536 821 1609 dictum,
854 1538 1068 1614 duplex
1109 1550 1213 1615 est,
1246 1541 1389 1599 alter
1419 1542 1517 1617 qui
1549 1543 1825 1616 praecedit
1850 1542 2316 1616 juscfficatiouem,
2363 1550 2426 1598 ut
2468 1541 2591 1616 ejus
2621 1559 2811 1614 causa,
2846 1541 3002 1599 alter

585 1616 685 1692 qui
714 1637 839 1674 eam
881 1621 1146 1694 sequitur,
1197 1632 1262 1679 ut
1291 1623 1415 1698 ejus
1443 1620 1699 1680 effectus,
1788 1622 1912 1694 Ille,
1945 1622 2043 1696 qui
2089 1621 2350 1678 consistit
2398 1621 2455 1676 in
2499 1619 2873 1695 persuasione
2923 1621 2998 1679 de

589 1696 990 1756 Satisfaetione
1022 1701 1354 1775 plenissima
1394 1702 1603 1759 Christi
1635 1722 1737 1777 pro
1767 1702 2016 1778 peccatis
2046 1701 2297 1757 omnium
2328 1699 2678 1756 credentium
2710 1700 2995 1774 praestita,

584 1785 642 1833 et
687 1777 747 1833 in
793 1777 1014 1854 refugio
1044 1781 1115 1837 ad
1163 1782 1349 1856 ipsum
1399 1802 1465 1838 ac
1508 1783 1634 1857 ejus
1679 1781 2019 1856 receptione,
2069 1780 2300 1855 respicit
2344 1779 2733 1836 remissionem
2780 1781 2998 1839 merito

585 1856 795 1914 Christi
813 1858 932 1933 jam
968 1860 1342 1934 impetratam,
1377 1861 1477 1917 sed
1521 1862 1708 1936 reipsa
1737 1860 1876 1917 mihi
1901 1860 2154 1917 credenti
2195 1858 2611 1936 applicandam.
2701 1858 2838 1929 Iste,
2887 1862 2995 1935 qni

580 1936 843 1994 consistit
873 1938 929 1994 in
960 1949 1091 1996 actu
1122 1940 1336 1997 reflexo
1387 1941 1537 2014 fidei,
1571 1951 1628 1997 et
1671 1941 1729 1996 in
1750 1939 2182 2014 justificationis
2213 1959 2401 2013 sensu,
2435 1938 2666 2014 respicit
2694 1939 2993 1996 remissio·

580 2034 728 2089 nem,
763 2025 825 2073 ut
845 2019 967 2092 jam
999 2019 1136 2075 mihi
1169 2021 1528 2095 applicatam.
1576 2020 1689 2078 Per
1717 2020 1879 2077 illum
1908 2019 2078 2076 credo
2107 2029 2342 2094 peccata
2362 2038 2490 2075 mea
2511 2017 2650 2074 mihi
2680 2019 2995 2076 remissum

577 2093 648 2150 iri
677 2095 748 2152 de
780 2096 986 2171 futuro,
1020 2099 1112 2155 vel
1144 2099 1214 2157 de
1239 2101 1504 2174 praesenti
1536 2101 1629 2156 hic
1659 2111 1716 2158 et
1745 2119 1895 2156 nunc
1926 2098 2154 2156 remitti.
2243 2099 2353 2156 Per
2381 2099 2551 2155 istum
2584 2117 2719 2155 vero
2747 2109 2999 2173 peccata

577 2175 717 2232 mihi
767 2176 825 2231 in
873 2178 1160 2253 praeterito
1181 2181 1303 2254 jam
1346 2181 1584 2237 remissa
1624 2201 1766 2237 csse.
1857 2178 2024 2236 Unde
2067 2177 2142 2235 ad
2191 2178 2558 2237 obtinendam
2588 2176 2997 2236 remissionem

575 2265 957 2328 peccatorum,
1012 2278 1125 2314 non
1171 2259 1354 2316 debeo
1398 2259 1628 2316 credere
1675 2270 1909 2334 peccata
1955 2258 2095 2314 mihi
2115 2259 2238 2334 jam
2287 2258 2540 2330 remissa,
2573 2265 2636 2314 ut
2682 2277 2992 2332 perperam

574 2333 740 2390 nobis
769 2335 1129 2411 impingunt;
1177 2339 1278 2396 sed
1321 2338 1502 2396 debeo
1546 2339 1776 2396 credere
1808 2347 2041 2414 peccata
2089 2337 2228 2394 mihi
2271 2336 2523 2395 credenti
2554 2345 2612 2394 et
2658 2338 3007 2412 poenitenti,-

565 2412 738 2488 juxta
807 2417 1240 2489 promissionem
1296 2418 1503 2476 factam
1562 2419 1928 2476 credentibus
1973 2426 2030 2475 et
2085 2417 2495 2493 poenitentibus
2552 2417 2876 2473 remissum*
2916 2419 2994 2477 iri

572 2493 905 2566 certissime,
954 2515 1082 2570 quae
1128 2508 1329 2572 postea
1374 2508 1502 2554 actu
1549 2497 1887 2555 secundario
1937 2506 1994 2555 et
2044 2497 2256 2555 reflexo
2286 2517 2360 2554 ex
2407 2515 2578 2554 sensu
2628 2495 2760 2554 fidei
2808 2498 2991 2555 credo

574 2570 716 2627 mihi
745 2591 870 2630 esse
901 2575 1154 2633 remissa.

654 2716 664 2726 ‚
1016 2720 1025 2731 .
1175 2653 1324 2714 VII.
1374 2658 1485 2713 llis
1534 2657 1755 2732 positis,
1801 2657 2043 2733 quaestio
2092 2678 2160 2714 eo
2206 2656 2370 2731 redit,
2426 2656 2522 2712 An
2572 2656 2870 2733 proprium
2922 2670 2987 2717 et

572 2714 1050 2819 Obdcgtugihgroggg
1093 2736 1419 2811 speeificum
1472 2737 1759 2813 objectum
1794 2736 1929 2794 fidei
1973 2737 2047 2794 sit
2095 2737 2399 2813 promissio
2442 2737 2707 2812 specialis
2756 2737 2985 2794 miseri—

630 2812 998 2886 promissionm'n
1095 2814 1303 2873 cordiae
1337 2817 1446 2873 Dei
1475 2817 1533 2873 in
1576 2816 1851 2873 Christo?
1891 2817 2057 2890 Quod
2087 2825 2303 2891 negant
2336 2816 2639 2890 Pontificii,
2674 2817 2793 2872 Nos
2824 2817 2985 2873 affir-

630 2891 853 2962 specialis
874 2894 1056 2936 miseri·
1097 2915 1336 2953 mamus.
1453 2896 1727 2953 Rationes
1785 2905 1933 2969 sunt,
2011 2900 2062 2953 1.
2115 2897 2263 2969 Quia
2330 2896 2484 2953 idem
2542 2905 2629 2953 est
2685 2896 2985 2971 objectum

630 2950 1045 3058 ῗξξῖιῗρῃῐξζοὲἷ
1087 2975 1220 3033 fidei
1271 2985 1328 3035 et
1385 2976 1711 3052 Evangelii,
1765 2976 2047 3051 siquidem
2086 2977 2209 3032 haec
2241 2996 2299 3032 se
2331 2976 2575 3033 invicem
2620 2976 2941 3051 respiciunt
2976 3000 2992 3049 ;

940 3044 949 3061 ⁹
1097 3056 1180 3113 At
1224 3058 1531 3131 Evangelii
1581 3056 1905 3131 subjectum
1940 3055 2229 3131 proprium
2275 3064 2331 3112 et
2374 3056 2698 3131 specificam
2729 3064 2817 3112 est
2847 3075 2985 3131 pro·

567 3134 766 3192 missio
797 3137 1061 3212 specialis
1106 3138 1509 3194 misericordiae
1557 3136 1615 3193 in
1666 3136 1911 3207 Christe,
1960 3135 2126 3192 Rom.
2169 3135 2205 3191 i.
2259 3138 2347 3207 16,
2413 3136 2552 3193 Joh.
2600 3135 2680 3191 iii.
2716 3138 2827 3208 163
2860 3156 2983 3193 non

571 3215 685 3271 alio
713 3216 925 3291 quippe
976 3216 1176 3289 tendit,
1229 3227 1399 3292 qu'am
1433 3226 1495 3273 ut
1542 3216 1830 3273 Christum
1864 3215 2199 3272 crucifixum
2231 3214 2396 3271 nobis
2450 3223 2727 3290 proponat
2759 3223 2820 3271 ut
2851 3215 2983 3273 Au-

568 3295 790 3351 thorem
833 3297 1034 3353 salutis
1065 3297 1329 3353 omnibus
1359 3296 1726 3352 credentibus
1756 3304 1812 3352 et
1861 3295 2288 3370 poenitentibus,
2322 3304 2492 3369 atque
2522 3294 2667 3351 adeo
2701 3294 2981 3352 Messiam

656 3412 698 3453 2.
740 3412 939 3456 AFidv.
1093 3384 1150 3432 et
1199 3375 1640 3449 Redemptorem
1699 3383 1956 3433 nost-rum
2002 3374 2046 3431 si
2098 3374 2401 3432 credimus.
2527 3379 2581 3431 2.
2635 3374 2781 3447 Quia
2831 3373 2983 3431 fides

1095 3454 1324 3527 respicit
1367 3455 1801 3529 promissionem
1846 3455 2063 3529 gratiae,
2117 3456 2200 3511 At
2243 3454 2427 3510 omnis
2471 3453 2773 3529 promissio
2802 3453 2979 3512 insert

571 3528 874 3603 specialem
907 3531 1345 3605 applicationem
1377 3543 1639 3608 respectu
1669 3554 1863 3592 eorum
1894 3534 2102 3609 quibus
2132 3534 2212 3590 fit.
2301 3533 2464 3591 Licet
2493 3534 2645 3590 enim
2674 3533 2732 3589 in
2763 3553 2979 3607 genere

569 3617 919 3683 proponatur
948 3612 1212 3669 cnmibus
1232 3612 1614 3688 credentibuS,
1640 3614 1774 3689 quia
1796 3623 1985 3671 tamen
2017 3614 2123 3671 sub
2153 3633 2360 3689 genere
2391 3613 2755 3671 continentur
2782 3614 2982 3670 omnia

571 3687 885 3761 individua,
939 3690 1199 3766 quisquis
1242 3692 1620 3768 apprehendit
1674 3694 2107 3768 promissionem
2165 3693 2487 3767 generalem
2545 3693 2617 3749 de
2674 3692 2979 3750 servandis

568 3769 835 3826 omnibus
866 3770 1230 3829 credentibus
1282 3782 1343 3830 ut
1376 3793 1585 3846 veram,
1620 3773 1792 3832 debet
1841 3773 2010 3832 etiam
2050 3792 2171 3829 eam
2204 3772 2314 3829 sibi
2343 3772 2630 3848 applicare
2669 3772 2729 3828 in
2759 3773 2974 3847 specie,

568 3849 615 3905 si
647 3850 820 3921 sentit
849 3870 909 3906 se
956 3871 1079 3907 esse
1110 3872 1181 3908 ex
1227 3852 1576 3911 credentium
1622 3874 1876 3910 numero,
1963 3854 2105 3910 Cum
2136 3873 2272 3908 vero
2302 3860 2523 3908 constet
2552 3851 2778 3909 fidelem
2800 3871 2977 3927 posse

565 3948 690 3986 esse
722 3938 937 3987 certum
968 3930 1038 3986 de
1070 3932 1180 3987 fide
1212 3954 1330 4005 sua,
1367 3943 1427 3990 ut
1470 3944 1670 4008 postea
1703 3934 2039 4009 probabitur
2056 3954 2093 4006 3.
2117 3932 2259 3987 nihil
2305 3932 2499 3989 obstat
2526 3931 2832 4006 quominus
2862 3931 2974 3989 rite

566 4018 625 4066 et
652 4008 907 4082 legitime
937 4011 1119 4085 possit
1149 4013 1256 4069 sibi
1303 4014 1734 4089 promissionem
1780 4013 2103 4088 generalem
2148 4011 2433 4087 applicare
2476 4023 2746 4086 tanquam
2790 4010 2865 4067 ad
2907 4031 2974 4067 se

567 4089 964 4163 pertinentem.
1054 4091 1179 4148 Imo
1223 4113 1350 4149 cum
1395 4093 1801 4169 promissiones
1843 4112 1957 4149 non
2001 4091 2174 4147 alium
2220 4092 2277 4147 in
2320 4091 2490 4147 finem
2521 4090 2662 4147 fiant
2702 4109 2874 4165 quam
2906 4102 2975 4148 ut

564 4167 927 4244 recipiantur,
961 4190 1159 4227 omnes
1188 4184 1244 4229 et
1275 4173 1486 4247 singuli
1518 4180 1758 4248 possunt
1788 4181 1844 4228 et
1873 4171 2086 4228 debent
2115 4191 2212 4228 eas
2242 4170 2350 4228 sibi
2375 4171 2681 4246 applicare.

1173 4251 1349 4308 V111.
1395 4258 1450 4309 3.
1497 4252 1645 4327 Quia
1690 4251 1833 4307 fides
1887 4254 2227 4309 Sanctorum
2257 4251 2540 4326 praecipue
2585 4268 2809 4325 semper
2849 4269 2972 4306 res-

1089 4330 1250 4405 pexit
1300 4332 1600 4406 specialem
1655 4331 2100 4387 miscricordiam
2148 4331 2206 4387 in
2265 4331 2510 4387 Christo.
2563 4329 2694 4387 Gal.
2754 4328 2810 4385 ii.
2870 4333 2975 4405 20,

1093 4409 1307 4467 Paulus
1350 4420 1592 4468 testatur
1634 4431 1693 4468 se
1724 4410 1953 4485 credere
1999 4410 2285 4469 Christum
2333 4430 2393 4467 sc
2424 4409 2699 4466 dilexisse
2729 4417 2787 4465 et
2814 4428 2975 4465 mor·

559 4501 722 4549 tuum
753 4510 877 4546 esse
908 4511 1009 4566 pro
1030 4509 1107 4561 se,
1140 4498 1197 4546 et
1215 4493 1240 4545 1
1266 4489 1412 4546 Tim.
1435 4491 1470 4547 i.
1503 4495 1590 4564 15,
1616 4491 1904 4549 Christum
1929 4491 2152 4547 venisse
2176 4490 2249 4547 ad
2272 4489 2588 4547 servandos
2612 4496 2972 4565 peccatoreS,

557 4587 801 4642 quorum
853 4570 926 4626 sit
955 4569 1189 4643 primus,
1221 4567 1328 4625 &e
1418 4569 1576 4626 Idem
1627 4571 1835 4645 passim
1868 4571 2164 4646 profitetur
2208 4570 2278 4625 de
2308 4568 2592 4643 fidelibus,
2635 4569 2804 4625 Rom.
2840 4568 2971 4627 viii.

564 4307 610 4351 3.
661 4308 740 4351 Ab
795 4307 1046 4364 Exemplis

654 4366 960 4409 Sanctorum.
