3221 5200
346 351 568 401 QUAEs‘r.
601 334 738 415 vm]
1266 355 1345 393 m:
1373 355 1624 395 rOEnnan
1653 354 1908 395 cns-rm.
2642 341 2755 399 195

337 493 685 552 curriculum
715 492 887 555 fluxit
914 495 986 553 ab
1017 495 1250 554 Adamo
1278 495 1353 553 ad
1380 495 1800 572 Abrahamum‚
1818 516 1935 573 quo
1963 504 2218 574 tempore
2242 496 2506 556 Foederis
2534 497 2752 558 Gratiae

336 593 577 647 summa,
609 573 967 634 brevissimis
996 576 1247 653 quidem,
1294 575 1397 634 sed
1437 584 1634 635 tamen
1670 576 2144 636 luculentissimis
2174 577 2605 655 Protevangelii
2647 598 2749 637 seu

333 653 729 712 Promis-sionis
760 655 971 730 primae
1014 657 1210 715 verbis
1256 656 1675 731 continebatur,
1730 658 1944 716 Genes.
1990 657 2071 715 iii.
2120 659 2211 732 15,
2255 659 2456 717 Samen
2496 658 2747 716 mulieris

332 743 579 792 conteret
603 744 776 809 caput
815 737 1117 811 Serpentis,
1161 736 1371 814 quibus
1398 737 1713 814 primorum
1745 736 2057 795 Parentum
2084 737 2230 796 fides
2256 738 2536 813 alebatur,
2580 739 2747 815 cujus

335 814 570 873 Oraculi
596 814 721 872 haec
749 814 859 874 fuit
886 817 1248 876 substantia:
1292 816 1669 875 Exoriturum
1712 816 2023 894 aliquando
2065 818 2334 894 aliquem,
2370 819 2470 894 qui
2499 838 2575 877 ex
2615 838 2743 895 per·

334 893 551 952 ditione
581 894 827 971 eriperet
854 915 970 971 eos,
1002 896 1345 972 quibuscum
1387 896 1575 955 foedus
1603 896 1748 955 inire
1778 897 2156 956 constituerat
2184 899 2364 972 Deus,
2404 897 2578 975 idque
2607 918 2742 957 con·

332 973 470 1032 trito
519 993 606 1049 ec,
659 975 827 1051 cujus
874 974 1075 1034 fraude
1123 976 1184 1034 in
1210 977 1360 1037 hanc
1387 977 1772 1035 calamitatem
1800 977 2138 1036 inciderant.
2223 977 2296 1035 In
2323 997 2440 1055 quo
2468 977 2749 1036 mirabilis

333 1052 445 1112 Dei
474 1054 867 1113 misericordia
913 1056 1117 1131 elucet,
1166 1055 1322 1133 quod
1365 1056 1617 1116 voluerit
1659 1056 1891 1116 Adamo
1939 1057 2255 1115 remedium
2297 1057 2499 1135 gratiae
2544 1058 2741 1117 statim

333 1153 652 1211 proponere
700 1133 776 1192 ad
823 1134 1038 1194 vulnus
1066 1156 1101 1194 a
1134 1136 1347 1195 Satana
1374 1145 1674 1213 acceptum
1704 1136 2041 1212 sanandum,
2071 1144 2139 1196 ut
2165 1136 2264 1196 ubi
2292 1157 2581 1197 venenum
2609 1156 2741 1215 pec-

338 1214 452 1273 cati
482 1214 681 1289 crevit,
732 1214 815 1272 ibi
844 1224 1107 1274 occurrat
1132 1216 1547 1309 ἑλιξιφαίςμικον
1572 1216 1791 1293 gratiae,
1840 1217 1999 1294 quod
2025 1217 2086 1275 in
2114 1218 2338 1276 Natura
2365 1237 2517 1295 saepe
2546 1217 2741 1276 obser-

330 1293 459 1351 vari
505 1302 710 1353 notant
759 1294 1014 1374 Physici,
1064 1297 1317 1356 maxime
1361 1317 1422 1354 m
1467 1297 1663 1356 Thora
1709 1305 1771 1357 et
1817 1297 2088 1357 Anthora
2114 1298 2242 1376 ejus
2269 1298 2531 1358 antidoto
2565 1298 2743 1377 juxta

331 1393 393 1432 se
421 1374 644 1451 positis.

413 1454 570 1512 XII.
615 1455 748 1513 Hoc
778 1453 1089 1515 Oraculum
1117 1456 1191 1516 ad
1221 1456 1512 1517 Christum
1541 1457 1865 1535 respexisse
1892 1477 1986 1517 res
2031 1457 2157 1535 ipsa
2184 1458 2412 1518 clamat.
2498 1457 2620 1518 Nec
2647 1457 2744 1517 hic

329 1553 623 1594 moramur
649 1535 805 1612 quod
836 1537 912 1594 V.
943 1537 1151 1606 Versio
1179 1558 1283 1615 pro
1312 1538 1492 1614 ipsum
1533 1537 1791 1615 reposuit
1818 1538 1959 1614 ipsa,
1990 1546 2055 1599 ut
2082 1538 2157 1597 ad
2187 1539 2257 1598 B.
2288 1537 2593 1616 Virginem
2621 1557 2742 1596 ma·

327 1613 538 1674 nifesta
559 1615 882 1692 corruptela
904 1616 1197 1693 referatur,
1226 1618 1392 1695 quasi
1414 1638 1518 1695 pro
1546 1636 1636 1678 tes-r
1662 1618 1972 1696 legendum
2002 1627 2156 1678 esset
2183 1643 2293 1695 κνῆ,
2324 1628 2391 1678 ut
2418 1620 2552 1677 dolo
2587 1618 2740 1677 malo

333 1694 530 1753 Guido
559 1695 861 1755 Fabricius
890 1697 1250 1757 Boderianus
1278 1698 1338 1756 in
1368 1699 1578 1758 Bibliis
1608 1699 1814 1776 Regiis
1842 1699 2305 1758 interlinearibus
2327 1698 2744 1776 Antuerpianis

329 1773 525 1834 locum
569 1794 930 1853 corrumpere
973 1787 1214 1837 conatus
1259 1787 1380 1855 cst;
1446 1799 1578 1837 cum
1623 1778 1914 1837 Pontificii
1957 1778 2069 1856 ipsi
2107 1779 2363 1837 saniores
2390 1779 2452 1836 vi
2479 1778 2744 1837 veritatis

329 1854 522 1914 adacti
569 1855 630 1914 id
678 1858 1037 1933 agnoverint,
1087 1867 1155 1917 ut
1201 1859 1510 1935 Paqninus,
1552 1859 1731 1918 Arias
1769 1860 2096 1934 Montanus,
2151 1860 2435 1933 Vatahlus,
2486 1859 2745 1932 Isidorus

332 1935 582 2010 Clarius,
628 1939 819 1995 Lucas
862 1939 1190 2015 Bruqensis,
1238 1948 1296 1997 et
1338 1938 1440 1996 alii
1480 1937 1800 2014 innumeri3
1866 1939 1946 1997 Et
1986 1946 2210 1998 constet
2236 1939 2348 1996 hoc
2376 1957 2504 1996 esse
2546 1947 2747 1998 contra

328 2014 606 2075 Codicum
636 2018 890 2076 omnium
918 2018 1289 2096 probatorum
1316 2018 1486 2077 fidem
1514 2041 1528 2095 3
1560 2028 1760 2078 contra
1781 2019 2211 2095 antiquissimas
2234 2017 2548 2078 Versiones
2570 2018 2741 2077 Chal-

327 2095 439 2155 daei
497 2096 915 2175 Paraphrastis,
960 2107 1019 2157 et
1062 2099 1285 2175 LXX3
1332 2107 1531 2157 contra
1570 2099 1899 2175 analogiam
1941 2098 2393 2176 grammaticam,
2451 2118 2580 2174 quae
2621 2117 2740 2157 non

325 2184 519 2254 potest
565 2178 703 2254 pati,
747 2187 813 2237 ut
859 2179 1167 2238 relativum
1215 2178 1574 2237 foemininum
1623 2179 1910 2238 tribuatur
1948 2179 2168 2237 nomini
2207 2177 2526 2237 masculino
2554 2198 2650 2252 zm,
2682 2185 2743 2236 et

327 2258 507 2316 verbo
536 2279 697 2318 aze-mn
726 2255 984 2334 ejusdem
1016 2259 1284 2336 generis3
1330 2268 1530 2317 contra
1569 2259 1653 2317 rei
1688 2267 1969 2333 naturam,
2001 2279 2131 2335 quae
2172 2258 2307 2317 huic
2336 2258 2598 2334 subjecto
2639 2257 2740 2317 tri·

325 2336 539 2413 buitur,
570 2359 701 2415 quae
728 2338 864 2396 talis
892 2348 997 2413 est,
1027 2348 1094 2398 ut
1114 2340 1268 2397 vires
1290 2340 1572 2397 humanas
1599 2338 1939 2415 simpliciter
1959 2347 2206 2416 superet,
2232 2337 2499 2396 contritio
2522 2337 2745 2396 scilicet

330 2418 627 2496 Serpentis
655 2418 877 2495 capitis,
909 2418 988 2478 id.
1019 2418 1332 2478 destructio
1360 2418 1586 2497 imperii
1618 2418 1889 2503 Satanici,
1921 2438 2050 2496 quae
2081 2418 2309 2477 Christo
2351 2417 2413 2475 in
2445 2417 2743 2496 Scriptura

321 2500 536 2577 passim
566 2499 911 2558 vindicatur.

407 2580 598 2639 XIII.
646 2580 759 2638 Per
784 2581 983 2639 Semen
1012 2599 1151 2658 ergo
1180 2581 1427 2640 ntulz‘eris
1454 2579 1908 2640 antonomastice
1937 2587 1996 2639 et
2027 2577 2420 2658 principaliter
2449 2576 2740 2637 Christum

320 2659 766 2737 intelligendum
797 2681 924 2721 esse
952 2661 1282 2739 colligitur3
1352 2665 1404 2720 1.
1438 2661 1586 2736 Quia
1614 2661 1749 2721 huic
1778 2681 1894 2719 non
1923 2661 2233 2738 opponitur
2252 2660 2410 2719 aliud
2444 2660 2652 2719 Semen
2675 2667 2742 2718 ut

323 2749 510 2817 antea,
536 2741 639 2799 sed
661 2741 1054 2819 Antagonista
1081 2742 1409 2819 singularis,
1433 2742 1571 2801 nim.
1606 2742 1872 2820 SerpenS,
1898 2742 2067 2819 cujus
2088 2749 2261 2819 caput
2288 2749 2411 2800 erat
2439 2749 2738 2799 conteren-

320 2820 458 2879 dum
488 2821 562 2879 ab
592 2822 702 2881 isto
735 2823 982 2898 Semine‚
1008 2831 1071 2882 ut
1098 2824 1371 2882 innuatur
1400 2822 1711 2899 singularis
1732 2821 1995 2900 quaedam
2021 2822 2458 2897 monomachia;
2505 2824 2560 2879 2.
2587 2820 2737 2896 Quia

323 2919 537 2976 pugnoe
565 2910 625 2959 et
648 2902 907 2960 victorias
950 2902 1155 2961 modus
1196 2904 1330 2961 talis
1358 2912 1464 2977 est,
1495 2912 1561 2961 ut
1600 2903 1818 2960 nemini
1846 2902 1958 2960 nisi
1991 2902 2116 2960 Deo
2166 2911 2490 2979 competere
2535 2901 2737 2978 possit,

326 2979 573 3037 victoria
620 2980 841 3039 scilicet
889 2981 1141 3056 Diaboli,
1192 2982 1293 3056 qui
1339 3002 1448 3040 nec
1495 2981 1569 3038 ab
1617 2982 1851 3040 homine
1885 2982 2010 3056 jam
2038 2982 2212 3056 vict0,
2244 3002 2350 3040 nec
2399 2981 2473 3039 ab
2502 2980 2740 3058 Angelo

327 3058 557 3131 aequali,
589 3058 691 3115 sed
732 3077 766 3115 a
808 3060 931 3116 solo
963 3060 1089 3116 Deo
1118 3060 1273 3117 vinci
1301 3061 1525 3136 potuit3
1571 3062 1629 3117 3.
1676 3060 1974 3135 Scriptura
2009 3061 2250 3117 eandem
2299 3060 2737 3137 promissionem

332 3135 583 3193 Seminis
604 3136 893 3195 benedicti
911 3137 1247 3194 Abrahamo
1276 3138 1487 3195 factam
1516 3137 1591 3194 ad
1616 3138 1908 3195 Christum
1936 3137 2127 3212 refert,
2161 3138 2294 3197 Gal.
2323 3139 2405 3196 iii.
2441 3141 2532 3213 16,
2565 3141 2601 3171 “
2619 3158 2736 3196 non

328 3215 488 3289 dicit,
548 3216 880 3291 seminibus,
933 3215 1100 3293 quasi
1148 3226 1341 3275 essent
1389 3217 1571 3292 plura,
1603 3216 1707 3274 sed
1756 3215 1991 3290 Semini,
2011 3287 2018 3292 ἶ
2037 3217 2192 3293 quod
2248 3224 2338 3275 est
2395 3217 2659 3275 Christus
2679 3218 2736 3292 ;''

323 3299 381 3354 4.
413 3295 648 3356 Oraculi
672 3296 840 3356 istius
861 3295 1120 3373 impletio
1143 3295 1202 3353 in
1221 3297 1294 3355 N.
1325 3297 1393 3355 Τ.
1416 3296 1634 3373 passim
1659 3296 1892 3355 Christo
1912 3296 2242 3355 vindicatur
2258 3297 2302 3355 J
2306 3297 2474 3355 ohan.
2501 3297 2603 3355 xii.
2623 3300 2696 3356 31
2721 3320 2735 3373 ;

319 3385 379 3436 et
408 3376 531 3436 xiv.
557 3379 652 3452 30,
687 3376 828 3435 Luc.
851 3398 911 3436 x.
947 3378 1039 3453 18,
1073 3376 1195 3436 Col.
1215 3376 1275 3436 ii.
1311 3378 1402 3452 15,
1437 3376 1591 3435 Heb.
1628 3375 1687 3435 ii.
1723 3379 1815 3453 14,
1853 3378 1944 3452 15,
1977 3377 2145 3436 Rom.
2165 3376 2288 3435 xvi.
2320 3379 2415 3455 20,
2451 3380 2481 3436 1
2514 3378 2732 3437 Johan.

319 3457 402 3516 iii.
434 3460 489 3531 8,
524 3457 711 3535 Apoc.
742 3457 844 3517 xii.
876 3459 931 3535 8,
965 3459 1021 3517 9.

403 3538 585 3597 XIV.
632 3538 894 3598 Christus
921 3546 1114 3597 autem
1143 3536 1493 3598 contriturus
1520 3537 1733 3597 dicitur
1758 3537 1948 3614 Caput
1965 3538 2266 3615 Ser-peritia,
2290 3547 2575 3618 quatenus
2597 3539 2734 3599 abo·

319 3618 438 3676 lere
488 3618 690 3679 debuit
736 3619 1102 3695 tyrannidem
1148 3627 1207 3677 et
1248 3627 1593 3696 potestatem
1637 3638 1864 3678 omnem
1908 3619 2144 3695 Diaboli
2184 3620 2272 3678 illi
2303 3641 2405 3699 per
2431 3630 2734 3698 peccatum

322 3698 532 3775 datam,
565 3720 693 3776 quae
723 3719 825 3777 per
852 3701 1041 3778 Caput
1071 3699 1366 3777 Serpentis
1397 3698 1749 3777 designatur,
1782 3708 1846 3758 ut
1874 3720 2161 3759 venenum
2190 3702 2474 3779 serpentis
2502 3711 2591 3760 cst
2631 3723 2733 3779 po·

321 3778 608 3838 tissimum
636 3780 695 3836 in
725 3779 929 3857 capite,
954 3800 1069 3856 quo
1096 3779 1236 3838 laeso
1265 3800 1333 3838 ac
1362 3780 1607 3838 contrito
1636 3800 1843 3839 nocere
1864 3780 2112 3857 amplius
2139 3802 2255 3840 non
2283 3790 2492 3858 potest.
2553 3782 2735 3858 Cujus

322 3859 684 3919 contritionis
713 3860 1040 3936 symbolum
1068 3869 1192 3918 erat
1218 3860 1310 3919 vis
1337 3859 1441 3918 illa
1479 3860 1721 3918 mirifica
1750 3860 1965 3919 Christi
1998 3861 2298 3939 discipulis
2326 3881 2616 3936 concessa,
2660 3861 2733 3920 de

319 3958 437 4015 qua
467 3939 610 3998 Luc.
640 3960 699 3997 x.
733 3942 825 4015 19,
861 3942 1072 3998 “Ecce
1114 3940 1189 3997 do
1217 3940 1387 3997 vobis
1428 3948 1774 4018 potestatem
1818 3940 2079 3998 calcandi
2110 3949 2402 4018 serpentes
2431 3950 2491 3999 et
2517 3940 2731 4016 scorpi-

320 4038 478 4094 ones,
511 4027 570 4078 et
599 4039 771 4097 supra
798 4039 1027 4078 omnem
1054 4019 1175 4077 vim
1216 4019 1450 4094 inimici,
1483 4028 1541 4079 et
1581 4019 1728 4077 nihil
1757 4039 1864 4078 vos
1906 4020 2079 4078 laedet
2102 4021 2158 4094 ;''
2203 4029 2260 4078 et
2301 4020 2459 4096 quod
2490 4019 2602 4097 piis
2630 4020 2730 4078 tri-

318 4099 533 4175 buitur,
567 4100 722 4158 Psal.
753 4100 867 4159 xci.
904 4103 994 4175 13,
1030 4101 1065 4132 “
1092 4100 1277 4176 Super
1303 4099 1562 4177 aspidem
1584 4108 1643 4157 et
1664 4098 1997 4157 basiliscum
2020 4099 2403 4174 ambulabis,'’
2428 4096 2537 4158 810.
2599 4099 2731 4158 Hoc

319 4199 458 4238 vero
487 4200 605 4239 non
634 4180 806 4239 simul
837 4188 895 4238 et
923 4179 1117 4255 semel,
1150 4180 1253 4238 sed
1281 4179 1458 4238 variis
1487 4179 1765 4256 gradibus
1807 4179 2130 4255 exequitur.
2217 4178 2411 4236 Primo
2446 4179 2503 4239 in
2529 4198 2588 4236 se
2627 4199 2731 4255 pro

318 4261 506 4320 nobiS.
591 4260 819 4319 Deinde
849 4261 907 4318 in
934 4261 1104 4336 nobis,
1136 4268 1195 4319 et
1220 4280 1324 4337 per
1350 4279 1459 4318 nos
1488 4279 1595 4317 sua
1621 4259 1856 4318 virtute.
1939 4261 2013 4316 In
2039 4279 2097 4316 se
2125 4260 2175 4316 1.
2208 4258 2321 4317 Per
2336 4259 2732 4320 lucar-nation-

319 4360 405 4398 em
434 4350 488 4399 et
511 4351 763 4415 mortem,
794 4360 899 4418 per
939 4361 1112 4417 quam
1155 4340 1236 4399 ita
1277 4339 1557 4398 satisfecit
1588 4338 1834 4416 justitiae
1865 4337 1977 4395 Dei
2017 4338 2367 4415 plenissime,
2399 4347 2458 4397 et
2498 4348 2736 4416 peccata

320 4428 518 4479 nostra
545 4420 823 4498 expiavit,
855 4429 920 4480 ut
949 4441 1115 4480 omne
1136 4422 1237 4499 jus
1266 4420 1573 4479 accusandi
1597 4419 1868 4494 deinceps
1885 4418 2148 4477 homines
2168 4419 2396 4478 Satanae
2416 4417 2735 4496 abstulerit,

324 4500 494 4558 “Per
522 4511 766 4560 mortem
812 4501 1100 4561 destruxit
1144 4521 1276 4559 eum
1319 4500 1419 4577 qui
1445 4499 1699 4559 habebat
1739 4497 2040 4575 imperium
2067 4499 2330 4575 mortis,''
2363 4498 2517 4558 Heb.
2546 4498 2606 4558 ii.
2641 4504 2734 4578 14,

328 4581 400 4636 15
425 4601 438 4654 ;
487 4582 522 4612 “
549 4582 915 4660 Principatus
942 4590 999 4641 et
1027 4589 1343 4659 potestates
1372 4581 1430 4637 in
1461 4599 1630 4639 cruce
1672 4577 1901 4656 publice
1931 4577 1992 4637 in
2032 4578 2386 4658 triumphum
2415 4579 2595 4657 egit,’'
2626 4582 2733 4641 Co·

314 4657 460 4718 loss.
491 4659 550 4719 ii.
585 4664 695 4740 153
762 4666 818 4724 2.
865 4662 979 4723 Per
1005 4661 1493 4723 Resurrectionem
1534 4670 1589 4719 et
1613 4659 2018 4737 Ascensionem,
2049 4659 2110 4721 in
2150 4681 2268 4739 qua
2307 4660 2495 4723 victor
2536 4662 2738 4722 mortis
