3221 5200
307 384 530 433 oumsr.
562 364 770 447 xviia]
995 386 1073 425 ns
1102 385 1333 429 orrrcro
1362 385 1600 427 cnmsrt
1630 385 2017 429 nnnmronio.
2598 374 2713 430 437

386 527 505 585 XI.
552 527 748 604 Atque
777 527 911 585 hinc
939 547 1054 585 non
1084 528 1325 587 obscure
1355 527 1664 605 colligitur,
1698 528 1850 603 Quid
1879 526 2246 587 statuendum
2277 527 2353 585 sit
2380 526 2452 585 de
2484 528 2712 587 Adora-

305 606 463 664 tione
493 607 722 666 Christo
751 607 947 665 debita
984 618 1042 666 et
1087 608 1159 666 de
1210 609 1539 683 Quaestione
1585 608 1798 666 celebri
1844 609 1997 666 circa
2040 608 2198 664 illam
2227 616 2403 665 mota.
2491 608 2639 665 Nam
2666 608 2717 666 si

303 687 586 762 particula
613 688 726 745 ista
756 687 968 746 limitat
1010 688 1335 765 subjectum
1377 688 1569 764 quoad
1610 687 2048 747 fundamentum
2077 696 2136 745 et
2163 687 2472 745 terminum
2502 688 2711 763 cultus,

306 773 365 823 et
392 767 673 824 rationem
702 765 1000 826 formalem
1046 778 1102 825 et
1146 768 1450 844 propriam,
1482 788 1597 843 qua
1641 767 2015 825 adorabilitas
2064 767 2339 842 competit
2385 766 2714 841 Mediatori,

306 854 459 903 recte
489 846 700 904 dicitur
723 846 1015 905 Christum
1037 867 1153 922 qua
1178 846 1558 905 Mediatorem
1580 867 1695 904 non
1720 867 1845 904 esse
1875 846 2250 920 adorandum,
2270 846 2409 921 quia
2432 846 2716 904 Mediatio

306 924 519 983 Christi
547 945 663 982 non
691 926 896 984 fundat
924 936 982 984 et
1009 926 1277 985 terminat
1303 927 1507 983 ultimo
1537 926 1927 984 adorationem
1957 933 2229 999 nostram,
2263 925 2365 983 sed
2394 926 2517 983 sola
2548 926 2714 983 Divi·

305 1004 473 1079 nitas,
499 1024 628 1081 quae
650 1005 785 1063 facit
807 1013 872 1063 ιιι
896 1006 1150 1064 Persona
1168 1006 1477 1085 &arogis-ov
1500 1006 1574 1064 sit
1594 1005 1923 1063 adorabilis,
1983 1004 2099 1063 Sed
2122 1005 2170 1062 si
2189 1004 2388 1062 eadem
2413 1005 2712 1081 particula,

306 1091 372 1141 ut
399 1103 515 1141 non
542 1104 672 1141 raro
700 1085 823 1143 fieri
872 1086 1034 1160 solet,
1066 1086 1300 1162 ponitur
1342 1086 1417 1143 ad
1461 1084 1899 1161 specificandam
1939 1104 2238 1160 personam
2270 1103 2398 1160 quae
2427 1084 2715 1159 adoratur,

311 1162 405 1219 vel
435 1163 772 1222 indicandas
800 1165 1051 1223 rationes
1079 1173 1137 1223 et
1164 1165 1399 1240 motiva,
1432 1165 1641 1241 quibus
1670 1164 2018 1239 impellimur
2046 1163 2120 1220 ad
2150 1165 2275 1239 ejus
2304 1163 2715 1238 adorationem,

312 1261 427 1298 non
455 1251 646 1319 potest
673 1244 872 1319 negari
903 1244 1192 1303 Christum
1223 1245 1333 1302 boc
1362 1253 1625 1321 respectu
1648 1263 1762 1319 qua
1787 1243 2165 1300 Mediatorem
2189 1262 2316 1300 esse
2339 1242 2716 1317 adorandum,

274 1322 450 1401 ‘quia
478 1330 536 1380 et
567 1323 820 1381 Persona
848 1323 1134 1398 adoratur,
1166 1333 1224 1382 et
1252 1324 1471 1382 motiva
1500 1324 1661 1381 varia
1689 1331 1962 1399 petuntur
1990 1322 2065 1379 ad
2094 1322 2220 1398 ejus
2243 1322 2460 1380 cultum
2491 1322 2564 1379 ab
2594 1322 2720 1398 ipsa

313 1400 686 1537 ffiegiatiOne,
717 1411 775 1460 et
823 1402 904 1460 ita
948 1403 1325 1479 intelligenda
1370 1412 1504 1461 sunt
1542 1403 1686 1477 loca,
1719 1422 1847 1478 quae
1893 1401 2208 1460 afferuntur
2252 1421 2355 1478 pro
2386 1400 2718 1459 adoratione

381 1499 411 1536 e
457 1480 669 1539 iatoris.

395 1560 549 1617 XII.
596 1561 756 1618 Nihil
785 1581 923 1619 vero
952 1560 1085 1619 inde
1130 1560 1383 1637 praesidii
1432 1562 1724 1620 Sociniani
1766 1561 1978 1618 habere
2008 1570 2250 1635 possunt
2278 1561 2351 1617 ad
2381 1580 2717 1637 oppugnan-

313 1639 447 1695 dam
477 1648 748 1698 aetcrnam
780 1639 994 1699 Christi
1023 1642 1329 1715 Deitatem,
1363 1662 1437 1699 ex
1466 1662 1533 1698 eo
1578 1640 1734 1717 quod
1764 1641 1812 1698 si
1842 1639 2112 1696 adoratur
2140 1660 2254 1715 qua
2285 1640 2590 1713 Mediator,
2623 1640 2720 1697 de·

314 1717 448 1776 beat
476 1718 701 1776 adorari
722 1740 836 1796 qua
858 1721 1046 1793 home,
1093 1741 1223 1778 cum
1244 1721 1572 1779 humanitas
1612 1719 1939 1777 includatur
1960 1719 2018 1774 in
2049 1727 2330 1793 conceptu
2361 1719 2719 1776 Mediatoris.

316 1797 465 1870 Quia
491 1798 627 1856 licet
656 1809 798 1857 totus
826 1799 1119 1858 Mediator
1144 1809 1203 1858 et
1244 1800 1554 1879 &Ategua-03
1596 1800 1671 1856 sit
1700 1797 2043 1869 adoranduS,
2078 1797 2154 1853 id.
2202 1797 2458 1855 Persona
2488 1797 2720 1871 Christi,

314 1896 445 1952 quae
475 1886 563 1935 est
591 1877 805 1954 divina,
838 1887 896 1937 et
923 1898 1026 1954 per
1047 1898 1404 1955 consequens
1426 1877 1737 1935 adorabilis
1761 1898 1775 1951 3
1820 1896 1935 1933 non
1953 1885 2144 1933 tamen
2170 1875 2364 1933 statim
2394 1885 2564 1933 totum
2596 1876 2721 1933 Me·

315 1956 570 2030 diatoris,
604 1977 705 2015 seu
748 1957 1024 2033 quicquid
1065 1958 1386 2033 ingreditur
1428 1956 1896 2015 constitutionem
1943 1956 2211 2012 Personae
2257 1953 2613 2030 Mediatoris,
2659 1963 2725 2013 ut

315 2036 392 2093 sit
420 2036 710 2113 objectum
738 2036 975 2095 formale
1005 2037 1213 2095 cultus.
1301 2035 1524 2095 Sufficit
1555 2055 1673 2092 non
1701 2053 1870 2110 posse
1899 2034 2123 2109 concipi
2153 2032 2552 2107 Mediatorem,
2585 2034 2723 2109 quin

317 2114 480 2173 Deus
508 2135 635 2172 esse
665 2123 986 2174 statuatur:
1033 2115 1230 2191 Atque
1257 2115 1339 2173 ita
1387 2123 1610 2173 tantum
1646 2113 1827 2185 abest,
1857 2121 1923 2171 nt
1951 2111 2150 2188 colligi
2177 2112 2378 2188 possit,
2410 2133 2528 2170 non
2555 2132 2725 2189 posse

316 2192 531 2251 Christi
556 2194 935 2253 Divinitatem
957 2213 1033 2251 ex
1055 2195 1181 2270 ejus
1202 2193 1535 2252 adoratione
1557 2192 1804 2269 probari,
1830 2191 1966 2268 quia
1987 2190 2258 2249 adoratur
2278 2210 2394 2268 qua
2415 2191 2722 2267 Mediator,

316 2278 383 2329 ut
400 2279 600 2330 contra
626 2292 703 2331 ex
731 2293 799 2331 eo
828 2273 1151 2331 necessario
1171 2272 1630 2331 concludendum
1661 2272 1736 2329 sit
1764 2290 1896 2329 eum
1925 2289 2051 2329 esse
2084 2271 2302 2347 Deum3
2334 2271 2472 2347 quia
2499 2270 2724 2328 Media-

314 2358 410 2409 tor
435 2371 551 2408 non
578 2359 770 2429 potest
797 2371 940 2428 esse,
973 2353 1114 2429 quin
1143 2352 1218 2411 sit
1248 2351 1425 2429 Deus,
1451 2360 1509 2411 et
1528 2370 1739 2410 nomen
1767 2370 1835 2408 ac
1863 2359 2176 2428 conceptus
2207 2350 2565 2425 Mediatoris,
2598 2351 2726 2428 ejus

320 2429 610 2489 Deitatem
638 2439 832 2507 ponat.

397 2509 588 2569 XIII.
632 2511 764 2569 Non
812 2519 1003 2589 potest
1050 2512 1250 2589 negari
1300 2511 1591 2571 Christum
1630 2531 1758 2570 esse
1786 2509 2141 2569 adorandum
2180 2530 2296 2586 qua
2323 2508 2728 2583 Mediatorem,

313 2589 472 2666 quod
512 2591 621 2650 hoc
642 2600 909 2669 respectu
937 2592 1012 2652 sit
1039 2592 1227 2651 minor
1250 2592 1438 2652 Patre.
1540 2590 1690 2666 Quia
1737 2612 1812 2649 ex
1860 2589 1962 2648 illa
1998 2590 2325 2649 minoritate
2374 2590 2729 2649 oeconomica

315 2669 511 2748 quoad
555 2672 773 2731 Munus
818 2680 876 2731 et
919 2672 1189 2750 Corporis
1227 2671 1696 2749 assumptionem,
1758 2671 1905 2729 nihil
1950 2669 2199 2728 decessit
2237 2671 2365 2748 ejus
2399 2670 2633 2745 Deitati,
2672 2680 2731 2728 et

319 2749 709 2810 adorabilitati
731 2752 1042 2812 essentiali.
1126 2753 1276 2811 Nam
1346 2752 1396 2811 si
1444 2752 1631 2811 sactus
1680 2760 1768 2810 est
1808 2750 1977 2808 nobis
2015 2748 2259 2826 ὅμοοίοσ-ιος
2307 2758 2572 2828 respectu
2612 2769 2730 2807 suae

321 2829 563 2904 Carnis;
624 2833 838 2891 mansit
866 2853 1091 2910 semper
1134 2832 1378 2910 ὅμωῦσ-ιος
1409 2832 1569 2890 Patri
1596 2838 1862 2908 respectu
1906 2850 2024 2888 suae
2070 2830 2426 2888 Divinitatis.

403 2909 582 2967 XIV.
669 2911 855 2969 Aliud
900 2921 989 2972 est
1043 2914 1307 2989 objectum
1345 2915 1599 2988 formale
1647 2911 2016 2984 adorationis,
2074 2909 2230 2986 quod
2278 2909 2340 2966 in
2369 2928 2430 2966 se
2473 2909 2732 2967 continet

320 2987 452 3063 ejus
481 3008 729 3064 causam,
762 2990 947 3048 Aliud
975 2993 1239 3066 objectum
1268 2991 1741 3063 considerationes,
1790 2991 1957 3066 cujus
2011 2989 2157 3047 ratio
2186 2987 2451 3065 quaedam
2487 2988 2734 3046 habetur

321 3065 385 3122 in
422 3066 774 3125 adoratione.
859 3069 1153 3127 Divinitas
1197 3078 1287 3128 est
1326 3071 1591 3148 primum,
1644 3068 1748 3126 sed
1807 3067 2157 3125 Humanitas
2202 3066 2538 3124 secundum.
2611 3066 2733 3124 Nec

322 3143 372 3202 si
410 3165 526 3202 una
553 3153 778 3204 tantum
821 3146 989 3205 detur
1027 3147 1286 3207 adoratio
1317 3149 1584 3206 Personae
1612 3145 1935 3226 θυινθςάπου,
1965 3154 2267 3221 propterea
2307 3143 2735 3202 confunduntur

324 3223 422 3280 vel
466 3233 837 3301 coaequantur
884 3225 1139 3286 Naturae.
1231 3227 1379 3285 Nam
1428 3235 1494 3285 ut
1551 3226 1708 3285 Unio
1762 3245 1878 3283 non
1933 3223 2232 3282 confundit
2289 3223 2556 3296 Naturas,
2628 3243 2735 3281 nec

325 3312 659 3362 naturarum
699 3305 977 3363 bonorem
1026 3314 1084 3364 et
1131 3306 1377 3384 gloriam
1431 3305 1492 3363 in
1539 3325 1657 3364 una
1699 3304 1914 3363 Christi
1971 3303 2225 3360 Persona
2248 3324 2262 3377 ;
2329 3302 2422 3359 Ita
2450 3301 2734 3360 Adoratio

326 3402 445 3441 non
490 3384 677 3462 magis
705 3384 1007 3444 confundit
1051 3389 1395 3460 naturas,'et
1421 3385 1698 3443 honorem
1739 3384 1858 3442 illis
1900 3382 2176 3458 debitum,
2220 3401 2394 3458 quam
2434 3380 2597 3454 fides,
2631 3381 2735 3440 sed

327 3470 392 3520 ut
433 3464 668 3540 respicit
711 3464 1002 3523 Christum
1030 3474 1096 3524 ut
1125 3467 1313 3524 Deum
1343 3474 1400 3524 et
1430 3464 1744 3523 Hominem
1787 3462 2057 3521 distincte
2087 3462 2147 3519 in
2175 3482 2291 3520 una
2321 3460 2594 3536 Persona,
2652 3462 2736 3520 ita

325 3541 529 3601 tribuit
569 3544 654 3601 illi
694 3544 1010 3603 secundum
1053 3554 1355 3622 utramque
1404 3553 1685 3616 naturam,
1730 3542 1886 3619 quod
1913 3542 2000 3599 illi
2029 3541 2320 3619 competit.

408 3622 554 3681 XV.
601 3624 765 3683 Licet
794 3625 1015 3683 Natura
1050 3625 1301 3683 humana
1329 3645 1430 3683 seu
1470 3625 1616 3682 Caro
1661 3622 1876 3681 Christi
1916 3641 2032 3679 non
2080 3621 2349 3680 adoretur
2388 3622 2502 3678 καθ’
2552 3623 2736 3694 ἑαυτὸν,

319 3722 434 3775 per
453 3703 710 3778 seipsam,
730 3724 836 3763 nec
865 3701 928 3762 δι’
947 3708 1130 3780 ἐαυτὸν,
1156 3715 1397 3781 propter
1422 3724 1495 3778 se,
1529 3704 1666 3779 quia
1694 3723 1824 3760 cum
1855 3702 1929 3760 sit
1960 3702 2249 3775 Creatura,
2282 3720 2398 3758 non
2430 3709 2518 3759 est
2546 3720 2647 3776 per
2677 3721 2739 3758 sc

333 3800 436 3837 seu
462 3789 668 3838 natura
697 3802 801 3840 sua
827 3783 1156 3858 adorabilis,
1190 3783 1317 3860 (πὰν
1343 3789 1397 3842 τὶ
1425 3788 1622 3841 κισ-τὶν
1651 3785 1705 3840 οὐ
1741 3785 2079 3861 πςοαυητὶι,
2111 3781 2300 3855 inquit
2356 3779 2740 3855 Epiphanius,

332 3859 471 3915 nihil
496 3869 745 3917 creatum
773 3870 852 3918 est
872 3864 1162 3920 adorabile
1185 3864 1228 3941 3)
1289 3864 1470 3920 Recte
1493 3873 1686 3920 tamen
1717 3861 1926 3917 dicitur
1955 3859 2179 3915 adorari
2210 3858 2267 3914 in
2297 3857 2461 3932 Λόγῳ,
2488 3876 2735 3932 quocum

332 3938 710 4013 personaliter
738 3947 826 3996 est
853 3941 1031 4014 unita,
1063 3950 1127 3998 ut
1156 3941 1433 3998 terminus
1481 3941 1780 3998 ultimatus
1809 3937 2159 3995 adorationis
2187 3956 2303 3993 non
2334 3937 2408 3992 sit
2439 3937 2603 4009 Car0,
2638 3935 2741 3993 sed

336 4016 555 4091 DeitaS,
588 4037 716 4092 quae
745 4037 861 4074 non
886 4019 1070 4076 solum
1101 4026 1189 4076 est
1216 4020 1507 4095 proprium
1554 4019 1842 4094 objectum
1874 4015 2242 4084 adorationiS,
2277 4014 2378 4071 sed
2401 4014 2573 4072 etiam
2603 4034 2742 4071 vera

335 4105 394 4155 et
434 4096 665 4173 propria
712 4097 840 4173 ejus
868 4117 1058 4171 causa,
1089 4107 1212 4156 tum
1254 4098 1472 4155 ratione
1506 4101 1746 4177 ὑπεροχῆς
1774 4104 1832 4153 et
1875 4093 2202 4170 Majestatis
2231 4092 2487 4167 infinitae,
2519 4093 2612 4151 cui
2639 4112 2744 4169 per

336 4196 397 4234 se
441 4176 700 4234 adoratio
743 4176 999 4250 debetur,
1052 4186 1175 4235 tum
1231 4176 1367 4252 quia
1409 4177 1595 4233 omnis
1635 4175 1887 4233 efficacia
1944 4172 2333 4246 mediationis,
2392 4181 2524 4230 utut
2587 4190 2743 4229 com·

339 4256 529 4313 munis
579 4256 654 4314 sit
694 4256 924 4332 utrique
951 4265 1189 4328 naturoe,
1221 4255 1294 4313 ab
1324 4275 1390 4313 ea
1410 4255 1638 4331 proprie
1669 4264 1727 4312 et
1756 4252 2112 4328 originaliter
2133 4261 2347 4309 manat.

417 4335 597 4393 XVI.
646 4336 708 4394 Si
737 4335 971 4412 quidam
990 4356 1066 4394 ex
1096 4335 1324 4394 Nostris
1352 4334 1642 4407 dixerunt,
1674 4332 2100 4390 Humam'tatem
2128 4352 2224 4388 seu
2256 4331 2502 4389 Carnem
2535 4330 2749 4388 Christi

336 4435 449 4472 esse
477 4417 824 4474 adorabilem
841 4440 864 4488 ,·
906 4435 1023 4472 non
1057 4436 1124 4473 eo
1155 4435 1326 4473 sensu
1354 4413 1705 4490 intelligunt,
1737 4411 1902 4488 quasi
1931 4420 2084 4469 esset
2112 4411 2400 4487 proprium
2433 4409 2742 4485 objectum,

337 4494 494 4569 quod
522 4494 580 4551 in
628 4515 688 4551 se
718 4503 776 4552 et
804 4515 905 4570 per
961 4514 1021 4553 se
1069 4495 1399 4554 terminaret
1427 4493 1861 4564 adorationem3
1924 4489 2038 4548 Sed
2089 4490 2425 4565 simpliciter
2462 4497 2748 4564 quatenus

335 4580 427 4630 est
458 4573 613 4631 Caro
652 4574 833 4647 Verbi,
866 4595 994 4651 quae
1024 4575 1084 4632 in
1112 4574 1309 4632 Verbo
1340 4584 1398 4632 ct
1439 4593 1569 4631 cum
1598 4572 1798 4629 Verbo
1843 4569 2128 4643 adoratur,
2167 4578 2232 4626 ut
2260 4570 2502 4626 innuant
2529 4568 2747 4626 cultum

339 4652 439 4728 qui
470 4652 698 4710 Christo
728 4653 899 4712 debet
927 4654 1204 4730 praestari,
1236 4674 1350 4712 non
1380 4651 1818 4729 discerpendum
1848 4669 1974 4708 esse
2004 4649 2064 4706 in
2093 4649 2283 4708 varias
2312 4648 2549 4726 specieS,
2580 4654 2750 4725 prout
