3221 5200
315 373 544 422 QuAEsr.
576 352 689 433 vn]
1189 372 1266 411 ne
1296 373 1547 413 rutnans
1576 374 1837 413 enum.
2625 361 2733 417 191

316 514 677 587 credentium,
709 512 853 571 citra
900 512 1209 572 discrimen
1261 515 1471 590 gentis,
1505 533 1699 588 sexus,
1731 523 1831 572 aut
1859 514 2047 574 aetatis
2075 521 2134 572 et
2162 513 2546 588 conditionis3
2591 516 2745 574 unde

319 594 537 670 saepius
566 592 975 651 universalitas
1016 593 1128 650 ista
1154 594 1525 670 restringitur
1552 594 1627 651 ad
1656 594 1955 653 credentes
1982 614 2056 651 ex
2086 595 2129 653 J
2132 593 2314 652 udaeis
2342 601 2401 651 et
2430 594 2738 669 Gentibus,

321 673 490 731 Rom.
521 672 602 730 iii.
634 675 730 744 22,
766 674 862 746 23,
911 680 969 730 et
997 692 1056 730 ιι.
1093 675 1182 748 12,
1217 673 1353 731 Αοι.
1386 693 1445 731 x.
1477 677 1572 748 43,
1599 680 1659 731 et
1687 673 1808 731 xiii.
1841 677 1937 748 43,
1989 674 2204 732 Johan.
2235 673 2315 730 iii.
2351 676 2442 732 16.
2531 675 2609 732 Et
2636 694 2736 732 na-

318 762 449 811 tura
476 751 924 828 promissionum
951 751 1062 810 hoc
1089 753 1363 828 postulat,
1396 773 1525 830 quae
1553 752 1669 811 fide
1698 762 1921 812 tantum
1952 753 2134 829 accipi
2155 762 2414 829 possunt,
2442 754 2634 811 Galat.
2655 753 2736 811 iii.

326 836 417 905 14,
452 832 619 889 Rom.
664 831 743 889 iv.
779 833 889 889 13:
932 839 993 889 at
1034 830 1180 890 fides
1227 852 1343 889 non
1390 840 1479 891 est
1522 833 1795 906 omnium,
1844 836 1879 890 2
1910 833 2116 891 Thess,
2167 832 2247 889 iii.
2279 836 2334 906 2,
2381 832 2484 891 sed
2512 841 2737 892 tantum

322 913 655 984 electorum,
687 911 802 968 Tit.
833 911 871 968 i.
906 913 958 984 l,
990 915 1046 968 2.
1132 912 1331 988 Atque
1359 912 1454 970 isti
1486 921 1622 970 sunt
1647 931 1849 970 verum
1878 920 1937 970 et
1963 911 2257 988 proprium
2285 911 2511 969 illarum
2541 912 2733 989 objec-

322 1000 463 1065 tum,
495 990 596 1067 qui
625 991 766 1047 Filii
780 991 1169 1065 promissionis
1196 998 1499 1067 propterea
1526 991 1813 1064 dicuntur,
1847 992 2015 1048 Rom.
2047 991 2127 1048 ix.
2159 993 2212 1065 6,
2247 995 2301 1065 7,
2334 989 2442 1048 Sto.

405 1070 631 1128 XXX.
678 1070 799 1127 Nee
828 1069 943 1127 dici
970 1078 1162 1146 potest
1211 1070 1631 1129 Promissiones
1680 1070 1913 1146 quidem
1957 1069 2314 1129 universales
2355 1089 2482 1128 esse
2511 1090 2612 1146 per
2654 1091 2733 1145 se,

325 1159 384 1209 et
410 1169 487 1208 ex
514 1149 830 1207 intentione
863 1149 990 1222 Dei,
1042 1159 1328 1226 quatenus
1377 1150 1538 1208 Deus
1564 1151 1695 1208 vult
1737 1150 1884 1208 serio
1913 1169 2112 1208 omnes
2141 1149 2361 1208 servari
2387 1157 2446 1207 et
2472 1148 2548 1207 ad
2575 1150 2737 1227 agni·

324 1229 540 1287 tionem
567 1228 831 1287 veritatis
858 1229 1093 1303 venire3
1143 1229 1260 1288 Sed
1306 1229 1465 1306 quod
1510 1249 1629 1286 non
1677 1249 1877 1287 omnes
1905 1249 2003 1287 eas
2031 1229 2346 1304 obtineant,
2378 1228 2440 1286 id
2468 1228 2592 1286 fieri
2632 1249 2736 1305 per

326 1308 611 1382 accidens,
664 1318 896 1385 propter
936 1309 1215 1366 malitiam
1262 1317 1323 1368 et
1364 1309 1825 1368 incredulitatem
1852 1309 2166 1382 hominum,
2198 1309 2299 1385 qui
2327 1308 2741 1367 contumaciter

326 1388 606 1446 resistunt
640 1387 879 1464 Spiritui
912 1388 970 1446 S.
1002 1397 1061 1446 et
1089 1389 1215 1464 ejus
1244 1389 1633 1465 operationem
1663 1387 1999 1465 impediunt.
2046 1388 2194 1462 Quia
2222 1388 2367 1446 falso
2397 1388 2739 1465 supponitur

329 1468 518 1526 Deum
569 1467 717 1525 serio
745 1467 1042 1526 intendere
1072 1468 1326 1534 omnium
1356 1469 1617 1542 salutem,
1670 1467 1828 1544 quod
1875 1467 1990 1526 dici
2034 1468 2235 1544 nequit
2276 1468 2348 1526 de
2375 1467 2448 1525 iis
2476 1487 2623 1543 quos
2663 1466 2738 1525 ab

328 1555 543 1606 aeterno
588 1546 936 1623 reprobavit,
984 1555 1041 1605 et
1088 1548 1300 1624 quibus
1348 1568 1455 1606 nec
1486 1548 1891 1624 Evangelium,
1921 1568 2028 1606 nec
2057 1548 2229 1605 fidem
2258 1547 2386 1605 vult
2415 1546 2733 1623 indulgere,

326 1627 452 1685 sine
481 1626 692 1702 quibus
719 1646 826 1684 nec
852 1627 1155 1703 promissio
1182 1636 1373 1704 potest
1400 1628 1691 1704 cognosci,
1722 1647 1828 1686 nec
1857 1627 2051 1704 recipi.
2135 1631 2190 1685 2.
2238 1626 2402 1684 Licet
2429 1646 2630 1684 verum
2661 1627 2737 1684 sit

328 1705 591 1764 homines
619 1706 882 1764 resistere
930 1706 1167 1782 Spiritui
1213 1709 1442 1782 Sancto,
1488 1717 1547 1766 et
1573 1709 1701 1785 ejus
1729 1727 1874 1784 opus
1901 1705 2211 1783 impedire3
2259 1706 2390 1764 Non
2418 1706 2609 1764 minus
2637 1724 2735 1762 ve-

330 1805 459 1843 rum
503 1794 608 1859 est,
655 1785 810 1862 quod
859 1806 975 1844 non
1023 1786 1289 1845 omnibus
1340 1787 1501 1845 Deus
1529 1795 1763 1864 praestet
1791 1786 1948 1844 illam
1979 1786 2239 1878 gratiam,
2272 1804 2387 1861 qua
2415 1784 2739 1842 resistentia

331 1864 522 1922 cordis
551 1863 801 1939 tollatur,
831 1873 890 1923 et
916 1865 1025 1923 hoc
1053 1885 1180 1924 esse
1210 1866 1424 1924 donum
1454 1866 1702 1943 speciale
1733 1866 1862 1939 Dei,
1894 1866 2063 1923 Matt.
2095 1864 2217 1923 xiii.
2253 1867 2344 1940 11,
2378 1864 2546 1922 Rom.
2570 1863 2652 1922 xi.
2678 1867 2732 1936 7,

329 1944 484 2020 quod
512 1944 751 2020 proinde
780 1944 1176 2020 promissionis
1204 1945 1696 2004 universalitatem
1726 1945 1894 2004 tollit.

411 2024 670 2082 XXXI.
716 2024 994 2098 Quamvis
1022 2025 1429 2101 promissiones
1457 2024 1761 2083 foederales
1788 2045 1903 2082 non
1933 2024 2049 2082 sint
2076 2021 2339 2082 absolute
2362 2022 2735 2096 universales,

329 2123 445 2161 non
473 2103 753 2162 evertitur
778 2113 1080 2180 propterea
1104 2103 1540 2162 fundamentum
1570 2104 1995 2176 consolationisi,
2027 2112 2085 2161 et
2113 2102 2315 2160 salutis
2338 2101 2639 2177 certitudO,
2670 2120 2740 2160 eo

331 2183 486 2258 quod
534 2203 569 2241 a
611 2183 942 2259 particulari
988 2183 1148 2241 nulla
1191 2183 1268 2242 sit
1314 2184 1478 2241 firma
1507 2183 1789 2242 collectio,
1876 2183 2025 2256 Quia
2051 2202 2216 2241 suam
2243 2181 2738 2240 universalitatem

331 2283 556 2340 semper
596 2263 811 2321 habent
858 2271 1123 2339 respectu
1171 2263 1427 2322 omnium
1470 2261 1860 2336 credentium3
1905 2282 2020 2338 quo
2047 2270 2313 2338 respectu
2341 2261 2523 2318 solide
2551 2269 2742 2337 potest

332 2351 734 2436 argumentum
759 2343 894 2401 duci
915 2342 990 2400 ad
1012 2343 1463 2401 consolationem
1486 2341 1841 2400 credentium
1864 2362 1968 2418 per
1985 2340 2386 2417 syllogismum
2448 2341 2741 2416 ramicum,

334 2423 501 2499 cujus
528 2423 713 2500 major
740 2421 1056 2480 fundatur
1039 2442 1099 2478 ιιι
1133 2422 1444 2498 Scriptura,
1474 2422 1663 2479 minor
1690 2420 1892 2479 nititur
1919 2420 2249 2479 testimonio
2279 2420 2448 2478 Cor
2455 2441 2482 2478 s
2511 2418 2747 2478 creden

336 2501 428 2575 tis,
458 2502 569 2560 hoc
596 2510 797 2580 pacto.
830 2501 1248 2560 Promissiones
1268 2501 1576 2578 Evangelii
1605 2501 1680 2558 ad
1703 2521 1900 2559 omnes
1923 2509 1981 2559 et
2005 2499 2267 2577 singulos
2294 2500 2592 2558 credentes
2620 2519 2746 2575 per·

334 2581 553 2657 tinent,
626 2582 711 2640 At
739 2602 850 2659 ego
878 2581 1083 2656 credo;
1157 2582 1317 2659 Ergo
1345 2582 1418 2641 ad
1460 2603 1551 2641 me
1594 2581 1767 2641 etiam
1795 2581 2101 2658 pertinent.
2185 2583 2241 2640 2.
2286 2580 2535 2639 Tantum
2565 2579 2746 2654 abest,

333 2671 399 2720 ut
426 2682 530 2739 per
555 2662 999 2740 promissionum
1028 2628 1352 2722 absolutam
1380 2662 1891 2735 universalitatem,
1917 2661 2234 2720 consolatio
2253 2660 2525 2736 firmetur,
2558 2668 2622 2718 ut
2649 2679 2747 2737 po·

336 2742 452 2800 tius
481 2751 787 2801 enervetur
813 2752 872 2802 et
899 2742 1291 2802 labefactetur.
1378 2743 1526 2818 Quia
1567 2762 1700 2801 cum
1729 2763 1803 2801 ex
1851 2707 1953 2800 illa
1991 2741 2300 2819 hypothesi
2342 2740 2751 2819 promissiones

332 2822 660 2899 pertineant
680 2823 755 2880 ad
783 2822 983 2881 fideles
1012 2831 1070 2881 et
1097 2823 1360 2882 infideles
1382 2824 1725 2901 promiscue,
1747 2822 2075 2897 salvandOS,
2107 2830 2166 2881 et
2193 2821 2568 2896 damnandos,
2589 2819 2752 2877 nulla

337 2901 748 2959 consolationis
777 2902 1055 2976 soliditas,
1088 2910 1146 2961 et
1174 2903 1377 2961 salutis
1406 2902 1690 2962 certitudo
1719 2902 1814 2961 hic
1836 2923 1962 2961 esse
1992 2911 2198 2979 potest.
2265 2901 2568 2974 Quodnam
2597 2899 2751 2957 enim

338 2980 748 3037 consolationis
776 2979 1212 3114 {undamentum
1230 3000 1356 3039 esse
1383 2990 1576 3058 potest
1602 2981 1665 3037 in
1693 3001 1779 3054 ec,
1810 2981 1967 3057 quod
1995 2979 2295 3039 servandis
2324 2987 2382 3037 et
2410 2978 2752 3037 damnandis

340 3066 430 3114 est
457 3076 760 3115 commune

425 3135 720 3193 XXXII.
766 3135 994 3193 Calvini
1037 3155 1153 3193 non
1195 3137 1368 3194 aliam
1409 3157 1444 3195 a
1485 3137 1779 3194 communi
1815 3145 1874 3195 et
1915 3145 2147 3212 recepta
2176 3137 2461 3194 sententia
2502 3143 2752 3193 mentem

340 3214 521 3274 fuisse
550 3213 867 3272 clarissime
916 3233 990 3272 ex
1020 3214 1196 3272 variis
1244 3217 1371 3292 ejus
1413 3215 1645 3291 scriptis
1688 3214 1997 3291 colligitur,
2041 3223 2107 3273 ut
2147 3223 2347 3272 contra
2382 3214 2573 3290 Pighi,
2619 3232 2753 3289 pag.

340 3298 477 3354 307.
567 3297 602 3326 “
633 3292 802 3351 Νιιιιο
821 3293 1005 3370 jactet
1029 3293 1273 3370 Pighius
1303 3293 1491 3353 Deum
1521 3293 1673 3352 velle
1696 3312 1895 3353 omnes
1924 3294 2118 3352 salvos
2146 3292 2286 3368 fieri,
2312 3313 2443 3351 eum
2470 3312 2542 3350 ne
2565 3300 2754 3349 exter·

338 3395 416 3433 na
442 3373 678 3452 quidem
707 3372 984 3432 doctrinae
1011 3372 1362 3451 praedicatio,
1407 3393 1537 3450 quae
1584 3372 1836 3450 Spiritus
1877 3373 2294 3432 illuminatione
2321 3373 2494 3450 longe
2523 3370 2757 3430 inferior

339 3464 446 3530 est,
478 3454 748 3514 omnibus
778 3453 855 3512 sit
895 3453 1275 3512 communis.’'
1364 3453 1443 3511 Et
1484 3473 1619 3531 pag.
1671 3454 1806 3511 706.
1895 3455 1931 3486 ‘⁴
1963 3453 2027 3512 Si
2070 3453 2339 3512 omnibus
2387 3462 2581 3511 notam
2625 3470 2752 3509 esse

338 3534 589 3594 voluerit
618 3553 780 3592 suam
810 3532 1187 3607 voluntatem,
1232 3553 1335 3592 cnr
1364 3533 1582 3609 Legem
1626 3552 1788 3591 suam
1816 3553 1933 3592 non
1973 3533 2293 3610 publicavit
2320 3533 2609 3609 gentibue,
2655 3551 2757 3589 eur

336 3615 614 3673 inclusam
648 3612 832 3671 tenuit
861 3612 920 3670 in
949 3614 1235 3690 augustiis
1277 3613 1413 3671 vitae
1455 3613 1643 3672 lucem
1663 3613 1739 3671 ?''
1825 3614 1904 3671 Et
1930 3634 1985 3691 p.
2019 3615 2154 3671 719.
2242 3618 2277 3646 “
2298 3614 2453 3673 Dum
2483 3611 2753 3671 omnibus

339 3693 865 3752 reconciliationem
904 3692 1095 3751 offerri
1144 3693 1292 3767 dice,
1340 3713 1457 3752 non
1505 3693 1587 3751 ita
1615 3692 1855 3771 accipio,
1901 3693 2067 3771 quasi
2095 3694 2169 3752 ad
2198 3713 2396 3753 omnes
2425 3693 2613 3771 gratia
2653 3690 2755 3748 illa

340 3773 684 3849 pervenerit,
731 3792 847 3849 qua
894 3772 1173 3832 mundum
1223 3773 1334 3831 sibi
1378 3774 1709 3832 reconciliet
1761 3774 1978 3848 Deus,''
2030 3772 2138 3832 Sto.
2243 3774 2323 3832 Et
2376 3774 2548 3851 paulo
2603 3778 2751 3847 post.

343 3855 379 3884 ‘⁴
410 3853 526 3911 Cur
573 3872 689 3910 non
735 3852 1002 3911 omnibus
1045 3852 1438 3911 indifferenter
1473 3853 1773 3929 praedicari
1816 3853 2201 3931 Evangelium
2242 3853 2316 3911 ab
2343 3853 2507 3910 initio
2550 3849 2752 3907 mundi

341 3931 530 3990 voluit
547 3936 577 3990 ⁴?
632 3932 747 3990 Cur
768 3939 855 3990 tot
884 3931 1094 3990 seculis
1121 3940 1240 3991 tam
1269 3933 1480 3991 multas
1508 3941 1713 4025 gentes
1734 3952 1921 3991 errare
1950 3933 2011 3989 in
2038 3932 2240 3991 mortis
2267 3931 2520 3990 tenebris
2547 3947 2753 4005 passus

342 4019 431 4070 est
452 4012 527 4070 ?'’
613 4011 781 4084 Quod
810 4011 1110 4070 confirmat
1136 4031 1286 4089 resp.
1330 4011 1406 4069 ad
1432 4012 1593 4071 artic.
1630 4016 1680 4087 1,
1714 4011 1947 4070 Castali.
2035 4013 2071 4044 ‘⁴
2101 4010 2403 4085 Quomodo
2435 4010 2594 4067 Deus
2624 4007 2752 4065 vult

340 4111 540 4150 omnes
570 4091 762 4149 salvos
783 4090 926 4166 fieri,
951 4111 1067 4149 non
1090 4091 1262 4149 anxie
1285 4091 1714 4168 disputandum,
1736 4091 1872 4167 quia
1897 4091 2022 4149 haec
2045 4090 2159 4148 duo
2181 4090 2330 4148 inter
2352 4109 2413 4148 se
2442 4088 2748 4160 cohaerent,

341 4171 516 4245 salus,
549 4179 607 4230 et
635 4170 890 4246 cognitio
918 4171 1220 4230 veritatis.
1249 4191 1401 4230 nunc
1423 4171 1725 4249 responde,
1762 4170 1824 4229 Si
1854 4170 2040 4229 voluit
2070 4170 2229 4228 Deus
2258 4189 2421 4227 suam
2449 4167 2750 4225 veritatem

341 4251 608 4309 omnibus
636 4249 1031 4325 innotescere3
1079 4252 1196 4309 Cur
1235 4250 1310 4309 ad
1336 4260 1424 4309 tot
1464 4260 1669 4327 gentes
1710 4270 1785 4308 ex
1812 4270 1928 4326 quo
1955 4249 2309 4327 promulgari
2349 4248 2518 4325 caepit
2557 4247 2751 4304 Evan

342 4331 576 4406 gelium,
608 4350 903 4406 nunquam
933 4330 1261 4406 pervenerit
1286 4350 1431 4408 pura
1458 4331 1587 4407 ejus
1616 4330 1875 4389 veritas?
1967 4328 2191 4388 Deinde
2221 4349 2323 4386 eur
2350 4347 2466 4385 non
2495 4324 2750 4384 omnium

342 4410 541 4468 oeulos
568 4429 834 4486 peraeque
863 4410 1167 4487 aperuerit,
1199 4410 1431 4487 quando
1461 4410 1698 4469 interior
1730 4408 1977 4486 Spiritus
1999 4408 2360 4501 illuminatiO,
2381 4427 2496 4483 qua
2523 4406 2754 4464 nonnisi

341 4507 558 4564 paucos
587 4488 876 4565 dignatur,
909 4489 982 4547 ad
1002 4489 1177 4549 fidem
1206 4490 1530 4550 necessaria
1558 4498 1647 4548 est
1670 4490 1736 4548 ?''
1785 4488 1936 4548 Vide
1968 4490 2113 4548 Inst.
2143 4488 2182 4547 l.
2213 4487 2292 4546 iii.
2324 4508 2373 4547 c.
2405 4491 2499 4562 22,
2532 4506 2577 4545 s.
2609 4490 2664 4562 2,
2696 4495 2754 4544 et

344 4587 394 4625 c.
426 4572 520 4643 24,
553 4588 598 4626 s.
635 4571 725 4645 15,
758 4578 816 4627 et
845 4569 904 4627 in
938 4573 966 4627 1
1000 4569 1194 4628 Tim.
1178 4569 1238 4628 1i.
