3221 5200
297 369 525 418 QUAEs‘r.
557 347 648 428 x.]
1228 366 1306 405 nr:
1335 365 1586 405 rmosna
1616 366 1878 406 omnm.
2589 357 2700 410 221

299 509 377 568 ad
403 509 563 587 ipsos
589 506 777 566 redire
806 508 1105 584 potuisset,
1133 507 1180 564 si
1210 507 1333 565 haec
1363 506 1642 565 beneficia
1677 517 1809 584 post
1852 508 2034 566 multa
2080 508 2308 567 demum
2361 511 2555 568 secula
2603 512 2715 587 piis

298 589 402 666 qui
450 588 663 647 victuri
711 597 905 647 essent
954 588 1061 646 sub
1109 587 1278 645 Novo
1326 583 1699 646 Testamento
1747 587 2094 646 eonferenda
2139 588 2412 648 fuerunt.-
2474 591 2719 649 Frustra

300 669 477 728 etiam
505 668 754 743 additur,
786 688 901 726 non
931 667 1130 744 negari
1153 667 1630 744 justificationem
1660 667 1855 726 datam
1887 668 2173 742 Patribus,
2200 669 2303 726 sed
2332 678 2555 728 tantum
2586 690 2714 728 eam

292 748 768 827 justificationem
797 768 926 824 quae
963 748 1030 806 fit
1077 756 1310 823 propter
1358 748 1701 805 solutionem
1749 759 1883 807 actu
1933 749 2265 823 praestitam.
2352 749 2501 822 Quia
2545 770 2714 808 nemo

303 836 480 905 negat
508 829 681 887 talem
711 828 1131 886 absolutionem
1161 835 1509 885 reservatam
1541 848 1667 886 esse
1699 829 1868 885 Novo
1897 829 2288 886 Testamenta
2375 830 2453 888 Et
2488 830 2537 888 si
2566 831 2713 889 nihil

306 909 467 967 aliud
495 907 829 981 intenditur,
862 907 1028 966 facile
1058 917 1181 966 tota
1207 907 1281 964 lis
1330 908 1597 984 componi
1646 908 1858 983 poterit
1883 930 1896 967 :
1965 908 2079 966 Sed
2128 917 2510 984 praeterquam
2558 910 2717 986 quod

303 988 558 1047 alienum
607 998 695 1046 est
744 989 817 1046 ab
867 1008 976 1046 usu
1031 988 1356 1062 Seriptnroe,
1402 987 1837 1064 justificationis
1883 1007 2082 1045 vocem
2130 1009 2199 1046 eo
2251 1009 2424 1047 sensu
2471 1008 2714 1065 sumere,

303 1068 549 1146 quaestio
578 1088 804 1143 semper
830 1076 1099 1141 recurret,
1133 1069 1232 1124 An
1260 1068 1521 1125 remissio
1544 1067 1687 1144 ipsis
1716 1066 1850 1124 data
1870 1068 2127 1143 plenaria
2154 1088 2268 1125 non
2298 1068 2472 1127 fuerit
2498 1079 2556 1128 et
2584 1091 2717 1147 pro-

305 1149 428 1224 prie
457 1148 612 1207 dieta
640 1146 833 1225 ἔφεσις,
868 1148 965 1205 An
994 1155 1217 1206 tantum
1248 1148 1495 1224 speciem
1526 1151 1770 1228 ragio-105
1799 1147 2107 1205 habuerit?

322 1282 345 1305 ³-
534 1283 544 1293 ,
746 1282 757 1294 ,
916 1228 1106 1285 XIII.
1152 1227 1381 1301 Quinte,
1407 1238 1690 1304 repugnat
1710 1236 1932 1285 namroe
1953 1228 2122 1284 Fidei
2137 1227 2521 1306 JustvficantiS,
2545 1249 2719 1305 quam

315 1297 362 1325 ‘³‘
394 1281 781 1385 Ezfggggusn-
836 1308 1038 1366 Patres
1083 1308 1425 1366 habuerunt.
1529 1310 1674 1366 Cum
1721 1307 1871 1364 enim
1921 1307 2284 1383 potissimum
2330 1309 2608 1367 consistat
2655 1310 2716 1367 in

646 1375 657 1394 ’
833 1387 1088 1446 fiduciali
1127 1387 1578 1464 apprehensione
1608 1395 1668 1446 et
1709 1387 2091 1463 applicatione
2125 1387 2369 1463 justitiae
2400 1388 2614 1446 Christi
2655 1399 2715 1448 et

308 1465 719 1525 satisfactionis
773 1467 900 1544 ejus
956 1467 1401 1544 perfectissimae,
1454 1468 1577 1525 sive
1617 1476 1682 1526 ut
1729 1468 1851 1544 jam
1910 1467 2197 1544 praestitae,
2241 1468 2364 1525 sive
2405 1476 2471 1525 ut
2513 1468 2722 1526 infalli-

306 1546 502 1604 biliter
540 1547 898 1623 praestandae,
931 1567 1103 1624 quam
1142 1549 1399 1623 sequitur
1426 1568 1541 1623 pax
1570 1567 1701 1604 eum
1747 1548 1890 1621 Deo,
1923 1549 2166 1625 παῤῥησιᾍι
2207 1547 2281 1605 ad
2329 1547 2516 1624 ipsum
2560 1569 2720 1606 acee-

310 1625 507 1700 dendi,
552 1626 939 1703 tranquillitas
988 1628 1370 1701 conscientiae,
1423 1637 1482 1684 et
1538 1627 1725 1684 solida
1766 1629 2082 1684 consolatio
2125 1627 2186 1684 in
2228 1628 2350 1685 vita
2391 1636 2450 1684 et
2497 1637 2719 1703 morte;

311 1705 537 1781 concipi
573 1725 687 1764 non
730 1715 938 1784 potest,
985 1727 1100 1783 qno
1142 1707 1329 1779 modO,
1361 1707 1461 1783 qui
1504 1706 1605 1764 tali
1649 1706 1762 1764 fide
1801 1706 2077 1782 praeditus
2104 1714 2210 1779 est,
2240 1707 2425 1782 possit
2453 1707 2568 1763 dici
2596 1727 2724 1765 esse

311 1784 502 1842 adhuc
547 1785 654 1843 sub
700 1796 862 1845 reatu
901 1796 959 1845 et
1003 1787 1353 1844 conscientia
1395 1786 1635 1863 peccati,
1681 1797 1739 1844 et
1788 1786 1896 1842 sub
1934 1787 2297 1844 execratione
2347 1785 2540 1860 Legis.
2645 1788 2724 1844 Et

310 1863 519 1921 durum
560 1865 791 1924 videtur
830 1877 888 1925 et
932 1885 1134 1942 parum
1175 1876 1625 1923 consentaneum
1666 1866 1865 1940 gratiae
1907 1866 2017 1922 Dei
2062 1865 2204 1941 ipsis
2231 1865 2487 1940 indultae,
2521 1864 2579 1922 in
2607 1886 2725 1941 qua

307 1944 481 2002 toties
509 1944 829 2021 gloriantur
857 1955 915 2005 et
952 1946 1230 2018 exultant,
1257 1945 1338 2002 ita
1366 1945 1437 2002 de
1457 1945 1596 2020 ipsis
1617 1946 1846 2002 sentire.
1891 1944 2312 2021 Expendantur
2337 1945 2432 2002 hie
2457 1946 2724 2021 exempla

312 2024 649 2100 Abrahami‚
689 2026 918 2100 Jacobi,
949 2025 1109 2099 Jobi,
1146 2024 1409 2098 Davidis,
1444 2025 1725 2099 Ezechiae,
1758 2032 1817 2083 et
1842 2025 2102 2096 aliorum,
2134 2024 2235 2100 qui
2263 2024 2529 2082 fiduciam
2562 2045 2722 2082 suam

310 2104 370 2161 in
404 2105 607 2179 Deum,
641 2114 698 2163 et
726 2106 985 2163 loetitiam
1023 2125 1088 2162 ae
1119 2105 1385 2163 solatium
1415 2124 1489 2161 ex
1519 2125 1587 2161 ea
1626 2124 1864 2162 manans
1895 2105 2138 2163 subinde
2168 2112 2468 2177 testantur,
2516 2105 2630 2161 imo
2669 2113 2728 2163 et

313 2185 372 2241 in
417 2184 747 2262 exemplum
790 2185 1059 2243 fidelibus
1085 2186 1154 2242 N.
1185 2184 1539 2242 Testamenti
1569 2194 1982 2260 proponuntur,
2018 2186 2185 2242 Rom.
2216 2185 2295 2243 iv.
2327 2188 2381 2256 3,
2414 2187 2469 2256 4,
2503 2187 2557 2257 5,
2591 2184 2724 2243 Gal.

311 2264 392 2322 iii.
434 2268 488 2338 6,
522 2264 676 2323 Heb.
706 2264 787 2324 xi.
809 2269 863 2340 2,
896 2270 931 2322 2
957 2267 1086 2322 (for.
1107 2265 1184 2321 iv.
1221 2267 1312 2322 13.
1357 2264 1637 2338 Quamvis
1665 2264 1817 2321 enim
1846 2284 2047 2322 verum
2078 2265 2169 2338 sit,
2201 2265 2348 2321 hane
2370 2264 2640 2323 fiduciam
2669 2274 2727 2323 et

308 2344 759 2403 consolationem
800 2345 857 2401 in
888 2345 1004 2402 illis
1032 2344 1207 2402 fuisse
1234 2344 1530 2417 minorem,
1563 2343 1756 2420 quoad
1784 2344 2044 2418 gradum,
2089 2353 2322 2421 propter
2350 2344 2724 2402 oeconomiam

309 2425 558 2502 legalem
598 2424 951 2500 rigidiorem,
983 2425 1090 2483 sub
1134 2444 1249 2500 qua
1278 2423 1586 2498 vivebant3
1635 2423 1904 2482 Dubitari
1947 2444 2062 2482 non
2108 2424 2282 2483 debet
2325 2433 2534 2498 tamen,
2585 2424 2726 2500 quin

308 2504 511 2562 eadem
542 2504 715 2563 fuerit
750 2504 896 2564 fides
924 2505 1116 2581 quoad
1144 2503 1409 2580 speeiem,
1441 2523 1571 2561 eum
1601 2503 1821 2562 effectis
1850 2505 1923 2562 ab
1952 2524 2021 2562 ea
2049 2503 2545 2580 inseparabilibus.

921 2586 1100 2645 XIV.
1149 2586 1345 2659 Sexto,
1378 2593 1663 2662 repugnat
1689 2585 2133 2665 Sanctfficationi
2157 2585 2410 2662 ipsorum
2436 2607 2449 2660 ;
2498 2584 2644 2643 Nam
2676 2584 2726 2643 si

838 2687 940 2744 per
969 2666 1479 2725 sanctificationem
1507 2666 1735 2724 liberati
1765 2675 1900 2724 sunt
1927 2686 1962 2724 a
1991 2665 2246 2724 dominio
2274 2665 2513 2742 peceati,
2559 2685 2634 2722 ex
2664 2665 2725 2722 vi

837 2748 1037 2806 mortis
1068 2747 1279 2804 Christi
1307 2746 1649 2804 retroactive
1679 2746 1985 2823 operantis,
2016 2755 2081 2805 ut
2109 2745 2180 2804 de
2219 2766 2288 2804 eo
2317 2753 2579 2820 constat;
2625 2744 2722 2803 de-

314 2823 566 2882 buerunt
593 2823 764 2882 etiam
794 2846 828 2884 a
856 2838 1015 2886 reatu
1047 2828 1172 2905 ejus
1200 2826 1431 2885 liberari
1457 2846 1562 2903 per
1582 2826 2074 2902 justificationem,
2107 2846 2236 2883 cum
2282 2835 2476 2883 reatus
2526 2834 2584 2882 et
2621 2825 2721 2882 do-

313 2902 556 2959 minium
584 2906 804 2979 peceati
834 2926 895 2962 se
924 2916 1123 2964 mutuo
1152 2916 1592 2981 consequantur,
1639 2916 1698 2964 et
1739 2926 1801 2964 se
1843 2906 2091 2964 invicem
2134 2914 2352 2982 ponant
2394 2913 2452 2963 et
2493 2904 2719 2963 tollant.

321 2980 470 3035 Nam
498 2988 563 3037 ut
591 3000 759 3039 nemo
787 2994 977 3058 potest
1003 2985 1234 3042 liberari
1264 3004 1298 3040 a
1325 2993 1485 3041 reatu
1513 3003 1617 3059 per
1639 2984 2130 3059 justificationem,
2172 2985 2311 3058 quin
2340 2983 2534 3042 statim
2577 2984 2718 3041 libe-

318 3066 478 3115 retur
504 3058 578 3115 ab
607 3059 733 3133 ejus
760 3061 1014 3119 dominio
1042 3082 1143 3137 per
1174 3062 1700 3132 sanctificationem,
1732 3082 1860 3136 quoe
1883 3063 2354 3137 justificationem
2397 3063 2721 3119 necessario

318 3136 596 3212 sequitur,
628 3146 688 3195 et
714 3138 786 3195 ab
816 3158 885 3196 ea
911 3139 1113 3197 divelli
1140 3139 1340 3215 nequit
1363 3161 1377 3211 3
1425 3139 1517 3196 Ita
1545 3139 1645 3214 qui
1674 3139 1952 3197 liberatur
1978 3141 2052 3198 ab
2098 3141 2225 3217 ejus
2253 3139 2507 3197 dominio
2550 3139 2723 3198 debet
2749 3158 2756 3164 ·

322 3216 485 3294 prius
512 3216 789 3276 liberatus
817 3238 944 3277 esse
973 3239 1008 3276 a
1034 3227 1213 3293 reatu,
1246 3218 1344 3294 qui
1375 3227 1461 3275 est
1491 3237 1666 3275 eausa
1698 3217 1956 3276 dominii.

320 3322 463 3368 213„
479 3320 803 3367 distinctione.
930 3299 1073 3356 XV.
1122 3298 1395 3375 Septimo,
1443 3296 1772 3371 DistinctiO,
1817 3317 1946 3374 quae
1989 3296 2321 3355 obtenditur
2347 3296 2496 3354 inter
2522 3297 2727 3378 riguo-av

384 3381 607 3446 «aginus
624 3388 672 3429 et
694 3383 800 3444 ἁφί-
842 3388 898 3438 et
926 3376 1114 3453 ἄφιε-ιν,
1147 3387 1213 3438 ut
1265 3378 1468 3459 πέςισις
1497 3377 1671 3437 fuerit
1696 3386 1920 3436 tantum
1964 3377 2072 3436 sub
2101 3377 2305 3435 Veteri
2331 3377 2718 3453 TestamentO,

384 3464 506 3498 “W
843 3460 946 3518 sed
1000 3459 1172 3531 ἔφα-ις
1227 3458 1457 3536 propria
1511 3457 1589 3516 sit
1646 3457 1816 3531 Novi,
1877 3457 2061 3515 solido
2116 3466 2273 3516 earet
2326 3457 2718 3518 fundamento.

326 3548 377 3603 1.
424 3543 572 3619 Quia
600 3550 819 3603 eertum
849 3548 938 3598 est
966 3540 1110 3599 duas
1139 3541 1278 3598 istas
1307 3557 1497 3612 voeeS,
1529 3537 1667 3597 lieet
1696 3557 1838 3597 sono
1868 3537 2150 3611 differant,
2184 3538 2298 3596 imo
2328 3544 2386 3596 et
2427 3537 2719 3598 diversum

318 3625 630 3701 aliquando
660 3624 957 3682 obtineant
985 3620 1388 3697 significatum,
1419 3618 1742 3694 promiscue
1766 3627 1958 3677 tamen
1985 3619 2247 3695 usurpari
2270 3619 2423 3696 apud
2451 3620 2724 3695 probatos

321 3705 633 3779 Authores,
681 3701 913 3780 quando
958 3700 1031 3759 de
1078 3699 1413 3759 remissione
1456 3707 1824 3776 peecatorum
1873 3700 2081 3777 agitur.
2187 3700 2443 3758 Budaeus
2495 3702 2724 3782 Παιςιξιαι

320 3784 464 3842 dicit
490 3804 616 3842 esse
650 3785 958 3858 indulyere,
1004 3783 1342 3855 permittere,
1394 3782 1750 3837 condonare:
1811 3780 2145 3856 Hesychius
2193 3781 2406 3858 παρίημι
2454 3785 2720 3861 συγχυςὸ,

325 3866 523 3938 ἆφίημι,
555 3873 613 3922 et
641 3864 840 3944 oeae‘gncrar
867 3882 969 3938 per
996 3860 1170 3931 ἔφεσιν
1199 3870 1256 3920 et
1284 3859 1594 3939 συγχόςησιι
1623 3860 2046 3936 interpretatur.
2131 3863 2187 3917 2.
2219 3861 2367 3934 Quia
2395 3861 2454 3916 in
2482 3862 2593 3918 hoc
2621 3881 2721 3919 ne-

322 3944 482 4021 gotio
507 3944 775 4001 Patribus
794 3945 928 4002 Vet.
959 3940 1313 3999 Testamenti
1341 3940 1613 3998 tribuitur
1647 3940 1862 4015 passim
1902 3944 2091 4011 ἇφισις,
2121 3958 2256 3996 nam
2283 3939 2478 3996 verbis
2505 3951 2727 4001 ava-mn.

320 4027 435 4089 aba,
465 4032 523 4082 et
570 4022 813 4081 vocibus
854 4026 1012 4082 ier-³2:
1056 4029 1114 4077 et
1161 4042 1299 4083 mn,
1324 4018 1535 4095 quibus
1564 4018 1907 4094 exprimitur
1943 4018 2204 4076 remissio
2249 4018 2390 4093 ipsis
2428 4037 2719 4093 concessa,

316 4103 627 4179 respondet
656 4105 895 4161 verbum
926 4099 1117 4170 ἆίφιέιιι
1146 4104 1205 4153 et
1232 4117 1351 4155 vox
1379 4097 1572 4170 ἔφισις,
1605 4106 1670 4155 ut
1711 4097 1863 4155 Psal.
1893 4097 2082 4155 xxxii.
2118 4099 2168 4169 1,
2204 4099 2238 4129 “
2262 4097 2436 4154 Beati
2459 4094 2521 4154 ὃν
2547 4099 2720 4169 ἀφίοι-

325 4209 417 4240 σσιν
443 4185 500 4241 αἱ
527 4184 784 4258 ἆνομάυ,”
832 4190 890 4240 et
918 4201 975 4237 v.
1007 4183 1061 4252 5,
1117 4182 1153 4211 “
1179 4180 1269 4234 καὶ
1296 4178 1362 4235 σὺ
1386 4184 1585 4249 &Offae
1622 4180 1704 4238 τὺ,
1746 4175 1967 4244 &eibum
2001 4181 2085 4241 τῖς
2131 4173 2338 4255 καςῖίας
2377 4178 2535 4250 μου.”
2625 4179 2722 4237 Sic

327 4263 482 4322 Psal.
529 4265 738 4321 lxxxv.
785 4266 841 4335 2,
897 4264 932 4294 “
961 4264 1158 4327 &0320ae
1185 4261 1279 4321 ταὶς
1319 4261 1523 4334 ἀνομίας
1548 4262 1624 4334 τᾷ
1651 4261 1765 4332 Aa?
1791 4282 1878 4313 σου
1900 4257 1956 4331 ;''
1990 4256 2104 4314 Isa.
2134 4256 2215 4313 lv.
2248 4260 2301 4328 7,
2337 4259 2372 4288 “
2395 4257 2467 4313 ὅτι
2489 4256 2567 4315 ἰπὶ
2589 4260 2728 4317 πολὺ

325 4344 499 4413 ἀφέω
525 4347 617 4408 τὰς
646 4344 900 4423 &paga-lu
929 4340 1117 4415 ὑμὸι.”
1231 4337 1354 4395 Nec
1395 4338 1562 4396 aliter
1602 4337 1852 4413 intelligi
1879 4343 2124 4411 possunt
2149 4335 2396 4412 plurima
2435 4335 2538 4394 illa
2578 4338 2724 4413 loca,

324 4442 453 4497 quae
476 4424 691 4500 passim
718 4422 1113 4481 remissionem
1142 4425 1506 4496 peecatorum
1528 4417 1800 4476 fidelibus
1827 4415 2187 4492 pollicentur,
2210 4415 2401 4473 Exod.
2430 4416 2639 4477 xxxiv.
2670 4422 2703 4476 7
2708 4462 2725 4493 ,

327 4502 483 4559 Psal.
512 4504 635 4561 lxv.
667 4505 723 4577 3,
755 4511 814 4561 et
842 4521 1020 4560 cxxx.
1051 4503 1107 4574 4,
1139 4508 1198 4557 et
1225 4497 1339 4556 eiii.
1370 4500 1425 4573 3,
1459 4497 1640 4555 Mich.
1669 4496 1770 4553 vii.
1805 4499 1896 4571 18,
1933 4497 2024 4553 19.

407 4581 587 4639 XVI.
631 4584 687 4640 3.
723 4582 783 4641 Si
815 4583 926 4639 ista
952 4577 1247 4637 distinctio
1275 4577 1468 4637 locum
1507 4576 1722 4634 habere
1749 4575 2023 4650 deberet;
2068 4574 2191 4634 Nec
2232 4574 2276 4635 J
2278 4575 2535 4635 ohannes
2575 4577 2726 4656 Bap-

323 4659 476 4734 tista,
508 4669 639 4719 ante
669 4661 952 4721 actualem
997 4658 1386 4735 expiationem
1416 4655 1632 4716 Christi
1673 4663 1856 4713 morte
1898 4654 2127 4730 factam,
2163 4674 2334 4732 quam
2362 4651 2537 4728 ἔφυ-ις
2566 4659 2730 4735 sequi

327 2649 372 2694 6.
402 2651 479 2697 Ex
503 2650 783 2697 Sanctifica-

480 2710 613 2755 tione
638 2725 650 2763 ;
