3221 5200
452 360 570 414 284
1288 378 1469 418 Locus
1502 379 1758 418 mannus
1790 378 2052 418 rannus.
2462 356 2707 438 [Quaesr.
2739 378 2869 418 vm.

449 536 625 592 quum
661 517 844 574 Filius
873 516 1120 574 hominis
1150 518 1359 576 dicitur
1387 518 1700 578 tradendus
1728 520 1898 577 morti
1927 529 1984 577 et
2014 517 2452 594 crucifigenduS,
2487 518 2627 577 Luc.
2659 520 2740 576 ix.
2772 524 2868 577 22.

449 596 563 653 Vel
593 597 872 670 indirecte,
904 598 1129 673 quoties
1152 598 1222 656 de
1247 599 1475 657 Christo
1498 599 1727 657 homine
1756 600 2155 675 praedicantur,
2181 619 2309 675 quac
2339 598 2676 673 divinitatis,
2709 609 2767 657 et
2795 600 2867 658 de

450 677 678 734 Christo
711 678 853 750 Dee,
886 697 1013 753 quae
1045 677 1433 754 humanitatiS,
1465 688 1529 737 ut
1557 699 1735 755 quum
1764 681 1955 756 passio
1986 678 2255 738 tribuitur
2287 680 2429 752 DcO,
2468 678 2603 737 Act.
2634 699 2735 737 xx.
2768 682 2863 754 28,

447 767 504 814 et
528 757 834 833 ubiquitas‚
857 777 985 833 quae
1009 757 1329 816 divinitatis
1352 771 1438 816 cst
1461 759 1706 836 propria,
1733 761 2004 818 tribuitur
2024 760 2175 817 Filio
2197 760 2464 833 hominiS,
2489 759 2629 817 Joh.
2654 759 2735 816 iii.
2770 763 2862 818 13.

1055 838 1162 895 IV.
1208 839 1663 897 Communicatio
1708 838 1836 912 ista,
1888 860 2004 897 non
2054 851 2141 897 cst
2189 848 2412 897 tantum
2454 840 2707 913 verbalis,
2761 839 2864 896 sed

970 919 1140 975 realis
1162 931 1313 975 recte
1337 918 1562 993 dicitur,
1587 939 1704 976 non
1733 920 1966 997 quidem
1995 930 2259 996 respectu
2280 922 2661 991 Naturarum,
2694 920 2861 994 quasi

444 995 822 1070 proprietates
849 997 1020 1053 unius
1050 1009 1268 1056 naturae
1319 1000 1433 1057 sint
1481 1000 1671 1076 reipsa
1699 1001 2131 1058 communicatae
2174 999 2338 1056 alteri
2369 1021 2382 1073 ;
2452 998 2567 1055 Sed
2596 1008 2859 1074 respectu

446 1076 728 1148 Personoe,
754 1095 883 1149 quae
913 1076 1137 1135 duabus
1159 1080 1380 1137 naturis
1410 1079 1640 1136 realiter
1666 1080 1845 1138 unitis
1888 1090 2129 1153 constat,
2163 1089 2219 1136 et
2247 1080 2543 1154 utriusque
2574 1078 2681 1136 sibi
2712 1078 2856 1136 idio-

445 1163 600 1212 mata
643 1155 917 1212 vindicat.
1005 1157 1167 1216 Licet
1197 1159 1347 1215 enim
1375 1159 1546 1216 realis
1565 1159 1641 1218 sit
1669 1161 1805 1217 unio
1834 1172 2164 1218 naturarum
2193 1159 2341 1216 inter
2370 1178 2448 1232 se,
2482 1178 2594 1215 non
2624 1178 2857 1216 neeesse

445 1242 551 1307 est,
599 1243 664 1292 ut
707 1237 1083 1311 proprietates
1134 1248 1465 1296 naturarum
1516 1239 1627 1296 sibi
1670 1239 1916 1298 invicem
1946 1239 2470 1312 communicentur3
2538 1237 2747 1296 suffieit
2791 1248 2855 1296 ut

444 1314 937 1372 communicentur
965 1318 1069 1374 toti
1105 1318 1413 1394 Supposito
1455 1329 1688 1396 propter
1716 1319 1873 1377 illam
1903 1320 2191 1378 unionem.

1055 1398 1130 1455 V.
1163 1398 1619 1457 Communicatio
1642 1399 1753 1456 ista
1774 1411 1963 1475 potest
1986 1397 2247 1476 spectari,
2273 1397 2367 1454 vel
2392 1398 2446 1455 in
2465 1399 2744 1455 abstracto
2763 1418 2849 1455 re-

448 869 619 920 Potest
639 875 736 920 dici
767 876 927 922 realis.

446 1431 857 1542 SpgggztrtzxingLl
879 1447 930 1535 iii
974 1486 1171 1552 spectu
1205 1478 1454 1551 Naturae,
1487 1479 1580 1536 vel
1612 1479 1670 1535 in
1699 1489 1953 1537 concreto
1983 1487 2245 1555 respectu
2289 1479 2570 1535 Personae.
2656 1478 2852 1534 Voces

503 1550 757 1593 abstracto.
971 1559 1215 1614 concreti
1258 1568 1315 1615 et
1363 1559 1636 1616 abstracti
1680 1579 1795 1616 non
1844 1559 2136 1616 sumendae
2194 1568 2328 1615 sunt
2385 1577 2555 1614 sensu
2610 1555 2854 1614 abusivo

445 1633 919 1709 Lutheranorum,
981 1637 1191 1712 quibus
1245 1640 1585 1695 abstractum
1641 1647 1729 1696 cst
1782 1648 1988 1696 natura
2044 1638 2295 1696 humana
2359 1638 2663 1710 abstracta,
2732 1637 2856 1695 sive

441 1724 702 1790 separata
730 1735 764 1771 a
795 1715 1061 1792 Deitate3
1107 1727 1420 1776 concretum
1462 1738 1599 1775 vero
1643 1728 1730 1776 est
1771 1728 1976 1776 natura
2016 1719 2267 1776 humana
2307 1727 2477 1793 prout
2505 1717 2665 1775 unita
2693 1725 2855 1793 Λὸγρ,

441 1793 597 1869 quod
646 1805 929 1871 repugnat
958 1798 1245 1854 communi
1296 1798 1427 1855 usui
1472 1798 1971 1875 Philosophorum,
2016 1808 2073 1856 et
2115 1806 2333 1855 naturae
2378 1798 2478 1870 rei,
2532 1798 2851 1854 secundum

439 1894 611 1949 quam
659 1886 864 1932 natura
905 1876 1156 1934 humana
1197 1897 1489 1953 nunquam
1517 1887 1707 1954 potest
1736 1899 1770 1935 a
1810 1879 1957 1954 Λόγῳ
2000 1878 2267 1954 separari.
2366 1876 2481 1934 Sed
2510 1887 2857 1952 usurpantur

440 1953 533 2010 hic
580 1974 655 2011 ex
683 1975 792 2012 usu
834 1955 893 2011 in
947 1957 1173 2014 Scholis
1212 1967 1457 2033 receptO,
1489 1968 1660 2034 prout
1705 1959 2055 2016 abstractum
2105 1968 2193 2015 est
2240 1977 2449 2014 nomen
2490 1966 2709 2014 naturae
2752 1976 2854 2015 seu

439 2033 636 2090 formae
681 2035 942 2110 alicujuS,
974 2056 1103 2112 quae
1153 2036 1317 2094 alteri
1363 2037 1485 2095 sive
1515 2039 1912 2113 essentialiter,
1963 2039 2085 2096 sive
2135 2035 2564 2094 accidentaliter
2591 2036 2758 2110 inest,
2790 2045 2855 2094 ut

442 2113 661 2187 Deitas,
708 2114 1070 2190 humanitas;
1118 2117 1461 2175 Concretum
1511 2127 1598 2176 est
1648 2138 1893 2194 persona
1922 2118 2045 2175 sive
2089 2118 2413 2193 subjectum
2443 2115 2663 2173 habens
2691 2116 2851 2172 illam

439 2192 677 2250 formam
721 2214 821 2251 seu
852 2205 1131 2270 naturam,
1163 2196 1319 2272 quod
1361 2197 1703 2273 exprimitur
1730 2198 2059 2256 nominibus
2088 2197 2369 2255 concretis
2403 2196 2528 2270 Dei,
2564 2196 2851 2253 Hominis,

1047 2276 1157 2334 VI.
1205 2277 1335 2334 Non
1365 2277 1653 2350 Quaeritur
1700 2277 1794 2336 hic
1836 2279 1908 2336 de
1942 2277 2450 2338 Communicatione
2478 2276 2535 2334 in
2576 2285 2845 2348 concreto,

970 2356 1093 2414 sive
1134 2365 1198 2414 ut
1240 2366 1468 2431 vocant,
1517 2366 1739 2415 naturae
1780 2361 1864 2417 ad
1890 2378 2196 2434 personam
2218 2382 2242 2428 ‚·
2289 2357 2375 2413 Ea
2403 2357 2556 2414 enim
2585 2355 2854 2432 utrinque

967 2444 1055 2493 est
1097 2436 1157 2493 in
1199 2436 1496 2495 confesso:
1545 2437 1661 2494 Sed
1704 2438 1774 2496 de
1805 2438 2293 2496 communicatione
2323 2437 2377 2494 in
2421 2438 2715 2509 abstractO,
2751 2456 2852 2493 seu

436 2519 682 2574 Naturae
710 2519 793 2574 ad
837 2518 1143 2588 Naturam,
1218 2516 1317 2573 An
1366 2517 1744 2592 proprietates
1786 2527 2004 2577 naturae
2054 2517 2267 2575 divinae
2299 2537 2397 2593 per
2432 2515 2717 2574 Unionem
2747 2515 2852 2592 hy-

435 2597 774 2673 postaticam
837 2605 1054 2653 naturae
1104 2594 1368 2673 humanae
1413 2616 1549 2654 vere
1605 2606 1665 2655 et
1705 2598 1935 2657 realiter
1981 2597 2415 2655 communicatae
2465 2596 2628 2654 sint?
2687 2594 2855 2669 Quod

439 2677 754 2734 Luthcraui
785 2676 1017 2748 vellent,
1052 2675 1172 2731 Nos
1215 2695 1515 2750 negamus,

1041 2753 1187 2811 VII.
1235 2755 1411 2828 Origo
1431 2755 1837 2814 controversiae
1868 2755 2177 2832 repetenda
2205 2764 2294 2814 est
2322 2776 2394 2813 ex
2418 2755 2532 2813 alia
2560 2755 2631 2813 de
2656 2755 2852 2815 Coena.

961 2833 1104 2891 Cum
1119 2834 1271 2890 enim
1293 2834 1367 2891 ad
1390 2834 1764 2892 obtinendam
1778 2836 2128 2912 corporalem
2142 2836 2520 2913 praesentiam‚
2540 2835 2854 2894 Lutherani

437 2932 552 2970 non
573 2912 712 2970 satis
731 2912 1054 2971 invenirent
1072 2913 1324 2990 praesidii
1345 2914 1405 2971 in
1425 2915 1622 2972 *verbis
1636 2915 1865 2989 Christi,
1888 2924 1945 2973 et
1966 2916 2319 2973 ascensionis
2337 2915 2578 2973 articulo
2601 2917 2857 2992 graviter

434 3013 495 3049 se
537 2992 720 3069 premi
764 2993 1057 3067 sentirent,
1103 2993 1177 3051 ad
1226 2993 1607 3071 ubiquitatem
1651 2995 2052 3071 confugerunt.
2149 2997 2313 3054 Licet
2368 3016 2507 3053 vero
2560 2995 2851 3054 Lutherus

433 3081 635 3149 postea
689 3093 816 3131 eam
866 3074 1098 3132 missam
1149 3074 1272 3132 fieri
1316 3075 1581 3149 voluerit,
1643 3075 1783 3134 solis
1830 3076 1994 3134 verbi
2039 3076 2251 3134 Christi
2301 3076 2571 3134 innixus:
2634 3076 2854 3133 Tamen

432 3154 717 3227 Brentius,
776 3162 834 3212 et
879 3153 993 3228 alii,
1046 3154 1146 3231 qui
1194 3174 1229 3211 a
1256 3163 1437 3213 morte
1470 3155 1711 3214 Lutheri
1739 3157 2237 3214 sacramentariam
2279 3157 2440 3214 litem
2483 3166 2850 3230 renovarunt,

431 3243 815 3292 commentum
848 3235 1202 3311 ubiquitatis,
1234 3244 1299 3293 ut
1327 3255 1552 3311 proram
1596 3245 1655 3293 et
1681 3236 1918 3312 puppim
1962 3256 2149 3294 causae
2180 3257 2297 3294 suae
2327 3243 2688 3293 revocarunt.
2775 3236 2853 3294 Et

430 3314 567 3388 quia
621 3314 763 3390 ipsis
817 3314 1107 3390 objectum
1164 3313 1287 3388 fuit,
1345 3315 1726 3390 ubiquitatem
1777 3315 1888 3373 Dei
1944 3317 2344 3392 proprietatem
2390 3333 2532 3386 esse,
2592 3313 2850 3387 adeoque

430 3393 560 3450 aliis
600 3393 1213 3466 incommunicabilem,
1262 3413 1330 3450 eo
1373 3394 1747 3467 devenerunt,
1792 3402 1857 3451 ut
1906 3394 2130 3469 aliquas
2178 3393 2555 3470 proprietates
2600 3390 2844 3463 divinas,

433 3471 682 3529 Unionis
713 3472 1090 3545 hypostaticae
1120 3472 1197 3542 vi,
1228 3470 1289 3527 in
1316 3471 1627 3529 humanam
1658 3472 1872 3529 Christi
1914 3482 2177 3529 naturam
2220 3470 2540 3529 transfusas
2569 3469 2843 3526 dicerent.

431 3549 586 3606 Hinc
617 3549 674 3605 in
707 3549 1009 3624 Colloquio
1036 3550 1473 3608 Maulbrunensi
1495 3550 1803 3608 voluerunt
1828 3550 2115 3608 Unionem
2145 3548 2502 3626 personalem
2533 3547 2849 3608 formaliter

428 3627 739 3685 consistere
769 3628 828 3683 in
858 3628 1372 3685 communicatione
1401 3629 1830 3704 proprietatum,
1856 3628 1952 3686 vel
1994 3630 2053 3685 in
2082 3627 2596 3686 communicatione
2627 3628 2842 3687 subsis-

428 3707 640 3781 tentiae,
673 3706 838 3782 cujus
887 3706 1154 3765 effectum
1203 3727 1562 3783 consequens
1612 3707 1687 3764 sit
1735 3708 2176 3767 communicatio
2218 3708 2668 3784 proprietatum3
2714 3729 2844 3786 quae

430 3786 714 3845 sententia
736 3806 888 3845 nunc
917 3787 1070 3863 apud
1099 3806 1298 3844 omnes
1327 3787 1443 3845 fere
1473 3787 1712 3846 obtinet.
1785 3790 1927 3861 Quae
1960 3797 2151 3847 tamen
2181 3809 2297 3846 non
2326 3788 2545 3865 placuit
2568 3788 2841 3865 LutherO,

426 3866 1000 3925 communicationem
1030 3865 1441 3943 proprietatum
1486 3876 1711 3925 tantum
1753 3867 1814 3924 in
1863 3877 2147 3942 concreto,
2179 3889 2295 3926 non
2343 3869 2404 3926 in
2433 3868 2721 3928 abstracto
2751 3890 2841 3927 ur·

427 3947 606 4023 genti.
691 3946 759 4005 T.
810 3951 859 4004 1.
890 3948 1101 4006 Jenen.
1149 3947 1312 4024 Disp.
1345 3947 1417 4006 de
1461 3947 1687 4005 duabus
1728 3948 1949 4005 naturis
1978 3948 2036 4004 in
2067 3950 2313 4023 Christe,
2346 3958 2402 4006 et
2432 3948 2503 4007 de
2527 3950 2841 4007 communi-

429 4027 655 4086 catione
688 4027 1056 4102 Idiomatum,
1112 4027 1349 4085 “Fides
1403 4027 1703 4086 Catholica
1742 4028 1866 4085 haec
1897 4038 2000 4103 est,
2034 4040 2099 4087 ut
2135 4049 2312 4087 unum
2346 4028 2635 4087 Christum
2667 4030 2840 4086 confi-

422 4116 646 4165 teamur
674 4116 875 4165 verum
907 4108 1095 4165 Deum
1125 4116 1182 4165 et
1209 4108 1499 4166 hominem
1524 4130 1538 4166 ε
1600 4107 1694 4164 Ex
1724 4108 1831 4165 hac
1860 4109 2102 4167 veritate
2126 4110 2369 4185 geminae
2400 4108 2751 4179 substantiae,
2785 4117 2844 4166 et

422 4187 643 4246 unitate
685 4207 962 4263 personae,
996 4187 1255 4263 sequitur
1301 4187 1402 4245 illa
1430 4208 1559 4264 quae
1588 4187 1801 4245 dicitur
1828 4189 2268 4248 communicatio
2297 4189 2651 4260 idiomatum,
2682 4197 2745 4245 ut
2773 4207 2841 4244 ea

422 4286 551 4342 quac
582 4276 715 4324 sunt
743 4268 1009 4340 hominis,
1042 4276 1195 4325 recte
1219 4267 1290 4324 de
1323 4268 1465 4339 Dec,
1498 4276 1556 4325 et
1583 4276 1785 4325 contra
1825 4288 1955 4344 quse
1991 4278 2125 4326 sunt
2178 4269 2304 4342 Dei,
2352 4268 2423 4325 de
2473 4267 2702 4324 homine
2751 4266 2836 4322 di-

423 4356 642 4404 cantur.
729 4347 882 4404 Vere
912 4346 1138 4419 dicitur,
1173 4348 1292 4405 Iste
1321 4347 1494 4404 homo
1524 4347 1743 4405 creavit
1771 4347 2048 4405 mundum
2078 4358 2137 4407 et
2162 4349 2321 4406 Deus
2349 4348 2457 4405 iste
2499 4354 2587 4403 est
2614 4366 2836 4421 passus,

423 4422 553 4497 ἂι,
586 4445 702 4482 ιιοιι
745 4434 937 4483 tamen
968 4427 1089 4483 haec
1119 4435 1244 4485 rata
1293 4435 1427 4484 suut
1455 4427 1514 4483 in
1556 4427 1879 4501 abstractis,
1928 4436 1994 4485 ut
2043 4428 2252 4485 dicitur
2292 4428 2543 4485 humana
2570 4428 2835 4484 natura.''

424 4504 500 4561 Et
530 4504 601 4560 de
631 4504 826 4561 verbis
875 4505 1205 4562 novissimis
1251 4506 1514 4579 Davidis,
1562 4509 1598 4538 ‘⁶
1625 4506 1752 4563 Has
1795 4505 2009 4563 formas
2052 4506 2325 4583 loquendi
2370 4506 2579 4564 usitate
2627 4516 2839 4565 vocant

421 4584 995 4641 communicationem
1029 4583 1394 4658 Idiomatum,
1426 4585 1536 4641 hoc
1585 4594 1691 4657 est,
1742 4605 1873 4643 cum
1915 4585 1993 4659 id,
2025 4586 2180 4662 quod
2222 4586 2512 4662 proprium
2544 4592 2633 4644 est
2673 4584 2840 4643 alteri

422 4669 662 4734 naturae,
708 4671 766 4718 et
795 4661 866 4719 de
896 4683 963 4719 ea
994 4663 1230 4721 seorsim
1278 4663 1337 4719 in
1379 4663 1670 4721 abstracto
1700 4664 1926 4739 dicitur,
1960 4675 2149 4723 tamen
2181 4665 2239 4721 in
2271 4674 2539 4725 concreto
2567 4664 2840 4724 tribuitur

497 2328 667 2396 Status
703 2328 867 2397 Quaes-

597 2392 761 2432 tionis.

524 2792 674 2851 Origo
716 2795 829 2851 ejus.
