3221 5200
256 376 513 425 QuAEsr.
549 354 705 436 vnn]
1195 373 1271 414 m:
1301 373 1815 414 aus‘rrmca‘rmss.
2599 360 2714 417 597

253 517 419 575 dam
452 535 789 575 concurrere
818 521 1026 592 potest.
1117 515 1286 575 Unde
1319 537 1434 574 non
1463 516 1604 575 dicit
1627 537 1700 574 ex
1714 517 1841 593 fide
1870 517 1927 574 in
1976 536 2170 594 opera,
2224 514 2329 575 sed
2384 537 2458 574 ex
2486 518 2615 593 fide
2658 519 2714 576 in

241 600 472 672 fidem,
506 605 570 655 ut
599 596 708 654 soli
734 596 872 654 fidei
900 596 961 653 in
990 595 1241 655 solidum
1269 598 1377 655 hoc
1407 616 1616 654 munus
1647 597 1946 656 tribuatur.
2037 597 2117 656 Ut
2147 615 2284 653 vero
2337 596 2553 655 Paulus
2581 618 2710 674 pro·

262 677 382 736 bet
414 677 736 735 doctrinam
765 676 952 750 istam,
984 696 1088 734 nec
1119 677 1427 735 absurdam
1457 697 1599 751 esse,
1633 697 1738 735 nec
1768 697 1995 752 novam,
2050 678 2350 735 confirmat
2379 676 2539 733 illam
2570 679 2709 736 Ora·

258 757 415 815 culo
450 756 794 834 Prophetico
826 756 1122 815 Habacuci
1145 777 1268 834 cap.
1299 757 1357 814 ii.
1389 761 1444 832 4,
1471 757 1571 816 ubi
1592 757 1733 815 dicit
1759 759 1985 816 Justum
2026 779 2098 815 ex
2113 760 2238 835 fide
2265 759 2463 814 vivere.
2547 757 2712 817 Licet

260 856 426 895 vero
456 837 566 895 hoc
598 836 956 894 Vaticinium
1005 837 1273 913 respiciat
1302 838 1476 896 etiam
1531 838 1874 895 beneficium
1920 838 2250 914 temporale,
2307 837 2705 896 liberationem

264 925 429 993 puta
459 937 493 973 a
521 916 855 993 captivitate
886 916 1264 992 Babylonica,
1297 937 1468 993 quam
1520 917 1850 976 interventu
1899 918 2034 975 fidei
2069 917 2466 995 promissionis
2496 916 2711 975 divinae

268 997 551 1055 obtinere
581 996 903 1071 debebant3
954 995 1123 1055 Unde
1153 1017 1187 1054 a
1219 997 1400 1055 Paulo
1451 998 1509 1054 in
1542 997 1728 1074 Epist.
1780 997 1855 1055 ad
1907 998 2060 1055 Ileb.
2105 1017 2227 1073 cap.
2260 1018 2317 1054 x.
2362 996 2608 1054 refertur
2634 996 2710 1056 ad

271 1076 603 1153 erigendos
632 1076 854 1134 animos
880 1075 1139 1134 fidelium
1188 1076 1247 1134 in
1300 1077 1759 1151 calamitatibus;
1827 1077 1975 1151 Quia
2012 1086 2205 1136 tamen
2251 1076 2536 1135 sententia
2566 1077 2706 1135 Pro-

264 1157 478 1232 phetae
501 1155 786 1232 generalis
816 1165 903 1214 est
932 1155 1003 1213 de
1030 1156 1146 1215 fide
1202 1158 1646 1233 promissionum
1680 1156 1807 1231 Dei,
1841 1165 1993 1215 recte
2033 1157 2354 1233 applicatur
2383 1156 2708 1232 specialiter

266 1235 357 1293 ad
387 1236 565 1293 fidem
594 1236 655 1292 in
686 1236 1015 1310 Christum;
1061 1237 1263 1313 quue
1293 1238 1497 1314 magis,
1550 1236 1708 1312 quod
1753 1237 2054 1312 Prophetae
2104 1247 2162 1295 et
2203 1236 2282 1313 pii
2333 1236 2546 1311 Judaei,
2578 1257 2709 1312 pro-

266 1315 621 1374 missionem
654 1315 903 1389 Messiae,
935 1324 1207 1391 tanquam
1250 1316 1686 1375 fundamentum
1726 1317 1981 1374 omnium
2030 1317 2475 1393 promissionum
2524 1318 2704 1394 respi-

266 1394 532 1454 ciebant.
620 1395 775 1453 Hinc
803 1396 868 1454 fit
896 1404 960 1454 ut
991 1396 1207 1454 Paulus
1256 1397 1467 1473 optime
1498 1396 1763 1455 conscius
1792 1396 2000 1454 mentis
2034 1397 2281 1473 Spiritus
2331 1394 2528 1454 Sancti
2582 1417 2710 1455 eam

270 1475 498 1533 referat
525 1475 584 1532 in
617 1475 837 1552 Episto.
870 1475 945 1532 ad
975 1475 1106 1534 Gal.
1138 1496 1186 1534 c.
1218 1476 1298 1534 iii.
1343 1487 1401 1535 et
1430 1478 1488 1534 in
1525 1478 1636 1535 hoc
1684 1475 1812 1534 loco
1835 1476 1910 1533 ad
1950 1476 2423 1553 justificationem
2451 1499 2464 1551 ;
2510 1484 2574 1535 ut
2604 1477 2706 1536 do·

271 1565 414 1615 ceat
443 1575 545 1631 per
570 1555 744 1613 fidem
775 1555 955 1613 solam
984 1555 1274 1614 hominem
1295 1556 1585 1633 justitiam
1614 1557 1889 1631 obtinere,
1922 1576 2050 1633 quae
2089 1556 2268 1615 vitam
2320 1564 2591 1614 aeternam
2620 1557 2709 1614 illi

271 1634 516 1695 afferat:
546 1636 744 1694 Justus
766 1656 839 1693 ex
852 1636 977 1712 fide
998 1637 1154 1710 vIvet,
1181 1637 1304 1694 sive
1336 1645 1387 1691 ero*
1411 1646 1457 1691 in
1484 1647 1678 1696 aelenrwf
1715 1637 1993 1694 referatur
2020 1636 2092 1694 ad
2115 1638 2358 1712 justum,
2384 1637 2492 1693 hoc
2513 1656 2704 1713 sensu,

275 1714 398 1773 Ille
429 1715 529 1790 qui
550 1735 652 1791 per
679 1716 869 1790 fidem,
895 1717 1091 1792 justus
1119 1726 1223 1790 est,
1256 1716 1379 1773 sive
1425 1713 1703 1772 reseratur
1730 1715 1805 1772 ad
1852 1716 2050 1789 vitam,
2083 1724 2147 1773 ut
2189 1715 2464 1773 innuatur
2481 1716 2706 1791 justum

280 1794 489 1851 vivere
519 1814 620 1870 per
646 1796 855 1868 fidem;
904 1815 994 1853 res
1023 1796 1174 1853 enim
1206 1794 1407 1853 eodem
1450 1792 1616 1868 redit,
1649 1804 1707 1852 et
1751 1804 2057 1870 utrumque
2095 1814 2298 1851 verum
2349 1802 2452 1867 est,
2487 1803 2545 1852 et
2573 1813 2705 1853 eum

278 1874 388 1950 qui
418 1894 493 1931 ex
521 1873 634 1930 fide
682 1875 877 1949 justus
927 1882 1032 1946 est,
1064 1874 1309 1932 salutem
1339 1870 1614 1945 obtinere,
1647 1882 1705 1929 et
1734 1893 1930 1932 rursus
1959 1894 2089 1931 eum
2120 1874 2217 1950 qui
2253 1874 2448 1948 justus
2478 1883 2582 1945 est,
2617 1893 2703 1932 sa-

282 1954 472 2012 lutem
502 1953 758 2011 obtinere
789 1972 890 2029 per
915 1953 1107 2009 fidem.
1179 1953 1419 2010 Frustra
1459 1970 1598 2008 vero
1642 1951 1852 2011 dicitur
1896 1953 2136 2011 Paulum
2182 1952 2503 2028 intelligere
2533 1953 2707 2011 fidem

282 2035 505 2107 vivam,
539 2040 597 2091 et
624 2032 796 2089 talem
826 2051 943 2090 non
973 2051 1098 2090 esse
1142 2031 1340 2104 solam,
1374 2030 1476 2088 sed
1506 2051 1635 2088 cum
1668 2033 1955 2108 operibuS.
2042 2033 2190 2106 Quia
2216 2032 2354 2090 licet
2381 2032 2526 2089 fides
2568 2033 2708 2091 viva

282 2132 585 2189 nunquam
616 2111 692 2168 sit
719 2111 843 2169 sola
869 2112 928 2168 in
958 2132 1026 2169 eo
1056 2112 1154 2188 qui
1176 2112 1542 2187 justificatur,
1576 2110 1701 2169 sola
1743 2122 1934 2171 tamen
1963 2123 2051 2171 est
2078 2113 2139 2169 in
2168 2113 2293 2188 ipso
2336 2120 2468 2169 actu
2491 2113 2703 2189 justifi-

283 2191 551 2264 cationi3‚
583 2190 658 2247 ad
713 2192 880 2267 cujus
907 2191 1341 2268 productionem
1365 2198 1586 2248 caeterae
1608 2191 1853 2250 virtutes
1872 2192 2017 2249 nihil
2045 2200 2287 2269 possunt
2308 2192 2581 2264 conferre,
2598 2192 2709 2251 hoc

286 2271 661 2348 privilegium
693 2272 816 2329 sola
843 2271 956 2327 fide
980 2271 1091 2328 sibi
1118 2270 1467 2345 vindicante,
1500 2277 1564 2327 ut
1584 2272 1707 2346 jam
1732 2271 1968 2330 dictum.
2015 2272 2135 2330 Nec
2157 2271 2364 2329 melius
2384 2271 2480 2328 alii
2503 2272 2709 2330 volunt

288 2351 469 2409 vitam
503 2352 670 2408 istam
695 2350 902 2408 referre
926 2350 1000 2407 ad
1019 2371 1207 2426 opera,
1231 2370 1334 2427 per
1361 2370 1489 2427 quae
1520 2369 1579 2407 se
1603 2351 1798 2408 vivam
1822 2352 2026 2428 probet
2069 2351 2231 2409 fides.
2319 2349 2467 2424 Quia
2495 2371 2705 2427 scopus

288 2431 596 2507 Prophetae
620 2440 707 2488 est
737 2431 940 2487 docere
968 2430 1143 2487 fidem
1173 2431 1355 2488 solam
1385 2448 1511 2487 esse
1533 2430 1786 2488 medium
1811 2430 2138 2489 obtinendae
2159 2431 2378 2505 salutiS,
2410 2439 2532 2489 tum
2563 2439 2704 2488 tem·

287 2510 521 2588 poralis,
554 2519 676 2568 tum
707 2510 1037 2587 spiritualis
1084 2511 1162 2568 Et
1193 2509 1409 2567 Paulus
1430 2510 1717 2586 justitiam
1740 2510 1911 2569 istam
1933 2531 2008 2568 ex
2036 2512 2167 2586 fide,
2191 2511 2332 2568 dicit
2354 2510 2708 2568 manifestari

289 2592 414 2652 sine
449 2590 622 2667 Lege,
654 2590 811 2669 quod
839 2611 953 2648 non
983 2589 1097 2649 dici
1125 2599 1314 2667 potest
1343 2588 1414 2648 de
1437 2590 1669 2666 justitia
1696 2611 1949 2667 operum,
1984 2590 2086 2650 sed
2129 2599 2352 2650 tantum
2382 2589 2453 2648 de
2477 2590 2707 2667 justitia

290 2671 448 2743 fidei,
479 2692 609 2748 quae
639 2671 850 2732 dieitur
878 2670 948 2729 de
978 2671 1209 2729 homine
1239 2670 1525 2743 credente,
1559 2691 1672 2727 non
1704 2680 1992 2748 operante.

900 2751 1087 2810 XIII.
1136 2749 1321 2809 Aliud
1349 2759 1436 2809 cst
1466 2751 1803 2809 charitatem
1847 2761 1904 2810 et
1933 2771 2107 2829 opera
2135 2750 2348 2827 requiri
2377 2751 2436 2808 in
2465 2771 2710 2828 persona

314 2817 755 2919 Fontegusmolutio-
816 2852 945 2908 quae
969 2832 1334 2907 justificatur,
1367 2829 1523 2907 quod
1552 2832 1939 2908 concedimuS,
1986 2830 2170 2889 Aliud
2208 2832 2268 2888 in
2297 2840 2429 2889 actu
2460 2834 2584 2908 ipso
2609 2853 2709 2890 seu

596 2908 606 2919 ⁰
817 2912 1154 2970 causalitate
1200 2910 1665 2986 Justificationis,
1717 2912 1873 2989 quod
1912 2932 2210 2988 negamuS.
2295 2912 2417 2970 Nec
2443 2912 2490 2968 si
2520 2914 2707 2988 requi·

296 3001 497 3051 runtur
526 3013 714 3069 opera,
745 2999 811 3049 ut
839 2991 1282 3048 concomitantia
1309 2989 1499 3063 fidem,
1535 2991 1676 3049 Ideo
1700 3000 2030 3049 statuuntur
2058 3012 2183 3049 esse
2214 3010 2401 3049 causae
2424 2992 2706 3066 justifica-

297 3072 468 3130 tionis
498 3092 626 3129 cum
654 3071 786 3142 fide,
818 3070 914 3127 vel
941 3068 1001 3126 id
1031 3070 1214 3145 ipsum
1248 3078 1517 3143 praestare
1547 3070 1703 3144 quod
1733 3070 1877 3126 fides
1905 3071 2042 3127 facit
2071 3069 2128 3126 in
2157 3071 2266 3126 hoc
2296 3070 2548 3145 negotiO.

381 3151 559 3208 XIV.
619 3150 783 3208 Licet
826 3156 946 3206 tota
973 3148 1065 3204 vis
1098 3147 1456 3223 justificandi
1486 3168 1520 3204 a
1548 3157 1709 3223 parte
1740 3149 1988 3206 hominis
2019 3149 2094 3206 sit
2122 3149 2181 3204 in
2210 3148 2340 3221 fide,
2387 3149 2578 3225 quoad
2608 3170 2705 3225 ap-

301 3230 693 3308 prehensionis
739 3237 947 3301 actum,
994 3227 1075 3284 ita
1108 3236 1173 3284 ut
1206 3236 1426 3284 caeterae
1469 3227 1714 3285 virtutes
1759 3228 1904 3284 nihil
1946 3227 2020 3285 ad
2061 3248 2187 3284 eam
2233 3227 2531 3287 conferant
2577 3249 2708 3286 cum

305 3312 456 3387 ipsa;
504 3310 634 3367 Non
664 3311 923 3384 sequitur
950 3306 1119 3364 fidem
1156 3305 1474 3382 justificare
1505 3326 1674 3381 posse
1704 3315 1819 3364 tam
1851 3307 2187 3364 absentibus
2217 3307 2333 3364 illis
2362 3328 2534 3385 quam
2563 3328 2707 3384 prae·

306 3390 574 3463 sentibuS,
620 3390 736 3446 imo
779 3396 836 3445 et
872 3385 1250 3463 praesentibus
1280 3385 1439 3443 vitiis
1484 3388 1819 3462 contrariis;
1873 3386 2021 3460 Quia
2063 3386 2221 3444 aliud
2264 3397 2352 3445 est
2390 3388 2709 3463 justificare

305 3471 421 3529 sine
464 3468 795 3536 virtutibus,
828 3466 905 3524 id.
954 3466 1259 3542 separatim
1306 3464 1378 3522 ab
1426 3465 1558 3539 illis,
1608 3466 1765 3542 quod
1810 3487 2107 3543 negainuS‚
2157 3466 2340 3524 Aliud
2388 3468 2707 3544 justificare

307 3550 499 3623 solam,
545 3548 646 3606 sed
690 3568 804 3605 non
836 3556 1175 3622 separatam.
1262 3546 1345 3604 Ut
1388 3565 1502 3603 non
1550 3547 1825 3622 sequitur,
1876 3546 2011 3604 Sola
2039 3566 2244 3604 manus
2292 3548 2505 3621 scribit,
2554 3549 2710 3607 solus

309 3630 502 3688 oculus
546 3628 743 3687 videt:
791 3628 949 3703 Ergo
993 3635 1109 3684 tam
1150 3626 1414 3684 revulsus
1461 3646 1495 3683 a
1524 3627 1710 3702 capite
1741 3637 1798 3686 et
1828 3627 2050 3685 caeteris
2094 3627 2385 3701 membris,
2431 3648 2601 3704 quam
2650 3629 2708 3685 in

309 3730 570 3786 corpore;
634 3708 771 3767 Sola
799 3708 890 3765 vis
932 3706 1250 3783 respirandi
1294 3715 1382 3763 est
1424 3705 1482 3762 in
1526 3707 1935 3783 pulmonibus:
1999 3709 2157 3783 Ergo
2203 3708 2503 3783 pulmones
2547 3728 2707 3782 aeque

310 3791 578 3864 respirare
625 3796 895 3865 poterunt
938 3786 1152 3844 divulsi
1183 3807 1217 3843 a
1252 3786 1509 3861 jecinore
1553 3798 1612 3844 et
1653 3787 1781 3844 aliis
1823 3788 2158 3858 visceribus,
2205 3807 2373 3860 quam
2421 3806 2549 3842 cum
2594 3787 2711 3844 illis

311 3868 609 3943 conjuncti,
655 3869 812 3943 quod
849 3886 1017 3924 nemo
1063 3887 1178 3923 nou
1223 3866 1384 3922 videt
1430 3866 1760 3923 absurdum.
1851 3868 2139 3922 Sexcenta
2184 3874 2317 3922 sunt
2363 3865 2705 3940 istiusmodi,

311 3968 429 4023 quae
458 3946 766 4003 efficaciam
797 3954 854 4003 et
882 3944 1146 4003 effectum
1178 3944 1427 4019 aliquem
1458 3946 1750 4021 proprium
1790 3945 2022 4016 habent,
2068 3964 2196 4019 quae
2226 3953 2416 4001 tamen
2448 3945 2711 4021 sejuncta

313 4028 377 4084 ab
405 4025 691 4101 adJunctis
728 4025 847 4082 suis
890 4044 1117 4081 omnem
1159 4023 1276 4078 vim
1322 4043 1484 4079 suam
1530 4025 1819 4081 amittunt.
1909 4024 2189 4081 Potentiae
2237 4024 2527 4081 naturales
2573 4045 2706 4082 con-

314 4126 465 4164 nexae
512 4114 645 4164 sunt
688 4104 881 4183 quoad
925 4102 1309 4175 existentiam,
1358 4101 1460 4159 sed
1490 4103 1751 4159 discretae
1782 4103 1971 4178 quoad
2012 4102 2388 4179 operationes.
2475 4104 2606 4162 Lux
2652 4113 2711 4163 et

316 4186 457 4244 calor
486 4185 544 4242 in
576 4184 695 4243 sole
725 4184 1158 4260 conjunguntur
1199 4182 1531 4255 arctissime,
1566 4182 1666 4239 sed
1699 4183 1820 4239 sola
1849 4192 2039 4240 tamen
2070 4184 2170 4240 lux
2204 4183 2506 4258 illuminat,
2553 4184 2710 4243 solus

316 4267 457 4325 calor
499 4264 778 4323 calefacit.
865 4263 1144 4337 Quamvis
1173 4282 1311 4337 ergo
1340 4271 1561 4319 caeterae
1605 4263 1849 4320 virtutes
1891 4282 2005 4319 non
2045 4262 2366 4339 justificent
2395 4283 2522 4320 curn
2553 4264 2704 4340 fide3

318 4347 434 4405 Non
461 4354 655 4404 tamen
683 4344 826 4401 fides
856 4343 925 4400 iis
954 4341 1289 4399 absentibus
1318 4350 1507 4417 potest
1528 4342 1863 4418 justificare,
1901 4342 2082 4400 multo
2113 4343 2302 4400 minus
2331 4344 2709 4418 praesentibus

318 4426 460 4483 vitiis
491 4425 790 4483 contrariis
814 4445 828 4497 ;
860 4423 996 4499 quia
1024 4422 1168 4479 fides
1198 4442 1312 4479 non
1342 4429 1531 4498 potest
1560 4443 1686 4479 esse
1709 4443 1864 4499 vera,
1886 4423 1996 4480 nisi
2027 4423 2085 4479 in
2109 4424 2506 4480 commuuione
2529 4424 2708 4481 virtu-

317 4512 440 4579 tum,
473 4526 600 4581 quae
631 4505 677 4563 si
707 4524 823 4561 non
853 4502 1154 4561 conferunt
1180 4502 1371 4578 quoad
1391 4501 1884 4578 justificationem,
1922 4502 2222 4561 conferunt
2249 4512 2439 4561 tamen
2471 4503 2546 4561 ad
2573 4504 2709 4562 fidei

319 4584 664 4643 existentiam
695 4594 753 4642 et
781 4584 977 4656 vitam,
1010 4602 1179 4658 quam
1211 4581 1517 4659 praesentia
1545 4582 1816 4641 vitiorum
1847 4583 2182 4641 destrueret.

389 4663 527 4722 XV.
587 4664 769 4722 Aliud
798 4672 887 4721 est
914 4661 1281 4721 dilectionem
1322 4662 1660 4739 peccatricis
1688 4683 1814 4723 esse
1844 4683 2073 4722 causam
2113 4663 2467 4723 remissionis
2507 4683 2709 4741 pecea-
