3221 5200
529 350 643 409 108
1436 368 1621 409 Locus
1650 368 2010 410 nxnscmns.
2526 342 2785 426 [Quaesr.
2817 363 2944 405 ιιι.

527 510 688 568 Deus
716 507 817 566 dat
842 507 1006 584 leges
1034 506 1106 566 de
1134 506 1568 567 haereditatibus
1597 508 2068 586 Polygamorum.
2128 505 2279 581 Quia
2304 505 2573 584 quamvis
2602 504 2944 582 Polygamis

522 590 714 664 legem
732 587 846 662 det,
868 588 1052 664 ipsam
1072 596 1267 646 tamen
1280 588 1684 665 Polygamiam
1704 590 1835 648 ideo
1856 609 1974 647 non
1994 588 2301 665 approbat3
2331 596 2398 646 ut
2418 587 2519 645 dat
2539 587 2746 664 legem,
2763 586 2938 643 Deut.

525 668 693 726 xxiii.
729 671 819 744 18,
851 668 924 726 de
951 688 1070 727 non
1116 668 1414 726 inferenda
1440 669 1705 728 mercede
1754 669 1928 728 scorti
1955 669 2017 726 in
2058 669 2293 727 domum
2336 668 2466 742 Dei,
2511 667 2701 743 ipsum
2744 675 2942 725 tamen

523 748 771 826 pretium
818 768 934 806 non
976 748 1295 825 approbat;
1355 748 1456 808 dat
1498 749 1690 826 legem
1728 749 1802 808 de
1844 748 2113 826 eligendo
2157 749 2338 825 Rege,
2369 747 2717 805 desiderium
2746 754 2943 805 tamen

524 828 723 906 populi
750 848 868 886 non
896 828 1191 906 approbat,
1240 831 1268 885 1
1306 829 1461 887 Sam.
1489 830 1612 888 viii.
1643 833 1698 905 6,
1731 833 1788 888 7.
1871 830 1986 888 Vel
2014 849 2090 888 ex
2130 848 2200 888 eo
2228 827 2403 906 quod,
2437 828 2672 887 Denter.
2703 846 2848 884 xxv.
2881 829 2936 900 5,

522 908 619 966 vir
644 908 846 967 debuit
892 909 1053 967 fi-atri
1081 915 1307 966 mortuo
1350 909 1628 969 suscitare
1671 929 1883 984 semen,
1907 910 2009 986 qui
2049 909 2240 986 potuit
2279 927 2407 967 esse
2447 914 2754 981 uxoratus3
2799 905 2939 982 quia

527 1008 715 1047 sermo
745 997 834 1047 est
861 992 930 1046 de
940 989 1232 1063 fratribus
1257 990 1628 1048 habitantibus
1654 1011 1787 1066 una,
1817 990 1896 1048 id.
1927 989 2027 1066 qui
2055 988 2225 1047 ambo
2251 1008 2369 1046 non
2397 988 2515 1047 sint
2541 987 2857 1063 conjugati.

609 1069 729 1126 IX.
761 1068 911 1143 Quia
937 1088 1077 1127 vero
1105 1088 1272 1146 vagae
1308 1069 1568 1128 libidinis
1595 1080 1655 1129 et
1684 1070 1912 1129 veneris
1938 1069 2259 1146 illegitimas
2285 1069 2397 1127 hoc
2423 1075 2711 1145 praecepto
2738 1066 2937 1125 vetitae

524 1148 843 1206 remedium
873 1157 962 1207 est
987 1148 1282 1226 legitimus
1310 1150 1667 1225 concubitus,
1683 1151 1782 1227 qui
1811 1151 1871 1207 in
1898 1151 2142 1208 honesto
2170 1149 2444 1226 conjugio
2471 1147 2769 1225 reperitur,
2789 1166 2936 1223 prae-

524 1228 739 1305 cipitur
765 1229 1024 1306 conjugii
1052 1250 1087 1287 a
1105 1229 1232 1287 Deo
1260 1229 1511 1288 instituti
1537 1231 1800 1308 legitima
1819 1231 2133 1307 usurpatio,
2159 1229 2219 1287 in
2246 1229 2319 1287 iis
2334 1228 2437 1305 qui
2462 1227 2670 1285 nolunt
2690 1235 2791 1284 aut
2817 1246 2937 1287 non

525 1318 770 1385 possunt
812 1328 873 1367 se
902 1309 1213 1384 continere,
1242 1317 1310 1367 ut
1352 1309 1428 1367 sit
1472 1312 1599 1388 conj
1608 1311 1803 1370 unctio
1831 1310 2094 1387 legitima
2138 1318 2197 1368 et
2240 1307 2544 1367 individua
2584 1307 2828 1365 duorum
2874 1308 2937 1366 in

524 1408 701 1446 unam
743 1408 989 1463 carnem,
1021 1408 1125 1465 per
1163 1409 1485 1447 consensum
1514 1393 1749 1465 justum,
1794 1410 1912 1449 non
1952 1399 2179 1449 tantum
2220 1387 2699 1461 contrahentium,
2731 1386 2834 1446 sed
2875 1394 2935 1446 et

521 1488 723 1527 eorum
750 1468 811 1526 in
841 1488 1085 1547 quorum
1115 1477 1250 1527 sunt
1293 1477 1596 1546 potestate,
1628 1471 1848 1547 absque
1876 1490 1991 1549 quo
2018 1470 2236 1546 nuptias
2279 1476 2414 1527 sunt
2455 1467 2843 1540 clandestinae,
2876 1475 2936 1526 et

524 1549 655 1627 ipso
675 1550 809 1626 jure
837 1549 1030 1623 nullae,
1051 1552 1302 1625 plenum,
1333 1568 1452 1607 non
1478 1550 1540 1607 vi
1567 1558 1670 1609 aut
1697 1550 1833 1609 dolo
1861 1559 2172 1625 extortum,
2204 1548 2360 1628 quod
2401 1547 2477 1606 ad
2516 1556 2744 1625 raptum
2773 1566 2935 1624 spec·

522 1637 689 1703 taret,
719 1630 996 1687 sincerum
1017 1649 1134 1688 non
1163 1629 1612 1706 fraudulentum,
1642 1640 1844 1709 utpote
1872 1631 1975 1708 qui
2014 1630 2253 1689 tendere
2295 1629 2470 1688 debet
2509 1629 2571 1685 in
2598 1627 2759 1686 illam
2787 1627 2936 1685 indi-

521 1709 758 1767 viduam
789 1710 1272 1787 conjunctionem,
1296 1729 1413 1768 non
1442 1731 1746 1789 corporum
1773 1710 1964 1785 modo,
1996 1710 2100 1768 sed
2128 1710 2300 1769 etiam
2322 1709 2643 1768 animorum
2671 1717 2731 1766 et
2757 1707 2939 1766 bono·

521 1809 668 1863 rum,
701 1789 801 1866 qui
829 1790 1171 1866 regulariter
1200 1791 1325 1849 sola
1352 1801 1534 1850 morte
1564 1792 1940 1869 abrumpitur,
1976 1791 2145 1849 Rom.
2174 1790 2275 1848 vii.
2306 1793 2362 1863 2,
2395 1793 2451 1848 3.

606 1869 691 1928 X.
739 1870 1054 1928 Mandatur
1096 1870 1269 1929 etiam
1301 1871 1606 1946 Pudicitia,
1642 1873 1907 1945 CastitaS,
1957 1870 2081 1928 sive
2110 1871 2171 1928 in
2199 1870 2489 1943 coelibatu,
2533 1868 2658 1927 sive
2699 1866 2758 1925 in
2802 1888 2937 1926 con-

516 1949 706 2026 jugio,
738 1949 1040 2024 modestia,
1073 1950 1370 2026 sobrietas,
1402 1959 1462 2010 et
1489 1953 1766 2029 quaelibet
1792 1952 2041 2009 virtutes
2082 1950 2158 2008 ad
2184 1970 2385 2009 veram
2428 1948 2940 2008 sanctificationem

522 2029 782 2106 corporis
812 2039 871 2088 et
898 2029 1077 2087 animi
1106 2039 1450 2107 spectantes,
1482 2051 1725 2107 quarum
1754 2051 1963 2109 agmen
2007 2029 2168 2089 ducit
2211 2029 2607 2107 temperantia,
2637 2048 2742 2105 per
2766 2048 2940 2105 quam

522 2109 672 2167 ratio
716 2110 1018 2168 libidinem
1078 2129 1393 2190 omnesque
1438 2112 1733 2190 appetitus
1787 2110 2255 2189 concupiscibilis
2295 2112 2544 2188 impetus
2593 2115 2836 2184 coercet,
2880 2118 2941 2167 et

523 2188 717 2247 fraenis
745 2209 944 2266 parere
973 2190 1162 2248 docet.

1412 2430 1803 2506 QUAESTIO
1857 2430 2048 2490 XIX.

1315 2605 1399 2645 AD
1427 2608 1805 2651 PRAECEI’TUH
1834 2610 2139 2651 ocravmfi.

528 2745 689 2811 Quid
701 2745 1079 2821 prohibeatur
1105 2754 1160 2804 et
1174 2747 1557 2823 praect‘piatur
1583 2750 1877 2826 Proecepto
1905 2754 1976 2809 de
2003 2772 2114 2810 non
2148 2753 2416 2827 furando
2436 2774 2461 2825 ,-
2502 2752 2587 2809 Et
2611 2751 2705 2810 An
2732 2754 2939 2829 quoevis

515 2856 516 2859 =
1205 2846 1385 2886 usura
1409 2830 1510 2887 sub
1538 2850 1602 2889 eo
1630 2832 2027 2890 contincatur!
2097 2832 2247 2909 Neg.

606 2985 655 3045 I.
703 2985 788 3044 Ut
828 2983 1058 3044 duobus
1100 2985 1414 3065 Praeceptis
1455 2989 1917 3066 praeoedentibus
1954 2992 2221 3050 Perennis
2263 2999 2323 3050 et
2353 2990 2698 3067 Corporeum
2739 2991 2939 3068 proxi·

523 3086 748 3125 morum
777 3074 1010 3125 cantum
1037 3065 1163 3143 fuit,
1195 3067 1320 3126 sive
1348 3068 1484 3128 vitae
1514 3078 1573 3129 et
1600 3071 1853 3131 castitati
1880 3073 2169 3151 ipsorum3
2215 3071 2348 3129 Hoc
2376 3080 2584 3129 octavo
2600 3074 2788 3146 Bona,
2813 3072 2938 3130 sive

523 3147 829 3207 facultates
858 3166 1055 3205 eorum
1086 3147 1145 3204 in
1187 3156 1313 3207 tuto
1356 3150 1730 3211 collocantur.
1788 3152 1982 3211 ‘Finis
2024 3158 2130 3227 est,
2160 3159 2228 3210 ut
2267 3151 2540 3228 quoniam
2581 3151 2935 3217 abominatio

524 3228 652 3286 Deo
680 3237 771 3288 est
797 3227 1100 3305 injustitia,
1131 3227 1408 3287 reddatur
1435 3231 1746 3309 unicuique
1774 3232 1930 3309 quod
1960 3252 2127 3291 suum
2156 3238 2261 3290 est.

654 3373 665 3384 ·
960 3372 971 3383 ·
1129 3308 1213 3364 ΙΙ.
1243 3309 1483 3385 Triplex
1503 3331 1649 3369 vero
1677 3331 1795 3369 non
1822 3312 2013 3370 minus
2040 3332 2107 3370 ac
2136 3309 2581 3389 praecedentium
2610 3311 2928 3370 sanctionis

549 3371 698 3473 3⁸³¹?
721 3374 975 3471 ‘Psaecopti
1044 3386 1213 3443 istius
1239 3388 1417 3464 ratio;
1467 3392 1517 3447 1.
1539 3391 1771 3466 Divina,
1793 3392 1930 3467 quia
1957 3411 2087 3451 cum
2108 3392 2270 3450 Deus
2295 3410 2413 3448 non
2428 3390 2619 3447 minus
2647 3390 2724 3447 sit
2750 3390 2927 3468 largi-

691 3444 766 3486 ”p
789 3444 864 3474 ‘³¹'
1039 3474 1135 3521 tor
1181 3464 1479 3542 bonorum,
1510 3489 1684 3545 quam
1727 3471 2006 3547 conditor,
2039 3471 2302 3548 quisquis
2342 3490 2412 3529 ea
2450 3489 2487 3527 a
2525 3468 2752 3528 liberali
2793 3471 2925 3547 ejus

518 3557 693 3596 manu
717 3559 850 3630 ‘non
892 3552 1176 3620 expectat,
1210 3544 1312 3603 sed
1352 3565 1458 3621 per
1496 3548 1767 3625 injuriam
1807 3569 1878 3608 ea
1916 3551 2084 3628 rapit,
2119 3553 2309 3612 Deum
2348 3550 2537 3628 ipsum
2577 3569 2930 3628 magnopere

515 3616 775 3709 offendit.
861 3627 916 3681 2.
958 3624 1281 3698 Naturalis,
1312 3626 1448 3702 quia
1477 3647 1607 3685 cum
1650 3628 1944 3689 distinctio
1973 3631 2375 3705 dominiorum,
2407 3630 2723 3690 secundum
2750 3651 2922 3707 quam

515 3696 618 3754 alu
645 3698 829 3776 plura,
860 3703 960 3760 alii
986 3703 1258 3781 pauciora
1284 3706 1599 3783 possident,
1633 3709 1709 3768 sit
1746 3710 1897 3787 juris
1938 3711 2236 3786 naturalis,
2266 3711 2566 3787 usurpatio
2592 3711 2676 3768 rei
2717 3711 2921 3770 alienae

513 3797 634 3871 non
660 3786 851 3855 potest
876 3803 992 3841 non
1023 3803 1201 3861 grave
1228 3794 1526 3861 peccatum
1558 3807 1703 3865 esse,
1736 3809 2067 3867 repugnans
2092 3792 2135 3850 J
2139 3791 2229 3849 uri
2256 3791 2522 3849 naturali.
2580 3792 2636 3849 3.
2658 3790 2917 3867 Politica,

513 3878 653 3934 quia
679 3872 977 3936 grassante
1007 3864 1195 3921 furum
1224 3873 1283 3922 et
1322 3866 1658 3942 praedonum
1699 3870 1949 3947 licentia,
1981 3892 2098 3949 pax
2141 3878 2200 3930 et
2239 3870 2628 3947 tranquillitas
2668 3870 2918 3948 publica,

513 3938 780 3999 humanae
810 3944 1103 4002 societatis
1129 3944 1443 4020 vinculum,
1475 3947 1871 4009 labefactatur.

514 4055 723 4104 Furtum
765 4064 817 4105 et
849 4063 995 4108 varim
1118 4024 1239 4082 III.
1283 4026 1532 4085 Vetatur
1558 4035 1752 4087 autem
1781 4030 1877 4089 hic
1905 4029 1965 4088 in
1994 4049 2205 4106 genere
2230 4031 2476 4103 flav-tum,
2507 4028 2665 4105 quod
2691 4028 2918 4089 definiri

543 4118 648 4173 ejus
664 4120 846 4175 species
862 4121 994 4165 dam·
1038 4104 1185 4163 solet
1231 4106 1432 4163 alienoe
1469 4108 1560 4165 rei
1601 4111 1961 4168 contrectatio
1987 4110 2085 4167 vel
2125 4110 2421 4185 usurpatio
2461 4109 2630 4168 invito
2671 4110 2912 4186 dominc,

541 4180 737 4220 nantur.
1038 4185 1162 4243 sive
1190 4204 1260 4243 ea
1285 4185 1387 4244 fiat
1414 4186 1566 4262 dolo,
1598 4187 1724 4247 sive
1750 4189 1830 4247 vi.
1915 4189 2049 4247 Hoc
2076 4208 2217 4247 vero
2258 4209 2374 4247 non
2415 4196 2640 4248 tantum
2669 4189 2918 4267 simplex

510 4268 617 4335 est,
649 4261 752 4320 sed
781 4264 1176 4343 qualificatum,
1208 4271 1267 4323 et
1308 4285 1414 4341 pro
1457 4266 1794 4327 diversitate
1838 4268 2195 4346 objectorum
2224 4269 2451 4327 varium
2478 4275 2539 4327 et
2573 4269 2916 4346 multiplex;

509 4357 646 4430 nam
676 4341 725 4399 si
754 4343 830 4402 sit
855 4344 1153 4421 usurpatio
1181 4345 1264 4402 rei
1292 4365 1485 4420 sacrae,
1508 4346 1720 4405 dicitur
1733 4349 2108 4424 sacrileqinm,
2134 4348 2184 4406 si
2211 4347 2350 4406 boni
2377 4347 2597 4426 publici
2624 4350 2912 4426 pertinen-

508 4424 585 4508 tis
613 4419 688 4510 ad
713 4421 1167 4500 Rempublicam,
1190 4427 1499 4501 peculatus,
1531 4426 1580 4484 si
1608 4446 1869 4502 personae
1887 4448 2018 4504 quae
2047 4429 2124 4487 sit
2150 4428 2210 4486 in
2238 4428 2427 4487 aliena
2453 4437 2755 4504 potestate,
2788 4429 2915 4489 sive

510 4506 587 4587 sit
615 4497 813 4575 hbera,
844 4504 969 4561 sive
997 4523 1183 4578 serva,
1204 4506 1482 4580 plaqium.
1570 4505 1707 4564 Huc
1734 4507 2022 4583 pertinent
2049 4509 2421 4583 latrocinium,
2452 4510 2752 4585 concussio,
2783 4512 2910 4568 stel-

508 4577 767 4653 lzonatus,
842 4582 1011 4641 uibus
1040 4584 1286 4661 singulis
1315 4604 1434 4644 suae
1462 4605 1650 4663 poenae
1676 4605 1780 4663 per
1807 4586 1969 4663 leges
1996 4588 2200 4647 civiles
2228 4596 2365 4647 sunt
2392 4588 2721 4666 assignatae.

589 4655 699 4715 IV.
745 4657 802 4715 A
872 4659 1087 4721 furtum
1127 4662 1426 4723 reductive
1467 4664 1640 4723 etiam
1680 4666 1970 4745 pertinent
2010 4667 2146 4743 doli,
2179 4667 2411 4726 fraudes
2452 4677 2512 4727 et
2553 4668 2912 4727 circumven-
