3221 5200
285 360 503 409 Quffizsr.
537 337 647 418 x1.]
962 353 1037 391 ns
1082 352 1346 392 rsssom
1394 351 1465 389 ετ
1509 350 1696 390 sra‘ru
1740 350 1991 390 cumsrr.
2579 332 2691 390 301

373 501 492 558 XI.
541 496 808 557 Secunda
836 495 1092 573 operatio
1121 494 1229 552 fuit
1250 494 1310 551 in
1344 493 1619 568 Corporis
1649 492 1861 550 Christi
1876 491 2242 565 formatione,
2267 490 2341 548 ad
2369 511 2542 567 quam
2571 514 2697 569 per-

290 581 436 639 tinet
463 579 589 655 ejus
629 575 999 652 organizati0‚
1045 574 1335 645 animatiO,
1381 581 1440 631 et
1481 573 1779 648 utriusque
1834 582 1952 630 tam
1996 571 2250 647 eorporis
2292 591 2463 646 quam
2494 574 2698 631 animoe

291 680 422 718 cum
443 658 638 716 Verbo
660 656 880 730 uniti03
914 653 1083 729 Quod
1121 652 1458 730 Apostolus,
1503 652 1656 710 Heb.
1704 673 1763 710 x.
1795 654 1849 725 5,
1882 671 1982 727 per
2021 656 2361 732 taragna-pei·
2408 653 2695 728 exprimit,

293 743 443 815 σόμι
468 739 744 817 unga-&u
768 762 855 812 μοι
884 757 898 811 ;
944 743 1227 810 quatenus
1255 753 1357 809 per
1380 732 1843 790 Incarnationem
1873 733 2094 807 Corpus
2125 731 2352 789 Christo
2382 732 2461 789 ita
2489 732 2698 791 forma-

291 833 415 879 tum
445 827 549 891 est,
582 828 639 875 et
667 826 923 892 aptatum
953 834 988 871 a
1020 813 1238 890 Spiritu
1270 812 1500 886 SanctO,
1552 821 1618 869 ut
1646 811 1706 869 in
1761 831 1829 869 eo
1860 811 2068 869 servile
2113 811 2491 870 ministerium
2522 814 2698 888 obire,

294 909 351 957 et
380 898 612 956 obedire
646 896 802 954 Patri
833 916 899 952 ae
928 893 1210 950 immolari
1243 899 1456 969 posset.

295 1019 374 1063 A„
421 1015 603 1061 Christi
660 1015 776 1059 cor·
901 972 1055 1029 XII.
1104 972 1167 1030 Si
1196 972 1497 1045 Quaeratur
1523 990 1680 1044 vero,
1712 979 1776 1028 ut
1805 970 1869 1028 fit
1896 991 1931 1027 a
1963 969 2353 1044 Scholasticis,
2402 970 2702 1044 Quomodo

351 1089 439 1133 pus
480 1075 630 1118 ruerit
677 1075 776 1116 for·
820 1055 929 1110 hoe
959 1051 1034 1108 sit
1062 1060 1355 1127 peractum
1384 1070 1419 1106 a
1451 1049 1671 1125 Spiritu
1718 1051 1775 1107 S.
1798 1054 1826 1108 ?
1855 1050 1955 1107 An
1983 1050 2042 1106 in
2078 1060 2385 1125 moment0‚
2436 1051 2534 1108 An
2564 1071 2703 1110 vero

350 1139 537 1176 matum
567 1143 778 1175 momen·
822 1132 1146 1190 successive
1167 1135 1195 1189 ?
1281 1129 1565 1187 Distincte
1588 1129 1921 1205 responderi
1953 1137 2157 1206 potest,
2190 1130 2325 1187 nim.
2356 1138 2419 1188 ut
2460 1133 2570 1189 tria
2609 1131 2705 1190 hic

353 1195 458 1292 2³34,
470 1204 538 1290 ,Μ’
597 1202 781 1232 ⁸⁸⁰⁰&
823 1219 1129 1269 occurrunt
1156 1232 1170 1268 ι
1258 1214 1309 1266 1.
1355 1209 1706 1284 Praeparatio
1736 1210 2004 1285 materiae,
2037 1230 2111 1268 ex
2140 1230 2254 1286 qua
2281 1209 2583 1269 formatum
2615 1219 2704 1269 est

821 1292 1042 1367 Corpus
1083 1288 1333 1363 Christi3
1405 1294 1460 1346 2.
1507 1288 1803 1346 Formatio
1854 1289 2122 1366 Corporis
2170 1309 2245 1347 ex
2301 1291 2539 1348 materia
2594 1291 2706 1348 ista

295 1374 404 1432 rite
467 1379 787 1449 praeparata
815 1393 829 1446 ;
916 1374 971 1428 3.
1046 1368 1328 1427 Perfectio
1401 1367 1661 1444 ejusdem
1720 1368 1986 1444 Corporis
2041 1389 2143 1446 per
2198 1389 2302 1427 sua
2355 1369 2707 1428 incrementa

297 1453 572 1530 paulatim
623 1451 698 1509 ad
744 1451 964 1528 justam
1020 1450 1400 1525 quantitatem
1449 1447 1728 1524 perducti.
1830 1448 2034 1522 Quoad
2090 1449 2334 1524 primum
2390 1457 2449 1507 et
2478 1450 2707 1508 tertium

299 1533 665 1591 consentiunt
692 1550 892 1588 omnes
932 1528 1256 1588 successive
1285 1527 1462 1585 fuisse
1511 1535 1760 1602 peracta.
1848 1528 1963 1585 Sed
1992 1528 2182 1604 quoad
2212 1529 2524 1587 secundum
2554 1529 2711 1605 quod

296 1612 696 1669 formationem
727 1609 996 1686 Corporis
1036 1608 1287 1685 respicit,
1318 1607 1646 1684 disputatur
1673 1607 1823 1665 inter
1851 1607 2196 1683 Theologos‚
2235 1608 2364 1666 aliis
2392 1618 2710 1667 momenta-

301 1711 486 1763 neam,
519 1691 647 1748 aliis
677 1690 1064 1748 successivam
1087 1687 1485 1746 formationem
1507 1686 1867 1762 urgentibus,
1892 1687 1967 1745 ad
1995 1707 2139 1762 quos
2163 1687 2335 1745 etiam
2364 1688 2708 1747 accedimuS.

386 1770 575 1827 XIII.
626 1772 675 1827 l.
721 1769 870 1843 Quia
896 1776 1297 1825 momentanea
1328 1766 1432 1824 illa
1485 1765 1752 1823 formatio
1809 1766 2076 1842 Corporis
2134 1767 2344 1824 Christi
2395 1767 2623 1843 integri,
2655 1777 2713 1826 et

304 1869 434 1908 cum
464 1849 654 1906 anima
681 1848 1012 1925 conjunctio
1040 1847 1279 1923 fingitur
1300 1846 1423 1904 sine
1458 1845 1769 1922 Scriptura,
1801 1846 1860 1902 in
1904 1867 2019 1922 qua
2046 1846 2266 1903 nullum
2296 1846 2428 1904 talis
2457 1846 2712 1905 formati·

306 1930 433 1987 onis
475 1929 832 1986 miraculosae
855 1936 1016 1987 extat
1057 1927 1387 2002 vestigium.
1474 1925 1601 1982 Imo
1645 1945 1917 2001 expresse
1971 1926 2246 2002 temporis
2289 1925 2474 2002 spatia
2515 1926 2573 1982 in
2603 1927 2713 1984 hoe

304 2009 540 2085 negotio
569 2017 971 2081 memorantur,
1024 2016 1082 2064 et
1109 2014 1271 2064 actus
1329 2004 1752 2080 Conceptionis,
1813 2005 2232 2078 Generationis,
2266 2014 2323 2063 et
2380 2005 2717 2063 Nativitatis

308 2089 578 2146 distincte
600 2094 985 2160 recensentur,
1017 2095 1075 2143 et
1104 2085 1175 2143 iis
1203 2094 1429 2161 tempus
1458 2083 1808 2142 ordinarium
1848 2083 2207 2159 adscribitur,
2248 2085 2389 2142 Luc.
2420 2085 2456 2142 i.
2489 2088 2583 2158 26,
2617 2087 2711 2160 38,

309 2169 404 2240 56,
431 2170 526 2240 57,
558 2174 617 2223 et
646 2166 703 2223 ii.
735 2167 790 2223 6.
861 2169 917 2224 2.
963 2164 1112 2238 Quia
1153 2164 1415 2222 Christus
1445 2164 1503 2220 in
1532 2164 1921 2240 assumptione
1965 2172 2183 2222 naturae
2212 2164 2477 2222 humanae
2506 2165 2717 2223 dicitur

307 2247 496 2303 faetus
524 2244 692 2301 nobis
722 2244 942 2317 similis,
987 2263 1059 2300 ne
1101 2243 1360 2319 exeeptis
1401 2242 1634 2319 quidem
1678 2243 2121 2316 infirmitatibuS,
2168 2243 2271 2301 sed
2309 2243 2432 2301 solo
2460 2253 2716 2320 peccat0.

311 2325 470 2399 Ergo
499 2343 614 2380 non
643 2333 949 2396 momente,
982 2321 1084 2380 sed
1096 2322 1268 2397 juxta
1296 2322 1553 2380 ordinem
1575 2332 1914 2382 consuetum
1935 2322 2210 2399 paulatim
2240 2324 2471 2381 formari
2500 2323 2718 2383 debuit.

313 2406 369 2462 3.
416 2402 565 2476 Quia
593 2402 776 2459 crevit
804 2409 968 2460 extra
995 2409 1221 2459 uterum
1250 2421 1405 2460 more
1460 2402 1703 2461 aliorum
1748 2423 2067 2479 corporum,
2101 2404 2259 2479 Ergo
2288 2423 2404 2460 non
2432 2402 2546 2460 alia
2574 2403 2720 2462 ratio

311 2483 514 2541 debuit
541 2501 668 2540 esse
696 2481 1053 2540 formationis
1081 2481 1142 2537 in
1169 2489 1348 2554 utem,
1381 2483 1670 2558 quomodo
1699 2492 1757 2542 et
1775 2483 2020 2560 gestatio
2051 2483 2157 2541 fuit
2187 2483 2515 2541 successiva
2543 2492 2601 2541 et
2629 2503 2718 2540 or·

310 2562 533 2622 dinaria
573 2581 783 2622 novem
825 2561 1146 2637 mensium;
1191 2561 1348 2639 quod
1388 2562 1598 2622 frustra
1641 2563 1859 2637 fuisset,
1905 2563 1954 2621 si
1999 2574 2288 2623 momento
2338 2562 2641 2622 formatum
2665 2571 2723 2622 et

311 2642 626 2720 perfectum
685 2642 904 2701 fuisset.
990 2642 1138 2700 Nam
1190 2644 1240 2700 si
1282 2652 1569 2702 momento
1613 2644 1926 2720 perfectum
1970 2643 2078 2703 fuit
2108 2644 2319 2703 Christi
2350 2645 2587 2721 Corpm,
2619 2664 2719 2720 po·

313 2723 519 2782 tuisset
547 2724 707 2781 nasei
734 2723 948 2799 pariter
975 2722 1178 2781 eodem
1221 2733 1529 2797 moment0,
1575 2743 1681 2781 nee
1725 2724 2021 2782 debuisset
2049 2725 2118 2783 B.
2164 2724 2350 2801 Virgo
2379 2723 2721 2801 gestationis

312 2803 614 2860 ordinariae
645 2803 939 2860 molestias
967 2811 1026 2861 et
1052 2803 1280 2861 labores
1303 2803 1604 2861 sustinere.

394 2882 574 2945 XIV,
621 2883 752 2939 Non
780 2882 1099 2957 putandum
1128 2891 1217 2939 est
1244 2882 1354 2939 hoe
1383 2881 1596 2955 dogma
1624 2881 1932 2957 quicquam
1982 2892 2231 2941 statuere
2261 2883 2563 2960 indignum
2597 2883 2724 2959 Spi-

315 2960 433 3018 ritu
465 2961 695 3018 Sanct0.
781 2959 930 3032 Quia
969 2959 1107 3017 lieet
1146 2960 1398 3034 potuerit
1440 2960 1562 3016 sine
1605 2980 1782 3032 mora,
1828 2969 1886 3017 et
1939 2962 2110 3019 unico
2166 2972 2455 3020 momento
2506 2964 2727 3037 Corpus

317 3038 531 3097 Christi
560 3037 887 3096 efformare:
932 3037 1064 3094 Non
1119 3037 1311 3095 obstat
1353 3046 1562 3109 tamen,
1607 3038 1916 3111 quominus
1945 3040 2269 3096 successive
2319 3040 2411 3096 hic
2461 3048 2729 3114 operatus

319 3118 411 3190 sit,
443 3127 508 3175 ut
536 3118 609 3175 ab
653 3114 1001 3191 imperfectis
1042 3114 1117 3172 ad
1158 3114 1409 3190 perfecta
1451 3115 1599 3172 solet
1655 3116 1963 3190 procedere
2007 3116 2066 3171 in
2095 3118 2364 3190 operibus
2407 3118 2641 3175 Naturae
2670 3126 2729 3176 et

319 3196 556 3255 Gratiae.
641 3195 763 3253 Nec
792 3193 1037 3251 multum
1065 3192 1239 3250 refert
1293 3194 1685 3269 scrupulosius
1739 3193 2044 3269 inquirere,
2096 3214 2211 3270 quo
2255 3203 2510 3271 tempore
2540 3196 2731 3253 anima

319 3276 484 3334 unita
511 3274 683 3334 fuerit
711 3273 967 3351 Corpori,
1000 3281 1059 3331 et
1086 3272 1250 3342 Λόγος
1275 3272 1465 3330 Carni.
1554 3272 1776 3331 Sufficit
1798 3280 1862 3330 ut
1890 3272 2206 3344 credamuS,
2237 3282 2499 3332 naturam
2529 3275 2730 3332 huma-

320 3376 456 3413 nam
498 3376 573 3414 ex
616 3374 731 3430 quo
775 3373 902 3411 esse
944 3354 1135 3429 coepit,
1180 3372 1474 3428 nunquam
1518 3352 1756 3410 seorsim
1785 3373 1820 3409 a
1847 3352 1995 3429 Λόγῳ
2033 3352 2312 3428 extitisse,
2373 3353 2474 3411 sed
2503 3354 2577 3411 ab
2606 3354 2732 3431 ipso

322 3435 500 3494 fuisse
529 3442 902 3510 assumptam,
948 3432 1148 3510 illique
1189 3431 1412 3489 unitam
1467 3432 1848 3508 hypostatice.
1935 3434 2012 3490 Et
2054 3433 2102 3491 si
2131 3434 2322 3491 anima
2362 3433 2587 3492 infundi
2615 3454 2732 3492 non

320 3515 508 3591 potuit
537 3515 598 3572 in
626 3534 833 3591 corpus
861 3512 975 3570 nisi
997 3513 1120 3588 jam
1150 3512 1565 3589 organizatum,
1596 3523 1656 3569 et
1676 3512 1845 3587 plane
1868 3513 2191 3587 formatum,
2217 3513 2288 3573 de
2307 3533 2422 3590 quo
2450 3534 2565 3572 non
2598 3534 2732 3573 con-

322 3596 577 3653 sentiunt
598 3595 747 3652 inter
775 3614 836 3651 se
866 3593 1120 3668 Medici;
1167 3593 1219 3649 N
1224 3612 1300 3649 on
1328 3591 1587 3667 sequitur
1628 3592 1786 3662 Λόγον
1830 3613 1945 3652 non
1993 3593 2249 3669 potuisse
2279 3613 2508 3652 carnem
2542 3596 2735 3654 statim

325 3674 436 3731 sibi
465 3674 644 3747 unire,
676 3693 806 3732 cum
836 3693 980 3750 opus
1002 3674 1130 3750 ejus
1151 3692 1269 3730 non
1295 3672 1480 3749 possit
1508 3679 1608 3729 aut
1630 3682 1911 3749 praesente
1936 3684 2036 3732 aut
2064 3674 2300 3732 absente
2329 3674 2520 3732 anima
2542 3695 2736 3733 coarc-

326 3753 452 3808 tari.
538 3752 660 3809 Nec
697 3753 885 3827 magis
926 3751 1237 3810 absurdum
1279 3760 1369 3810 est
1410 3752 1634 3827 Corpus
1677 3752 1890 3811 Christi
1938 3752 2193 3810 nondum
2235 3754 2547 3812 animatum
2591 3754 2742 3811 uniri

328 3830 494 3905 Λόγῳ,
526 3849 698 3905 quam
725 3831 880 3889 idem
892 3832 1015 3906 jam
1035 3831 1427 3889 exanimatum
1456 3830 1516 3888 in
1547 3831 1852 3908 sepulchro
1874 3832 2061 3890 eidem
2094 3833 2464 3908 conjunctum
2488 3852 2736 3907 manere,

326 3919 393 3968 ut
422 3908 707 3985 Theologi
734 3919 1057 3984 agnoscunt
1084 3909 1298 3967 factum
1327 3909 1503 3969 fuisse
1532 3910 1592 3968 in
1621 3919 1804 3969 morte
1835 3910 2066 3969 Christi.

409 3988 555 4046 XV.
602 3988 697 4045 Ex
744 3988 852 4045 hac
889 3988 1232 4046 miraculosa
1274 3990 1647 4067 conceptione
1677 3989 1891 4048 Christi
1922 4009 1996 4047 ex
2050 3990 2268 4065 Spiritu
2301 3989 2529 4062 Sancte,
2562 3990 2744 4048 oritur

328 4066 660 4127 omnimoda
706 4066 983 4125 sanctitas
1013 4067 1244 4140 Christi,
1275 4076 1333 4126 et
1369 4070 1660 4144 exemptio
1708 4069 1782 4127 ab
1811 4068 1967 4126 omni
1999 4077 2253 4145 peccate,
2284 4075 2406 4126 tum
2440 4068 2740 4145 imputat0,

328 4158 451 4208 tum
493 4147 823 4206 inhaerente.
910 4146 1032 4204 Nec
1071 4146 1262 4204 obstat
1298 4147 1456 4223 quod
1493 4147 1718 4206 dicatur
1763 4148 1950 4205 Filius
1980 4146 2211 4222 Adami,
2246 4148 2385 4206 Luc.
2433 4146 2513 4205 iii.
2556 4150 2651 4221 38,
2684 4148 2743 4205 in

328 4248 444 4305 quo
473 4247 668 4285 omnes
696 4225 841 4284 mori
872 4225 1157 4298 dicuntur,
1206 4229 1231 4283 1
1269 4227 1398 4285 Cor.
1428 4247 1529 4284 xv.
1559 4231 1657 4284 22.
1702 4227 1851 4300 Quia
1895 4227 2219 4285 communio
2257 4227 2477 4303 peccati
2520 4234 2745 4286 tantum

326 4307 577 4383 pertinet
623 4306 697 4364 ad
740 4306 1031 4364 naturales
1060 4306 1186 4382 ejus
1214 4314 1491 4381 posteros,
1523 4305 1625 4381 qui
1652 4305 1748 4362 via
1769 4304 2057 4363 ordinaria
2084 4307 2158 4364 ab
2186 4306 2312 4383 ipso
2335 4314 2470 4365 sunt
2498 4306 2741 4381 oriundi,

329 4405 447 4442 non
468 4385 544 4442 ad
570 4386 775 4460 ipsum,
807 4385 905 4461 qui
934 4384 1106 4442 modo
1134 4384 1304 4460 plane
1332 4384 1788 4444 extraordinario
1816 4384 1890 4441 ab
1919 4404 1987 4442 eo
2016 4384 2330 4443 descendit.
2417 4386 2494 4443 Et
2521 4394 2586 4442 ut
2613 4405 2742 4461 gra-

331 4465 415 4522 tia
455 4474 666 4522 sanctae
708 4464 1098 4541 conceptionis
1139 4464 1303 4522 illum
1331 4464 1706 4542 praeservavit
1728 4483 1763 4520 a
1790 4463 2225 4541 participatione
2253 4464 2510 4538 maculae,
2542 4464 2744 4539 quidni

333 4543 613 4602 exemerit
654 4543 840 4620 ipsum
881 4563 917 4600 a
957 4553 1136 4616 reatu,
1167 4545 1266 4619 qui
1310 4544 1451 4602 solis
1479 4542 1837 4600 naturalibus
1865 4543 2046 4620 ipsius
2072 4543 2399 4602 haeredibus
2428 4544 2744 4603 secundum

333 4622 591 4680 ordinem
622 4622 733 4680 Dei
753 4623 1022 4699 imputari
1051 4623 1245 4681 solet?
1288 4624 1365 4681 Ει
1410 4623 1459 4681 si
1498 4622 1761 4681 Christus
1793 4623 1980 4698 potuit
2007 4642 2133 4681 esse
2162 4623 2222 4680 in
2249 4622 2461 4681 lumbis
2492 4623 2745 4682 Abrahae
