3221 5200
494 364 626 426 xxii
1504 373 1897 422 PRAEFATIO.

496 564 561 620 et
594 555 923 618 medullam
945 556 1073 617 fere
1109 554 1464 630 contineat;
1520 556 2008 619 fundamentalia
2042 553 2279 620 scilicet
2313 555 2456 617 fidei
2489 555 2725 635 Capita,
2768 577 2912 636 quae

498 653 876 734 praecipuum
914 652 1043 732 spei
1074 659 1139 715 et
1168 653 1603 716 consolationis
1638 661 1865 717 nostrae
1897 655 2159 718 fulcrum
2210 654 2612 728 constituunt,
2645 673 2916 733 quaeque

498 751 718 831 majori
763 749 1074 813 molimine
1106 750 1287 814 hodie
1320 753 1397 813 ab
1435 751 1834 815 Adversariis
1883 758 2336 833 oppugnantur.
2393 750 2467 813 In
2521 772 2729 813 eorum
2763 772 2918 814 vero
2940 760 2953 771 '

498 849 939 930 enucleatione,
998 848 1050 912 si
1108 848 1251 911 Tibi
1298 870 1733 930 usquequaque
1783 870 1903 913 non
1976 849 2395 922 satisfecerim,
2452 849 2784 928 aequiorem
2843 856 2912 913 te

501 948 651 1010 mihi
686 949 966 1009 futurum
998 967 1121 1008 11011
1164 946 1399 1022 dubito,
1437 967 1626 1026 quum
1659 948 2010 1011 memineris
2041 949 2118 1011 de
2151 948 2228 1010 iis
2258 948 2357 1028 agi
2391 946 2733 1026 MysteriiS,
2766 966 2911 1026 quae

502 1066 623 1107 non
657 1047 988 1107 humanum
1016 1051 1263 1107 tantum
1296 1051 1545 1124 captum
1575 1045 1756 1124 longe
1807 1052 2122 1125 superant,
2159 1046 2267 1108 sed
2295 1054 2361 1108 et
2396 1044 2793 1125 Angelicum,
2832 1045 2915 1106 ad

504 1164 639 1223 quae
673 1143 836 1205 ratio
864 1151 1072 1205 nostra
1109 1143 1354 1224 caligat,
1414 1148 1481 1206 et
1534 1143 1805 1204 balbutit
1837 1144 2068 1225 lingua,
2102 1145 2168 1206 in
2218 1143 2438 1222 quibus
2469 1143 2654 1204 docta
2681 1150 2784 1204 est
2839 1149 2914 1202 ut

502 1241 831 1321 plurimum
866 1240 1232 1319 ignorantia,
1303 1247 1366 1303 et
1418 1239 1781 1303 damnabilis
1821 1241 2161 1315 curiositas,
2193 1240 2297 1302 ubi
2331 1240 2507 1320 longe
2534 1240 2914 1301 laudabilius

504 1345 602 1402 est
638 1341 848 1421 ἐπὲχὲιν
881 1359 1061 1417 quam
1114 1359 1266 1400 ausu
1320 1338 1646 1401 temerario
1697 1345 1762 1400 et
1792 1339 2088 1419 sacrilego
2143 1338 2208 1399 in
2264 1357 2507 1413 arcana,
2540 1357 2673 1416 quae
2726 1337 2911 1399 Deus

504 1437 622 1500 sibi
658 1436 769 1498 soli
804 1436 1092 1515 servavit,
1129 1436 1489 1515 irrumpere.
1594 1435 1770 1511 Quod
1802 1437 1854 1498 si
1885 1436 2246 1499 eruditionis
2279 1435 2506 1515 lumen,
2537 1443 2603 1498 et
2651 1454 2914 1497 acumen

504 1533 736 1613 ingenii
770 1533 869 1596 hic
925 1533 1253 1607 desideras,
1310 1553 1430 1595 non
1477 1535 1852 1613 refragabor,
1907 1536 2013 1598 sed
2055 1535 2170 1597 hoc
2219 1553 2407 1595 unum
2441 1533 2591 1594 mihi
2626 1533 2914 1605 sufficiet,

507 1631 888 1712 diligentiam
922 1639 987 1693 et
1015 1631 1343 1694 candorem
1385 1651 1586 1694 meum
1623 1630 1764 1694 Tibi
1815 1633 2033 1695 saltem
2067 1632 2360 1710 probasse
2390 1652 2407 1704 ;
2471 1636 2541 1691 ut
2590 1631 2755 1692 bona
2790 1630 2918 1691 fide

506 1730 727 1795 testari
761 1750 1029 1809 possum,
1064 1750 1162 1792 me
1192 1729 1435 1810 integra
1485 1729 1865 1793 conscientia
1896 1730 1961 1792 in
1997 1751 2070 1792 eo
2122 1729 2322 1809 Opere
2356 1734 2666 1790 versatum
2717 1727 2917 1790 fuisse

506 1828 718 1907 procul
751 1830 827 1890 ab
880 1828 1043 1890 omni
1091 1847 1489 1908 personarum
1520 1826 1663 1889 odio
1712 1833 1777 1889 et
1810 1827 2020 1902 livore,
2057 1848 2169 1891 nec
2201 1826 2292 1889 vel
2323 1826 2582 1889 alienam
2614 1833 2908 1900 mentem,

510 1932 807 2004 quantum
838 1926 1081 2004 quidem
1114 1926 1233 1989 hoc
1267 1926 1443 1989 licuit
1475 1924 1740 2008 assequi,
1777 1926 2087 1989 affluxisse
2115 1925 2192 1987 iis
2223 1924 2582 2003 quibuscum
2605 1924 2916 2005 agendum

509 2022 658 2085 mihi
688 2023 828 2097 fuit,
858 2042 969 2087 nec
1020 2022 1126 2083 illa
1165 2023 1370 2085 studio
1422 2023 1857 2099 dissimulasse,
1895 2044 2029 2103 quae
2076 2043 2191 2103 pro
2220 2021 2462 2085 illorum
2493 2042 2676 2084 causa
2707 2023 2919 2085 facere

506 2122 898 2185 videbantur.
1004 2119 1230 2183 Nullus
1260 2120 1409 2183 mihi
1439 2140 1588 2201 erga
1622 2120 1864 2183 diversa
1915 2122 1980 2183 in
2033 2120 2356 2201 Religione
2411 2120 2749 2183 sentientes
2793 2119 2916 2182 nisi

510 2219 838 2282 charitatis
885 2220 1183 2283 affectus:
1260 2218 1350 2282 Et
1383 2219 1436 2282 si
1490 2219 1825 2281 Erroribus
1882 2218 2110 2283 bellum
2157 2219 2498 2294 indicimus,
2537 2218 2925 2281 Errantibus

508 2325 717 2380 tamen
768 2320 924 2380 bene
977 2318 1133 2381 velle
1183 2324 1248 2381 et
1305 2320 1461 2381 bene
1508 2316 1748 2398 precari
1804 2338 1884 2381 ex
1914 2317 2146 2381 Christi
2191 2316 2556 2397 praescripto
2585 2336 2705 2379 non
2741 2316 2918 2380 desi-

506 2415 728 2478 nimus.
2109 2494 2110 2497 Ἴ

609 2512 867 2575 Utinam
897 2514 1110 2576 eadem
1145 2534 1294 2594 erga
1321 2533 1431 2575 1108
1462 2513 1756 2591 aequitate
1787 2519 2112 2576 uterentur
2161 2521 2205 2573 οἱ
2258 2516 2319 2593 ἐξ
2382 2519 2637 2586 ἐναντίας,
2691 2518 2765 2573 ut
2819 2532 2916 2575 re-

508 2610 713 2674 missis
746 2612 928 2692 odiis,
969 2618 1034 2673 et
1066 2611 1350 2691 sepositis
1398 2611 1819 2690 praejudicatis
1876 2613 2159 2674 omnibus
2213 2611 2621 2691 opinionibus,
2667 2631 2920 2674 causam

511 2728 650 2771 cum
700 2728 902 2784 causa,
936 2709 1239 2771 rationem
1291 2728 1429 2771 cum
1475 2709 1719 2771 ratione
1754 2711 2140 2784 conferrent3
2192 2729 2304 2772 nec
2337 2728 2500 2773 coeco
2532 2709 2665 2772 zelo
2693 2709 2920 2789 perciti

511 2804 824 2867 nominum
876 2806 1169 2883 majorem
1220 2807 1522 2869 rationem
1575 2807 1896 2881 haberent,
1930 2828 2111 2887 quam
2169 2827 2396 2888 rerum,
2436 2813 2501 2870 et
2554 2807 2759 2886 potius
2824 2814 2916 2869 at-

513 2902 843 2966 tenderent
873 2903 1021 2983 quid
1056 2904 1317 2979 dicatur,
1355 2924 1535 2983 quam
1570 2925 1608 2966 a
1655 2904 1916 2984 quibus;
1967 2906 2186 2968 melius
2238 2904 2485 2967 omnino
2541 2925 2678 2967 cum
2728 2908 2918 2969 rebus

516 2999 800 3063 humanis
834 3008 1140 3082 ageretur,
1177 3009 1242 3065 et
1274 3002 1523 3077 veritas,
1559 3023 1693 3081 quae
1744 3003 2121 3082 praejudiciis
2151 3002 2289 3064 istis
2318 3001 2637 3080 premitur,
2661 3009 2727 3066 et
2751 3021 2919 3081 saepe

517 3097 822 3180 obruitur,
858 3099 1098 3163 facilius
1151 3107 1509 3182 emergeret,
1553 3107 1619 3163 et
1666 3100 1946 3163 omnibus
2003 3101 2435 3164 innotesceret.
2542 3098 2664 3162 Sed
2713 3100 2918 3164 minus

517 3196 739 3259 mirum
764 3206 861 3261 est
880 3199 997 3262 hoc
1020 3201 1098 3261 ab
1134 3199 1211 3261 iis
1239 3199 1392 3275 fieri,
1429 3199 1532 3278 qui
1563 3201 1680 3263 hoc
1709 3219 1899 3260 unum
1930 3205 2139 3280 agunt,
2174 3204 2247 3260 ut
2278 3197 2592 3260 Doctrinae
2632 3198 2918 3260 Examen

519 3295 847 3373 declinent,
884 3305 951 3360 et
980 3296 1293 3371 Ecclesiae,
1327 3298 1449 3359 imo
1469 3297 1788 3359 Pontificis
1821 3297 1933 3371 sui,
1959 3296 2088 3359 voci
2119 3303 2410 3375 tanquam
2443 3295 2705 3358 Oraculo
2733 3296 2923 3358 insal-

518 3393 694 3467 libili,
723 3402 787 3455 et
807 3393 1088 3455 Unitatis
1114 3394 1358 3467 Centro,
1387 3413 1554 3455 coeca
1575 3393 1930 3455 obedientia
1958 3413 2070 3454 nos
2103 3393 2326 3454 iterum
2351 3392 2700 3471 subjiciant.
2735 3393 2922 3455 Unde

522 3487 710 3550 Viam
738 3489 1061 3550 Examinis
1090 3495 1156 3550 et
1182 3488 1595 3550 Discussionis
1619 3495 1911 3567 tanquam
1946 3488 2344 3552 difficiliorem
2378 3498 2441 3553 et
2474 3490 2922 3554 intricatiorem

520 3584 954 3662 repudiantes;
1009 3585 1196 3646 Viam
1228 3584 1655 3648 Authoritatis
1706 3593 1772 3648 et
1821 3586 2334 3666 PraescriptioniS,
2367 3609 2524 3651 nova
2559 3588 2917 3668 disputandi

525 3681 842 3762 Methodo,
873 3688 945 3743 ut
992 3683 1322 3746 faciliorem
1355 3691 1420 3745 et
1468 3683 1791 3747 certiorem
1826 3685 2155 3748 dictatorio
2184 3707 2351 3749 more
2377 3687 2745 3765 sequendam
2775 3707 2924 3749 san-

524 3780 717 3855 ciunt,
749 3800 828 3843 ex
862 3801 982 3860 qua
1040 3801 1150 3844 1108
1207 3781 1395 3844 etiam
1451 3782 1764 3846 inauditos
1809 3783 2202 3846 condemnari
2252 3804 2451 3863 posse,
2511 3785 2740 3863 absque
2791 3783 2920 3845 ullo

525 3878 822 3942 doctrinae
878 3878 1181 3942 Examine
1244 3878 1623 3958 iniquissime
1683 3881 2064 3943 contendunt
2090 3904 2105 3956 ;
2203 3881 2549 3945 Alcibiadis
2601 3881 2920 3944 consilium

525 3976 743 4057 secuti,
796 3976 901 4055 qui
950 3977 1176 4041 Pericli
1228 3978 1304 4039 de
1359 3977 1686 4041 reddendis
1727 3979 2072 4042 rationibus
2125 3979 2284 4059 gesti
2337 3978 2608 4042 muneris
2639 3979 2921 4050 sollicite,

527 4075 703 4156 longe
745 4075 1085 4137 consultius
1136 4094 1267 4139 esse
1322 4075 1506 4157 dixit,
1558 4076 1829 4158 cogitare
1858 4077 2066 4156 potius
2101 4078 2177 4140 de
2209 4077 2389 4140 modo
2438 4098 2503 4140 se
2545 4076 2854 4139 eximendi
2883 4094 2922 4135 a

522 4171 865 4235 rationibus
899 4173 1248 4249 reddendis,
1280 4193 1459 4252 quam
1492 4174 1792 4253 quomodo
1845 4194 1949 4237 eas
1980 4176 2289 4239 redderet.
2380 4175 2528 4250 Quae
2563 4195 2706 4237 sane
2738 4175 2917 4246 ratic,

524 4277 596 4330 ut
631 4271 1121 4335 commodissima
1185 4278 1250 4334 et
1297 4272 1898 4351 compendiosissima
1939 4279 2036 4334 est
2070 4273 2369 4347 elabendi,
2401 4280 2466 4335 et
2498 4272 2920 4352 probationem

525 4375 906 4446 0111110111,ὶο1.
955 4370 1252 4432 doctrinae
1285 4368 1656 4450 indaginem,
1693 4370 2038 4434 declinandi
2085 4371 2217 4433 via:
2272 4370 2378 4432 Ita
2427 4369 2796 4433 alienissima
2827 4371 2924 4430 est

525 4469 655 4524 tum
691 4485 728 4525 a
759 4466 1038 4530 veritatis
1073 4469 1294 4541 indole,
1332 4488 1467 4547 quae
1500 4468 1717 4543 lucem,
1750 4489 1871 4530 non
1905 4467 2195 4543 latebras,
2233 4468 2476 4548 quaerit,
2508 4475 2639 4529 tum
2672 4489 2709 4528 a
2743 4468 2915 4528 bonae

527 4581 726 4624 causae
793 4565 1186 4646 conscientia,
1240 4574 1305 4630 et
1359 4588 1480 4630 non
1515 4567 1843 4631 obscurum
1895 4573 1991 4629 est
2043 4566 2216 4629 malae
2248 4575 2312 4630 et
2344 4568 2682 4646 desperatae
2718 4581 2914 4628 causae
