3221 5200
474 329 585 390 186
1396 343 1578 385 Locus
1608 345 2006 386 nuonncmus.
2517 324 2765 404 [QuAEs‘r.
2800 345 2882 384 vr.

471 488 618 546 nihil
645 506 898 564 unquam
928 486 1000 545 de
1023 485 1252 545 Christo
1281 495 1339 544 et
1368 486 1579 545 foedere
1601 488 1802 563 gratiae
1832 485 2265 561 inaudiverunt3
2313 487 2349 518 “
2368 485 2670 560 Quomodo
2692 492 2884 544 autem

472 568 824 626 invocabunt
851 586 982 625 eum
1011 566 1070 624 in
1099 585 1270 642 quem
1299 585 1413 624 non
1442 566 1825 642 crediderunt,
1850 575 1909 625 et
1935 566 2224 642 quomodo
2253 565 2487 625 credent
2515 565 2575 623 in
2603 586 2752 640 eum,
2785 566 2886 642 qui

470 648 613 724 ipsis
640 646 984 724 praedicatus
1011 665 1127 704 11011
1156 645 1266 703 fuit
1285 647 1351 704 ?”
1399 646 1566 703 Rom.
1596 666 1657 704 x.
1693 650 1784 704 14.

555 726 709 784 XII.
756 727 997 784 Frustra
1045 725 1334 801 excipitur
1376 725 1452 783 ad
1497 725 1713 785 Psalm.
1760 725 1960 784 cxlvii.
2008 727 2099 800 19,
2139 728 2234 800 20,
2267 725 2466 784 Verba
2502 722 2881 800 intelligenda

467 825 612 882 esse,
643 825 761 863 non
787 807 1049 878 absolute,
1081 804 1248 881 quasi
1279 806 1501 865 Gentes
1529 806 1687 863 omni
1714 805 2066 864 revelatione
2091 805 2202 863 Dei
2230 804 2472 882 privatae
2493 804 2722 878 fuerint,
2747 823 2879 861 eum

467 905 586 943 non
627 906 689 944 se
732 885 934 944 siverit
969 886 1254 965 ἀμάρτυςω
1293 892 1559 962 respectu
1599 886 1871 963 ipsarum,
1913 884 2052 943 Act.
2091 885 2213 942 xiv.
2259 888 2350 959 17,
2389 884 2491 943 sed
2532 893 2873 960 comparate,

470 966 608 1041 quia
634 985 751 1023 non
779 965 914 1023 talis
942 973 999 1024 et
1028 974 1189 1023 tanta
1217 965 1341 1040 fuit,
1388 965 1576 1040 qualis
1620 965 1844 1024 indulta
1876 965 1986 1023 fuit
2011 965 2054 1023 J
2058 964 2257 1039 udaeis,
2288 972 2354 1023 ut
2382 964 2614 1022 collatio
2642 972 2702 1022 et
2729 963 2876 1021 anti-

471 1045 652 1103 thesis
682 1045 757 1103 sit
782 1045 975 1120 potius
1002 1053 1267 1121 respectu
1296 1046 1463 1118 modi,
1494 1064 1669 1121 quam
1697 1046 1785 1102 rei
1796 1069 1821 1118 ,·
1862 1044 1977 1101 Vel
2006 1044 2143 1120 quia
2170 1044 2214 1103 J
2217 1044 2397 1102 udaeis
2426 1043 2562 1101 data
2589 1052 2678 1102 est
2714 1062 2875 1101 reve-

470 1124 630 1197 latio,
661 1143 791 1198 quae
819 1123 939 1180 vim
973 1123 1219 1200 Spiritus
1249 1124 1517 1182 comitem
1544 1125 1766 1199 habuit,
1797 1144 1928 1200 quae
1953 1123 2241 1182 Gentibus
2263 1132 2351 1181 est
2379 1122 2680 1200 denegata.
2727 1123 2876 1179 Nam

476 1206 527 1260 1.
558 1203 973 1279 qualiscunque
1003 1203 1078 1261 sit
1104 1203 1381 1261 revelatio
1408 1211 1646 1278 naturae,
1691 1224 1808 1261 non
1837 1202 2019 1279 gradu
2049 1211 2290 1277 tantum,
2336 1202 2438 1260 sed
2467 1203 2656 1279 specie
2685 1201 2878 1260 differt

472 1301 507 1339 a
534 1281 887 1340 revelatione
916 1282 1115 1355 Verbi,
1146 1289 1346 1358 utpote
1373 1301 1503 1358 quae
1532 1283 1694 1341 ducit
1721 1283 1794 1340 ad
1825 1283 2168 1357 Creatorem,
2208 1283 2311 1340 sed
2337 1301 2453 1339 non
2482 1281 2557 1339 ad
2586 1281 2874 1357 Redemp-

473 1369 671 1435 torem,
704 1369 762 1418 et
789 1368 1034 1419 testatur
1061 1360 1133 1419 de
1162 1361 1486 1436 existentia,
1517 1363 1792 1440 potentia,
1839 1361 2136 1438 sapientia,
2182 1370 2241 1420 et
2265 1360 2646 1438 providentia,
2678 1380 2744 1418 ac
2771 1361 2873 1419 be-

473 1439 779 1498 neficentia
810 1439 922 1498 Dei
948 1439 1102 1497 eirca
1127 1443 1196 1498 τὰ
1222 1442 1472 1516 mmai,
1518 1440 1622 1499 sed
1648 1461 1765 1499 non
1794 1440 1866 1499 de
1909 1441 2095 1518 gratia
2124 1441 2377 1516 salutari,
2424 1449 2483 1498 et
2514 1440 2875 1518 beneplacito

475 1519 587 1577 Dei
614 1519 676 1575 in
705 1519 951 1594 Christo,
983 1520 1138 1595 quod
1167 1528 1256 1577 est
1282 1521 1621 1596 mysterium
1651 1521 1915 1579 omnibus
1943 1529 2096 1578 retro
2125 1521 2392 1579 aetatibus
2433 1520 2834 1578 absconditum
2857 1542 2872 1594 ;

476 1601 532 1656 2.
576 1598 756 1675 gratis
786 1599 1126 1676 supponitur
1154 1599 1399 1657 conferri
1425 1600 1837 1664 revelationem
1866 1620 1994 1677 quae
2029 1599 2303 1677 Spiritum
2346 1600 2612 1658 comitem
2653 1599 2873 1674 habuit,

473 1698 604 1737 cum
633 1698 702 1736 ea
728 1698 858 1756 quae
899 1679 1000 1737 illo
1043 1679 1264 1738 caruit:
1310 1678 1459 1754 Quia
1499 1680 1692 1756 agitur
1728 1680 1800 1739 de
1842 1691 2082 1738 externa
2121 1680 2472 1738 revelatione
2518 1680 2873 1739 Statutorum

475 1758 587 1816 Dei
615 1758 767 1817 faeta
797 1758 1017 1832 Israe'li,
1049 1767 1108 1817 et
1134 1767 1346 1836 negata
1373 1759 1637 1819 absolute
1667 1759 1796 1818 aliis
1823 1759 2112 1837 gentibus,
2143 1768 2208 1817 ut
2230 1759 2538 1818 discrimen
2565 1779 2680 1817 non
2710 1758 2786 1816 sit
2814 1759 2872 1815 in

473 1837 781 1915 negatione
809 1838 907 1897 vel
934 1838 1240 1896 collatione
1287 1839 1536 1916 Spiritus
1578 1840 1807 1916 interni,
1852 1839 1955 1898 sed
1995 1839 2057 1895 in
2098 1839 2404 1898 collatione
2431 1841 2528 1898 vel
2567 1838 2873 1914 negatione

469 1917 839 1976 revelationis
867 1925 1137 1992 externae,
1169 1927 1228 1976 et
1255 1919 1455 1994 gratiae
1484 1919 1806 1996 objectivae.

554 1997 744 2055 XIII.
789 1997 921 2055 Non
950 1997 1191 2056 solidius
1218 1996 1430 2057 dicitur
1457 1999 1720 2074 Paulum,
1748 2000 1898 2076 Eph.
1922 1999 1980 2057 ii.
2010 2002 2099 2074 12,
2129 1998 2292 2075 loqui
2312 1999 2384 2058 de
2407 1997 2737 2058 Gentilibus
2758 2016 2874 2054 non

470 2075 749 2152 absolute,
795 2075 900 2136 sed
926 2086 1252 2154 comparate
1290 2077 1365 2135 ad
1392 2078 1674 2154 Judaeos;
1718 2097 1825 2137 nee
1866 2087 1984 2137 tam
2027 2086 2284 2154 spectare
2326 2098 2443 2152 eos,
2475 2077 2674 2155 quales
2702 2077 2744 2133 ii
2770 2096 2870 2133 na·

468 2163 598 2214 tura
625 2163 803 2231 erant,
835 2156 1007 2215 unius
1036 2156 1205 2234 primi
1247 2157 1371 2216 sive
1399 2158 1678 2218 naturalis
1707 2158 1941 2216 foederis
1968 2157 2171 2216 violati
2205 2158 2306 2232 rei,
2352 2159 2454 2216 sed
2494 2156 2694 2234 quales
2736 2164 2871 2213 sunt

465 2244 599 2310 post
636 2235 1128 2312 impoenitentiam,
1175 2244 1517 2313 contemptae
1558 2238 2073 2315 indignissimeque
2100 2237 2332 2315 rejeetae
2360 2236 2736 2314 benignitatis
2767 2235 2868 2293 rei.

467 2315 615 2387 Quia
644 2314 856 2373 clarum
889 2323 978 2373 est
1006 2335 1241 2393 scopum
1272 2316 1543 2393 Apostoli
1580 2337 1697 2376 non
1740 2337 1867 2376 esse
1896 2317 2152 2375 conferre
2186 2336 2288 2375 008
2317 2337 2446 2375 011111
2474 2315 2720 2389 Judaeis,
2767 2313 2869 2373 sed

465 2394 785 2470 exprimere
827 2402 1051 2453 tantum
1080 2397 1280 2472 quales
1322 2405 1516 2456 essent
1556 2396 1819 2456 absolute
1848 2405 1905 2455 et
1933 2397 1993 2454 in
2022 2416 2082 2454 se
2112 2395 2457 2455 considerati
2495 2404 2627 2453 ante
2655 2415 2866 2472 praeco-

463 2473 622 2532 nium
654 2474 1001 2551 Evangelii;
1046 2475 1206 2550 alias,
1239 2486 1565 2552 comparate
1593 2477 1768 2536 etiam
1799 2475 2242 2552 intelligendum
2271 2485 2440 2547 esset,
2472 2474 2628 2550 quod
2657 2475 2868 2531 dicitur

465 2553 628 2612 initio
671 2554 892 2631 capitis,
937 2572 1037 2612 eos
1077 2563 1333 2614 mortuos
1376 2576 1501 2615 esse
1545 2557 1604 2614 in
1645 2555 1914 2632 peccatis,
1959 2554 2115 2631 quod
2155 2574 2325 2612 nemo
2354 2554 2584 2611 dixerit.
2670 2553 2870 2611 Gratis

464 2633 635 2690 etiam
667 2634 1006 2710 supponitur
1033 2642 1164 2692 ante
1194 2634 1453 2693 auditum
1484 2635 1888 2711 Evangelium,
1920 2634 2157 2691 alterius
2186 2632 2418 2690 foederis
2446 2632 2664 2703 violati,
2690 2651 2863 2706 quam

462 2713 741 2771 naturalis
769 2721 988 2771 reatum
1019 2715 1392 2790 contraxisse,
1424 2715 1561 2791 quia
1588 2721 1873 2789 quotquot
1899 2731 2016 2769 non
2058 2720 2193 2769 sunt
2221 2710 2329 2769 sub
2358 2710 2561 2786 gratia,
2594 2718 2726 2767 sunt
2756 2710 2865 2768 sub

466 2791 641 2867 Lege,
673 2791 930 2868 adeoque
960 2792 1067 2850 sub
1093 2792 1308 2852 foedere
1337 2813 1589 2869 operum.

544 2872 724 2930 XIV.
769 2872 890 2930 Nee
917 2873 1089 2950 juvat
1125 2873 1281 2949 quod
1322 2871 1570 2947 additur,
1608 2872 1670 2931 Si
1711 2870 2098 2948 Evangelium
2136 2870 2351 2947 ubique
2390 2888 2508 2927 non
2536 2878 2626 2928 est
2651 2870 2860 2946 praedi·

463 2959 671 3024 catum,
703 2951 763 3008 id
792 2950 1005 3010 factum
1034 2952 1390 3029 negligentia
1416 2952 1731 3025 hominum,
1763 2951 1863 3028 qui
1886 2951 2192 3009 defuerunt
2219 2949 2405 3007 officio
2436 2969 2559 3021 suo,
2583 2950 2678 3007 vel
2700 2950 2861 3025 justo

464 3031 575 3089 Dei
597 3031 835 3108 judicio,
866 3033 977 3091 hoe
1005 3040 1172 3109 pacto
1200 3032 1492 3109 punientis
1521 3031 1982 3093 incredulitatem
2010 3037 2328 3107 parentum,
2352 3030 2452 3105 qui
2482 3049 2550 3087 eo
2580 3048 2642 3086 se
2671 3028 2860 3104 indig-

457 3130 564 3169 nos
592 3112 729 3170 olim
757 3111 1146 3185 reddiderunt,
1178 3132 1356 3188 quum
1385 3113 1502 3171 illis
1531 3113 1787 3171 oblatum
1816 3111 1941 3169 fuit.
2027 3110 2176 3168 Nam
2197 3108 2579 3185 undecunque
2603 3107 2860 3166 defectus

457 3191 689 3267 oriatur,
734 3200 952 3251 eertum
994 3200 1084 3249 est
1127 3192 1513 3269 Evangelium
1557 3192 1872 3250 innumeris
1914 3209 2206 3266 nunquam
2249 3187 2621 3264 praedicatum
2664 3187 2856 3261 fuisse,

457 3271 554 3346 qui
584 3272 824 3348 proinde
853 3291 959 3329 nee
990 3270 1221 3344 Christi,
1252 3291 1359 3330 nec
1387 3272 1621 3329 foederis
1650 3271 1849 3348 gratiae
1876 3271 2053 3329 ullam
2083 3269 2407 3328 habuerunt
2427 3268 2708 3326 notitiam.
2773 3265 2859 3323 At

458 3350 507 3406 si
538 3351 698 3409 Deus
741 3350 888 3408 serio
930 3347 1180 3406 intendit
1220 3369 1416 3407 eorum
1460 3350 1722 3425 salutem,
1768 3351 1816 3407 si
1844 3350 2032 3407 foedus
2074 3347 2274 3425 gratiae
2303 3346 2378 3405 ad
2405 3366 2506 3405 eos
2547 3344 2858 3405 extendere

456 3428 659 3500 voluit,
692 3447 795 3486 cur
821 3426 1007 3483 noluit
1033 3427 1150 3482 illis
1177 3428 1422 3484 revelari
1440 3430 1470 3485 ’ἓ
1511 3438 1569 3485 01
1597 3448 1700 3486 eur
1726 3427 2139 3503 negligentiam
2181 3427 2495 3499 hominum,
2528 3445 2697 3502 quam
2727 3444 2856 3501 pro-

458 3505 732 3563 culdubio
773 3504 1069 3580 praevidet,
1114 3523 1231 3560 non
1273 3505 1570 3562 correxit?
1654 3506 1878 3563 Rursus
1920 3524 2097 3580 quum
2139 3505 2351 3564 dieitur
2394 3505 2583 3563 Deum
2631 3505 2859 3582 privare

455 3583 585 3640 luce
616 3581 974 3659 Evangelica
1013 3581 1274 3658 populos,
1320 3584 1457 3657 quia
1497 3601 1565 3640 ea
1606 3583 1878 3658 indignos
1918 3592 2151 3660 propter
2191 3584 2650 3643 incredulitatem
2694 3603 2855 3641 suam

453 3670 722 3738 parentes
764 3681 825 3720 se
866 3660 1256 3735 reddiderunt,
1302 3661 1416 3719 duo
1461 3670 1862 3736 supponuntur
1901 3681 2030 3738 quae
2072 3664 2369 3740 probanda
2424 3671 2595 3722 sunt:
2639 3663 2849 3737 Primo,

457 3741 844 3819 Evangelium
864 3741 988 3817 jam
1019 3739 1285 3798 omnibus
1312 3741 1543 3818 populis
1572 3741 1695 3798 sine
1725 3741 2064 3818 exceptione
2093 3743 2349 3801 oblatum
2377 3743 2572 3815 fuisse,
2604 3742 2758 3818 quod
2781 3741 2854 3799 de

453 3822 659 3880 incolis
687 3822 824 3880 novi
845 3818 1015 3881 Orbis
1033 3839 1202 3878 nemo
1232 3819 1398 3879 facile
1427 3820 1674 3896 dixerit3
1724 3820 2006 3895 Secund0,
2036 3822 2224 3880 Deum
2246 3823 2306 3880 in
2326 3822 2524 3880 liberis
2551 3828 2852 3898 parentum

449 3903 620 3961 istam
665 3900 1123 3961 incredulitatem
1151 3919 1220 3958 eo
1246 3900 1420 3958 modo
1461 3900 1664 3978 punire
1692 3900 1862 3975 velle,
1892 3901 2048 3976 quod
2076 3901 2266 3959 minus
2307 3901 2533 3960 admitti
2560 3908 2754 3977 potest
2780 3900 2853 3958 ab

449 3982 538 4057 iis,
569 3983 668 4059 qui
697 3982 919 4061 peccati
946 3980 1383 4058 imputationem
1411 3989 1645 4057 negant.

1053 4060 1198 4118 XV.
1242 4061 1474 4135 QuintO,
1521 4062 1578 4119 A
1613 4061 1940 4138 C'oynitione
1971 4061 2216 4120 Christi.-
2252 4060 2401 4135 Quia
2433 4060 2621 4120 foedus
2650 4060 2852 4137 gratiae

466 4127 512 4173 5.
542 4128 899 4232 Acffiffiiififflffi
970 4139 1045 4198 ad
1073 4160 1173 4199 eos
1201 4160 1316 4199 non
1344 4149 1536 4218 potest
1563 4141 1817 4216 extendi,
1842 4142 1916 4200 ad
1938 4161 2083 4217 quos
2111 4160 2403 4217 nunquam
2431 4140 2697 4217 pervenit
2717 4159 2850 4214 eog-

774 4218 786 4230 ’
968 4220 1113 4279 111110
1137 4221 1349 4279 Christi
1374 4220 1730 4296 Mediatoris,
1762 4221 1820 4278 in
1843 4241 1957 4297 quo
1980 4228 2336 4278 contractum
2358 4228 2463 4294 est,
2487 4220 2689 4295 quales
2718 4227 2855 4276 sunt

448 4298 533 4355 illi
560 4318 776 4374 omnes,
808 4299 909 4376 qui
938 4300 1134 4358 Verbo
1179 4301 1488 4377 Evangelii
1517 4301 1924 4374 destituuntur,
1956 4300 2055 4376 qui
2083 4298 2322 4375 proinde
2364 4299 2536 4357 fidem
2566 4299 2626 4356 in
2657 4298 2849 4357 Chris-

447 4385 589 4451 tum,
620 4398 750 4454 quae
779 4399 855 4437 ex
884 4378 1008 4438 solo
1037 4379 1221 4437 Verbi
1262 4381 1463 4439 auditu
1493 4380 1827 4456 concipitur,
1861 4379 2030 4437 Rom.
2061 4399 2120 4437 x.
2158 4382 2248 4454 17,
2280 4379 2490 4437 habere
2533 4386 2847 4454 nequeunt.

446 4456 568 4513 Nee
596 4459 781 4533 regeri
809 4467 1015 4535 potest,
1049 4459 1351 4517 Neminem
1380 4459 1614 4535 quidem
1658 4458 1874 4517 servari
1902 4478 2071 4534 posse
2106 4458 2227 4516 sine
2259 4458 2524 4533 Christ03
2575 4458 2690 4517 Sed
2732 4476 2848 4515 non

446 4533 639 4591 stat-im
668 4538 1048 4595 necessariam
1078 4557 1204 4597 esse
1233 4539 1501 4597 omnibus
1542 4538 1617 4595 ad
1659 4538 1902 4596 salutem
1947 4538 2334 4614 cognitionem
2366 4537 2595 4610 Christi,
2644 4538 2848 4595 saltem

446 4611 794 4672 distinctam.
881 4616 1027 4688 Quia
1068 4618 1192 4676 haec
1221 4618 1336 4675 duo
1366 4618 1446 4676 ita
1487 4627 1623 4676 sunt
1651 4637 1929 4691 connexa,
1975 4626 2039 4676 ut
2073 4618 2325 4693 separari
2365 4636 2481 4675 non
2510 4617 2733 4692 possint
2760 4635 2847 4673 re-
