3221 5200
264 353 490 400 Qui-sss,
523 335 679 416 xum]
1113 353 1188 391 m:
1219 351 1554 391 vocarwxs
1586 352 1659 390 ET
1688 353 1844 392 rins.
2555 337 2671 393 513

256 515 431 552 causa
459 516 564 553 sua
593 495 842 572 separari
897 493 1114 570 nequit.
1201 491 1373 552 Unde
1402 491 1615 550 dicitur
1661 492 1864 552 efficax
1913 514 2016 570 per
2055 494 2410 567 charitatem,
2445 494 2574 552 Gal.
2606 514 2664 551 v.

259 577 312 646 6,
345 583 403 631 et
432 575 554 633 sine
584 575 853 651 operibus
882 584 1121 648 mortua,
1153 573 1285 632 Jac.
1330 572 1390 629 ii.
1421 575 1516 630 20.
1603 572 1761 631 Hinc
1808 573 1852 632 J
1856 573 2111 632 ohannes
2140 574 2527 649 cognitionem
2555 573 2666 630 Dei

258 653 382 711 sine
412 655 537 729 ejus
557 655 716 713 cultu
737 655 941 712 falsam
960 674 1083 712 esse
1107 661 1165 712 et
1186 651 1520 710 mendacem
1542 653 1763 727 asserit,
1794 655 1884 727 1¹⁰,
1900 673 1948 713 c.
1974 653 2032 712 ii.
2057 657 2112 728 4,
2141 658 2176 687 ‘⁴
2191 654 2302 729 Qui
2324 653 2481 728 dicit,
2509 652 2665 710 Novi

252 753 401 808 eum,
434 744 492 791 et
519 734 789 793 mandata
811 734 938 810 ejus
965 754 1080 791 non
1110 733 1395 806 observat,
1420 730 1673 789 mendax
1701 742 1805 806 est,
1838 741 1896 790 et
1922 733 2137 792 veritas
2165 754 2280 792 non
2309 743 2397 791 est
2425 734 2484 790 in
2514 752 2611 808 eo;
2629 733 2664 759 ''

255 813 349 886 Et,
381 833 504 889 cap.
536 813 615 871 iii.
661 818 757 889 23,
804 813 1145 871 Mandatum
1190 811 1610 888 Evangelicum
1661 811 1735 869 ad
1777 811 1948 870 fidem
1978 823 2036 871 et
2084 814 2420 871 charitatem
2469 813 2661 887 refert,

250 904 520 968 tanquam
553 893 697 952 duos
726 894 1086 952 characteres
1114 911 1381 950 verorum
1410 890 1667 948 fidelium
1696 891 1769 949 ab
1796 892 2045 950 invicem
2069 892 2497 969 inseparabiles·
2587 913 2597 921 ·

329 971 448 1029 XI.
495 973 616 1031 Nec
663 975 1010 1031 contrarium
1039 980 1231 1049 potest
1259 970 1505 1047 probari,
1538 970 1654 1028 Vel
1693 991 1768 1029 ex
1803 974 1830 1028 1
1866 971 1996 1030 Cor.
2027 972 2151 1030 xiii.
2183 978 2237 1047 2,
2284 971 2421 1048 quia
2462 971 2656 1048 agitur

249 1050 329 1108 ibi
359 1051 429 1109 (10
460 1051 571 1110 fide
604 1053 1041 1132 Miraculorum,
1073 1071 1190 1108 non
1218 1050 1290 1108 de
1338 1049 1451 1108 fide
1489 1049 1862 1126 justificante,
1909 1061 1974 1110 ut
2002 1072 2175 1129 supra
2228 1052 2464 1110 dictum.
2537 1051 2659 1109 Nec

249 1130 442 1189 obstat
469 1132 626 1207 quod
654 1153 774 1190 ver.
811 1135 900 1206 13,
933 1132 1126 1210 agitur
1152 1130 1224 1188 de
1253 1129 1365 1188 fide
1390 1130 1664 1204 salvifica,
1697 1130 1833 1207 quia
1868 1151 1984 1188 non
2013 1141 2103 1190 est
2150 1131 2442 1190 conclusio
2472 1130 2662 1189 oriens

246 1229 282 1266 a
310 1211 784 1288 praecedentibus,
817 1211 919 1270 sed
946 1231 1162 1269 novum
1191 1218 1592 1286 argumentum
1618 1232 1632 1286 ;
1665 1210 1837 1287 idque
1855 1221 2204 1287 postremum
2235 1232 2270 1269 a
2297 1211 2657 1288 comparatis,

246 1288 516 1347 nimirum
544 1310 579 1347 a
606 1290 742 1349 fidei
797 1291 1131 1364 cessatione,
1183 1301 1241 1348 et
1270 1289 1569 1348 duratione
1620 1290 1932 1348 charitatis
2016 1290 2132 1349 Vel
2153 1311 2225 1349 ex
2255 1292 2299 1351 J
2303 1292 2396 1350 oh.
2427 1292 2528 1348 xii.
2560 1293 2656 1365 43,

246 1367 348 1425 ubi
377 1369 569 1445 agitur
597 1370 668 1429 de
695 1371 1056 1447 Principibus
1085 1369 1450 1428 credentibus
1479 1368 1538 1426 in
1589 1370 1899 1428 Christum.
1985 1368 2134 1444 Quia
2179 1391 2293 1428 non
2315 1370 2504 1448 potuit
2531 1390 2658 1428 esse

249 1467 388 1505 vera
415 1448 560 1507 fides
596 1451 939 1527 justificans,
973 1449 1256 1526 siquidem
1282 1452 1318 1480 ‘⁶
1340 1447 1612 1507 dicuntur
1657 1449 1844 1525 magis
1882 1448 2157 1509 dilexisse
2202 1451 2446 1526 gloriam
2474 1449 2658 1507 homi-

247 1547 403 1602 num,
436 1549 608 1605 quam
631 1530 875 1606 gloriam
906 1530 1073 1605 Dei,’'
1104 1528 1259 1605 quod
1287 1528 1556 1587 fidelibus
1575 1548 1690 1586 non
1719 1529 2010 1606 competit.
2096 1530 2268 1590 Unde
2297 1530 2406 1589 fuit
2433 1538 2658 1588 tantum

245 1627 516 1667 assensus
547 1610 894 1669 theoreticus
940 1619 1099 1668 ortus
1140 1629 1214 1667 ex
1245 1608 1536 1667 evidentia
1563 1608 1839 1668 doctrinae
1880 1609 2111 1684 Christi,
2142 1619 2201 1668 et
2237 1610 2452 1669 virtute
2476 1609 2656 1668 Mira-

243 1687 503 1745 culorum
526 1690 669 1766 ejuS,
701 1710 817 1747 non
845 1710 983 1748 vero
1017 1688 1298 1747 fiducialis
1326 1696 1384 1746 et
1411 1688 1716 1764 practicus,
1802 1688 1924 1746 Nec
1954 1689 2004 1747 si
2032 1691 2091 1746 in
2120 1689 2322 1748 codem
2352 1689 2537 1766 capite
2602 1699 2655 1745 τὸ

244 1766 475 1825 credere
505 1768 563 1824 in
614 1770 906 1828 Christum
934 1769 1006 1826 de
1051 1788 1189 1826 vera
1233 1767 1345 1825 fide
1395 1768 1655 1842 sumitur,
1714 1766 1887 1826 debet
1914 1768 2088 1826 etiam
2137 1769 2229 1826 hic
2276 1769 2424 1836 sumi
2453 1768 2656 1826 eodem

241 1846 431 1920 1nod0,
464 1849 600 1923 quia
627 1848 1071 1908 circumstantiae
1099 1847 1343 1904 variant.
1387 1846 1503 1904 Vel
1531 1866 1605 1905 ex
1635 1865 1704 1904 eo
1731 1845 1889 1922 quod
1917 1848 2047 1923 quis
2096 1848 2230 1905 dicit
2270 1868 2328 1906 se
2352 1850 2529 1924 fidem
2552 1849 2652 1904 Ιια-

243 1926 388 1999 bere,
420 1947 550 2003 quae
579 1927 655 1987 sit
684 1928 805 1986 sine
836 1927 1121 2004 operibuS,
1154 1927 1283 1985 Jac.
1316 1926 1373 1982 ii.
1410 1929 1500 1982 14.
1547 1925 1696 1999 Quia
1716 1925 1875 1983 aliud
1904 1935 1994 1984 est
2020 1926 2193 1985 fidem
2215 1927 2403 2004 reipsa
2423 1927 2653 2001 habere,

249 2005 432 2063 Aliud
461 2007 645 2064 dicere
684 2028 742 2064 se
771 2028 895 2065 eam
923 2009 1139 2078 habere,
1165 2004 1322 2081 quod
1349 2004 1567 2063 faciunt
1592 2005 1927 2081 hypocritae,
1961 2005 2116 2064 inani
2139 2006 2273 2065 fidei
2301 2006 2653 2084 professione

246 2104 307 2141 se
331 2084 626 2160 jactando,
714 2086 776 2144 Si
805 2086 948 2144 fides
968 2086 1026 2142 in
1049 2085 1194 2144 coelo
1224 2083 1397 2141 debet
1424 2104 1650 2142 cessare
1679 2094 1945 2144 manente
1975 2081 2270 2161 charitate,
2308 2091 2335 2143 1
2371 2087 2500 2144 Cor.
2531 2086 2655 2144 xiii.

246 2166 301 2236 8,
333 2163 443 2221 hoc
469 2163 910 2241 intelligendum
941 2164 1255 2222 formaliter
1274 2162 1465 2239 quoad
1487 2163 1721 2221 modum
1752 2164 2098 2240 cognitionis
2126 2166 2226 2242 qui
2244 2166 2508 2240 cessabit,
2540 2186 2658 2224 non

244 2241 618 2301 materialiter
645 2243 836 2320 quoad
864 2243 1243 2303 substantiam
1273 2242 1509 2316 notitiae,
1541 2263 1671 2319 quae
1706 2243 1906 2302 eadem
1936 2243 2127 2320 futura
2155 2254 2259 2319 est,
2290 2246 2427 2322 quia
2456 2246 2653 2321 cogni·
2734 2259 2735 2264 ’

243 2321 325 2379 tio
354 2341 483 2397 quae
512 2322 606 2380 hic
635 2323 937 2381 inchoatur
954 2343 1055 2400 per
1081 2322 1341 2380 auditum
1363 2322 1547 2380 Verbi
1575 2323 1635 2380 in
1653 2322 1869 2382 lumine
1900 2323 2135 2402 Gratiae,
2168 2326 2659 2386 consummabitur

240 2421 345 2478 per
372 2409 668 2479 aspectum
697 2403 757 2460 in
785 2402 1000 2462 lumine
1031 2401 1264 2462 Gloriae.

1127 2646 1514 2723 QUAESTIO
1558 2647 1739 2707 XIV.

1122 2827 1201 2866 m:
1241 2827 1535 2866 sumsero
1581 2826 1763 2866 mom.

960 2968 1054 3025 An
1082 2969 1335 3043 Infantes
1361 2969 1601 3024 habeant
1626 2969 1827 3026 Fidem
1849 2970 1877 3025 ‚²
1935 2968 2007 3024 D.

844 3124 893 3182 Ι.
914 3125 1080 3182 Circa
1104 3124 1440 3200 Subjectum
1453 3125 1624 3182 Fidei
1636 3124 1879 3201 quaestio
1893 3133 2156 3184 movetur
2167 3125 2356 3200 quoad
2376 3128 2645 3201 Infantes.

238 3199 413 3244 Status
474 3199 714 3248 Quaestio·
757 3202 828 3259 In
846 3223 961 3280 qua
971 3211 1241 3281 peccatur
1261 3203 1553 3262 bifariam:
1579 3207 1632 3261 1.
1664 3204 1737 3260 In
1755 3206 1992 3277 Defectu
2011 3204 2083 3261 ab
2105 3203 2522 3281 Anabaptistis,
2548 3211 2649 3283 qui

299 3258 713 3361 gsiamlpsmsside
754 3303 979 3341 omnem
1028 3283 1200 3341 fidem
1254 3281 1580 3341 Infantibus
1630 3282 1935 3359 denegant,
1969 3292 2025 3341 et
2064 3283 2171 3341 sub
2201 3284 2309 3341 hoc
2364 3294 2651 3362 praetextu

761 3382 858 3420 eos
887 3383 921 3420 a
951 3363 1250 3440 Baptismo
1300 3362 1636 3421 excludunt.
1709 3367 1764 3420 2.
1813 3363 1884 3420 In
1933 3365 2187 3422 Excessu
2216 3382 2251 3419 a
2281 3364 2644 3442 Lutheranis,

237 3440 356 3517 qui,
389 3450 453 3499 ut
482 3463 542 3500 se
573 3452 925 3519 opponerent
953 3441 1372 3519 AnabaptistiS,
1404 3441 1461 3499 in
1492 3442 1651 3500 aliud
1693 3452 2014 3501 extremum
2065 3451 2198 3501 sunt
2248 3442 2485 3522 delapsi,
2522 3446 2648 3505 Sta·

238 3530 467 3579 tuentes
495 3521 742 3581 infantes
771 3523 830 3579 in
859 3523 1158 3600 Baptismo
1187 3522 1530 3598 regenerari,
1582 3532 1641 3581 et
1667 3522 1780 3581 fide
1810 3523 2022 3581 actuali
2061 3523 2279 3598 donari,
2312 3533 2375 3582 ut
2425 3536 2651 3587 constat

232 3621 309 3659 ex
339 3602 641 3678 Colloquio
670 3602 1217 3680 Mompelgardensi.
1247 3602 1687 3662 Brochmannus
1715 3603 1786 3661 de
1817 3603 1961 3662 Fide
1989 3603 2034 3663 J
2036 3603 2191 3662 ustis.
2222 3623 2346 3680 cap.
2375 3604 2435 3663 ii.
2466 3625 2522 3683 q.
2558 3610 2649 3684 10,

238 3683 275 3713 ‘⁴
300 3680 640 3739 Nostrorum
670 3682 1096 3760 Theologorum
1125 3682 1374 3742 rotunda
1421 3684 1662 3742 assertio
1690 3694 1794 3759 est,
1827 3683 1983 3760 quod
2024 3683 2170 3742 fides
2225 3685 2469 3745 actualis
2515 3688 2649 3765 jure

227 3760 558 3837 justissimo
587 3761 873 3821 tribuatur
902 3763 1275 3822 infantibus.'’

319 3838 404 3896 ΙΙ.
450 3839 776 3899 Orthodoxi
804 3842 952 3900 inter
978 3842 1094 3900 duo
1117 3851 1377 3901 extrema
1404 3842 1659 3900 medium
1688 3850 1885 3901 tenent
1908 3864 1922 3916 ;
1964 3842 2135 3901 fidem
2165 3843 2445 3901 actualem
2471 3844 2644 3905 dene·

234 3926 378 3994 gant
423 3917 741 3977 infantibus
797 3928 996 3978 contra
1053 3922 1433 3995 Lutheranos,
1485 3929 1544 3979 et
1572 3920 1744 3979 fidem
1790 3921 2144 3996 seminalem,
2197 3941 2300 3979 seu
2336 3923 2646 3983 radicalem

234 4007 292 4055 et
319 3996 671 4055 habitualem
714 3998 830 4055 illis
858 3998 1219 4056 tribuendam
1248 4020 1375 4057 esse
1431 4010 1633 4058 contra
1687 3999 2105 4076 Anabaptistas
2161 4008 2437 4061 statuunt.
2527 4004 2647 4064 Ubi

234 4086 364 4135 ante
389 4077 581 4135 omnia
608 4077 954 4137 notandum:
989 4080 1039 4136 1.
1071 4078 1202 4135 Non
1231 4078 1327 4155 agi
1350 4078 1421 4137 (10
1443 4078 1781 4155 quorumvis
1801 4086 2101 4155 parentum
2129 4079 2443 4140 infantibus
2472 4084 2644 4143 etiam

234 4157 569 4215 Infidelium
597 4165 656 4216 et
683 4177 1055 4235 paganorum,
1088 4157 1191 4215 sed
1217 4166 1440 4216 tantum
1472 4158 1779 4231 Fidelium,
1812 4178 1913 4216 seu
1943 4157 2394 4217 Christianorum
2424 4172 2482 4221 et
2514 4164 2644 4221 Foe-

231 4237 578 4296 deratorum.
623 4241 680 4295 2.
724 4237 846 4296 Νο0
892 4237 965 4296 (10
994 4237 1260 4295 omnibus
1308 4246 1366 4296 et
1411 4237 1676 4315 singuIiS,
1723 4237 1889 4313 quasi
1935 4237 2162 4297 nemine
2211 4250 2454 4316 excepto
2511 4245 2646 4303 talis

229 4316 373 4375 fidos
402 4318 668 4376 omnibus
696 4317 900 4392 detur;
945 4317 1211 4394 quamvis
1240 4317 1393 4374 enim
1422 4317 1494 4377 de
1524 4337 1721 4375 corum
1761 4317 1943 4376 salute
1970 4317 2118 4375 bene
2164 4338 2391 4395 sperare
2421 4341 2527 4380 nos
2548 4324 2644 4400 ju-

227 4394 364 4454 beat
393 4397 641 4455 charitas
672 4398 1015 4473 Christiana,
1048 4417 1164 4455 non
1190 4417 1496 4475 possumus
1540 4406 1736 4456 tamen
1763 4418 1865 4475 pro
1895 4406 2051 4457 certo
2082 4407 2330 4456 statuere
2360 4420 2559 4461 omnes
2588 4414 2647 4463 et

227 4474 487 4551 singulos
514 4476 589 4534 ad
619 4477 978 4537 Electionem
1025 4478 1136 4537 Dei
1165 4478 1466 4555 pertinere,
1520 4478 1623 4536 sed
1650 4479 1761 4537 hoc
1810 4498 2019 4537 arcano
2050 4478 2161 4535 Dei
2190 4479 2430 4539 consilio
2459 4491 2518 4540 et
2547 4504 2640 4541 su-

226 4574 440 4631 premae
468 4555 722 4615 libertati
751 4559 1145 4635 relinquimus.
1234 4557 1530 4636 Siquidem
1586 4558 2024 4618 Praedcstinatio
2076 4559 2187 4617 Dei
2217 4559 2368 4617 inter
2397 4561 2645 4622 infantes

228 4633 536 4693 discrimen
567 4634 719 4710 facit,
753 4638 922 4696 Rom.
973 4640 1052 4699 ix.
1089 4642 1179 4714 11,
1212 4646 1270 4697 ct
1313 4637 1619 4717 promissio
1650 4639 1928 4715 Foederis,
1982 4659 2098 4697 non
2126 4639 2184 4697 iu
2216 4640 2421 4717 carniS,
2453 4643 2557 4702 sed
2585 4644 2647 4707 in

305 4733 452 4772 nias
482 4734 543 4772 11.
2200 4724 2235 4778 2
2276 4740 2319 4777 K
