3221 5200
373 329 592 377 QUAEST.
626 310 737 391 xa]
1146 328 1223 367 ns
1253 327 1484 369 orrlcm
1513 328 1748 369 cnms‘m
1781 329 2166 370 nummolum
2675 320 2787 375 381

369 472 765 548 expiationum
794 492 979 529 omnes
1008 470 1321 546 iniquitates
1365 469 1615 528 filiorum
1647 469 1827 527 Israel
1859 469 2069 530 dicitur
2096 471 2292 529 hircus
2337 483 2613 549 portasse,
2649 477 2792 536 Lev.

375 553 499 609 xvi.
531 555 625 624 21,
659 556 754 625 22,
780 560 837 609 et
866 552 1001 609 alibi
1061 550 1339 608 sacrificia
1393 551 1588 607 oblata
1643 551 1932 626 leguntur,
1991 571 2106 608 non
2137 560 2357 609 tantum
2389 573 2490 628 pro
2522 554 2608 629 iis,
2667 578 2796 634 quae

374 632 881 689 committebantur
921 643 1075 691 naz-a:
1108 651 1220 705 per
1263 652 1532 704 errorem,
1565 630 1668 687 sed
1696 630 1868 688 etiam
1898 634 2063 702 ultro,
2096 651 2224 706 quae
2264 634 2594 691 nominibus
2639 651 2794 710 :ma

375 736 501 778 anri,
539 717 646 777 ἔατε,
687 725 803 785 we,
857 720 915 768 et
971 710 1139 767 simil.
1215 710 1577 768 denotantur.
1701 710 1821 768 Nec
1889 711 1954 783 si,
2017 712 2168 769 ch.
2230 713 2307 770 ix.
2368 716 2422 786 6,
2484 718 2536 788 7,
2590 718 2793 773 Sacer-

376 794 479 849 dos
535 790 745 849 dicitur
799 794 1003 864 offerre
1055 793 1173 870 ian-ig
1223 795 1315 848 τὸι
1356 798 1443 849 τοῦ
1490 797 1620 849 λαοῦ
1666 792 1986 864 ἀγνοημάτων
2019 812 2136 867 pro
2172 794 2376 867 populi
2421 794 2750 869 {qnoranlz'is
2772 822 2795 869 ,·

376 871 638 947 sequitur
687 870 947 930 ultronea
988 881 1223 946 peccata
1278 870 1526 944 excludi,
1586 871 1723 946 quia
1785 871 2015 946 αἰγιόημι
2062 892 2270 930 nornen
2314 881 2418 946 est,
2467 875 2622 949 quod
2668 876 2792 951 qui-

377 950 631 1009 buslibet
676 951 927 1026 peccatis
976 951 1161 1025 datur,
1209 951 1343 1027 quia
1399 952 1573 1008 omnis
1591 971 1837 1026 peccans
1891 962 1969 1009 est
2032 952 2321 1027 ἰρηοναηε,
2371 954 2523 1011 unde
2581 975 2792 1013 vocan-

376 1040 469 1089 tur
524 1032 681 1088 stulti
717 1041 775 1089 et
822 1032 1003 1094 ἀνόητοι
1060 1032 1273 1109 passim
1332 1032 1388 1087 in
1449 1031 1781 1107 Scriptura3
1840 1031 1993 1107 apud
2024 1031 2230 1090 LXX.
2276 1032 2454 1103 ἄγνοιαι
2484 1054 2633 1110 saepe
2677 1056 2793 1093 res-

380 1110 595 1187 pondet
623 1137 690 1186 τᾳ
732 1125 831 1175 9253
876 1122 932 1169 et
960 1127 1114 1180 :em
1140 1111 1295 1187 quod
1346 1111 1534 1168 scelus
1589 1119 1648 1169 et
1688 1111 2061 1169 rebellionem
2111 1120 2291 1170 notat.
2378 1115 2544 1187 Quod
2589 1115 2635 1171 si
2693 1136 2796 1191 pro

379 1191 726 1267 quibusdam
755 1191 1006 1266 peccatis
1038 1191 1313 1249 ultroneis
1343 1191 1709 1267 gravioribus
1739 1192 1960 1249 nullum
1979 1192 2193 1268 legitur
2221 1193 2546 1252 institutum
2577 1196 2795 1253 sacrifi-

384 1272 554 1346 cium,
611 1270 806 1347 qualia
854 1280 1016 1329 erant
1062 1271 1452 1344 homicidium,
1506 1270 1849 1344 idololatria,
1899 1270 2261 1347 adulterium,
2296 1281 2354 1331 et
2403 1274 2612 1332 similia
2667 1296 2796 1352 quae

378 1376 481 1411 me
524 1379 607 1413 -ιη
660 1353 810 1408 ela-la
847 1372 1019 1408 manu
1058 1361 1115 1409 et
1156 1371 1259 1427 per
1303 1351 1630 1427 superbiam
1675 1351 1905 1424 fiebant,
1954 1351 2084 1410 idco
2125 1353 2236 1410 hoc
2266 1353 2478 1411 factum
2525 1363 2629 1429 est,
2661 1357 2799 1432 quia

379 1430 569 1505 puniri
600 1450 667 1488 ea
700 1431 857 1489 Deus
886 1431 1072 1489 voluit
1102 1431 1383 1507 supplicio
1433 1430 1681 1507 capitali,
1723 1440 1904 1507 atque
1935 1431 2079 1490 adeo
2137 1443 2439 1509 peccantes
2483 1454 2595 1491 non
2653 1456 2798 1512 opus

378 1511 702 1569 habueruut
729 1512 838 1570 hoc
868 1511 1136 1585 remedio,
1162 1531 1292 1568 cum
1322 1531 1517 1569 eorum
1543 1531 1695 1568 mors
1726 1511 1895 1570 fuerit
1914 1511 2094 1569 instar
2121 1514 2465 1590 expiationis
2494 1516 2795 1591 cujusdam

382 1590 647 1666 publicae.

987 1671 1237 1729 XVIII.
1300 1672 1531 1745 Quinte,
1586 1671 2082 1747 Argumentamur
2135 1693 2210 1730 ex
2251 1682 2447 1729 nostra
2502 1694 2623 1731 cum
2669 1677 2800 1733 Deo

381 1749 426 1792 5.
448 1748 543 1819 ‚Ex
584 1752 863 1794 reconcilia·
905 1752 1364 1824 reconciliatione,
1390 1771 1562 1827 quam
1594 1752 1857 1811 Christus
1886 1772 1989 1828 per
2015 1761 2258 1810 mortem
2294 1772 2456 1809 suam
2479 1754 2645 1811 nobis
2668 1775 2796 1830 pro·

421 1814 553 1852 ‘¹⁰⁰⁰
575 1823 686 1853 “⁰¹¹¹
702 1809 841 1863 D⁰⁰⁵
904 1832 1144 1890 curavit.
1232 1832 1380 1888 Nam
1437 1851 1565 1889 cum
1617 1832 2007 1889 reconciliatio
2054 1833 2164 1889 ista
2219 1841 2504 1908 supponat
2552 1833 2795 1908 dissidii,

380 1909 537 1985 quod
556 1910 704 1969 inter
728 1912 916 1969 Deum
947 1919 1005 1968 et
1033 1919 1351 1969 creaturam
1381 1911 1775 1969 intercedebat
1822 1922 2056 1988 propter
2082 1920 2398 1988 peccatum,
2432 1913 2798 1989 compositio-

383 2008 515 2047 nem
540 2012 553 2065 ;
602 1991 732 2047 Non
761 1991 1045 2068 potuisset
1072 1991 1195 2049 fieri
1219 1992 1341 2048 sine
1372 1991 1778 2066 satisfactione,
1811 2011 1939 2067 quae
1969 1992 2185 2069 duplex
2209 1992 2568 2050 obstaculum
2601 2012 2796 2051 occur-

379 2089 510 2127 rens
540 2079 876 2144 removeret,
903 2092 937 2127 a
963 2079 1125 2146 parte
1152 2071 1278 2145 Dei,
1303 2070 1606 2146 justitiam,
1661 2071 1753 2129 cui
1784 2070 2046 2128 satisfieri
2097 2071 2312 2145 debuit,
2346 2092 2380 2129 a
2409 2080 2568 2148 parte
2607 2073 2791 2131 homi-

382 2169 535 2222 num,
562 2160 877 2226 peccatum,
905 2152 1068 2226 cujus
1092 2159 1282 2208 reatus
1313 2151 1533 2227 expiari
1556 2151 1755 2208 debuit
1785 2172 1886 2227 per
1907 2171 2091 2228 poenae
2116 2151 2324 2209 debitae
2344 2153 2789 2228 perpessionem.

385 2229 675 2288 Christum
708 2231 876 2288 istam
900 2230 1424 2288 reconciliationem
1453 2231 1621 2288 nobis
1652 2250 1986 2307 procurasse
2017 2231 2184 2289 docet
2211 2231 2426 2307 passim
2458 2232 2796 2309 Apostolus»,

386 2310 553 2367 Rom.
585 2330 642 2368 v.
679 2314 768 2384 10,
803 2315 837 2367 2
865 2310 994 2367 Cor.
1028 2331 1083 2368 V.
1120 2313 1211 2384 18,
1249 2312 1338 2383 19,
1374 2310 1495 2367 Col.
1528 2310 1564 2367 i.
1590 2314 1686 2383 20,
1719 2314 1814 2385 21,
1841 2308 1949 2368 &c-

465 2390 655 2448 XIX.
704 2391 1094 2467 Exceptiones
1126 2390 1608 2448 Adversariorum
1641 2411 1709 2448 eo
1739 2390 1998 2465 redeunt,
2051 2400 2115 2449 ut
2144 2391 2255 2449 ista
2292 2392 2682 2450 reconciliatio
2713 2395 2796 2450 di-

384 2472 701 2550 catur-fieri
714 2492 829 2547 per
875 2480 1127 2529 nostram
1171 2473 1253 2527 ad
1298 2473 1485 2527 Deum
1540 2471 1966 2545 conversionem,
1999 2493 2110 2529 non
2156 2492 2288 2529 vero
2298 2492 2411 2547 per
2454 2472 2558 2528 2⁶1·ae
2592 2474 2796 2531 divina»

376 2552 773 2627 placationem,
826 2552 960 2629 quia
988 2572 1100 2610 non
1142 2552 1369 2610 dicatur
1415 2553 1575 2610 Deus
1630 2553 1784 2610 nobis
1839 2552 2209 2628 reconciliari,
2253 2556 2354 2610 sed
2380 2573 2479 2611 nos
2533 2554 2664 2627 Dei,
2688 2555 2798 2613 imo

384 2632 608 2690 dicatur
658 2635 772 2708 ipse
817 2633 1319 2691 reconciliationem
1367 2642 1620 2691 nostram
1676 2654 2016 2709 procurare,
2088 2636 2242 2708 quod
2299 2634 2518 2710 siquam
2564 2644 2645 2691 est
2684 2657 2798 2694 non

383 2713 535 2788 irati,
567 2717 668 2771 sed
674 2714 913 2789 placati.
1003 2713 1118 2771 Sed
1147 2717 1333 2794 πςῢτοι
1360 2714 1470 2771 hoc
1499 2714 1753 2790 ipsorum
1781 2711 1966 2785 ψεῦδος
2023 2714 2204 2772 multa
2249 2723 2385 2772 sunt
2412 2735 2541 2790 quae
2600 2717 2796 2772 revin-

385 2801 534 2851 cant.
602 2797 652 2850 1.
699 2795 846 2867 Quia
900 2793 1196 2871 Scriptura
1242 2794 1533 2871 duplicem
1571 2794 1930 2853 inimicitiam
1978 2804 2035 2853 et
2079 2795 2484 2852 alienationem
2529 2797 2798 2872 proponit

382 2891 500 2929 non
528 2873 700 2929 modo
730 2893 764 2928 a
792 2881 952 2948 parte
981 2874 1295 2945 hominum,
1330 2875 1429 2948 qui
1452 2893 1553 2948 per
1580 2884 1883 2951 peccatum
1913 2875 2049 2933 facti
2080 2884 2212 2931 sunt
2231 2878 2537 2949 θεοστυγεῖς,
2574 2875 2651 2933 id.
2686 2877 2798 2933 Dei

384 2971 597 3025 osoreS,
634 2952 798 3007 Rom.
848 2952 885 3008 i.
918 2954 1012 3023 30,
1062 2962 1119 3008 et
1165 2952 1383 3008 inimici
1424 2954 1549 3028 ejus
1607 2955 1665 3009 in
1723 2954 1891 3011 malis
1941 2954 2227 3029 operibuS,
2282 2955 2404 3012 Col.
2457 2955 2493 3012 i.
2548 2958 2642 3028 21,
2695 2955 2798 3013 sed

382 3029 555 3086 etiam
585 3050 619 3085 a
647 3039 807 3104 parte
842 3029 947 3086 Dei
978 3050 1079 3104 per
1108 3031 1268 3102 iram,
1316 3050 1445 3104 quae
1494 3032 1784 3088 revelatur
1832 3033 2059 3090 coelitus
2108 3032 2388 3090 adversus
2433 3053 2660 3089 omnem
2693 3035 2797 3090 im-

382 3108 671 3184 pietatem,
708 3109 875 3165 Rom.
905 3109 942 3164 i.
981 3111 1069 3181 18,
1102 3129 1177 3164 ex
1204 3128 1318 3183 qua
1346 3110 1607 3167 homines
1653 3119 1858 3168 natura
1903 3120 2036 3168 sunt
2063 3112 2181 3189 filii
2215 3112 2332 3184 irae,
2374 3112 2521 3187 Eph.
2563 3112 2621 3168 ii.
2659 3116 2707 3186 l,
2741 3121 2800 3171 et

386 3189 546 3246 Deus
576 3189 773 3246 oculos
801 3188 1012 3245 dicitur
1039 3187 1249 3244 habere
1279 3188 1552 3263 puriores,
1579 3208 1751 3264 quam
1780 3198 1846 3247 ut
1873 3189 2069 3247 videat
2113 3190 2344 3261 malum,
2381 3190 2602 3246 llabac.
2631 3191 2665 3247 i.
2703 3195 2793 3267 13,

383 3269 498 3326 imo
517 3268 727 3327 dicitur
748 3289 863 3326 non
884 3287 1053 3344 posse
1076 3267 1222 3325 ferre
1241 3266 1620 3340 mendacium,
1647 3266 1774 3342 Sec„
1810 3269 1963 3327 Psal.
1988 3290 2044 3327 v.
2070 3272 2124 3343 4,
2152 3273 2205 3341 5,
2233 3273 2287 3326 6.
2342 3269 2424 3327 Ut
2446 3290 2585 3346 ergo
2614 3272 2795 3328 utrin-

382 3370 494 3426 que
525 3349 634 3407 fuit
662 3348 1007 3406 abalienatio
1032 3370 1045 3424 ;
1091 3348 1172 3406 ita
1200 3347 1470 3423 utrinque
1488 3349 1880 3407 reconciliatio
1902 3350 2161 3425 praestari
2180 3349 2396 3423 debuit,
2431 3371 2464 3407 a
2492 3360 2653 3426 parte
2687 3351 2797 3410 Dei

380 3450 486 3506 per
513 3431 611 3487 irae
641 3430 1016 3502 aversionem,
1048 3449 1082 3486 a
1108 3437 1269 3505 parte
1298 3428 1594 3485 hominum
1645 3449 1747 3505 per
1787 3430 2238 3503 conversionem,
2291 3431 2446 3506 quod
2477 3432 2797 3507 Apostolus

383 3511 533 3568 clare
565 3509 750 3584 docet,
783 3516 817 3567 2
852 3511 980 3568 Cor.
1011 3529 1068 3567 v.
1114 3511 1204 3583 18,
1243 3510 1333 3580 19,
1365 3507 1502 3566 dum
1533 3529 1607 3566 ex
1638 3529 1706 3566 eo
1735 3508 1891 3586 quod
1923 3510 2082 3568 Deus
2111 3531 2215 3568 nos
2263 3510 2369 3568 sibi
2402 3512 2797 3571 reconciliavit

382 3610 485 3666 per
515 3591 824 3662 Christum,
860 3610 978 3647 ver.
1015 3592 1102 3664 18,
1136 3589 1390 3647 ostendit
1420 3588 1738 3665 Apostolos
1768 3590 1996 3647 nomine
2029 3590 2241 3649 Christi
2270 3591 2487 3649 hortari
2538 3603 2797 3668 peccato-

380 3690 489 3746 reS,
540 3679 606 3728 ut
654 3681 711 3728 et
761 3670 871 3747 ipsi
914 3670 1354 3728 reconcilientur
1405 3669 1548 3726 Deo,
1594 3674 1650 3729 2.
1699 3669 1760 3727 Si
1809 3670 2197 3728 reconciliatio
2232 3672 2375 3728 nihil
2425 3672 2584 3729 aliud
2627 3681 2796 3748 esset,

380 3771 551 3827 quam
582 3751 899 3823 conversiO,
925 3750 1131 3807 melius
1180 3749 1313 3806 vitae
1339 3748 1552 3807 Christi
1583 3749 1867 3826 gloriosae,
1891 3770 2063 3825 quam
2088 3759 2337 3808 cruentae
2361 3752 2530 3808 morti
2558 3751 2802 3810 ferretur

382 3840 633 3907 accepta,
666 3839 723 3888 et
752 3831 913 3888 nulla
942 3830 1086 3888 ratio
1117 3829 1305 3886 afferri
1327 3837 1538 3905 posset,
1571 3850 1675 3887 cur
1702 3829 1774 3887 ab
1801 3830 2085 3906 Apostolo
2109 3830 2485 3888 sanctificatio
2515 3850 2794 3906 propone·

383 3919 553 3983 retur,
586 3920 651 3967 ut
698 3909 831 3968 finis
887 3910 1386 3980 reconciliationis,
1421 3908 1542 3966 Col.
1575 3909 1612 3968 i.
1645 3914 1739 3986 22,
1767 3930 1896 3968 cum
1937 3909 2081 3966 nihil
2108 3911 2295 3986 possit
2344 3929 2469 3967 esse
2501 3910 2589 3967 sui
2612 3910 2795 3986 ipsius

382 3989 637 4049 medium
667 3999 724 4048 et
746 3990 894 4047 finis
943 3993 997 4047 3.
1042 3989 1448 4048 Reconciliatio
1471 3989 1606 4047 talis
1638 3990 2000 4064 intelligitur,
2033 4009 2161 4064 quae
2191 3989 2256 4047 fit
2279 4009 2382 4066 per
2409 4010 2520 4047 non
2551 3990 2796 4064 imputa·

383 4071 579 4128 tionem
592 4071 818 4145 peccati
856 4070 1150 4127 fundatam
1182 4070 1240 4127 in
1281 4069 1657 4146 imputatione
1686 4071 1814 4146 ejus
1841 4071 1901 4127 in
1942 4069 2232 4126 Christum
2257 4068 2423 4140 facta,
2456 4089 2629 4146 quum
2664 4089 2795 4145 pec-

379 4160 570 4208 catum
601 4170 705 4227 pro
733 4150 901 4207 nobis
930 4150 1114 4208 factus
1144 4159 1247 4222 est,
1280 4154 1315 4206 2
1349 4149 1477 4207 Cor.
1507 4170 1564 4208 v.
1602 4153 1693 4224 18,
1726 4154 1820 4223 21,
1842 4158 1900 4208 et
1947 4169 2049 4226 per
2071 4148 2534 4207 substitutionem
2584 4149 2795 4209 Christi

380 4229 508 4288 loco
536 4240 751 4303 nostr0,
782 4250 885 4306 pro
915 4230 1082 4287 nobis
1110 4229 1425 4304 moriende,
1464 4239 1528 4288 ut
1556 4250 1632 4288 ex
1661 4230 1966 4288 collatione
2010 4229 2286 4305 ejuS,‘qui
2315 4248 2418 4306 pro
2461 4229 2587 4286 viro
2615 4230 2795 4305 probo

380 4311 526 4366 mori
556 4311 818 4381 sustinet,
851 4309 1158 4386 colligitur,
1196 4310 1363 4367 Rom.
1394 4329 1451 4366 v.
1485 4313 1539 4383 7,
1572 4310 1728 4385 quod
1751 4309 2198 4367 satisfactionem
2223 4308 2408 4382 infert,
2435 4329 2549 4366 non
2580 4309 2795 4385 simpli-

379 4409 503 4446 cem
551 4392 1004 4448 conversioncm.
1050 4393 1105 4447 4.
1154 4389 1569 4448 Reconciliatio
1619 4390 1684 4447 fit
1740 4410 1841 4465 per
1894 4389 2347 4466 pacificationem
2391 4389 2448 4445 in
2496 4390 2793 4465 sanguine,

380 4468 502 4525 Col.
534 4468 570 4525 i.
603 4473 696 4538 20,
729 4480 786 4528 et
814 4473 1041 4544 ἱλασμὸν,
1080 4474 1101 4527 l
1139 4471 1278 4528 Joh.
1309 4471 1368 4528 ii.
1401 4474 1455 4526 2.
1542 4469 1628 4527 At
1657 4470 1765 4527 hoc
1804 4470 2237 4528 conversionem
2275 4489 2391 4525 non
2435 4470 2637 4543 innuit,
2691 4470 2792 4528 sed

377 4547 648 4624 primario
678 4550 775 4608 irae
811 4551 917 4608 Dei
948 4550 1346 4628 placationem,
1378 4570 1506 4626 quae
1535 4558 1717 4608 morte
1753 4549 2003 4608 victimae
2032 4557 2385 4625 procuratur.

460 4628 612 4687 XX.
658 4629 934 4704 Quamvis
964 4651 1101 4689 vero
1135 4630 1428 4706 Scriptura
1455 4629 1570 4688 fere
1602 4630 1783 4688 soleat
1812 4629 2333 4689 reconciliationem
2381 4629 2549 4688 istam
2580 4629 2788 4689 referre
