<?xml version="1.0" encoding="UTF-8"?>
<!DOCTYPE html PUBLIC "-//W3C//DTD XHTML 1.0 Transitional//EN"
    "http://www.w3.org/TR/xhtml1/DTD/xhtml1-transitional.dtd">
<html xmlns="http://www.w3.org/1999/xhtml" xml:lang="en" lang="en">
 <head>
  <title>
</title>
<meta http-equiv="Content-Type" content="text/html;charset=utf-8" />
  <meta name='ocr-system' content='tesseract 3.04.00' />
  <meta name='ocr-capabilities' content='ocr_page ocr_carea ocr_par ocr_line ocrx_word'/>
</head>
<body>
  <div class='ocr_page' id='page_1' title='image "./institutiotheol01turrgoog_0393.png"; bbox 0 0 3221 5200; ppageno 0'>
   <div class='ocr_carea' id='block_1_1' title="bbox 231 333 2650 415">
    <p class='ocr_par' dir='ltr' id='par_1_1' title="bbox 231 333 2650 415">
     <span class='ocr_line' id='line_1_1' title="bbox 231 333 2650 415; baseline 0.003 -22"><span class='ocrx_word' id='word_1_1' title='bbox 231 352 450 401; x_wconf 63' lang='lat' dir='ltr'>ousssr.</span> <span class='ocrx_word' id='word_1_2' title='bbox 479 333 593 415; x_wconf 70' lang='lat' dir='ltr'>m]</span> <span class='ocrx_word' id='word_1_3' title='bbox 1039 357 1117 398; x_wconf 78' lang='lat' dir='ltr'>nn</span> <span class='ocrx_word' id='word_1_4' title='bbox 1146 359 1377 400; x_wconf 71' lang='lat' dir='ltr'>omero</span> <span class='ocrx_word' id='word_1_5' title='bbox 1406 359 1643 400; x_wconf 72' lang='lat' dir='ltr'>cums-rr</span> <span class='ocrx_word' id='word_1_6' title='bbox 1669 357 2059 399; x_wconf 62' lang='lat' dir='ltr'>summoue.</span> <span class='ocrx_word' id='word_1_7' title='bbox 2532 343 2650 401; x_wconf 83' lang='lat'>365</span> 
     </span>
    </p>
   </div>
   <div class='ocr_carea' id='block_1_2' title="bbox 232 495 2767 3034">
    <p class='ocr_par' dir='ltr' id='par_1_2' title="bbox 232 495 2767 3034">
     <span class='ocr_line' id='line_1_2' title="bbox 844 495 2647 574; baseline 0.003 -22"><span class='ocrx_word' id='word_1_8' title='bbox 844 495 1104 557; x_wconf 88' lang='lat' dir='ltr'>XXIII.</span> <span class='ocrx_word' id='word_1_9' title='bbox 1149 498 1310 556; x_wconf 86' lang='lat' dir='ltr'>Nihil</span> <span class='ocrx_word' id='word_1_10' title='bbox 1337 499 1598 574; x_wconf 87' lang='lat' dir='ltr'>habetur,</span> <span class='ocrx_word' id='word_1_11' title='bbox 1633 499 1783 558; x_wconf 88' lang='lat' dir='ltr'>Gen.</span> <span class='ocrx_word' id='word_1_12' title='bbox 1813 497 1954 571; x_wconf 65' lang='lat' dir='ltr'>xiv„</span> <span class='ocrx_word' id='word_1_13' title='bbox 1985 497 2046 555; x_wconf 92' lang='lat' dir='ltr'>in</span> <span class='ocrx_word' id='word_1_14' title='bbox 2073 496 2315 557; x_wconf 86' lang='lat' dir='ltr'>historia</span> <span class='ocrx_word' id='word_1_15' title='bbox 2338 499 2647 558; x_wconf 88' lang='lat' dir='ltr'>Melchise-</span> 
     </span>
     <span class='ocr_line' id='line_1_3' title="bbox 321 570 2655 656; baseline 0.003 -25"><span class='ocrx_word' id='word_1_16' title='bbox 321 571 506 641; x_wconf 39' lang='lat' dir='ltr'>Fon-tes</span> <span class='ocrx_word' id='word_1_17' title='bbox 580 570 721 617; x_wconf 85' lang='lat' dir='ltr'>Solu·</span> <span class='ocrx_word' id='word_1_18' title='bbox 775 573 920 649; x_wconf 89' lang='lat' dir='ltr'>deci,</span> <span class='ocrx_word' id='word_1_19' title='bbox 953 577 1105 635; x_wconf 91' lang='lat' dir='ltr'>unde</span> <span class='ocrx_word' id='word_1_20' title='bbox 1133 578 1330 654; x_wconf 80' lang='lat' dir='ltr'>colligi</span> <span class='ocrx_word' id='word_1_21' title='bbox 1360 579 1541 656; x_wconf 80' lang='lat' dir='ltr'>possit</span> <span class='ocrx_word' id='word_1_22' title='bbox 1568 599 1701 637; x_wconf 87' lang='lat' dir='ltr'>eum</span> <span class='ocrx_word' id='word_1_23' title='bbox 1731 577 2072 636; x_wconf 88' lang='lat' dir='ltr'>sacrificium</span> <span class='ocrx_word' id='word_1_24' title='bbox 2099 577 2459 636; x_wconf 87' lang='lat' dir='ltr'>incruentum</span> <span class='ocrx_word' id='word_1_25' title='bbox 2488 580 2655 654; x_wconf 87' lang='lat' dir='ltr'>panis</span> 
     </span>
     <span class='ocr_line' id='line_1_4' title="bbox 397 636 2657 733; baseline 0.003 -23"><span class='ocrx_word' id='word_1_26' title='bbox 397 636 606 674; x_wconf 75' lang='lat' dir='ltr'>nonum.</span> <span class='ocrx_word' id='word_1_27' title='bbox 775 661 833 712; x_wconf 87' lang='lat' dir='ltr'>et</span> <span class='ocrx_word' id='word_1_28' title='bbox 889 657 1008 713; x_wconf 86' lang='lat' dir='ltr'>vini</span> <span class='ocrx_word' id='word_1_29' title='bbox 1040 657 1166 715; x_wconf 90' lang='lat' dir='ltr'>Deo</span> <span class='ocrx_word' id='word_1_30' title='bbox 1208 658 1504 716; x_wconf 84' lang='lat' dir='ltr'>obtulisse.</span> <span class='ocrx_word' id='word_1_31' title='bbox 1589 658 1713 717; x_wconf 86' lang='lat' dir='ltr'>Nee</span> <span class='ocrx_word' id='word_1_32' title='bbox 1755 656 1910 733; x_wconf 89' lang='lat' dir='ltr'>quod</span> <span class='ocrx_word' id='word_1_33' title='bbox 1958 656 2168 714; x_wconf 84' lang='lat' dir='ltr'>dicitur</span> <span class='ocrx_word' id='word_1_34' title='bbox 2216 656 2287 714; x_wconf 93' lang='lat' dir='ltr'>de</span> <span class='ocrx_word' id='word_1_35' title='bbox 2332 659 2657 732; x_wconf 79' lang='lat' dir='ltr'><em>prolatione</em></span> 
     </span>
     <span class='ocr_line' id='line_1_5' title="bbox 232 732 2658 812; baseline 0.002 -22"><span class='ocrx_word' id='word_1_36' title='bbox 232 733 408 809; x_wconf 78' lang='lat' dir='ltr'>panis</span> <span class='ocrx_word' id='word_1_37' title='bbox 436 733 626 791; x_wconf 78' lang='lat' dir='ltr'>etvini</span> <span class='ocrx_word' id='word_1_38' title='bbox 647 732 798 790; x_wconf 87' lang='lat' dir='ltr'>facta</span> <span class='ocrx_word' id='word_1_39' title='bbox 826 735 1162 793; x_wconf 86' lang='lat' dir='ltr'>Abrahamo</span> <span class='ocrx_word' id='word_1_40' title='bbox 1204 736 1403 795; x_wconf 83' lang='lat' dir='ltr'>reduci</span> <span class='ocrx_word' id='word_1_41' title='bbox 1440 757 1516 795; x_wconf 86' lang='lat' dir='ltr'>ex</span> <span class='ocrx_word' id='word_1_42' title='bbox 1572 737 1729 795; x_wconf 84' lang='lat' dir='ltr'>caede</span> <span class='ocrx_word' id='word_1_43' title='bbox 1777 737 2003 811; x_wconf 82' lang='lat' dir='ltr'>Regum</span> <span class='ocrx_word' id='word_1_44' title='bbox 2046 755 2114 793; x_wconf 90' lang='lat' dir='ltr'>eo</span> <span class='ocrx_word' id='word_1_45' title='bbox 2156 736 2422 812; x_wconf 81' lang='lat' dir='ltr'>pertinet.</span> <span class='ocrx_word' id='word_1_46' title='bbox 2508 737 2658 810; x_wconf 77' lang='lat' dir='ltr'>Quia</span> 
     </span>
     <span class='ocr_line' id='line_1_6' title="bbox 244 811 2657 892; baseline 0.002 -23"><span class='ocrx_word' id='word_1_47' title='bbox 244 832 361 870; x_wconf 91' lang='lat' dir='ltr'>non</span> <span class='ocrx_word' id='word_1_48' title='bbox 392 813 584 888; x_wconf 84' lang='lat' dir='ltr'>agitur</span> <span class='ocrx_word' id='word_1_49' title='bbox 612 811 683 871; x_wconf 91' lang='lat' dir='ltr'>de</span> <span class='ocrx_word' id='word_1_50' title='bbox 712 812 1005 873; x_wconf 83' lang='lat' dir='ltr'>functione</span> <span class='ocrx_word' id='word_1_51' title='bbox 1065 816 1437 890; x_wconf 83' lang='lat' dir='ltr'>Sacerdotali,</span> <span class='ocrx_word' id='word_1_52' title='bbox 1470 816 1572 875; x_wconf 90' lang='lat' dir='ltr'>sed</span> <span class='ocrx_word' id='word_1_53' title='bbox 1601 817 1674 875; x_wconf 91' lang='lat' dir='ltr'>de</span> <span class='ocrx_word' id='word_1_54' title='bbox 1712 814 2105 874; x_wconf 87' lang='lat' dir='ltr'>munificentia</span> <span class='ocrx_word' id='word_1_55' title='bbox 2135 815 2338 891; x_wconf 87' lang='lat' dir='ltr'>Regia,</span> <span class='ocrx_word' id='word_1_56' title='bbox 2364 836 2480 892; x_wconf 88' lang='lat' dir='ltr'>qua</span> <span class='ocrx_word' id='word_1_57' title='bbox 2506 817 2657 874; x_wconf 84' lang='lat' dir='ltr'>mili-</span> 
     </span>
     <span class='ocr_line' id='line_1_7' title="bbox 245 891 2657 972; baseline 0.002 -22"><span class='ocrx_word' id='word_1_58' title='bbox 245 901 335 950; x_wconf 87' lang='lat' dir='ltr'>tes</span> <span class='ocrx_word' id='word_1_59' title='bbox 370 891 684 950; x_wconf 86' lang='lat' dir='ltr'>Abrahami</span> <span class='ocrx_word' id='word_1_60' title='bbox 715 892 1062 971; x_wconf 77' lang='lat' dir='ltr'>defatigatos</span> <span class='ocrx_word' id='word_1_61' title='bbox 1090 895 1322 953; x_wconf 89' lang='lat' dir='ltr'>reficere</span> <span class='ocrx_word' id='word_1_62' title='bbox 1350 895 1552 970; x_wconf 84' lang='lat' dir='ltr'>voluit,</span> <span class='ocrx_word' id='word_1_63' title='bbox 1584 906 1643 954; x_wconf 89' lang='lat' dir='ltr'>et</span> <span class='ocrx_word' id='word_1_64' title='bbox 1672 895 1919 953; x_wconf 90' lang='lat' dir='ltr'>amicum</span> <span class='ocrx_word' id='word_1_65' title='bbox 1975 895 2250 952; x_wconf 88' lang='lat' dir='ltr'>victorem</span> <span class='ocrx_word' id='word_1_66' title='bbox 2302 896 2463 971; x_wconf 85' lang='lat' dir='ltr'>regio</span> <span class='ocrx_word' id='word_1_67' title='bbox 2486 896 2657 972; x_wconf 91' lang='lat' dir='ltr'>epulo</span> 
     </span>
     <span class='ocr_line' id='line_1_8' title="bbox 246 971 2661 1050; baseline 0.002 -21"><span class='ocrx_word' id='word_1_68' title='bbox 246 971 530 1047; x_wconf 80' lang='lat' dir='ltr'>excipere,</span> <span class='ocrx_word' id='word_1_69' title='bbox 562 980 626 1029; x_wconf 98' lang='grc' dir='ltr'>ιιι</span> <span class='ocrx_word' id='word_1_70' title='bbox 656 971 967 1032; x_wconf 80' lang='lat' dir='ltr'>Veteribus</span> <span class='ocrx_word' id='word_1_71' title='bbox 995 974 1105 1032; x_wconf 91' lang='lat' dir='ltr'>hoc</span> <span class='ocrx_word' id='word_1_72' title='bbox 1133 975 1310 1031; x_wconf 89' lang='lat' dir='ltr'>moris</span> <span class='ocrx_word' id='word_1_73' title='bbox 1338 973 1531 1048; x_wconf 85' lang='lat' dir='ltr'>fuisse,</span> <span class='ocrx_word' id='word_1_74' title='bbox 1562 974 1938 1034; x_wconf 82' lang='lat' dir='ltr'>redeuntibus</span> <span class='ocrx_word' id='word_1_75' title='bbox 1966 994 2042 1031; x_wconf 85' lang='lat' dir='ltr'>ex</span> <span class='ocrx_word' id='word_1_76' title='bbox 2068 974 2283 1050; x_wconf 85' lang='lat' dir='ltr'>praelio,</span> <span class='ocrx_word' id='word_1_77' title='bbox 2332 985 2390 1032; x_wconf 89' lang='lat' dir='ltr'>et</span> <span class='ocrx_word' id='word_1_78' title='bbox 2419 974 2661 1034; x_wconf 85' lang='lat' dir='ltr'>victoria</span> 
     </span>
     <span class='ocr_line' id='line_1_9' title="bbox 249 1051 2660 1130; baseline 0.002 -21"><span class='ocrx_word' id='word_1_79' title='bbox 249 1051 448 1128; x_wconf 91' lang='lat' dir='ltr'>potitis</span> <span class='ocrx_word' id='word_1_80' title='bbox 476 1071 682 1126; x_wconf 86' lang='lat' dir='ltr'>panem</span> <span class='ocrx_word' id='word_1_81' title='bbox 712 1061 771 1110; x_wconf 90' lang='lat' dir='ltr'>et</span> <span class='ocrx_word' id='word_1_82' title='bbox 799 1053 998 1111; x_wconf 86' lang='lat' dir='ltr'>vinum</span> <span class='ocrx_word' id='word_1_83' title='bbox 1028 1051 1229 1111; x_wconf 86' lang='lat' dir='ltr'>offerre</span> <span class='ocrx_word' id='word_1_84' title='bbox 1259 1054 1334 1111; x_wconf 89' lang='lat' dir='ltr'>ad</span> <span class='ocrx_word' id='word_1_85' title='bbox 1372 1074 1471 1112; x_wconf 89' lang='lat' dir='ltr'>eos</span> <span class='ocrx_word' id='word_1_86' title='bbox 1492 1053 1914 1127; x_wconf 86' lang='lat' dir='ltr'>refocillandos,</span> <span class='ocrx_word' id='word_1_87' title='bbox 1965 1061 2127 1111; x_wconf 85' lang='lat' dir='ltr'>notat</span> <span class='ocrx_word' id='word_1_88' title='bbox 2175 1053 2391 1130; x_wconf 89' lang='lat' dir='ltr'>Fagius</span> <span class='ocrx_word' id='word_1_89' title='bbox 2420 1054 2480 1111; x_wconf 91' lang='lat' dir='ltr'>in</span> <span class='ocrx_word' id='word_1_90' title='bbox 2510 1056 2660 1114; x_wconf 89' lang='lat' dir='ltr'>Gen.</span> 
     </span>
     <span class='ocr_line' id='line_1_10' title="bbox 251 1130 2665 1207; baseline 0.003 -21"><span class='ocrx_word' id='word_1_91' title='bbox 251 1130 392 1202; x_wconf 67' lang='lat' dir='ltr'>xiv„</span> <span class='ocrx_word' id='word_1_92' title='bbox 418 1139 477 1189; x_wconf 88' lang='lat' dir='ltr'>et</span> <span class='ocrx_word' id='word_1_93' title='bbox 504 1132 834 1207; x_wconf 83' lang='lat' dir='ltr'>exemplum</span> <span class='ocrx_word' id='word_1_94' title='bbox 863 1133 1112 1191; x_wconf 87' lang='lat' dir='ltr'>occurrit</span> <span class='ocrx_word' id='word_1_95' title='bbox 1139 1133 1180 1191; x_wconf 84' lang='lat' dir='ltr'><strong>J</strong></span> <span class='ocrx_word' id='word_1_96' title='bbox 1185 1132 1283 1190; x_wconf 90' lang='lat' dir='ltr'>ud.</span> <span class='ocrx_word' id='word_1_97' title='bbox 1313 1133 1435 1191; x_wconf 84' lang='lat' dir='ltr'>viii.</span> <span class='ocrx_word' id='word_1_98' title='bbox 1468 1137 1523 1207; x_wconf 83' lang='lat'>5,</span> <span class='ocrx_word' id='word_1_99' title='bbox 1554 1134 1656 1191; x_wconf 91' lang='lat' dir='ltr'>ubi</span> <span class='ocrx_word' id='word_1_100' title='bbox 1704 1133 1908 1191; x_wconf 74' lang='lat' dir='ltr'>incolae</span> <span class='ocrx_word' id='word_1_101' title='bbox 1968 1132 2217 1190; x_wconf 86' lang='lat' dir='ltr'>Succoth</span> <span class='ocrx_word' id='word_1_102' title='bbox 2248 1132 2477 1190; x_wconf 89' lang='lat' dir='ltr'>obviam</span> <span class='ocrx_word' id='word_1_103' title='bbox 2523 1152 2665 1194; x_wconf 79' lang='lat' dir='ltr'>eunt</span> 
     </span>
     <span class='ocr_line' id='line_1_11' title="bbox 256 1209 2666 1289; baseline 0.001 -20"><span class='ocrx_word' id='word_1_104' title='bbox 256 1209 520 1269; x_wconf 89' lang='lat' dir='ltr'>Gedeoni</span> <span class='ocrx_word' id='word_1_105' title='bbox 547 1219 680 1287; x_wconf 87' lang='lat' dir='ltr'>post</span> <span class='ocrx_word' id='word_1_106' title='bbox 707 1210 1028 1272; x_wconf 85' lang='lat' dir='ltr'>debellatos</span> <span class='ocrx_word' id='word_1_107' title='bbox 1057 1210 1411 1271; x_wconf 87' lang='lat' dir='ltr'>Madianitas</span> <span class='ocrx_word' id='word_1_108' title='bbox 1439 1232 1569 1270; x_wconf 88' lang='lat' dir='ltr'>cum</span> <span class='ocrx_word' id='word_1_109' title='bbox 1615 1232 1779 1288; x_wconf 86' lang='lat' dir='ltr'>pane.</span> <span class='ocrx_word' id='word_1_110' title='bbox 1869 1212 1964 1270; x_wconf 81' lang='lat' dir='ltr'>Sic</span> <span class='ocrx_word' id='word_1_111' title='bbox 2014 1231 2087 1269; x_wconf 88' lang='lat' dir='ltr'>ex</span> <span class='ocrx_word' id='word_1_112' title='bbox 2118 1212 2270 1288; x_wconf 89' lang='lat' dir='ltr'>stylo</span> <span class='ocrx_word' id='word_1_113' title='bbox 2319 1212 2470 1270; x_wconf 89' lang='lat' dir='ltr'>Heb.</span> <span class='ocrx_word' id='word_1_114' title='bbox 2493 1215 2666 1289; x_wconf 80' lang='lat' dir='ltr'>panis</span> 
     </span>
     <span class='ocr_line' id='line_1_12' title="bbox 255 1290 2665 1369; baseline 0.002 -22"><span class='ocrx_word' id='word_1_115' title='bbox 255 1308 424 1347; x_wconf 88' lang='lat' dir='ltr'>omne</span> <span class='ocrx_word' id='word_1_116' title='bbox 453 1307 639 1365; x_wconf 89' lang='lat' dir='ltr'>genus</span> <span class='ocrx_word' id='word_1_117' title='bbox 668 1290 926 1349; x_wconf 87' lang='lat' dir='ltr'>ciborum</span> <span class='ocrx_word' id='word_1_118' title='bbox 957 1290 1264 1368; x_wconf 86' lang='lat' dir='ltr'>significat,</span> <span class='ocrx_word' id='word_1_119' title='bbox 1296 1302 1354 1350; x_wconf 88' lang='lat' dir='ltr'>et</span> <span class='ocrx_word' id='word_1_120' title='bbox 1375 1295 1540 1351; x_wconf 85' lang='lat' dir='ltr'>edere</span> <span class='ocrx_word' id='word_1_121' title='bbox 1557 1312 1770 1369; x_wconf 81' lang='lat' dir='ltr'>panem</span> <span class='ocrx_word' id='word_1_122' title='bbox 1805 1311 1937 1349; x_wconf 90' lang='lat' dir='ltr'>cum</span> <span class='ocrx_word' id='word_1_123' title='bbox 1966 1291 2159 1367; x_wconf 87' lang='lat' dir='ltr'>aliquo</span> <span class='ocrx_word' id='word_1_124' title='bbox 2188 1301 2278 1350; x_wconf 89' lang='lat' dir='ltr'>est</span> <span class='ocrx_word' id='word_1_125' title='bbox 2305 1291 2378 1349; x_wconf 88' lang='lat' dir='ltr'>ad</span> <span class='ocrx_word' id='word_1_126' title='bbox 2408 1313 2665 1351; x_wconf 84' lang='lat' dir='ltr'>mensam</span> 
     </span>
     <span class='ocr_line' id='line_1_13' title="bbox 256 1368 2667 1448; baseline 0.002 -22"><span class='ocrx_word' id='word_1_127' title='bbox 256 1368 509 1426; x_wconf 88' lang='lat' dir='ltr'>assidere</span> <span class='ocrx_word' id='word_1_128' title='bbox 539 1377 598 1426; x_wconf 90' lang='lat' dir='ltr'>et</span> <span class='ocrx_word' id='word_1_129' title='bbox 626 1369 942 1429; x_wconf 86' lang='lat' dir='ltr'>convivari.</span> <span class='ocrx_word' id='word_1_130' title='bbox 1027 1371 1160 1428; x_wconf 89' lang='lat' dir='ltr'>Non</span> <span class='ocrx_word' id='word_1_131' title='bbox 1188 1371 1360 1428; x_wconf 86' lang='lat' dir='ltr'>aliam</span> <span class='ocrx_word' id='word_1_132' title='bbox 1383 1391 1509 1429; x_wconf 89' lang='lat' dir='ltr'>esse</span> <span class='ocrx_word' id='word_1_133' title='bbox 1554 1380 1805 1430; x_wconf 87' lang='lat' dir='ltr'>mentem</span> <span class='ocrx_word' id='word_1_134' title='bbox 1846 1370 2030 1429; x_wconf 87' lang='lat' dir='ltr'>Mosis</span> <span class='ocrx_word' id='word_1_135' title='bbox 2074 1371 2184 1428; x_wconf 90' lang='lat' dir='ltr'>hoe</span> <span class='ocrx_word' id='word_1_136' title='bbox 2212 1371 2271 1428; x_wconf 93' lang='lat' dir='ltr'>in</span> <span class='ocrx_word' id='word_1_137' title='bbox 2309 1371 2438 1430; x_wconf 88' lang='lat' dir='ltr'>loco</span> <span class='ocrx_word' id='word_1_138' title='bbox 2459 1374 2667 1448; x_wconf 88' lang='lat' dir='ltr'>proba-</span> 
     </span>
     <span class='ocr_line' id='line_1_14' title="bbox 256 1447 2670 1526; baseline 0.002 -21"><span class='ocrx_word' id='word_1_139' title='bbox 256 1456 352 1505; x_wconf 90' lang='lat' dir='ltr'>tur</span> <span class='ocrx_word' id='word_1_140' title='bbox 375 1469 388 1504; x_wconf 92' lang='lat'>:</span> <span class='ocrx_word' id='word_1_141' title='bbox 424 1450 475 1504; x_wconf 92' lang='lat'>1.</span> <span class='ocrx_word' id='word_1_142' title='bbox 501 1447 596 1504; x_wconf 84' lang='lat' dir='ltr'>Ex</span> <span class='ocrx_word' id='word_1_143' title='bbox 615 1448 793 1507; x_wconf 87' lang='lat' dir='ltr'>verbo</span> <span class='ocrx_word' id='word_1_144' title='bbox 824 1470 999 1507; x_wconf 54' lang='lat' dir='ltr'>Nus-m</span> <span class='ocrx_word' id='word_1_145' title='bbox 1023 1449 1180 1526; x_wconf 90' lang='lat' dir='ltr'>quod</span> <span class='ocrx_word' id='word_1_146' title='bbox 1208 1460 1296 1509; x_wconf 90' lang='lat' dir='ltr'>est</span> <span class='ocrx_word' id='word_1_147' title='bbox 1307 1455 1593 1526; x_wconf 77' lang='lat' dir='ltr'>proferre,</span> <span class='ocrx_word' id='word_1_148' title='bbox 1621 1452 1677 1508; x_wconf 80' lang='lat' dir='ltr'>in</span> <span class='ocrx_word' id='word_1_149' title='bbox 1694 1450 1933 1508; x_wconf 84' lang='lat' dir='ltr'>medium</span> <span class='ocrx_word' id='word_1_150' title='bbox 1949 1452 2176 1524; x_wconf 82' lang='lat' dir='ltr'>afferre,</span> <span class='ocrx_word' id='word_1_151' title='bbox 2200 1453 2449 1524; x_wconf 79' lang='lat' dir='ltr'>educere,</span> <span class='ocrx_word' id='word_1_152' title='bbox 2473 1462 2670 1511; x_wconf 78' lang='lat' dir='ltr'>extra-</span> 
     </span>
     <span class='ocr_line' id='line_1_15' title="bbox 263 1527 2669 1606; baseline 0.002 -22"><span class='ocrx_word' id='word_1_153' title='bbox 263 1528 413 1599; x_wconf 76' lang='lat' dir='ltr'>here,</span> <span class='ocrx_word' id='word_1_154' title='bbox 445 1546 561 1584; x_wconf 91' lang='lat' dir='ltr'>non</span> <span class='ocrx_word' id='word_1_155' title='bbox 588 1547 728 1585; x_wconf 86' lang='lat' dir='ltr'>vero</span> <span class='ocrx_word' id='word_1_156' title='bbox 751 1531 973 1603; x_wconf 73' lang='lat' dir='ltr'>offerre.</span> <span class='ocrx_word' id='word_1_157' title='bbox 1062 1527 1233 1587; x_wconf 88' lang='lat' dir='ltr'>Unde</span> <span class='ocrx_word' id='word_1_158' title='bbox 1258 1529 1467 1588; x_wconf 87' lang='lat' dir='ltr'>LXX.</span> <span class='ocrx_word' id='word_1_159' title='bbox 1491 1530 1635 1588; x_wconf 91' lang='lat' dir='ltr'>illud</span> <span class='ocrx_word' id='word_1_160' title='bbox 1666 1537 1898 1588; x_wconf 86' lang='lat' dir='ltr'>vertunt</span> <span class='ocrx_word' id='word_1_161' title='bbox 1941 1530 2154 1606; x_wconf 82' lang='lat' dir='ltr'>passim</span> <span class='ocrx_word' id='word_1_162' title='bbox 2186 1549 2290 1606; x_wconf 87' lang='lat' dir='ltr'>per</span> <span class='ocrx_word' id='word_1_163' title='bbox 2332 1528 2486 1606; x_wconf 66' lang='grc' dir='ltr'>ἔγω,</span> <span class='ocrx_word' id='word_1_164' title='bbox 2519 1533 2669 1604; x_wconf 66' lang='grc' dir='ltr'><strong>ἐξέγ-</strong></span> 
     </span>
     <span class='ocr_line' id='line_1_16' title="bbox 260 1606 2767 1686; baseline 0 -23"><span class='ocrx_word' id='word_1_165' title='bbox 260 1630 338 1681; x_wconf 80' lang='lat' dir='ltr'>m,</span> <span class='ocrx_word' id='word_1_166' title='bbox 372 1606 587 1686; x_wconf 54' lang='grc' dir='ltr'>ἐκφέρω,</span> <span class='ocrx_word' id='word_1_167' title='bbox 612 1615 670 1665; x_wconf 90' lang='lat' dir='ltr'>et</span> <span class='ocrx_word' id='word_1_168' title='bbox 697 1627 995 1684; x_wconf 88' lang='lat' dir='ltr'>nunquam</span> <span class='ocrx_word' id='word_1_169' title='bbox 1022 1628 1124 1686; x_wconf 89' lang='lat' dir='ltr'>per</span> <span class='ocrx_word' id='word_1_170' title='bbox 1149 1607 1298 1667; x_wconf 66' lang='grc' dir='ltr'>θύω.</span> <span class='ocrx_word' id='word_1_171' title='bbox 1383 1610 1507 1668; x_wconf 86' lang='lat' dir='ltr'>Nec</span> <span class='ocrx_word' id='word_1_172' title='bbox 1534 1611 1650 1667; x_wconf 89' lang='lat' dir='ltr'>alio</span> <span class='ocrx_word' id='word_1_173' title='bbox 1678 1629 1852 1668; x_wconf 86' lang='lat' dir='ltr'>sensu</span> <span class='ocrx_word' id='word_1_174' title='bbox 1882 1619 2072 1685; x_wconf 87' lang='lat' dir='ltr'>potest</span> <span class='ocrx_word' id='word_1_175' title='bbox 2100 1610 2250 1667; x_wconf 88' lang='lat' dir='ltr'>sumi</span> <span class='ocrx_word' id='word_1_176' title='bbox 2288 1610 2327 1668; x_wconf 81' lang='lat' dir='ltr'><em>J</em></span> <span class='ocrx_word' id='word_1_177' title='bbox 2336 1610 2431 1667; x_wconf 89' lang='lat' dir='ltr'>ud.</span> <span class='ocrx_word' id='word_1_178' title='bbox 2463 1612 2540 1669; x_wconf 84' lang='lat' dir='ltr'>vi.</span> <span class='ocrx_word' id='word_1_179' title='bbox 2577 1616 2669 1670; x_wconf 87' lang='lat'>18.</span> <span class='ocrx_word' id='word_1_180' title='bbox 2754 1653 2767 1664; x_wconf 82' lang='grc'><strong>.</strong></span> 
     </span>
     <span class='ocr_line' id='line_1_17' title="bbox 266 1686 2672 1766; baseline 0.003 -24"><span class='ocrx_word' id='word_1_181' title='bbox 266 1686 393 1743; x_wconf 90' lang='lat' dir='ltr'>Imo</span> <span class='ocrx_word' id='word_1_182' title='bbox 423 1686 472 1743; x_wconf 91' lang='lat' dir='ltr'>si</span> <span class='ocrx_word' id='word_1_183' title='bbox 515 1686 729 1744; x_wconf 88' lang='lat' dir='ltr'>alicubi</span> <span class='ocrx_word' id='word_1_184' title='bbox 773 1687 833 1744; x_wconf 89' lang='lat' dir='ltr'>in</span> <span class='ocrx_word' id='word_1_185' title='bbox 866 1688 1162 1764; x_wconf 79' lang='lat' dir='ltr'>Scriptura</span> <span class='ocrx_word' id='word_1_186' title='bbox 1206 1689 1562 1765; x_wconf 83' lang='lat' dir='ltr'>acciperetur</span> <span class='ocrx_word' id='word_1_187' title='bbox 1589 1710 1694 1766; x_wconf 87' lang='lat' dir='ltr'>pro</span> <span class='ocrx_word' id='word_1_188' title='bbox 1749 1689 1973 1746; x_wconf 88' lang='lat' dir='ltr'>actione</span> <span class='ocrx_word' id='word_1_189' title='bbox 2029 1688 2389 1763; x_wconf 84' lang='lat' dir='ltr'>sacerdotali,</span> <span class='ocrx_word' id='word_1_190' title='bbox 2436 1709 2552 1747; x_wconf 93' lang='lat' dir='ltr'>non</span> <span class='ocrx_word' id='word_1_191' title='bbox 2583 1711 2672 1749; x_wconf 87' lang='lat' dir='ltr'>se-</span> 
     </span>
     <span class='ocr_line' id='line_1_18' title="bbox 264 1766 2672 1845; baseline 0.002 -23"><span class='ocrx_word' id='word_1_192' title='bbox 264 1773 534 1841; x_wconf 88' lang='lat' dir='ltr'>queretur</span> <span class='ocrx_word' id='word_1_193' title='bbox 561 1773 620 1823; x_wconf 89' lang='lat' dir='ltr'>et</span> <span class='ocrx_word' id='word_1_194' title='bbox 647 1766 742 1824; x_wconf 90' lang='lat' dir='ltr'>hic</span> <span class='ocrx_word' id='word_1_195' title='bbox 789 1767 1003 1842; x_wconf 89' lang='lat' dir='ltr'>pariter</span> <span class='ocrx_word' id='word_1_196' title='bbox 1042 1767 1125 1824; x_wconf 87' lang='lat' dir='ltr'>ita</span> <span class='ocrx_word' id='word_1_197' title='bbox 1153 1768 1494 1826; x_wconf 87' lang='lat' dir='ltr'>sumendum</span> <span class='ocrx_word' id='word_1_198' title='bbox 1523 1788 1668 1827; x_wconf 85' lang='lat' dir='ltr'>esse.</span> <span class='ocrx_word' id='word_1_199' title='bbox 1753 1772 1808 1825; x_wconf 98' lang='grc'>2.</span> <span class='ocrx_word' id='word_1_200' title='bbox 1855 1767 1963 1824; x_wconf 82' lang='lat' dir='ltr'>Rei</span> <span class='ocrx_word' id='word_1_201' title='bbox 2012 1777 2216 1825; x_wconf 87' lang='lat' dir='ltr'>natura</span> <span class='ocrx_word' id='word_1_202' title='bbox 2243 1768 2351 1825; x_wconf 92' lang='lat' dir='ltr'>hoc</span> <span class='ocrx_word' id='word_1_203' title='bbox 2399 1770 2672 1845; x_wconf 90' lang='lat' dir='ltr'>postulat,</span> 
     </span>
     <span class='ocr_line' id='line_1_19' title="bbox 266 1844 2672 1923; baseline 0.001 -21"><span class='ocrx_word' id='word_1_204' title='bbox 266 1844 402 1921; x_wconf 85' lang='lat' dir='ltr'>quia</span> <span class='ocrx_word' id='word_1_205' title='bbox 429 1844 644 1902; x_wconf 90' lang='lat' dir='ltr'>oblatio</span> <span class='ocrx_word' id='word_1_206' title='bbox 701 1845 1032 1904; x_wconf 87' lang='lat' dir='ltr'>sacrificalis</span> <span class='ocrx_word' id='word_1_207' title='bbox 1086 1847 1342 1922; x_wconf 86' lang='lat' dir='ltr'>postulat</span> <span class='ocrx_word' id='word_1_208' title='bbox 1396 1847 1576 1905; x_wconf 88' lang='lat' dir='ltr'>altare</span> <span class='ocrx_word' id='word_1_209' title='bbox 1633 1846 1869 1922; x_wconf 83' lang='lat' dir='ltr'>aliquod</span> <span class='ocrx_word' id='word_1_210' title='bbox 1899 1847 1957 1903; x_wconf 91' lang='lat' dir='ltr'>in</span> <span class='ocrx_word' id='word_1_211' title='bbox 1986 1866 2116 1904; x_wconf 90' lang='lat' dir='ltr'>eum</span> <span class='ocrx_word' id='word_1_212' title='bbox 2172 1846 2344 1905; x_wconf 91' lang='lat' dir='ltr'>finem</span> <span class='ocrx_word' id='word_1_213' title='bbox 2401 1857 2672 1923; x_wconf 89' lang='lat' dir='ltr'>erectum,</span> 
     </span>
     <span class='ocr_line' id='line_1_20' title="bbox 265 1923 2681 2003; baseline 0.002 -21"><span class='ocrx_word' id='word_1_214' title='bbox 265 1924 431 2000; x_wconf 90' lang='lat' dir='ltr'>cujus</span> <span class='ocrx_word' id='word_1_215' title='bbox 459 1923 620 1981; x_wconf 89' lang='lat' dir='ltr'>nulla</span> <span class='ocrx_word' id='word_1_216' title='bbox 647 1924 802 2000; x_wconf 90' lang='lat' dir='ltr'>apud</span> <span class='ocrx_word' id='word_1_217' title='bbox 831 1926 1057 1983; x_wconf 90' lang='lat' dir='ltr'>Mosem</span> <span class='ocrx_word' id='word_1_218' title='bbox 1085 1927 1318 2000; x_wconf 86' lang='lat' dir='ltr'>mentio,</span> <span class='ocrx_word' id='word_1_219' title='bbox 1349 1935 1414 1984; x_wconf 89' lang='lat' dir='ltr'>ut</span> <span class='ocrx_word' id='word_1_220' title='bbox 1442 1927 1581 1984; x_wconf 86' lang='lat' dir='ltr'>alibi</span> <span class='ocrx_word' id='word_1_221' title='bbox 1604 1926 1848 1984; x_wconf 87' lang='lat' dir='ltr'>sollicite</span> <span class='ocrx_word' id='word_1_222' title='bbox 1872 1927 1979 1982; x_wconf 88' lang='lat' dir='ltr'>hoc</span> <span class='ocrx_word' id='word_1_223' title='bbox 2005 1925 2202 1984; x_wconf 87' lang='lat' dir='ltr'>Moses</span> <span class='ocrx_word' id='word_1_224' title='bbox 2232 1925 2419 2000; x_wconf 86' lang='lat' dir='ltr'>refert,</span> <span class='ocrx_word' id='word_1_225' title='bbox 2451 1928 2681 2003; x_wconf 88' lang='lat' dir='ltr'>quoties</span> 
     </span>
     <span class='ocr_line' id='line_1_21' title="bbox 268 2002 2681 2083; baseline 0.002 -23"><span class='ocrx_word' id='word_1_226' title='bbox 268 2003 340 2061; x_wconf 91' lang='lat' dir='ltr'>de</span> <span class='ocrx_word' id='word_1_227' title='bbox 370 2002 649 2061; x_wconf 89' lang='lat' dir='ltr'>sacrificio</span> <span class='ocrx_word' id='word_1_228' title='bbox 681 2004 920 2079; x_wconf 90' lang='lat' dir='ltr'>Noachi,</span> <span class='ocrx_word' id='word_1_229' title='bbox 953 2005 1293 2078; x_wconf 86' lang='lat' dir='ltr'>Abrahami,</span> <span class='ocrx_word' id='word_1_230' title='bbox 1323 2005 1550 2079; x_wconf 85' lang='lat' dir='ltr'>Jacobi,</span> <span class='ocrx_word' id='word_1_231' title='bbox 1582 2016 1641 2063; x_wconf 90' lang='lat' dir='ltr'>et</span> <span class='ocrx_word' id='word_1_232' title='bbox 1689 2004 1929 2063; x_wconf 88' lang='lat' dir='ltr'>aliorum</span> <span class='ocrx_word' id='word_1_233' title='bbox 1962 2004 2234 2080; x_wconf 90' lang='lat' dir='ltr'>loquitur.</span> <span class='ocrx_word' id='word_1_234' title='bbox 2322 2005 2492 2064; x_wconf 88' lang='lat' dir='ltr'>Unde</span> <span class='ocrx_word' id='word_1_235' title='bbox 2521 2015 2681 2083; x_wconf 87' lang='lat' dir='ltr'>patet</span> 
     </span>
     <span class='ocr_line' id='line_1_22' title="bbox 268 2081 2682 2157; baseline 0.002 -17"><span class='ocrx_word' id='word_1_236' title='bbox 268 2081 617 2141; x_wconf 90' lang='lat' dir='ltr'>oblationem</span> <span class='ocrx_word' id='word_1_237' title='bbox 647 2082 816 2142; x_wconf 89' lang='lat' dir='ltr'>istam</span> <span class='ocrx_word' id='word_1_238' title='bbox 845 2104 960 2141; x_wconf 92' lang='lat' dir='ltr'>non</span> <span class='ocrx_word' id='word_1_239' title='bbox 991 2084 1199 2142; x_wconf 85' lang='lat' dir='ltr'>saetam</span> <span class='ocrx_word' id='word_1_240' title='bbox 1244 2104 1371 2143; x_wconf 87' lang='lat' dir='ltr'>esse</span> <span class='ocrx_word' id='word_1_241' title='bbox 1420 2085 1546 2142; x_wconf 91' lang='lat' dir='ltr'>Deo</span> <span class='ocrx_word' id='word_1_242' title='bbox 1602 2085 1663 2142; x_wconf 89' lang='lat' dir='ltr'>in</span> <span class='ocrx_word' id='word_1_243' title='bbox 1692 2083 2051 2157; x_wconf 86' lang='lat' dir='ltr'>sacrificium,</span> <span class='ocrx_word' id='word_1_244' title='bbox 2104 2083 2206 2141; x_wconf 91' lang='lat' dir='ltr'>sed</span> <span class='ocrx_word' id='word_1_245' title='bbox 2257 2083 2592 2144; x_wconf 90' lang='lat' dir='ltr'>Abrahamo</span> <span class='ocrx_word' id='word_1_246' title='bbox 2621 2086 2682 2144; x_wconf 93' lang='lat' dir='ltr'>in</span> 
     </span>
     <span class='ocr_line' id='line_1_23' title="bbox 269 2160 2683 2240; baseline 0.002 -22"><span class='ocrx_word' id='word_1_247' title='bbox 269 2160 618 2220; x_wconf 88' lang='lat' dir='ltr'>convivium.</span> <span class='ocrx_word' id='word_1_248' title='bbox 705 2166 760 2221; x_wconf 89' lang='lat'>3.</span> <span class='ocrx_word' id='word_1_249' title='bbox 808 2163 904 2221; x_wconf 88' lang='lat' dir='ltr'>Sic</span> <span class='ocrx_word' id='word_1_250' title='bbox 932 2164 1171 2240; x_wconf 83' lang='lat' dir='ltr'>exponit</span> <span class='ocrx_word' id='word_1_251' title='bbox 1192 2164 1435 2240; x_wconf 84' lang='lat' dir='ltr'>Joseph.</span> <span class='ocrx_word' id='word_1_252' title='bbox 1473 2163 1575 2222; x_wconf 91' lang='lat' dir='ltr'>lib.</span> <span class='ocrx_word' id='word_1_253' title='bbox 1602 2164 1640 2222; x_wconf 92' lang='lat' dir='ltr'>i.</span> <span class='ocrx_word' id='word_1_254' title='bbox 1673 2163 1874 2238; x_wconf 89' lang='lat' dir='ltr'>Antiq.</span> <span class='ocrx_word' id='word_1_255' title='bbox 1900 2182 2022 2239; x_wconf 88' lang='lat' dir='ltr'>cap.</span> <span class='ocrx_word' id='word_1_256' title='bbox 2063 2163 2163 2234; x_wconf 65' lang='lat' dir='ltr'>xi„</span> <span class='ocrx_word' id='word_1_257' title='bbox 2195 2163 2257 2237; x_wconf 76' lang='grc' dir='ltr'>ἰχ</span> <span class='ocrx_word' id='word_1_258' title='bbox 2320 2165 2454 2234; x_wconf 62' lang='lat' dir='ltr'>‘qun</span> <span class='ocrx_word' id='word_1_259' title='bbox 2470 2161 2519 2224; x_wconf 66' lang='grc' dir='ltr'>δὲ</span> <span class='ocrx_word' id='word_1_260' title='bbox 2541 2163 2683 2229; x_wconf 68' lang='grc' dir='ltr'>ὅστις</span> 
     </span>
     <span class='ocr_line' id='line_1_24' title="bbox 275 2237 2681 2326; baseline 0.001 -28"><span class='ocrx_word' id='word_1_261' title='bbox 275 2244 298 2298; x_wconf 72' lang='grc' dir='ltr'><em>ὃ</em></span> <span class='ocrx_word' id='word_1_262' title='bbox 329 2237 642 2315; x_wconf 56' lang='lat' dir='ltr'>Mune-1322.</span> <span class='ocrx_word' id='word_1_263' title='bbox 668 2268 737 2318; x_wconf 59' lang='grc' dir='ltr'>τᾳ</span> <span class='ocrx_word' id='word_1_264' title='bbox 765 2254 995 2321; x_wconf 62' lang='lat' dir='ltr'>Mecum</span> <span class='ocrx_word' id='word_1_265' title='bbox 1016 2269 1212 2324; x_wconf 63' lang='grc' dir='ltr'>πςκτᾳ</span> <span class='ocrx_word' id='word_1_266' title='bbox 1240 2246 1383 2315; x_wconf 54' lang='lat' dir='ltr'>kintu,</span> <span class='ocrx_word' id='word_1_267' title='bbox 1407 2245 1504 2301; x_wconf 66' lang='grc' dir='ltr'>καί</span> <span class='ocrx_word' id='word_1_268' title='bbox 1535 2246 1728 2304; x_wconf 67' lang='grc' dir='ltr'>πολλὴν</span> <span class='ocrx_word' id='word_1_269' title='bbox 1754 2243 1979 2313; x_wconf 52' lang='grc' dir='ltr'>ἄφθονά,</span> <span class='ocrx_word' id='word_1_270' title='bbox 1995 2246 2088 2299; x_wconf 71' lang='grc' dir='ltr'>τῦυ</span> <span class='ocrx_word' id='word_1_271' title='bbox 2136 2242 2199 2301; x_wconf 71' lang='grc' dir='ltr'>ἔτ</span> <span class='ocrx_word' id='word_1_272' title='bbox 2305 2246 2402 2301; x_wconf 75' lang='lat' dir='ltr'>u&#39;m</span> <span class='ocrx_word' id='word_1_273' title='bbox 2446 2246 2681 2326; x_wconf 65' lang='grc' dir='ltr'>πιςίσχι,</span> 
     </span>
     <span class='ocr_line' id='line_1_25' title="bbox 273 2321 2687 2398; baseline 0.002 -20"><span class='ocrx_word' id='word_1_274' title='bbox 273 2321 724 2379; x_wconf 65' lang='lat' dir='ltr'>Submitti-stravit</span> <span class='ocrx_word' id='word_1_275' title='bbox 748 2323 836 2380; x_wconf 72' lang='lat' dir='ltr'>hic</span> <span class='ocrx_word' id='word_1_276' title='bbox 863 2324 1230 2381; x_wconf 73' lang='lat' dir='ltr'>Melchisedec</span> <span class='ocrx_word' id='word_1_277' title='bbox 1256 2324 1574 2381; x_wconf 75' lang='lat' dir='ltr'>Abrahami</span> <span class='ocrx_word' id='word_1_278' title='bbox 1598 2324 1872 2381; x_wconf 77' lang='lat' dir='ltr'>exercitui</span> <span class='ocrx_word' id='word_1_279' title='bbox 1908 2325 2076 2396; x_wconf 79' lang='lat' dir='ltr'>dona,</span> <span class='ocrx_word' id='word_1_280' title='bbox 2109 2331 2161 2379; x_wconf 80' lang='lat' dir='ltr'>et</span> <span class='ocrx_word' id='word_1_281' title='bbox 2199 2344 2465 2398; x_wconf 73' lang='lat' dir='ltr'>maynam</span> <span class='ocrx_word' id='word_1_282' title='bbox 2492 2347 2687 2384; x_wconf 83' lang='lat' dir='ltr'>rerum</span> 
     </span>
     <span class='ocr_line' id='line_1_26' title="bbox 275 2400 2685 2478; baseline 0.003 -22"><span class='ocrx_word' id='word_1_283' title='bbox 275 2400 718 2458; x_wconf 69' lang='lat' dir='ltr'>necessariarum</span> <span class='ocrx_word' id='word_1_284' title='bbox 742 2403 961 2477; x_wconf 79' lang='lat' dir='ltr'>copiam</span> <span class='ocrx_word' id='word_1_285' title='bbox 979 2403 1243 2478; x_wconf 81' lang='lat' dir='ltr'>praebuit.</span> <span class='ocrx_word' id='word_1_286' title='bbox 1279 2403 1496 2461; x_wconf 81' lang='lat' dir='ltr'>LXX.</span> <span class='ocrx_word' id='word_1_287' title='bbox 1526 2402 1775 2461; x_wconf 88' lang='lat' dir='ltr'>reddunt</span> <span class='ocrx_word' id='word_1_288' title='bbox 1803 2421 1906 2477; x_wconf 88' lang='lat' dir='ltr'>per</span> <span class='ocrx_word' id='word_1_289' title='bbox 1948 2403 2166 2475; x_wconf 71' lang='grc' dir='ltr'>ἰξιίιιγικ,</span> <span class='ocrx_word' id='word_1_290' title='bbox 2198 2412 2256 2460; x_wconf 88' lang='lat' dir='ltr'>et</span> <span class='ocrx_word' id='word_1_291' title='bbox 2277 2402 2336 2459; x_wconf 89' lang='lat' dir='ltr'>in</span> <span class='ocrx_word' id='word_1_292' title='bbox 2366 2403 2562 2463; x_wconf 88' lang='lat' dir='ltr'>multis</span> <span class='ocrx_word' id='word_1_293' title='bbox 2591 2426 2685 2463; x_wconf 89' lang='lat' dir='ltr'>co·</span> 
     </span>
     <span class='ocr_line' id='line_1_27' title="bbox 276 2478 2687 2561; baseline 0.002 -25"><span class='ocrx_word' id='word_1_294' title='bbox 276 2478 519 2552; x_wconf 88' lang='lat' dir='ltr'>dicibus,</span> <span class='ocrx_word' id='word_1_295' title='bbox 551 2480 885 2539; x_wconf 87' lang='lat' dir='ltr'>nominatim</span> <span class='ocrx_word' id='word_1_296' title='bbox 917 2481 1330 2559; x_wconf 88' lang='lat' dir='ltr'>Complutensi,</span> <span class='ocrx_word' id='word_1_297' title='bbox 1361 2482 1594 2541; x_wconf 82' lang='lat' dir='ltr'>additur</span> <span class='ocrx_word' id='word_1_298' title='bbox 1632 2481 1929 2557; x_wconf 85' lang='lat' dir='ltr'>exegetice</span> <span class='ocrx_word' id='word_1_299' title='bbox 1966 2481 2106 2558; x_wconf 59' lang='grc' dir='ltr'>ἆυτρ</span> <span class='ocrx_word' id='word_1_300' title='bbox 2124 2482 2246 2556; x_wconf 74' lang='lat' dir='ltr'>ipsi,</span> <span class='ocrx_word' id='word_1_301' title='bbox 2285 2483 2515 2554; x_wconf 69' lang='grc' dir='ltr'>ἔξιίνιγκυ</span> <span class='ocrx_word' id='word_1_302' title='bbox 2550 2483 2687 2561; x_wconf 58' lang='grc' dir='ltr'>εἴπῃ</span> 
     </span>
     <span class='ocr_line' id='line_1_28' title="bbox 277 2556 2683 2641; baseline 0.001 -21"><span class='ocrx_word' id='word_1_303' title='bbox 277 2557 456 2641; x_wconf 55' lang='grc' dir='ltr'>ἄρτους</span> <span class='ocrx_word' id='word_1_304' title='bbox 478 2562 568 2618; x_wconf 69' lang='grc' dir='ltr'>καὶ</span> <span class='ocrx_word' id='word_1_305' title='bbox 597 2556 723 2632; x_wconf 64' lang='grc' dir='ltr'><strong><em>αὖον,</em></strong></span> <span class='ocrx_word' id='word_1_306' title='bbox 735 2563 1019 2637; x_wconf 78' lang='lat' dir='ltr'>produxit</span> <span class='ocrx_word' id='word_1_307' title='bbox 1039 2562 1151 2639; x_wconf 78' lang='lat' dir='ltr'>ipsi</span> <span class='ocrx_word' id='word_1_308' title='bbox 1165 2582 1376 2638; x_wconf 82' lang='lat' dir='ltr'>panem</span> <span class='ocrx_word' id='word_1_309' title='bbox 1398 2570 1450 2621; x_wconf 85' lang='lat' dir='ltr'>et</span> <span class='ocrx_word' id='word_1_310' title='bbox 1468 2563 1673 2621; x_wconf 80' lang='lat' dir='ltr'>vinum.</span> <span class='ocrx_word' id='word_1_311' title='bbox 1732 2561 1825 2620; x_wconf 87' lang='lat' dir='ltr'>Ita</span> <span class='ocrx_word' id='word_1_312' title='bbox 1871 2561 2063 2621; x_wconf 87' lang='lat' dir='ltr'>reddit</span> <span class='ocrx_word' id='word_1_313' title='bbox 2101 2560 2309 2621; x_wconf 90' lang='lat' dir='ltr'>Onkel.</span> <span class='ocrx_word' id='word_1_314' title='bbox 2409 2563 2683 2641; x_wconf 81' lang='lat' dir='ltr'>Vulgata,</span> 
     </span>
     <span class='ocr_line' id='line_1_29' title="bbox 278 2640 2690 2719; baseline 0.002 -21"><span class='ocrx_word' id='word_1_315' title='bbox 278 2660 407 2717; x_wconf 79' lang='lat' dir='ltr'>quae</span> <span class='ocrx_word' id='word_1_316' title='bbox 438 2640 756 2699; x_wconf 89' lang='lat' dir='ltr'>Pontificiis</span> <span class='ocrx_word' id='word_1_317' title='bbox 784 2651 873 2700; x_wconf 89' lang='lat' dir='ltr'>est</span> <span class='ocrx_word' id='word_1_318' title='bbox 901 2644 1248 2717; x_wconf 88' lang='lat' dir='ltr'>authentica,</span> <span class='ocrx_word' id='word_1_319' title='bbox 1281 2643 1455 2701; x_wconf 87' lang='lat' dir='ltr'>habet</span> <span class='ocrx_word' id='word_1_320' title='bbox 1486 2643 1746 2719; x_wconf 78' lang='lat' dir='ltr'>protulit.</span> <span class='ocrx_word' id='word_1_321' title='bbox 1792 2641 1886 2701; x_wconf 87' lang='lat' dir='ltr'>Ita</span> <span class='ocrx_word' id='word_1_322' title='bbox 1914 2642 2125 2701; x_wconf 90' lang='lat' dir='ltr'>sentire</span> <span class='ocrx_word' id='word_1_323' title='bbox 2156 2642 2440 2701; x_wconf 67' lang='lat' dir='ltr'>Hebraeos</span> <span class='ocrx_word' id='word_1_324' title='bbox 2460 2654 2690 2703; x_wconf 84' lang='lat' dir='ltr'>veteres</span> 
     </span>
     <span class='ocr_line' id='line_1_30' title="bbox 278 2719 2690 2799; baseline 0.002 -23"><span class='ocrx_word' id='word_1_325' title='bbox 278 2728 482 2779; x_wconf 88' lang='lat' dir='ltr'>notant</span> <span class='ocrx_word' id='word_1_326' title='bbox 511 2719 673 2779; x_wconf 89' lang='lat' dir='ltr'>Hier.</span> <span class='ocrx_word' id='word_1_327' title='bbox 726 2721 801 2779; x_wconf 92' lang='lat' dir='ltr'>ad</span> <span class='ocrx_word' id='word_1_328' title='bbox 831 2722 1070 2799; x_wconf 87' lang='lat' dir='ltr'>Evagri.</span> <span class='ocrx_word' id='word_1_329' title='bbox 1102 2732 1161 2781; x_wconf 87' lang='lat' dir='ltr'>et.</span> <span class='ocrx_word' id='word_1_330' title='bbox 1219 2723 1489 2781; x_wconf 77' lang='lat' dir='ltr'>AmbrOS.</span> <span class='ocrx_word' id='word_1_331' title='bbox 1548 2722 1608 2780; x_wconf 90' lang='lat' dir='ltr'>in</span> <span class='ocrx_word' id='word_1_332' title='bbox 1635 2723 1694 2780; x_wconf 90' lang='lat' dir='ltr'>h.</span> <span class='ocrx_word' id='word_1_333' title='bbox 1724 2721 1764 2779; x_wconf 90' lang='lat' dir='ltr'>l.</span> <span class='ocrx_word' id='word_1_334' title='bbox 1823 2721 2130 2781; x_wconf 87' lang='lat' dir='ltr'>Caietanus</span> <span class='ocrx_word' id='word_1_335' title='bbox 2184 2720 2395 2780; x_wconf 88' lang='lat' dir='ltr'>fatetur</span> <span class='ocrx_word' id='word_1_336' title='bbox 2422 2723 2568 2780; x_wconf 90' lang='lat' dir='ltr'>nihil</span> <span class='ocrx_word' id='word_1_337' title='bbox 2595 2724 2690 2782; x_wconf 87' lang='lat' dir='ltr'>hic</span> 
     </span>
     <span class='ocr_line' id='line_1_31' title="bbox 278 2799 2693 2881; baseline 0.002 -25"><span class='ocrx_word' id='word_1_338' title='bbox 278 2799 453 2858; x_wconf 87' lang='lat' dir='ltr'>scribi</span> <span class='ocrx_word' id='word_1_339' title='bbox 481 2799 552 2857; x_wconf 89' lang='lat' dir='ltr'>de</span> <span class='ocrx_word' id='word_1_340' title='bbox 581 2800 861 2858; x_wconf 88' lang='lat' dir='ltr'>sacrificio</span> <span class='ocrx_word' id='word_1_341' title='bbox 889 2801 1012 2859; x_wconf 84' lang='lat' dir='ltr'>sive</span> <span class='ocrx_word' id='word_1_342' title='bbox 1042 2802 1350 2877; x_wconf 88' lang='lat' dir='ltr'>oblatione,</span> <span class='ocrx_word' id='word_1_343' title='bbox 1384 2801 1487 2861; x_wconf 88' lang='lat' dir='ltr'>sed</span> <span class='ocrx_word' id='word_1_344' title='bbox 1514 2802 1586 2860; x_wconf 93' lang='lat' dir='ltr'>de</span> <span class='ocrx_word' id='word_1_345' title='bbox 1617 2801 1934 2878; x_wconf 88' lang='lat' dir='ltr'>prolatione</span> <span class='ocrx_word' id='word_1_346' title='bbox 1975 2810 2033 2860; x_wconf 89' lang='lat' dir='ltr'>et</span> <span class='ocrx_word' id='word_1_347' title='bbox 2060 2803 2417 2861; x_wconf 87' lang='lat' dir='ltr'>extractione</span> <span class='ocrx_word' id='word_1_348' title='bbox 2438 2803 2606 2881; x_wconf 86' lang='lat' dir='ltr'>panis</span> <span class='ocrx_word' id='word_1_349' title='bbox 2633 2812 2693 2862; x_wconf 90' lang='lat' dir='ltr'>et</span> 
     </span>
     <span class='ocr_line' id='line_1_32' title="bbox 280 2878 2150 2955; baseline 0.002 -20"><span class='ocrx_word' id='word_1_350' title='bbox 280 2878 421 2950; x_wconf 85' lang='lat' dir='ltr'>vini,</span> <span class='ocrx_word' id='word_1_351' title='bbox 451 2896 624 2953; x_wconf 91' lang='lat' dir='ltr'>quam</span> <span class='ocrx_word' id='word_1_352' title='bbox 652 2879 694 2937; x_wconf 84' lang='lat' dir='ltr'>J</span> <span class='ocrx_word' id='word_1_353' title='bbox 699 2881 949 2955; x_wconf 91' lang='lat' dir='ltr'>osephus</span> <span class='ocrx_word' id='word_1_354' title='bbox 977 2881 1118 2940; x_wconf 88' lang='lat' dir='ltr'>dicit</span> <span class='ocrx_word' id='word_1_355' title='bbox 1147 2881 1354 2940; x_wconf 87' lang='lat' dir='ltr'>factam</span> <span class='ocrx_word' id='word_1_356' title='bbox 1385 2881 1460 2939; x_wconf 88' lang='lat' dir='ltr'>ad</span> <span class='ocrx_word' id='word_1_357' title='bbox 1488 2880 1859 2939; x_wconf 86' lang='lat' dir='ltr'>reficiendum</span> <span class='ocrx_word' id='word_1_358' title='bbox 1882 2881 2150 2939; x_wconf 77' lang='lat' dir='ltr'>victoreS.</span> 
     </span>
     <span class='ocr_line' id='line_1_33' title="bbox 362 2956 2692 3034; baseline 0.002 -21"><span class='ocrx_word' id='word_1_359' title='bbox 362 2956 613 3015; x_wconf 87' lang='lat' dir='ltr'>XXIV.</span> <span class='ocrx_word' id='word_1_360' title='bbox 660 2957 976 3030; x_wconf 75' lang='lat' dir='ltr'>Instantius,</span> <span class='ocrx_word' id='word_1_361' title='bbox 1001 2978 1130 3034; x_wconf 76' lang='lat' dir='ltr'>quse</span> <span class='ocrx_word' id='word_1_362' title='bbox 1158 2960 1232 3017; x_wconf 86' lang='lat' dir='ltr'>ab</span> <span class='ocrx_word' id='word_1_363' title='bbox 1262 2960 1634 3018; x_wconf 85' lang='lat' dir='ltr'>Adversariis</span> <span class='ocrx_word' id='word_1_364' title='bbox 1657 2959 1987 3033; x_wconf 87' lang='lat' dir='ltr'>afferuntur,</span> <span class='ocrx_word' id='word_1_365' title='bbox 2021 2960 2366 3018; x_wconf 88' lang='lat' dir='ltr'>contrarium</span> <span class='ocrx_word' id='word_1_366' title='bbox 2395 2979 2512 3017; x_wconf 90' lang='lat' dir='ltr'>non</span> <span class='ocrx_word' id='word_1_367' title='bbox 2530 2961 2692 3019; x_wconf 89' lang='lat' dir='ltr'>evin-</span> 
     </span>
    </p>
   </div>
   <div class='ocr_carea' id='block_1_3' title="bbox 283 3034 2705 4614">
    <p class='ocr_par' dir='ltr' id='par_1_3' title="bbox 283 3034 2705 4614">
     <span class='ocr_line' id='line_1_34' title="bbox 283 3034 2693 3113; baseline 0.002 -20"><span class='ocrx_word' id='word_1_368' title='bbox 283 3043 438 3093; x_wconf 89' lang='lat' dir='ltr'>cunt.</span> <span class='ocrx_word' id='word_1_369' title='bbox 528 3037 578 3092; x_wconf 92' lang='lat'>1.</span> <span class='ocrx_word' id='word_1_370' title='bbox 624 3034 793 3108; x_wconf 86' lang='lat' dir='ltr'>Quod</span> <span class='ocrx_word' id='word_1_371' title='bbox 837 3056 1012 3094; x_wconf 83' lang='lat' dir='ltr'>causa</span> <span class='ocrx_word' id='word_1_372' title='bbox 1039 3038 1348 3096; x_wconf 87' lang='lat' dir='ltr'>oblationis</span> <span class='ocrx_word' id='word_1_373' title='bbox 1377 3039 1568 3095; x_wconf 87' lang='lat' dir='ltr'>statim</span> <span class='ocrx_word' id='word_1_374' title='bbox 1600 3037 1873 3095; x_wconf 84' lang='lat' dir='ltr'>reddatur</span> <span class='ocrx_word' id='word_1_375' title='bbox 1898 3037 2079 3113; x_wconf 88' lang='lat' dir='ltr'>petita</span> <span class='ocrx_word' id='word_1_376' title='bbox 2106 3057 2142 3093; x_wconf 90' lang='lat' dir='ltr'>a</span> <span class='ocrx_word' id='word_1_377' title='bbox 2173 3038 2523 3112; x_wconf 87' lang='lat' dir='ltr'>Sacerdoti0,</span> <span class='ocrx_word' id='word_1_378' title='bbox 2555 3039 2693 3097; x_wconf 89' lang='lat' dir='ltr'>dum</span> 
     </span>
     <span class='ocr_line' id='line_1_35' title="bbox 283 3112 2693 3190; baseline 0.001 -18"><span class='ocrx_word' id='word_1_379' title='bbox 283 3112 531 3186; x_wconf 87' lang='lat' dir='ltr'>additur,</span> <span class='ocrx_word' id='word_1_380' title='bbox 563 3115 719 3170; x_wconf 80' lang='lat' dir='ltr'>Erat</span> <span class='ocrx_word' id='word_1_381' title='bbox 759 3114 902 3171; x_wconf 81' lang='lat' dir='ltr'>enim</span> <span class='ocrx_word' id='word_1_382' title='bbox 924 3116 1204 3173; x_wconf 78' lang='lat' dir='ltr'>Sacerdos</span> <span class='ocrx_word' id='word_1_383' title='bbox 1245 3117 1362 3173; x_wconf 79' lang='lat' dir='ltr'>Dei</span> <span class='ocrx_word' id='word_1_384' title='bbox 1404 3116 1690 3172; x_wconf 77' lang='lat' dir='ltr'>Altissimi.</span> <span class='ocrx_word' id='word_1_385' title='bbox 1776 3115 1925 3187; x_wconf 84' lang='lat' dir='ltr'>Quia</span> <span class='ocrx_word' id='word_1_386' title='bbox 1965 3114 2121 3190; x_wconf 91' lang='lat' dir='ltr'>quod</span> <span class='ocrx_word' id='word_1_387' title='bbox 2166 3116 2340 3174; x_wconf 89' lang='lat' dir='ltr'>estin</span> <span class='ocrx_word' id='word_1_388' title='bbox 2393 3117 2546 3174; x_wconf 90' lang='lat' dir='ltr'>Heb.</span> <span class='ocrx_word' id='word_1_389' title='bbox 2578 3138 2693 3174; x_wconf 90' lang='lat' dir='ltr'>non</span> 
     </span>
     <span class='ocr_line' id='line_1_36' title="bbox 283 3191 2694 3270; baseline 0 -19"><span class='ocrx_word' id='word_1_390' title='bbox 283 3200 374 3252; x_wconf 89' lang='lat' dir='ltr'>est</span> <span class='ocrx_word' id='word_1_391' title='bbox 403 3191 683 3267; x_wconf 85' lang='lat' dir='ltr'>particula</span> <span class='ocrx_word' id='word_1_392' title='bbox 711 3193 974 3264; x_wconf 88' lang='lat' dir='ltr'>causalis,</span> <span class='ocrx_word' id='word_1_393' title='bbox 1007 3193 1108 3251; x_wconf 90' lang='lat' dir='ltr'>sed</span> <span class='ocrx_word' id='word_1_394' title='bbox 1131 3193 1474 3270; x_wconf 84' lang='lat' dir='ltr'>copulativa,</span> <span class='ocrx_word' id='word_1_395' title='bbox 1506 3204 1571 3251; x_wconf 90' lang='lat' dir='ltr'>ut</span> <span class='ocrx_word' id='word_1_396' title='bbox 1597 3192 1858 3251; x_wconf 88' lang='lat' dir='ltr'>redditur</span> <span class='ocrx_word' id='word_1_397' title='bbox 1885 3213 1920 3249; x_wconf 85' lang='lat' dir='ltr'>a</span> <span class='ocrx_word' id='word_1_398' title='bbox 1942 3193 2223 3267; x_wconf 88' lang='lat' dir='ltr'>Pagnino,</span> <span class='ocrx_word' id='word_1_399' title='bbox 2249 3194 2546 3269; x_wconf 89' lang='lat' dir='ltr'>Montano,</span> <span class='ocrx_word' id='word_1_400' title='bbox 2572 3196 2694 3253; x_wconf 86' lang='lat' dir='ltr'>Va-</span> 
     </span>
     <span class='ocr_line' id='line_1_37' title="bbox 287 3268 2692 3353; baseline 0 -22"><span class='ocrx_word' id='word_1_401' title='bbox 287 3271 463 3344; x_wconf 79' lang='lat' dir='ltr'>table,</span> <span class='ocrx_word' id='word_1_402' title='bbox 495 3279 554 3329; x_wconf 90' lang='lat' dir='ltr'>et</span> <span class='ocrx_word' id='word_1_403' title='bbox 589 3270 817 3345; x_wconf 66' lang='lat' dir='ltr'>LXX„</span> <span class='ocrx_word' id='word_1_404' title='bbox 850 3268 904 3339; x_wconf 68' lang='grc' dir='ltr'>ἦν</span> <span class='ocrx_word' id='word_1_405' title='bbox 931 3268 980 3332; x_wconf 72' lang='grc' dir='ltr'>δι</span> <span class='ocrx_word' id='word_1_406' title='bbox 1027 3271 1200 3353; x_wconf 45' lang='grc' dir='ltr'>ἱρείη</span> <span class='ocrx_word' id='word_1_407' title='bbox 1248 3272 1369 3330; x_wconf 89' lang='lat' dir='ltr'>Nec</span> <span class='ocrx_word' id='word_1_408' title='bbox 1398 3272 1646 3349; x_wconf 86' lang='lat' dir='ltr'>pertinet</span> <span class='ocrx_word' id='word_1_409' title='bbox 1673 3270 1747 3328; x_wconf 87' lang='lat' dir='ltr'>ad</span> <span class='ocrx_word' id='word_1_410' title='bbox 1776 3271 2190 3345; x_wconf 86' lang='lat' dir='ltr'>antecedentia,</span> <span class='ocrx_word' id='word_1_411' title='bbox 2220 3282 2286 3331; x_wconf 93' lang='lat' dir='ltr'>ut</span> <span class='ocrx_word' id='word_1_412' title='bbox 2312 3273 2459 3331; x_wconf 87' lang='lat' dir='ltr'>ratio</span> <span class='ocrx_word' id='word_1_413' title='bbox 2486 3274 2692 3332; x_wconf 86' lang='lat' dir='ltr'>redda-</span> 
     </span>
     <span class='ocr_line' id='line_1_38' title="bbox 286 3348 2697 3429; baseline 0 -18"><span class='ocrx_word' id='word_1_414' title='bbox 286 3361 396 3424; x_wconf 90' lang='lat' dir='ltr'>tur,</span> <span class='ocrx_word' id='word_1_415' title='bbox 449 3370 551 3409; x_wconf 89' lang='lat' dir='ltr'>cur</span> <span class='ocrx_word' id='word_1_416' title='bbox 589 3351 892 3427; x_wconf 86' lang='lat' dir='ltr'>protulerit</span> <span class='ocrx_word' id='word_1_417' title='bbox 932 3372 1140 3429; x_wconf 89' lang='lat' dir='ltr'>panem</span> <span class='ocrx_word' id='word_1_418' title='bbox 1182 3360 1241 3411; x_wconf 90' lang='lat' dir='ltr'>et</span> <span class='ocrx_word' id='word_1_419' title='bbox 1282 3351 1498 3425; x_wconf 89' lang='lat' dir='ltr'>vinum,</span> <span class='ocrx_word' id='word_1_420' title='bbox 1545 3371 1676 3409; x_wconf 87' lang='lat' dir='ltr'>eum</span> <span class='ocrx_word' id='word_1_421' title='bbox 1698 3350 1759 3408; x_wconf 89' lang='lat' dir='ltr'>id</span> <span class='ocrx_word' id='word_1_422' title='bbox 1813 3348 2012 3408; x_wconf 85' lang='lat' dir='ltr'>fecerit</span> <span class='ocrx_word' id='word_1_423' title='bbox 2048 3370 2164 3425; x_wconf 89' lang='lat' dir='ltr'>qua</span> <span class='ocrx_word' id='word_1_424' title='bbox 2193 3350 2323 3408; x_wconf 84' lang='lat' dir='ltr'>Rex</span> <span class='ocrx_word' id='word_1_425' title='bbox 2364 3352 2583 3412; x_wconf 88' lang='lat' dir='ltr'>amicus</span> <span class='ocrx_word' id='word_1_426' title='bbox 2637 3362 2697 3412; x_wconf 90' lang='lat' dir='ltr'>et</span> 
     </span>
     <span class='ocr_line' id='line_1_39' title="bbox 285 3429 2692 3509; baseline 0 -19"><span class='ocrx_word' id='word_1_427' title='bbox 285 3430 615 3504; x_wconf 86' lang='lat' dir='ltr'>foederatus,</span> <span class='ocrx_word' id='word_1_428' title='bbox 641 3430 745 3488; x_wconf 89' lang='lat' dir='ltr'>sed</span> <span class='ocrx_word' id='word_1_429' title='bbox 761 3431 835 3489; x_wconf 90' lang='lat' dir='ltr'>ad</span> <span class='ocrx_word' id='word_1_430' title='bbox 864 3431 1181 3508; x_wconf 86' lang='lat' dir='ltr'>sequentia,</span> <span class='ocrx_word' id='word_1_431' title='bbox 1205 3441 1269 3490; x_wconf 92' lang='lat' dir='ltr'>ut</span> <span class='ocrx_word' id='word_1_432' title='bbox 1291 3430 1650 3507; x_wconf 87' lang='lat' dir='ltr'>intelligatur</span> <span class='ocrx_word' id='word_1_433' title='bbox 1670 3449 1784 3506; x_wconf 89' lang='lat' dir='ltr'>quo</span> <span class='ocrx_word' id='word_1_434' title='bbox 1800 3430 1933 3505; x_wconf 89' lang='lat' dir='ltr'>jure</span> <span class='ocrx_word' id='word_1_435' title='bbox 1949 3429 2311 3489; x_wconf 81' lang='lat' dir='ltr'>benedixerit</span> <span class='ocrx_word' id='word_1_436' title='bbox 2339 3431 2692 3509; x_wconf 87' lang='lat' dir='ltr'>Abrahamo,</span> 
     </span>
     <span class='ocr_line' id='line_1_40' title="bbox 288 3509 2698 3588; baseline 0 -17"><span class='ocrx_word' id='word_1_437' title='bbox 288 3520 346 3571; x_wconf 90' lang='lat' dir='ltr'>et</span> <span class='ocrx_word' id='word_1_438' title='bbox 374 3511 447 3569; x_wconf 92' lang='lat' dir='ltr'>ab</span> <span class='ocrx_word' id='word_1_439' title='bbox 476 3529 544 3568; x_wconf 89' lang='lat' dir='ltr'>eo</span> <span class='ocrx_word' id='word_1_440' title='bbox 573 3509 826 3569; x_wconf 88' lang='lat' dir='ltr'>decimas</span> <span class='ocrx_word' id='word_1_441' title='bbox 871 3511 1172 3588; x_wconf 88' lang='lat' dir='ltr'>acceperit.</span> <span class='ocrx_word' id='word_1_442' title='bbox 1259 3511 1379 3568; x_wconf 89' lang='lat' dir='ltr'>Nec</span> <span class='ocrx_word' id='word_1_443' title='bbox 1425 3510 1474 3568; x_wconf 93' lang='lat' dir='ltr'>si</span> <span class='ocrx_word' id='word_1_444' title='bbox 1513 3509 1891 3585; x_wconf 84' lang='lat' dir='ltr'>Sophpasuch</span> <span class='ocrx_word' id='word_1_445' title='bbox 1940 3509 2187 3585; x_wconf 87' lang='lat' dir='ltr'>additur,</span> <span class='ocrx_word' id='word_1_446' title='bbox 2239 3511 2491 3570; x_wconf 88' lang='lat' dir='ltr'>ostendit</span> <span class='ocrx_word' id='word_1_447' title='bbox 2544 3513 2698 3571; x_wconf 90' lang='lat' dir='ltr'>finiri</span> 
     </span>
     <span class='ocr_line' id='line_1_41' title="bbox 289 3588 2694 3669; baseline 0.001 -21"><span class='ocrx_word' id='word_1_448' title='bbox 289 3590 621 3664; x_wconf 89' lang='lat' dir='ltr'>orationem,</span> <span class='ocrx_word' id='word_1_449' title='bbox 653 3589 758 3648; x_wconf 89' lang='lat' dir='ltr'>sed</span> <span class='ocrx_word' id='word_1_450' title='bbox 786 3599 1008 3651; x_wconf 87' lang='lat' dir='ltr'>tantum</span> <span class='ocrx_word' id='word_1_451' title='bbox 1031 3610 1281 3665; x_wconf 83' lang='lat' dir='ltr'>versum,</span> <span class='ocrx_word' id='word_1_452' title='bbox 1311 3599 1377 3648; x_wconf 90' lang='lat' dir='ltr'>ut</span> <span class='ocrx_word' id='word_1_453' title='bbox 1405 3589 1545 3648; x_wconf 92' lang='lat' dir='ltr'>alibi</span> <span class='ocrx_word' id='word_1_454' title='bbox 1572 3589 1697 3647; x_wconf 89' lang='lat' dir='ltr'>fieri</span> <span class='ocrx_word' id='word_1_455' title='bbox 1715 3588 1863 3647; x_wconf 89' lang='lat' dir='ltr'>solet</span> <span class='ocrx_word' id='word_1_456' title='bbox 1889 3609 2006 3647; x_wconf 92' lang='lat' dir='ltr'>non</span> <span class='ocrx_word' id='word_1_457' title='bbox 2043 3589 2239 3664; x_wconf 88' lang='lat' dir='ltr'>semel,</span> <span class='ocrx_word' id='word_1_458' title='bbox 2273 3590 2427 3649; x_wconf 86' lang='lat' dir='ltr'>Psal.</span> <span class='ocrx_word' id='word_1_459' title='bbox 2473 3612 2607 3651; x_wconf 84' lang='lat' dir='ltr'>xcv.</span> <span class='ocrx_word' id='word_1_460' title='bbox 2639 3598 2694 3669; x_wconf 85' lang='lat'>7,</span> 
     </span>
     <span class='ocr_line' id='line_1_42' title="bbox 290 3667 2694 3749; baseline 0.001 -21"><span class='ocrx_word' id='word_1_461' title='bbox 290 3672 346 3745; x_wconf 92' lang='lat'>8,</span> <span class='ocrx_word' id='word_1_462' title='bbox 406 3668 554 3727; x_wconf 86' lang='lat' dir='ltr'>Gen.</span> <span class='ocrx_word' id='word_1_463' title='bbox 611 3669 777 3727; x_wconf 85' lang='lat' dir='ltr'>xxiii.</span> <span class='ocrx_word' id='word_1_464' title='bbox 834 3674 924 3744; x_wconf 85' lang='lat'>17,</span> <span class='ocrx_word' id='word_1_465' title='bbox 982 3672 1072 3744; x_wconf 90' lang='lat'>18,</span> <span class='ocrx_word' id='word_1_466' title='bbox 1117 3670 1242 3729; x_wconf 90' lang='lat' dir='ltr'>Jer.</span> <span class='ocrx_word' id='word_1_467' title='bbox 1299 3668 1507 3727; x_wconf 84' lang='lat' dir='ltr'>xxxiii.</span> <span class='ocrx_word' id='word_1_468' title='bbox 1568 3672 1661 3742; x_wconf 89' lang='lat'>10,</span> <span class='ocrx_word' id='word_1_469' title='bbox 1716 3667 1808 3726; x_wconf 91' lang='lat'>11.</span> <span class='ocrx_word' id='word_1_470' title='bbox 1880 3672 1936 3726; x_wconf 82' lang='lat'>2.</span> <span class='ocrx_word' id='word_1_471' title='bbox 1981 3669 2142 3725; x_wconf 88' lang='lat' dir='ltr'>Nihil</span> <span class='ocrx_word' id='word_1_472' title='bbox 2196 3689 2341 3745; x_wconf 89' lang='lat' dir='ltr'>opus</span> <span class='ocrx_word' id='word_1_473' title='bbox 2396 3671 2572 3731; x_wconf 88' lang='lat' dir='ltr'>fuisse</span> <span class='ocrx_word' id='word_1_474' title='bbox 2593 3693 2694 3749; x_wconf 88' lang='lat' dir='ltr'>pa-</span> 
     </span>
     <span class='ocr_line' id='line_1_43' title="bbox 290 3746 2698 3828; baseline 0.002 -22"><span class='ocrx_word' id='word_1_475' title='bbox 290 3768 422 3807; x_wconf 88' lang='lat' dir='ltr'>nem</span> <span class='ocrx_word' id='word_1_476' title='bbox 450 3756 508 3806; x_wconf 89' lang='lat' dir='ltr'>et</span> <span class='ocrx_word' id='word_1_477' title='bbox 536 3747 734 3806; x_wconf 86' lang='lat' dir='ltr'>vinum</span> <span class='ocrx_word' id='word_1_478' title='bbox 763 3750 1045 3809; x_wconf 85' lang='lat' dir='ltr'>militibus</span> <span class='ocrx_word' id='word_1_479' title='bbox 1074 3748 1393 3807; x_wconf 88' lang='lat' dir='ltr'>Abrahami</span> <span class='ocrx_word' id='word_1_480' title='bbox 1435 3748 1697 3806; x_wconf 86' lang='lat' dir='ltr'>cibandis</span> <span class='ocrx_word' id='word_1_481' title='bbox 1738 3746 2030 3822; x_wconf 88' lang='lat' dir='ltr'>destinari,</span> <span class='ocrx_word' id='word_1_482' title='bbox 2076 3748 2211 3824; x_wconf 88' lang='lat' dir='ltr'>quia</span> <span class='ocrx_word' id='word_1_483' title='bbox 2239 3769 2314 3806; x_wconf 83' lang='lat' dir='ltr'>ex</span> <span class='ocrx_word' id='word_1_484' title='bbox 2343 3750 2539 3825; x_wconf 83' lang='lat' dir='ltr'>praeda</span> <span class='ocrx_word' id='word_1_485' title='bbox 2572 3753 2698 3828; x_wconf 85' lang='lat' dir='ltr'>jam</span> 
     </span>
     <span class='ocr_line' id='line_1_44' title="bbox 292 3826 2694 3904; baseline 0.001 -19"><span class='ocrx_word' id='word_1_486' title='bbox 292 3835 456 3885; x_wconf 89' lang='lat' dir='ltr'>erant</span> <span class='ocrx_word' id='word_1_487' title='bbox 478 3827 672 3900; x_wconf 89' lang='lat' dir='ltr'>saturi,</span> <span class='ocrx_word' id='word_1_488' title='bbox 704 3846 824 3886; x_wconf 85' lang='lat' dir='ltr'>ver.</span> <span class='ocrx_word' id='word_1_489' title='bbox 850 3833 947 3887; x_wconf 83' lang='lat'>24.</span> <span class='ocrx_word' id='word_1_490' title='bbox 1032 3828 1181 3902; x_wconf 90' lang='lat' dir='ltr'>Quia</span> <span class='ocrx_word' id='word_1_491' title='bbox 1206 3847 1322 3886; x_wconf 86' lang='lat' dir='ltr'>non</span> <span class='ocrx_word' id='word_1_492' title='bbox 1369 3827 1644 3903; x_wconf 88' lang='lat' dir='ltr'>sequitur,</span> <span class='ocrx_word' id='word_1_493' title='bbox 1669 3827 1795 3903; x_wconf 90' lang='lat' dir='ltr'>ipso</span> <span class='ocrx_word' id='word_1_494' title='bbox 1821 3826 2050 3885; x_wconf 87' lang='lat' dir='ltr'>Pererio</span> <span class='ocrx_word' id='word_1_495' title='bbox 2063 3827 2261 3902; x_wconf 89' lang='lat' dir='ltr'>judice</span> <span class='ocrx_word' id='word_1_496' title='bbox 2283 3828 2358 3885; x_wconf 90' lang='lat' dir='ltr'>ad</span> <span class='ocrx_word' id='word_1_497' title='bbox 2382 3830 2528 3887; x_wconf 90' lang='lat' dir='ltr'>Gen.</span> <span class='ocrx_word' id='word_1_498' title='bbox 2553 3832 2694 3904; x_wconf 65' lang='lat' dir='ltr'>xiv„</span> 
     </span>
     <span class='ocr_line' id='line_1_45' title="bbox 293 3905 2698 3983; baseline 0.002 -20"><span class='ocrx_word' id='word_1_499' title='bbox 293 3910 329 3940; x_wconf 91' lang='lat'><strong>“</strong></span> <span class='ocrx_word' id='word_1_500' title='bbox 356 3905 624 3978; x_wconf 88' lang='lat' dir='ltr'>Parum,’&#39;</span> <span class='ocrx_word' id='word_1_501' title='bbox 651 3906 837 3981; x_wconf 88' lang='lat' dir='ltr'>inquit</span> <span class='ocrx_word' id='word_1_502' title='bbox 864 3908 980 3981; x_wconf 88' lang='lat' dir='ltr'>ille,</span> <span class='ocrx_word' id='word_1_503' title='bbox 1015 3908 1132 3965; x_wconf 88' lang='lat' dir='ltr'>“in</span> <span class='ocrx_word' id='word_1_504' title='bbox 1161 3908 1269 3965; x_wconf 86' lang='lat' dir='ltr'>hac</span> <span class='ocrx_word' id='word_1_505' title='bbox 1298 3906 1687 3965; x_wconf 85' lang='lat' dir='ltr'>confutatione</span> <span class='ocrx_word' id='word_1_506' title='bbox 1734 3905 1966 3964; x_wconf 76' lang='lat' dir='ltr'>videtur</span> <span class='ocrx_word' id='word_1_507' title='bbox 2013 3925 2139 3963; x_wconf 86' lang='lat' dir='ltr'>esse</span> <span class='ocrx_word' id='word_1_508' title='bbox 2166 3906 2406 3980; x_wconf 89' lang='lat' dir='ltr'>roboris,</span> <span class='ocrx_word' id='word_1_509' title='bbox 2438 3909 2574 3983; x_wconf 88' lang='lat' dir='ltr'>quia</span> <span class='ocrx_word' id='word_1_510' title='bbox 2601 3910 2698 3967; x_wconf 83' lang='lat' dir='ltr'>vel</span> 
     </span>
     <span class='ocr_line' id='line_1_46' title="bbox 291 3983 2698 4061; baseline 0 -16"><span class='ocrx_word' id='word_1_511' title='bbox 291 3988 404 4045; x_wconf 86' lang='lat' dir='ltr'>hoc</span> <span class='ocrx_word' id='word_1_512' title='bbox 432 3984 679 4043; x_wconf 87' lang='lat' dir='ltr'>nescivit</span> <span class='ocrx_word' id='word_1_513' title='bbox 706 3985 1113 4061; x_wconf 88' lang='lat' dir='ltr'>Melchisedec,</span> <span class='ocrx_word' id='word_1_514' title='bbox 1147 3986 1241 4044; x_wconf 86' lang='lat' dir='ltr'>vel</span> <span class='ocrx_word' id='word_1_515' title='bbox 1264 3986 1313 4044; x_wconf 88' lang='lat' dir='ltr'>si</span> <span class='ocrx_word' id='word_1_516' title='bbox 1341 3985 1528 4059; x_wconf 83' lang='lat' dir='ltr'>scivit,</span> <span class='ocrx_word' id='word_1_517' title='bbox 1559 3985 1747 4043; x_wconf 85' lang='lat' dir='ltr'>voluit</span> <span class='ocrx_word' id='word_1_518' title='bbox 1773 3983 2146 4041; x_wconf 90' lang='lat' dir='ltr'>nihilominus</span> <span class='ocrx_word' id='word_1_519' title='bbox 2174 4004 2243 4042; x_wconf 92' lang='lat' dir='ltr'>eo</span> <span class='ocrx_word' id='word_1_520' title='bbox 2270 4004 2505 4044; x_wconf 89' lang='lat' dir='ltr'>munere</span> <span class='ocrx_word' id='word_1_521' title='bbox 2534 4006 2698 4045; x_wconf 89' lang='lat' dir='ltr'>suam</span> 
     </span>
     <span class='ocr_line' id='line_1_47' title="bbox 294 4062 2700 4142; baseline 0 -18"><span class='ocrx_word' id='word_1_522' title='bbox 294 4084 435 4142; x_wconf 90' lang='lat' dir='ltr'>erga</span> <span class='ocrx_word' id='word_1_523' title='bbox 464 4063 861 4121; x_wconf 88' lang='lat' dir='ltr'>Abrahamum</span> <span class='ocrx_word' id='word_1_524' title='bbox 909 4065 1388 4139; x_wconf 87' lang='lat' dir='ltr'>benevolentiam,</span> <span class='ocrx_word' id='word_1_525' title='bbox 1427 4072 1588 4123; x_wconf 87' lang='lat' dir='ltr'>etex</span> <span class='ocrx_word' id='word_1_526' title='bbox 1616 4062 1858 4121; x_wconf 86' lang='lat' dir='ltr'>victoria</span> <span class='ocrx_word' id='word_1_527' title='bbox 1905 4063 2029 4138; x_wconf 86' lang='lat' dir='ltr'>ejus</span> <span class='ocrx_word' id='word_1_528' title='bbox 2078 4063 2428 4139; x_wconf 88' lang='lat' dir='ltr'>singularem</span> <span class='ocrx_word' id='word_1_529' title='bbox 2482 4065 2700 4124; x_wconf 80' lang='lat' dir='ltr'>laetitiae</span> 
     </span>
     <span class='ocr_line' id='line_1_48' title="bbox 299 4140 2697 4220; baseline -0.001 -16"><span class='ocrx_word' id='word_1_530' title='bbox 299 4165 418 4204; x_wconf 79' lang='lat' dir='ltr'>suae</span> <span class='ocrx_word' id='word_1_531' title='bbox 446 4142 805 4218; x_wconf 84' lang='lat' dir='ltr'>voluptatem</span> <span class='ocrx_word' id='word_1_532' title='bbox 834 4143 1184 4202; x_wconf 88' lang='lat' dir='ltr'>declarare.’&#39;</span> <span class='ocrx_word' id='word_1_533' title='bbox 1273 4143 1444 4201; x_wconf 89' lang='lat' dir='ltr'>Adde</span> <span class='ocrx_word' id='word_1_534' title='bbox 1468 4143 1626 4219; x_wconf 91' lang='lat' dir='ltr'>quod</span> <span class='ocrx_word' id='word_1_535' title='bbox 1649 4141 1833 4219; x_wconf 88' lang='lat' dir='ltr'>spolia</span> <span class='ocrx_word' id='word_1_536' title='bbox 1871 4140 2063 4199; x_wconf 88' lang='lat' dir='ltr'>omnia</span> <span class='ocrx_word' id='word_1_537' title='bbox 2077 4160 2195 4198; x_wconf 89' lang='lat' dir='ltr'>non</span> <span class='ocrx_word' id='word_1_538' title='bbox 2224 4151 2359 4201; x_wconf 87' lang='lat' dir='ltr'>sunt</span> <span class='ocrx_word' id='word_1_539' title='bbox 2386 4144 2697 4220; x_wconf 76' lang='lat' dir='ltr'>esculenta,</span> 
     </span>
     <span class='ocr_line' id='line_1_49' title="bbox 298 4219 2698 4301; baseline -0 -18"><span class='ocrx_word' id='word_1_540' title='bbox 298 4244 427 4301; x_wconf 80' lang='lat' dir='ltr'>quae</span> <span class='ocrx_word' id='word_1_541' title='bbox 455 4221 730 4298; x_wconf 90' lang='lat' dir='ltr'>deglutiri</span> <span class='ocrx_word' id='word_1_542' title='bbox 756 4223 998 4300; x_wconf 89' lang='lat' dir='ltr'>possint.</span> <span class='ocrx_word' id='word_1_543' title='bbox 1082 4227 1137 4282; x_wconf 89' lang='lat'>3.</span> <span class='ocrx_word' id='word_1_544' title='bbox 1182 4222 1463 4300; x_wconf 89' lang='lat' dir='ltr'>Nuspiam</span> <span class='ocrx_word' id='word_1_545' title='bbox 1505 4222 1645 4280; x_wconf 84' lang='lat' dir='ltr'>alibi</span> <span class='ocrx_word' id='word_1_546' title='bbox 1685 4220 1809 4279; x_wconf 91' lang='lat' dir='ltr'>fieri</span> <span class='ocrx_word' id='word_1_547' title='bbox 1856 4219 2201 4278; x_wconf 89' lang='lat' dir='ltr'>mentionem</span> <span class='ocrx_word' id='word_1_548' title='bbox 2246 4222 2510 4280; x_wconf 83' lang='lat' dir='ltr'>sacrificii</span> <span class='ocrx_word' id='word_1_549' title='bbox 2548 4224 2698 4282; x_wconf 90' lang='lat' dir='ltr'>Mel·</span> 
     </span>
     <span class='ocr_line' id='line_1_50' title="bbox 299 4299 2700 4380; baseline 0 -18"><span class='ocrx_word' id='word_1_550' title='bbox 299 4301 607 4377; x_wconf 89' lang='lat' dir='ltr'>chisedeci,</span> <span class='ocrx_word' id='word_1_551' title='bbox 678 4304 917 4380; x_wconf 86' lang='lat' dir='ltr'>ejusque</span> <span class='ocrx_word' id='word_1_552' title='bbox 959 4303 1134 4362; x_wconf 88' lang='lat' dir='ltr'>ritum</span> <span class='ocrx_word' id='word_1_553' title='bbox 1175 4301 1423 4361; x_wconf 87' lang='lat' dir='ltr'>describi</span> <span class='ocrx_word' id='word_1_554' title='bbox 1464 4301 1578 4359; x_wconf 89' lang='lat' dir='ltr'>nisi</span> <span class='ocrx_word' id='word_1_555' title='bbox 1618 4300 1751 4374; x_wconf 82' lang='lat' dir='ltr'>hic3</span> <span class='ocrx_word' id='word_1_556' title='bbox 1814 4299 1972 4375; x_wconf 89' lang='lat' dir='ltr'>Ergo</span> <span class='ocrx_word' id='word_1_557' title='bbox 2026 4300 2205 4357; x_wconf 85' lang='lat' dir='ltr'>verba</span> <span class='ocrx_word' id='word_1_558' title='bbox 2246 4299 2359 4359; x_wconf 86' lang='lat' dir='ltr'>ista</span> <span class='ocrx_word' id='word_1_559' title='bbox 2397 4301 2543 4360; x_wconf 89' lang='lat' dir='ltr'>bene</span> <span class='ocrx_word' id='word_1_560' title='bbox 2586 4304 2700 4363; x_wconf 89' lang='lat' dir='ltr'>hue</span> 
     </span>
     <span class='ocr_line' id='line_1_51' title="bbox 298 4377 2698 4457; baseline 0 -16"><span class='ocrx_word' id='word_1_561' title='bbox 298 4383 466 4456; x_wconf 87' lang='lat' dir='ltr'>trahi,</span> <span class='ocrx_word' id='word_1_562' title='bbox 499 4382 590 4439; x_wconf 89' lang='lat' dir='ltr'>vel</span> <span class='ocrx_word' id='word_1_563' title='bbox 615 4382 665 4441; x_wconf 89' lang='lat' dir='ltr'>si</span> <span class='ocrx_word' id='word_1_564' title='bbox 692 4381 766 4440; x_wconf 92' lang='lat' dir='ltr'>ad</span> <span class='ocrx_word' id='word_1_565' title='bbox 787 4383 1119 4441; x_wconf 82' lang='lat' dir='ltr'>convivium</span> <span class='ocrx_word' id='word_1_566' title='bbox 1149 4381 1486 4454; x_wconf 88' lang='lat' dir='ltr'>referuntur,</span> <span class='ocrx_word' id='word_1_567' title='bbox 1518 4399 1645 4438; x_wconf 89' lang='lat' dir='ltr'>esse</span> <span class='ocrx_word' id='word_1_568' title='bbox 1673 4377 2004 4437; x_wconf 86' lang='lat' dir='ltr'>convivium</span> <span class='ocrx_word' id='word_1_569' title='bbox 2027 4398 2250 4437; x_wconf 86' lang='lat' dir='ltr'>sacrum</span> <span class='ocrx_word' id='word_1_570' title='bbox 2280 4389 2339 4438; x_wconf 88' lang='lat' dir='ltr'>et</span> <span class='ocrx_word' id='word_1_571' title='bbox 2364 4381 2698 4457; x_wconf 87' lang='lat' dir='ltr'>religiosum</span> 
     </span>
     <span class='ocr_line' id='line_1_52' title="bbox 300 4457 2703 4538; baseline 0.001 -19"><span class='ocrx_word' id='word_1_572' title='bbox 300 4461 375 4519; x_wconf 85' lang='lat' dir='ltr'>ad</span> <span class='ocrx_word' id='word_1_573' title='bbox 402 4460 755 4537; x_wconf 88' lang='lat' dir='ltr'>probandam</span> <span class='ocrx_word' id='word_1_574' title='bbox 785 4482 948 4521; x_wconf 88' lang='lat' dir='ltr'>suam</span> <span class='ocrx_word' id='word_1_575' title='bbox 975 4460 1435 4520; x_wconf 89' lang='lat' dir='ltr'>communionem</span> <span class='ocrx_word' id='word_1_576' title='bbox 1475 4459 1537 4516; x_wconf 93' lang='lat' dir='ltr'>in</span> <span class='ocrx_word' id='word_1_577' title='bbox 1564 4458 1689 4517; x_wconf 86' lang='lat' dir='ltr'>veri</span> <span class='ocrx_word' id='word_1_578' title='bbox 1719 4458 1832 4515; x_wconf 88' lang='lat' dir='ltr'>Dei</span> <span class='ocrx_word' id='word_1_579' title='bbox 1858 4457 2036 4531; x_wconf 90' lang='lat' dir='ltr'>cultu,</span> <span class='ocrx_word' id='word_1_580' title='bbox 2066 4466 2132 4516; x_wconf 90' lang='lat' dir='ltr'>ut</span> <span class='ocrx_word' id='word_1_581' title='bbox 2171 4459 2292 4516; x_wconf 89' lang='lat' dir='ltr'>fieri</span> <span class='ocrx_word' id='word_1_582' title='bbox 2323 4459 2545 4520; x_wconf 90' lang='lat' dir='ltr'>solebat</span> <span class='ocrx_word' id='word_1_583' title='bbox 2571 4472 2703 4538; x_wconf 88' lang='lat' dir='ltr'>post</span> 
     </span>
     <span class='ocr_line' id='line_1_53' title="bbox 303 4536 2705 4614; baseline 0.001 -16"><span class='ocrx_word' id='word_1_584' title='bbox 303 4538 598 4598; x_wconf 86' lang='lat' dir='ltr'>sacrificia.</span> <span class='ocrx_word' id='word_1_585' title='bbox 684 4540 801 4599; x_wconf 89' lang='lat' dir='ltr'>Sed</span> <span class='ocrx_word' id='word_1_586' title='bbox 841 4561 959 4599; x_wconf 92' lang='lat' dir='ltr'>non</span> <span class='ocrx_word' id='word_1_587' title='bbox 984 4560 1219 4599; x_wconf 86' lang='lat' dir='ltr'>necesse</span> <span class='ocrx_word' id='word_1_588' title='bbox 1249 4539 1358 4598; x_wconf 91' lang='lat' dir='ltr'>fuit</span> <span class='ocrx_word' id='word_1_589' title='bbox 1384 4539 1612 4597; x_wconf 86' lang='lat' dir='ltr'>Mosem</span> <span class='ocrx_word' id='word_1_590' title='bbox 1640 4557 1812 4614; x_wconf 88' lang='lat' dir='ltr'>agere</span> <span class='ocrx_word' id='word_1_591' title='bbox 1853 4536 1926 4595; x_wconf 89' lang='lat' dir='ltr'>de</span> <span class='ocrx_word' id='word_1_592' title='bbox 1972 4536 2263 4596; x_wconf 85' lang='lat' dir='ltr'>Sacrificio</span> <span class='ocrx_word' id='word_1_593' title='bbox 2293 4538 2705 4600; x_wconf 87' lang='lat' dir='ltr'>Melchisedeci</span> 
     </span>
    </p>
   </div>
   <div class='ocr_carea' id='block_1_4' title="bbox 302 4616 2705 4698">
    <p class='ocr_par' dir='ltr' id='par_1_4' title="bbox 302 4616 2705 4698">
     <span class='ocr_line' id='line_1_54' title="bbox 302 4616 2705 4698; baseline 0.002 -22"><span class='ocrx_word' id='word_1_594' title='bbox 302 4617 507 4695; x_wconf 82' lang='lat' dir='ltr'>magis,</span> <span class='ocrx_word' id='word_1_595' title='bbox 536 4638 709 4695; x_wconf 86' lang='lat' dir='ltr'>quam</span> <span class='ocrx_word' id='word_1_596' title='bbox 737 4620 810 4679; x_wconf 87' lang='lat' dir='ltr'>de</span> <span class='ocrx_word' id='word_1_597' title='bbox 838 4621 966 4698; x_wconf 86' lang='lat' dir='ltr'>ejus</span> <span class='ocrx_word' id='word_1_598' title='bbox 992 4618 1337 4697; x_wconf 88' lang='lat' dir='ltr'>genealogia</span> <span class='ocrx_word' id='word_1_599' title='bbox 1360 4626 1420 4679; x_wconf 89' lang='lat' dir='ltr'>et</span> <span class='ocrx_word' id='word_1_600' title='bbox 1466 4616 1818 4696; x_wconf 86' lang='lat' dir='ltr'>parentibus.</span> <span class='ocrx_word' id='word_1_601' title='bbox 1903 4616 2071 4691; x_wconf 87' lang='lat' dir='ltr'>Nam,</span> <span class='ocrx_word' id='word_1_602' title='bbox 2120 4625 2498 4694; x_wconf 79' lang='lat' dir='ltr'>praeterquam</span> <span class='ocrx_word' id='word_1_603' title='bbox 2547 4620 2705 4698; x_wconf 88' lang='lat' dir='ltr'>quod</span> 
     </span>
    </p>
   </div>
  </div>
 </body>
</html>
