3221 5200
602 247 732 309 592
1445 266 1632 306 Locus
1663 265 1927 306 nrcmus
1959 265 2198 305 sextus.
2654 246 2974 326 [QL’AEST.
3007 265 3114 306 vn.

610 409 1032 467 strumentaliS.
1122 409 1171 465 l.
1219 409 1379 476 Quia
1407 408 1681 482 proprius
1708 410 1832 479 ejus
1861 415 2028 464 actus
2058 406 2326 464 consistit
2345 405 2407 461 in
2435 405 2794 479 receptione
2823 407 3110 475 Christi,

609 496 670 544 et
713 489 844 560 ejus
885 488 1157 562 justitiae,
1200 495 1268 544 ut
1317 505 1498 561 supra
1545 485 1788 542 dictum.
1873 487 1926 543 2.
1978 485 2138 551 Quia
2183 503 2302 539 non
2334 485 2454 541 alio
2498 486 2689 540 modo
2739 484 3106 557 justificat,

609 584 791 638 quam
835 585 956 640 quo
985 567 1177 622 tendit
1215 566 1272 620 in
1317 573 1565 622 mortem
1596 571 1656 619 et
1685 563 2080 620 obedientiam
2113 562 2345 631 Christi,
2376 562 2669 617 nimirum
2716 566 3104 636 apprehen·

609 645 809 700 dendo
864 651 923 700 et
971 644 1081 700 sibi
1137 645 1490 718 applicando
1540 642 1859 710 Christum,
1905 649 1973 697 ut
2014 654 2278 714 canum-30»
2324 659 2433 714 pro
2475 640 2656 695 nobis
2709 641 2992 710 datum,
3037 657 3094 698 et

607 730 802 790 ἱλασμὸν
829 742 937 797 pro
968 722 1235 797 peccatiS,
1270 722 1298 777 1
1331 720 1474 776 Joh.
1506 720 1563 776 ii.
1609 721 1664 776 2.
1748 720 1802 776 3.
1838 720 1998 786 Quia
2037 722 2183 777 fides
2222 720 2280 775 in
2329 717 2642 792 Scriptura
2682 719 3098 776 describitur

604 818 712 873 per
740 801 1256 869 mavzducafioncm,
1283 799 1567 867 intuitum,
1599 805 1659 855 et
1687 810 2025 867 contactum„
2057 818 2190 872 quae
2220 797 2634 854 causalitatem
2664 803 2956 853 tantum
3003 799 3093 853 in-

609 881 1059 935 strumentalem
1089 880 1328 945 hahent,
1359 894 1477 932 non
1508 876 1809 949 propriam
1832 878 2221 945 efficientiam,
2245 883 2314 931 ut
2342 893 2460 930 non
2493 874 2762 931 sanabat
2795 876 3086 932 intuitus

607 958 895 1030 serpentis
924 965 1027 1030 per
1055 975 1134 1024 se,
1165 957 1266 1010 sed
1295 955 1478 1010 relate
1508 956 1583 1010 ad
1614 963 1945 1028 serpentem
1986 973 2238 1024 aeneum,
2268 972 2376 1008 nec
2417 953 2833 1008 manducatio
2869 955 3084 1010 nutrit

606 1034 720 1090 nisi
748 1054 853 1108 per
880 1036 1077 1090 cibum
1109 1033 1200 1089 ori
1228 1034 1543 1106 ingestum.
1627 1033 1683 1088 4.
1732 1033 1892 1100 Quia
1919 1051 2038 1088 non
2073 1033 2248 1088 aliter
2285 1033 2431 1086 fides
2464 1029 2830 1103 justificans
2865 1050 2941 1087 se
2975 1035 3081 1088 ha-

600 1112 703 1167 bet
749 1115 826 1168 ad
860 1111 1365 1185 justificationem,
1410 1129 1590 1183 quam
1632 1111 1778 1167 fides
1819 1111 2248 1167 miraculorum
2288 1110 2364 1164 ad
2407 1108 2832 1182 patrationem
2890 1112 3079 1166 mira-

603 1190 897 1258 culorum,
926 1207 1046 1244 non
1076 1190 1341 1245 effective
1371 1190 1473 1244 sed
1504 1189 1799 1261 organice,
1830 1188 2327 1263 apprehendendo
2357 1185 2836 1261 promissionem
2873 1190 3073 1262 speci·

600 1266 756 1321 alem
785 1268 859 1322 de
888 1267 1004 1322 illis
1032 1268 1251 1324 datam.

683 1342 865 1400 XIX.
890 1344 951 1400 N
957 1362 1032 1400 on
1064 1345 1187 1400 sine
1217 1345 1446 1402 ratione
1487 1353 1689 1402 autem
1715 1346 1876 1403 fideli
1920 1348 2034 1403 hoc
2075 1366 2195 1420 prae
2239 1343 2461 1401 caeteris
2509 1343 2862 1413 tribuitur;
2917 1346 3066 1420 quia

601 1422 729 1479 sola
757 1440 830 1477 ex
860 1422 1136 1478 omnibus
1163 1423 1484 1479 virtutibus
1533 1429 1726 1496 potest
1755 1426 2068 1482 subsistere
2098 1444 2232 1481 cum
2263 1422 2474 1496 gratia,
2505 1427 2724 1495 utpote
2761 1443 2919 1497 quae
2952 1425 3064 1480 sita

605 1507 694 1556 est
721 1499 782 1554 in
811 1518 976 1556 mera
1023 1501 1356 1574 receptione
1398 1508 1457 1556 et
1500 1503 1965 1574 apprehensione
2009 1503 2220 1576 objecti
2266 1507 2432 1557 extra
2475 1517 2535 1555 se
2579 1500 2813 1572 positi;
2869 1501 3058 1558 Unde

597 1577 815 1634 dicitur
841 1597 967 1634 esse
998 1599 1061 1634 cx
1076 1581 1218 1655 fi‘le,
1249 1590 1315 1634 ut
1341 1580 1415 1635 sit
1429 1599 1541 1653 per
1560 1582 1831 1654 qratiam,
1864 1580 2039 1637 Rom.
2069 1581 2146 1636 iv.
2186 1581 2276 1648 16,
2307 1578 2447 1634 nim.
2481 1584 2549 1632 ut
2595 1579 2800 1635 homo
2850 1587 3056 1637 totum

598 1658 713 1714 hoc
740 1656 1090 1713 beneficium
1121 1658 1250 1715 Deo
1280 1665 1585 1731 acceptum
1629 1660 1860 1728 referat,
1906 1660 2138 1715 nullam
2167 1665 2370 1715 autem
2417 1655 2478 1709 in
2507 1673 2568 1710 se
2596 1656 2934 1728 gloriandi
2968 1678 3056 1715 ra·

596 1735 822 1792 tionem
850 1736 1084 1791 habeat.
1170 1735 1333 1792 Nam
1362 1735 1407 1792 si
1436 1756 1541 1810 per
1569 1755 1753 1810 opera
1780 1738 1876 1792 vel
1915 1737 2207 1810 justitiam
2237 1735 2625 1790 inhaerentem
2660 1733 3060 1806 justificare·

597 1821 715 1882 tur,
745 1813 1048 1868 videretur
1073 1814 1291 1870 habere
1319 1814 1379 1869 in
1412 1833 1533 1888 quo
1555 1815 1928 1887 gloriaretur,
1954 1816 2055 1870 scd
2085 1832 2273 1887 quum
2301 1830 2405 1886 per
2430 1811 2604 1866 fidem
2628 1810 3051 1884 justificatur,

596 1910 731 1965 quae
761 1890 911 1947 nihil
941 1893 1045 1947 dat
1075 1892 1223 1961 De0,
1252 1893 1352 1947 scd
1386 1900 1620 1948 tantum
1650 1892 1871 1966 recipit,
1904 1893 2095 1947 omnis
2125 1890 2461 1948 excluditur
2487 1888 2802 1961 gloriatio.
2852 1892 3050 1959 Quod

525 1999 536 2010 ·
596 1968 843 2025 Toletus
871 1970 933 2024 in
963 1968 1017 2037 3,
1050 1969 1221 2025 Rom.
1257 1969 1421 2025 Ann.
1453 1971 1614 2038 xvii„
1646 1989 1766 2026 non
1797 1972 1952 2026 male
1981 1970 2256 2044 explicat,
2286 1969 2433 2023 dum
2475 1966 2778 2023 rationem
2812 1971 3044 2040 reddit,

594 2063 777 2120 quare
813 2047 1116 2121 Scriptura
1137 2048 1245 2103 soli
1268 2048 1403 2103 fidei
1427 2048 1912 2120 justificationem
1944 2049 2192 2105 tribuat:
2225 2054 2258 2079 ‘⁴
2286 2045 2444 2111 Quia
2471 2047 2749 2117 nempe‚'’
2808 2047 3043 2123 inquit,

593 2131 629 2157 ‘·
653 2124 714 2179 in
744 2123 859 2181 fide
904 2125 1095 2198 magis
1125 2125 1555 2194 manifestatur,
1607 2126 1937 2182 Hominem
1965 2145 2084 2181 non
2114 2125 2355 2199 propria
2395 2123 2614 2179 virtute
2643 2125 2750 2179 sed
2804 2125 3045 2184 Christi

589 2202 801 2259 merito
821 2202 1154 2275 justificari.
1240 2203 1407 2260 Sicut
1435 2204 1595 2259 enim
1637 2204 1698 2259 in
1728 2211 1966 2277 aspectu
1997 2204 2055 2259 in
2082 2209 2411 2278 serpentem
2441 2201 2606 2258 Deus
2628 2204 2844 2274 posuit
2875 2206 3044 2262 sani-

588 2287 772 2337 tatem
809 2280 871 2336 in
915 2282 1163 2350 deserto,
1195 2281 1338 2355 quia
1375 2290 1647 2355 aspectus
1688 2282 1878 2354 magis
1920 2282 2236 2349 indicabat,
2267 2279 2462 2336 sanari
2491 2278 2768 2336 homines
2803 2282 3044 2341 virtute

589 2359 891 2432 serpentiS‚
922 2377 1045 2414 non
1075 2359 1267 2433 operis
1309 2360 1565 2433 alicujus
1607 2361 1829 2435 proprii
1878 2367 1985 2416 aut
2028 2360 2333 2416 medicinae
2378 2356 2632 2429 alicujus
2655 2376 2670 2425 ;
2719 2356 2832 2414 Ita
2882 2362 3042 2420 fides

588 2436 846 2493 ostendit
864 2437 1173 2510 justificari
1202 2445 1535 2511 peccatores
1565 2440 1786 2495 virtute
1815 2445 1874 2494 et
1901 2438 2112 2494 merito
2145 2435 2379 2503 Christi,
2411 2434 2470 2490 in
2501 2452 2680 2508 quem
2710 2439 3042 2498 credentes

587 2513 737 2571 salvi
766 2514 933 2582 fiunt,
966 2533 1084 2571 non
1107 2515 1348 2589 propria
1375 2515 1579 2589 aliqua
1608 2517 1873 2590 ipsorum
1902 2515 2121 2571 virtute
2155 2522 2214 2571 et
2254 2512 2483 2570 merito,
2570 2510 2649 2567 Et
2677 2532 2874 2572 causa
2919 2525 3032 2586 est,

586 2610 693 2649 cur
720 2591 857 2647 fidei
886 2592 1183 2649 tribuatur
1202 2592 1550 2666 justificatio
1579 2594 1838 2651 maxime
1861 2612 1897 2650 a
1927 2591 2136 2665 Paulo,
2167 2593 2271 2667 qui
2299 2611 2336 2649 a
2354 2589 2805 2665 justificatione,
2841 2594 3033 2670 Legis

592 2686 789 2741 opera,
820 2674 879 2722 ct
907 2670 1238 2725 humanum
1269 2671 1545 2726 meritum
1588 2679 1695 2727 aut
1723 2672 2038 2728 efficaciam
2080 2673 2413 2738 excludere,
2444 2678 2504 2727 et
2533 2674 2593 2726 in
2624 2670 2758 2725 sola
2793 2671 3028 2731 Christi

591 2746 811 2800 virtute
839 2753 898 2799 et
924 2747 1135 2801 merito
1164 2748 1454 2802 collocare
1485 2748 1822 2817 nitebatur3
1870 2749 2100 2806 Idcirco
2129 2748 2397 2805 meminit
2427 2747 2560 2804 fidei
2590 2747 2647 2801 in
2674 2747 3024 2821 Christum

589 2821 726 2879 Hoc
754 2839 860 2876 nec
891 2819 1260 2891 Poenitentia‚
1291 2842 1398 2878 nec
1422 2823 1695 2895 Dilectio,
1726 2843 1834 2880 nec
1863 2826 2008 2899 Spes
2049 2828 2285 2894 habent,
2317 2826 2495 2882 Fides
2533 2824 2691 2883 enim
2734 2826 3023 2886 immedi-

585 2900 743 2958 atius
772 2906 830 2955 et
859 2899 1193 2957 distinctius
1223 2900 1281 2955 in
1306 2919 1436 2957 eam
1465 2901 1673 2973 fertur,
1703 2904 1875 2976 cujus
1905 2904 2123 2962 virtute
2143 2905 2561 2979 justificamur,
2593 2901 2741 2960 (ἐσθ’

670 2978 812 3036 XX.
860 2978 1028 3035 Licet
1058 2979 1440 3037 Sacramenta
1480 2981 1602 3038 sint
1644 2983 1841 3038 media
1869 2990 1928 3039 et
1956 2982 2348 3039 instrumenta
2376 2990 2620 3038 externa
2641 3000 2678 3037 a
2700 2992 2873 3055 parte
2897 2985 3018 3045 Dei

587 3057 947 3133 applicantia
974 3058 1423 3132 promissionem
1451 3060 1658 3133 gratiae
1690 3066 1749 3115 et
1768 3059 2213 3132 justificationis
2238 3082 2251 3129 ;
2297 3061 2432 3117 Hoc
2461 3078 2579 3116 non
2611 3060 2825 3130 obstat,
2858 3082 3017 3136 quo-

582 3137 782 3193 minus
828 3136 969 3192 fides
1012 3137 1159 3193 bene
1207 3137 1441 3193 dicatur
1488 3139 1954 3195 instrumentum
1999 3145 2059 3195 et
2100 3140 2365 3194 medium
2414 3139 2712 3194 internum
2756 3157 2794 3193 a
2837 3151 3012 3212 parte

582 3213 840 3271 hominis
868 3216 944 3270 ad
982 3215 1095 3271 hoc
1136 3215 1484 3273 beneficium
1517 3216 1720 3274 Verbo
1763 3217 2051 3287 oblatum,
2094 3223 2153 3272 et
2195 3216 2591 3274 Sacramentis
2620 3215 3010 3290 obsignatum

583 3292 1006 3364 recipiendum.

666 3369 848 3425 XXI.
897 3371 1077 3435 Quod
1098 3371 1388 3444 justificat
1418 3382 1484 3431 ut
1506 3374 1994 3443 instrumentum,
2036 3393 2156 3430 non
2182 3375 2472 3449 justificat
2500 3373 2700 3429 statim
2731 3380 2799 3429 ut
2827 3393 3000 3448 opus,

587 3447 860 3518 quamvis
889 3447 1347 3506 instrumentum
1378 3452 1531 3507 illud
1573 3453 1649 3507 sit
1676 3470 1844 3526 opus.
1931 3453 2092 3521 Quia
2119 3454 2284 3509 aliud
2327 3461 2414 3511 est
2454 3469 2577 3507 esse
2620 3469 2784 3523 opus,
2829 3452 3000 3511 aliud

578 3521 905 3594 justificare
935 3530 1003 3577 ut
1031 3542 1181 3596 opus
1208 3547 1220 3593 ;
1269 3526 1449 3592 Quod
1483 3529 1773 3601 justificat
1814 3538 1884 3587 ut
1911 3550 2077 3605 opuS,
2101 3532 2278 3586 debet
2315 3548 2438 3586 esse
2467 3546 2645 3585 eausa
2691 3530 2996 3589 meritoria

579 3598 1038 3672 justificationiS,
1069 3602 1170 3655 sed
1199 3606 1361 3674 quod
1394 3604 1684 3676 justificat
1713 3616 1780 3664 ut
1821 3608 2301 3677 instrumentum,
2331 3625 2449 3663 non
2489 3605 2776 3679 justificat
2823 3610 2994 3665 meri-

582 3676 750 3749 torie,
781 3678 884 3734 sed
912 3684 1147 3733 tantum
1175 3682 1599 3753 apprehensive
1627 3691 1688 3740 et
1727 3686 2034 3759 receptive,
2066 3704 2185 3741 non
2235 3687 2456 3753 dando,
2487 3685 2590 3739 sed
2635 3684 2987 3757 accipiendo.

587 3756 768 3814 Actio
797 3774 938 3830 ergo
966 3755 1104 3812 fidei
1134 3774 1243 3816 nos
1262 3758 1567 3831 justificat,
1599 3763 1701 3817 sed
1731 3780 1847 3817 non
1895 3782 2017 3838 qua
2044 3764 2198 3820 actio
2240 3762 2600 3837 simpliciter,
2630 3762 2801 3835 quasi
2842 3773 2991 3820 esset

580 3843 784 3893 nostra
826 3835 1064 3909 justitia
1104 3853 1303 3892 coram
1368 3838 1519 3909 Dee,
1563 3840 1664 3896 sed
1707 3840 1891 3897 relate
1946 3843 2021 3897 ad
2078 3842 2395 3914 objectum,
2440 3849 2735 3914 quatenus
2789 3841 2988 3915 recipit

583 3913 900 3972 Christum.
988 3913 1078 3971 Ut
1104 3915 1369 3972 extensio
1398 3936 1612 3974 manus
1651 3918 1906 3974 mendici
1949 3927 2036 3975 est
2065 3921 2308 3994 quidem
2350 3927 2516 3975 actus
2544 3918 2798 3973 mendici
2825 3936 2861 3974 a
2897 3921 2985 3975 di-

578 3992 700 4048 vite
728 3991 1120 4065 praescriptuS,
1151 4011 1272 4049 non
1290 4001 1489 4051 tamen
1513 4013 1634 4069 qua
1674 4003 1841 4052 actus
1863 3998 2204 4053 mendicum
2240 3997 2408 4067 ditat,
2434 3997 2539 4051 sed
2562 4003 2853 4068 quatenus
2873 3997 2982 4054 hoc

583 4071 764 4125 modo
794 4070 1022 4124 donum
1049 4069 1247 4127 divitis
1275 4073 1383 4128 sibi
1413 4073 1690 4148 applicat,
1720 4081 1779 4129 et
1806 4092 1979 4130 suum
2009 4075 2166 4130 facit.

662 4145 884 4203 XXII.
932 4146 1223 4214 Quamvis
1263 4151 1408 4207 fides
1446 4153 1679 4208 dicatur
1727 4172 1867 4226 opus
1911 4150 2045 4221 Dei,
2089 4152 2230 4210 Joh.
2278 4154 2355 4210 vi.
2401 4152 2495 4221 29,
2540 4151 2684 4209 Non
2726 4153 2985 4227 sequitur

574 4224 901 4297 justificare
932 4232 998 4279 ut
1027 4243 1194 4297 opus.
1280 4229 1441 4294 Quia
1467 4230 1605 4285 licet
1633 4247 1670 4286 a
1698 4229 1826 4286 Deo
1855 4231 2250 4304 praecipiatur,
2280 4240 2341 4286 et
2367 4233 2481 4287 hoc
2503 4248 2676 4286 sensu
2706 4248 2853 4304 opus
2875 4231 2984 4290 Dei

581 4301 832 4371 dicatur,
862 4309 922 4357 et
948 4302 1023 4357 ab
1051 4303 1290 4361 homine
1319 4307 1604 4363 debeatur
1632 4309 1708 4363 ad
1751 4309 2226 4381 consequendam
2258 4308 2443 4366 vitam
2470 4331 2483 4367 ε
2526 4307 2588 4365 N
2593 4326 2671 4364 on
2714 4307 2847 4364 ideo
2885 4311 2983 4367 de-

580 4379 758 4436 betur
786 4386 855 4435 ut
884 4397 1062 4435 causa
1099 4383 1401 4440 meritoria
1429 4383 1598 4441 istius
1627 4385 1781 4456 vitae,
1812 4387 1913 4442 sed
1943 4392 2178 4441 tantum
2207 4393 2276 4442 ut
2315 4387 2583 4443 medium
2607 4393 2667 4442 et
2695 4404 2980 4459 organum

577 4457 939 4530 receptivum
973 4456 1222 4529 justitiae
1256 4460 1489 4529 Christi,
1520 4481 1655 4536 quae
1685 4483 1826 4521 vera
1865 4481 2044 4520 causa
2080 4472 2168 4520 est
2195 4464 2351 4521 vitae.
2438 4466 2518 4522 Et
2540 4465 2623 4520 ita
2662 4470 2907 4522 vocatur
2942 4485 2982 4525 a

577 4531 809 4592 Christo
836 4545 1112 4606 μιμητικῶς,
1143 4546 1202 4595 et
1222 4557 1326 4614 per
1354 4539 1710 4598 allusionem
1739 4544 1816 4600 ad
1846 4559 2081 4600 sensum
2111 4541 2153 4599 J
2160 4543 2488 4614 udaeorum,
2519 4542 2623 4616 qui
2665 4559 2769 4615 per
2806 4561 2982 4618 opera
