3221 5200
486 336 603 393 232
1431 358 1615 401 Locus
1658 359 2056 402 nuum-:emus
2504 340 2761 420 [Quffls'r.
2793 360 2899 400 xn.

488 503 710 577 egum-13
754 501 811 557 4.
855 498 1047 576 quoad
1094 501 1374 578 oln'ectum,
1434 499 1602 560 Illius
1641 500 1750 560 fuit
1791 502 1965 560 homo
2018 510 2255 580 peccato
2320 502 2670 580 consopitus,
2725 500 2906 560 Istius

492 578 844 636 conscientia
864 588 1100 656 peccato
1128 580 1354 658 territa;
1399 583 1455 640 5.
1484 581 1677 658 quoad
1705 583 1914 658 effecta,
1942 582 2099 642 Illud
2121 583 2435 661 generabat
2455 582 2531 641 ad
2549 582 2903 655 servitutem,

494 655 629 715 Hoe
656 655 733 715 ad
774 657 1115 735 libertatem,
1147 659 1308 719 Illud
1354 660 1604 720 ducebat
1658 662 1734 719 ad
1778 662 2069 721 Christum
2124 662 2421 738 indirecte,
2480 663 2612 721 Hoc
2666 660 2901 720 directe.

490 736 651 796 Illud
676 747 800 797 erat
826 743 1099 820 συγγςιφὸ
1126 740 1407 800 adversus
1434 761 1557 816 nos,
1584 740 1717 800 Hoc
1757 742 2058 819 συνέχουσι,
2103 743 2261 803 Illud
2303 764 2338 802 a
2378 751 2616 820 peccato
2658 741 2907 817 cohibet,

491 817 596 875 sed
643 837 775 876 cum
824 821 1136 896 coactione,
1189 821 1322 879 Hoe
1365 841 1504 880 vero
1549 841 1681 881 cum
1726 833 2043 901 spontanea
2079 822 2468 883 inclinatione.
2499 822 2638 882 vid.
2683 822 2904 881 Camer.

492 896 666 957 Thes.
696 897 769 957 de
787 899 1025 977 Triplici
1056 900 1317 961 Foedere.

491 1020 749 1070 Sententia
767 1039 974 1069 commu·
1096 981 1172 1041 V.
1218 982 1340 1040 Nos
1357 1001 1497 1041 vero
1518 982 1636 1042 duo
1657 991 1880 1044 tantum
1907 984 2125 1044 foedera
2152 985 2341 1063 specie
2370 983 2520 1044 inter
2546 1002 2608 1043 se
2636 981 2910 1042 distincta

548 1082 627 1127 nis
691 1081 979 1128 orthodoxo·
1020 1061 1405 1138 agnoscimus,
1428 1064 1637 1122 Foedus
1659 1064 1879 1124 scilicet
1905 1067 2171 1142 Operum,
2195 1064 2350 1143 quod
2364 1065 2545 1124 vitam
2566 1062 2909 1124 facientibus

549 1142 760 1245 fflegg
784 1140 978 1199 Duplici
1041 1142 1316 1234 'romittit,
1340 1149 1399 1280 {lt
1425 1144 1635 1202 Foedus
1667 1144 1902 1237 qraliae,
1933 1144 2091 1222 quod
2117 1146 2359 1204 salutem
2385 1143 2757 1240 credentibus
2783 1143 2908 1280 poli

486 1298 723 1357 modum
744 1225 2073 1382 dispensatigffigldiversbgfffigzzbfztsrffidd,
2096 1225 2290 1383 {fflgd
2311 1225 2691 1364 εῗὶιέαῑὲξίἳίῗιῒ]
2712 1243 2905 1362 ἕαῖιῖἓιι

490 1386 550 1438 et
577 1378 826 1457 speciem
848 1381 1080 1440 tertium
1110 1381 1297 1441 foedus
1325 1383 1693 1443 constituisse
1730 1404 2028 1461 negamus,
2059 1385 2318 1463 nihilque
2360 1384 2519 1443 aliud
2560 1384 2737 1442 fuisse
2777 1403 2907 1461 per-

488 1458 796 1535 tendimus,
826 1480 1000 1538 quam
1026 1481 1240 1521 novam
1266 1462 1501 1523 foederis
1518 1464 1719 1541 gratiae
1742 1466 2136 1540 oeconomiam,
2166 1475 2232 1524 ut
2260 1465 2412 1524 idem
2440 1465 2518 1524 sit
2558 1464 2748 1541 reipsa
2772 1483 2906 1522 cum

490 1537 704 1598 foedere
733 1559 865 1599 cum
895 1540 1229 1601 Abrahamo
1248 1542 1412 1620 inito,
1438 1543 1541 1604 sed
1562 1544 1858 1603 diversum
1886 1544 2079 1622 quoad
2099 1545 2421 1604 accidentia
2447 1553 2507 1604 et
2532 1544 2905 1603 circumstan-

486 1619 617 1697 tias,
642 1619 917 1702 vestitum
935 1621 1155 1682 scilicet
1172 1622 1363 1700 quoad
1384 1631 1683 1683 externam
1704 1624 2191 1703 dispensationem
2207 1624 2390 1684 forma
2406 1623 2636 1683 foederis
2648 1643 2902 1701 operum,

488 1720 593 1778 per
609 1699 811 1760 duram
836 1701 1013 1779 Legis
1041 1702 1266 1781 promul
1345 1703 1578 1779 tionem,
1603 1724 1719 1763 non
1749 1704 1983 1782 quidem
2024 1704 2086 1763 in
2114 1725 2243 1765 eum
2287 1705 2478 1780 finem,
2507 1712 2575 1763 ut
2614 1724 2744 1764 cum
2773 1723 2908 1781 pec-

489 1788 683 1841 catore
731 1781 920 1842 foedus
966 1782 1217 1860 Operum
1307 1804 1457 1843 enuo
1504 1784 1873 1862 exigeretur3
1917 1785 2028 1845 hoc
2058 1786 2212 1844 enim
2238 1784 2595 1863 impossibile
2623 1783 2769 1859 fuit3
2801 1783 2905 1843 sed

486 1871 553 1922 ut
597 1860 830 1921 foederis
878 1882 1116 1940 operum
1172 1863 1375 1924 violati
1429 1864 1767 1940 recordatio,
1827 1873 1886 1925 et
1940 1866 2278 1942 quotidiana
2326 1865 2694 1941 exprobratio
2722 1863 2903 1940 fieret,

487 1941 747 2019 adeoque
777 1942 1058 2002 Israelitae
1086 1951 1384 2022 peccatum
1413 1964 1581 2003 suum
1610 1953 1670 2005 et
1697 1945 2158 2005 maledictionem
2189 1945 2302 2005 Dei
2330 1945 2441 2004 sibi
2457 1945 2772 2022 *propterea
2797 1942 2903 2001 im-

487 2022 799 2082 minentem
828 2023 1126 2099 sentirent,
1158 2031 1217 2083 et
1246 2023 1480 2101 Legalis
1494 2024 1739 2101 justitiae
1767 2025 2286 2103 impossibilitatem
2316 2032 2714 2103 agnoscerent,
2745 2033 2805 2082 et
2831 2023 2906 2081 ab

484 2103 598 2163 ista
641 2123 743 2185 spe
789 2101 1034 2182 depulsi,
1068 2111 1230 2164 tanto
1278 2104 1573 2164 ardentius
1620 2104 2056 2183 Redemptionis
2098 2106 2386 2183 justitiam
2431 2104 2671 2179 sitirent,
2716 2113 2775 2162 et
2827 2102 2905 2161 ad

488 2182 780 2244 Christum
800 2184 1338 2250 manuducerentur.
1424 2184 1595 2245 Unde
1637 2186 1699 2243 in
1739 2205 1809 2244 eo
1850 2186 2103 2245 mixtura
2143 2185 2253 2245 fuit
2283 2185 2459 2263 Legis
2487 2193 2546 2243 et
2575 2182 2903 2260 Evangelii,

484 2263 598 2322 Illa
624 2273 690 2323 ut
716 2273 987 2330 terrorem
1018 2265 1300 2328 incuteret
1326 2265 1726 2344 peccatoribus
1754 2274 1812 2324 et
1853 2265 2056 2325 duram
2083 2264 2281 2343 populi
2311 2265 2755 2345 σχληςοτςιγιίλου
2781 2283 2904 2322 cer-

484 2343 671 2404 vicem
720 2355 1019 2422 premeret,
1072 2345 1242 2407 Istud
1269 2353 1335 2408 ut
1363 2346 1744 2410 conscientias
1772 2347 2048 2407 contritas
2095 2354 2155 2406 et
2182 2345 2402 2424 peccati
2431 2364 2603 2404 sensu
2631 2343 2909 2404 attonitas

485 2425 734 2504 erigeret
750 2434 809 2485 et
836 2425 1135 2485 solaretur.

1092 2505 1202 2566 VI.
1248 2507 1380 2566 Non
1436 2508 1740 2585 Quaeritur,
1789 2509 1888 2567 An
1938 2509 2169 2569 diversa
2211 2507 2384 2567 fuerit
2411 2525 2587 2565 causa
2614 2503 2817 2563 salutis
2845 2503 2907 2561 in

547 2569 908 2674 ssfffflgissm·
1012 2585 1214 2646 Veteri
1241 2596 1301 2646 et
1330 2588 1499 2647 Novo
1541 2589 1930 2665 Testamento,
1962 2589 2212 2660 fatentur
2239 2587 2391 2647 enim
2421 2586 2508 2645 illi
2535 2606 2666 2645 cum
2693 2584 2907 2662 quibus

1013 2686 1166 2727 nunc
1210 2666 1452 2744 agimus
1483 2668 1726 2727 eandem
1767 2669 1945 2728 fuisse
1973 2670 2297 2746 utrobique,
2344 2675 2405 2727 et
2439 2687 2558 2726 non
2598 2666 2766 2725 aliter
2795 2665 2904 2723 Pa-

488 2760 607 2809 tres
634 2753 895 2807 servatos
923 2766 1068 2821 esse,
1098 2765 1272 2823 quam
1300 2766 1403 2823 per
1431 2748 1741 2808 Christum.
1786 2748 1918 2807 Non
1947 2750 2220 2825 quaeritur
2247 2748 2438 2823 etiam,
2470 2746 2571 2804 An
2599 2745 2907 2804 diversitas

488 2826 797 2906 multiplex
838 2834 1101 2884 occurrat
1128 2826 1278 2884 inter
1303 2825 1493 2885 foedus
1520 2828 1632 2886 hoc
1676 2828 1892 2905 Legale
1920 2838 1980 2887 et
2008 2827 2429 2906 Evangelicum
2457 2825 2650 2903 quoad
2676 2844 2907 2884 oecono-

493 2909 687 2971 miam.
772 2906 907 2964 Hoc
961 2905 1116 2964 enim
1156 2905 1309 2965 ultro
1338 2907 1708 2985 agnoscimus
1749 2915 1809 2966 et
1850 2927 2024 2986 supra
2063 2909 2363 2968 evicimus.
2452 2906 2569 2966 Sed
2609 2904 2904 2983 quaeritur,

487 2990 589 3051 An
629 2985 938 3047 diversitas
982 2985 1154 3045 fuerit
1198 2987 1538 3062 essentialis,
1579 2996 1639 3046 et
1686 2988 1836 3063 talis,
1866 2997 1932 3047 ut
1958 2998 2261 3066 propterea
2287 3007 2504 3047 novum
2546 2985 2735 3044 foedus
2774 3003 2905 3062 pro-

486 3070 610 3148 prie
631 3069 868 3141 dictum,
890 3066 1081 3145 specie
1102 3066 1438 3125 distinctum
1456 3078 1573 3127 tam
1602 3089 1639 3126 a
1660 3067 1875 3128 foedere
1898 3068 2134 3128 Naturae
2150 3087 2324 3146 quam
2338 3067 2572 3143 Gratiae,
2596 3063 2905 3125 dicendum

485 3151 579 3226 sit,
611 3147 781 3227 Quod
799 3147 887 3207 illi
908 3147 1145 3222 vellent,
1177 3147 1301 3206 Nos
1327 3167 1626 3225 negamus.

1093 3227 1241 3286 VII.
1286 3227 1565 3288 Rationes
1594 3236 1764 3289 sunt:
1812 3230 1864 3288 1.
1910 3228 2059 3304 Quia
2103 3228 2399 3305 Scriptura
2418 3226 2662 3286 duorum
2683 3231 2907 3283 tantum

484 3280 970 3395 Rnptlignxnopggpntngatrt-
1012 3307 1290 3366 foederum
1312 3308 1590 3385 meminit,
1614 3328 1900 3385 nusquam
1922 3318 2113 3369 autem
2134 3308 2326 3367 trium.
2411 3307 2682 3365 Nostrum
2715 3313 2907 3363 autem

486 3395 531 3443 1.
578 3399 654 3444 Ex
707 3398 971 3457 Scriptura.
1011 3407 1127 3445 non
1175 3396 1265 3446 est
1304 3387 1679 3466 distinguere,
1711 3388 1813 3448 ubi
1843 3388 2138 3465 Scriptura
2162 3406 2280 3446 non
2307 3386 2632 3463 distinguit.
2664 3384 2794 3444 Gal.
2825 3382 2907 3442 iv.

545 3456 971 3559 3ffissssgdssff¹3m
1012 3470 1109 3540 24,
1141 3467 1249 3525 sub
1270 3467 1548 3543 allegoria
1579 3469 1736 3528 Sarae
1757 3476 1817 3527 et
1845 3467 2063 3544 Agaris
2091 3467 2206 3527 duo
2234 3466 2451 3527 foedera
2476 3473 2641 3525 notat
2669 3464 2904 3537 Paulus,

900 3547 914 3567 '
976 3554 981 3559 '
1014 3544 1232 3621 Legale
1273 3548 1430 3621 quod
1468 3547 1544 3605 ad
1592 3548 1942 3608 Servitutem
1991 3555 2256 3625 generat3
2303 3546 2722 3624 Evangelicum
2751 3543 2910 3621 quod

484 3625 565 3685 ad
601 3624 945 3686 libertatem.
988 3624 1142 3682 Heb.
1172 3624 1313 3700 viii„
1354 3646 1427 3684 ex
1457 3627 1582 3686 Jer.
1606 3627 1794 3703 xxxi„
1836 3627 1952 3687 duo
1986 3627 2205 3685 foedera
2250 3627 2465 3705 pariter
2517 3633 2904 3701 recensentur,

488 3713 660 3766 vetus
700 3704 859 3783 qnod
885 3703 1164 3762 violatum
1194 3714 1283 3765 est
1310 3713 1369 3764 et
1395 3706 1619 3766 irritum
1642 3707 1873 3784 factum,
1897 3727 2111 3767 novum
2135 3707 2291 3784 quod
2313 3716 2590 3765 aeternum
2611 3713 2702 3764 est
2722 3713 2780 3764 et
2801 3705 2907 3762 im·-

488 3786 785 3847 mutabile.
858 3786 936 3846 Et
977 3783 1221 3843 subinde
1251 3785 1461 3862 Apost.
1490 3786 1741 3846 instituit
1784 3788 2114 3847 antithesim
2145 3788 2294 3847 inter
2322 3787 2540 3864 Legem
2563 3804 2818 3862 operum,
2847 3793 2909 3844 et

492 3867 713 3945 Legem
759 3866 914 3942 fidei,
941 3863 1194 3923 Literam
1216 3864 1571 3925 occidentem
1602 3875 1662 3926 et
1702 3866 1978 3945 Spiritum
2008 3867 2416 3942 vivificantem,
2447 3864 2604 3942 quod
2633 3864 2774 3923 satis
2811 3884 2906 3923 ac·

486 3957 684 4009 curate
722 3947 796 4006 ab
824 3947 952 4024 ipso
1000 3964 1117 4003 non
1167 3944 1347 4021 fieret,
1378 3946 1428 4004 si
1457 3946 1628 4007 datur
1675 3946 1908 4006 tertium
1969 3947 2205 4024 aliquod
2249 3946 2438 4005 foedus
2492 3944 2748 4003 medium
2785 3943 2902 4001 dis·

486 4027 731 4088 tinctum
759 4027 833 4086 ab
860 4034 1124 4102 utroque.

487 4146 531 4192 2
551 4147 629 4192 Ex
664 4146 814 4192 modis
845 4147 969 4191 obti-
1092 4104 1274 4164 VIII.
1318 4109 1374 4164 2.
1406 4105 1555 4181 Quia
1576 4112 1664 4165 tot
1684 4113 1742 4164 et
1764 4126 1878 4165 non
1902 4107 2067 4185 plura
2094 4115 2337 4183 possunt
2357 4124 2484 4163 esse
2505 4102 2741 4175 foedera,
2765 4109 2909 4177 quot

540 4206 977 4252 uenditelieitatem
1020 4193 1155 4243 sunt
1183 4185 1294 4245 vise
1335 4194 1394 4244 et
1421 4185 1578 4245 modi
1605 4186 2025 4264 consequendae
2065 4185 2370 4245 felicitatis
2397 4193 2456 4243 et
2493 4180 2915 4243 communionis

541 4263 971 4367 vetpssqppcsmel
1012 4284 1146 4324 cum
1189 4264 1333 4340 Dec,
1364 4266 1466 4343 qui
1493 4264 1626 4325 finis
1654 4272 1743 4323 est
1775 4266 2039 4343 proprius
2067 4263 2446 4325 institutionis
2486 4262 2739 4321 foederis.
2825 4260 2912 4320 At

541 4336 629 4377 ’θ’
694 4337 710 4366 ¹
744 4336 848 4375 ‘³¹¹¹’
1013 4344 1129 4404 duo
1157 4354 1292 4404 sunt
1313 4354 1535 4406 tantum
1566 4345 1712 4404 tales
1734 4345 1907 4420 modi,
1939 4346 2034 4404 vel
2061 4365 2165 4423 per
2195 4344 2581 4403 obedientiam
2619 4341 2908 4420 propriam

484 4428 544 4480 et
586 4420 977 4499 inhaerentem,
1007 4423 1103 4483 vel
1133 4444 1235 4501 per
1260 4425 1618 4503 imputatam,
1664 4426 1759 4483 vel
1806 4445 1910 4502 per
1939 4425 2142 4502 Opera,
2173 4424 2270 4483 vel
2297 4444 2402 4502 per
2432 4422 2656 4482 Fidem.
2743 4421 2910 4478 Prior

481 4519 586 4577 per
604 4500 839 4577 Legem,
864 4502 955 4579 cuj
963 4523 1031 4562 us
1052 4503 1310 4563 clausula
1320 4514 1425 4578 est,
1441 4508 1565 4565 Fac
1580 4508 1684 4564 Ιιοσ
1699 4515 1752 4564 et
1769 4506 1932 4580 vives,
1951 4505 2232 4581 posterior
2251 4524 2354 4582 per
2377 4502 2782 4579 Evangelium,
2807 4521 2907 4559 cu-

480 4581 581 4656 jus
600 4588 688 4636 est
706 4600 839 4655 vox,
859 4581 1041 4642 Crede
1060 4594 1112 4641 et
1130 4585 1453 4660 servaberis,
1475 4605 1581 4644 nec
1601 4586 1720 4644 ulla
1741 4585 1931 4644 media
1947 4585 2071 4643 dari
2089 4593 2279 4661 potest
2298 4583 2589 4643 felicitatis
2608 4582 2721 4640 via.
2747 4583 2910 4657 Ergo

482 4659 697 4721 frustra
725 4659 962 4737 fingitur
992 4665 1219 4723 tertium
1251 4664 1456 4741 foedus,
1488 4665 1646 4742 quod
1675 4686 1777 4724 nce
1809 4665 1885 4724 ad
1914 4685 2102 4743 opera,
2142 4684 2246 4723 nec
2279 4665 2352 4722 ad
2381 4663 2552 4721 fidem
2583 4662 2886 4740 pertineat.
