3221 5200
264 382 482 433 ouaesr.
514 362 718 445 xvm.]
1289 381 1369 421 m:
1399 380 1552 422 Laos
1583 380 1703 421 nm.
2572 367 2683 423 107

788 521 1214 599 vestimentum,
1247 543 1281 581 a
1309 522 1662 582 conscientia
1704 523 1764 581 in
1793 522 2153 600 superficiem
2183 531 2378 581 manat
2406 523 2681 600 ἇαίλγακς

791 604 1047 679 choreaS,
1068 612 1127 662 et
1156 604 1491 662 saltationes
1532 603 1878 680 petulanteS,
1911 613 1970 661 et
2003 612 2200 680 turpes
2226 603 2398 661 ludos
2427 605 2686 662 scenicos

268 704 337 742 ac
369 684 695 759 theatrales,
712 684 812 760 qui
840 684 1013 742 hodie
1043 691 1178 742 sunt
1220 684 1278 741 in
1307 704 1445 758 usu3
1491 683 1803 760 crapulam,
1835 683 2190 758 ebrietatem,
2238 684 2686 743 comessationes

266 774 326 823 et
371 765 534 838 sim.;
578 784 707 841 quae
749 771 886 822 sunt
928 764 1043 822 alia
1069 763 1244 840 hujus
1272 763 1502 840 generis
1542 763 1761 822 illicitae
1792 763 2039 821 Veneris
2081 763 2257 822 illicia
2284 772 2344 822 et
2370 764 2683 824 incentiva.

270 844 419 902 Haec
449 845 599 902 enim
630 843 824 902 omnia
853 844 960 902 sub
988 845 1099 902 hoc
1126 843 1434 901 interdicto
1477 843 1759 901 contineri
1804 852 2025 902 certum
2066 852 2171 917 est,
2203 843 2687 919 quemadmodum

265 924 369 981 illa
396 944 514 981 non
543 924 727 982 semel
755 924 895 982 alibi
937 924 994 981 in
1029 925 1325 1000 Scriptura
1367 922 1730 998 damnantur,
1762 932 2036 1000 tanquam
2077 922 2308 1000 propria
2355 923 2689 982 Gentilibus

268 1012 326 1062 et
354 1003 491 1062 filiis
518 1004 694 1080 hujus
737 1004 933 1079 seculi,
981 1004 1225 1062 Roman.
1270 1002 1395 1061 xiii.
1430 1005 1521 1078 12,
1548 1005 1641 1078 13,
1676 1004 1827 1079 Eph.
1872 1004 1950 1061 iv.
1985 1005 2076 1076 19,
2116 1006 2143 1060 1
2179 1003 2333 1061 Petr.
2365 1004 2441 1061 iv.
2474 1007 2528 1078 3,
2561 1011 2619 1061 et
2651 1007 2679 1061 1

266 1083 310 1143 J
315 1085 523 1142 ohann.
556 1084 614 1142 ii.
651 1086 742 1156 15,
778 1086 868 1158 16,
900 1083 1112 1160 quibus
1141 1083 1499 1141 Christianos
1542 1102 1774 1159 operam
1813 1082 1948 1142 dare
1991 1083 2152 1141 nefas
2200 1092 2306 1157 est,
2337 1082 2436 1159 qui
2466 1102 2528 1141 se
2569 1102 2685 1140 non

270 1162 626 1223 conformare
672 1163 884 1222 debent
910 1163 1045 1221 huic
1085 1163 1297 1237 seculo,
1347 1163 1513 1220 Rom.
1544 1163 1649 1220 xii.
1679 1167 1735 1236 2,
1767 1162 1870 1221 sed
1910 1172 2091 1223 totam
2120 1163 2298 1222 vitam
2345 1183 2687 1239 componere

267 1253 537 1382 tlegfflllttur
565 1243 1057 1382 tid-soblrgetatem,
1088 1243 1544 1320 temperantiam,
1579 1243 1926 1302 modestiam
1967 1251 2025 1301 et
2067 1243 2448 1317 sanctitatem,
2480 1243 2594 1301 Tit.
2625 1243 2683 1302 ii.

316 1363 370 1398 ...,
462 1345 573 1383 om.
605 1345 729 1383 xm.
843 1367 858 1381 .

399 571 615 618 Chorem.

350 1405 462 1462 VI.
508 1404 629 1462 Nec
659 1405 709 1462 si
738 1403 1078 1481 Apostolus,
1111 1403 1260 1481 Eph.
1281 1423 1339 1462 v.
1370 1407 1425 1479 3,
1446 1407 1503 1478 4,
1535 1412 1593 1463 et
1625 1405 1656 1461 1
1690 1404 1894 1463 Thess.
1926 1403 2004 1462 iv.
2036 1406 2091 1479 3,
2122 1404 2250 1463 vult
2278 1424 2313 1461 a
2342 1402 2686 1462 Christianis

271 1484 474 1542 abesse
524 1504 752 1543 omnem
799 1484 1189 1560 impuritatem
1233 1491 1293 1542 et
1339 1483 1657 1558 lasciviam,
1705 1484 1965 1561 sequitur
2011 1485 2122 1543 hoc
2150 1485 2259 1543 sub
2290 1485 2458 1542 Novo
2486 1484 2687 1542 Testa·

269 1573 464 1622 mento
491 1573 717 1624 tantum
744 1563 1098 1642 prohibitum
1140 1582 1285 1637 esse,
1317 1571 1375 1622 et
1415 1583 1544 1623 esse
1583 1564 1902 1623 auctarium
1931 1563 2192 1624 additum
2220 1585 2255 1622 a
2284 1564 2513 1624 Christo
2544 1564 2690 1641 Legi

271 1645 514 1720 morali;
562 1645 710 1718 Quia
738 1651 966 1702 constat
1014 1644 1377 1702 sanctitatem
1419 1652 1765 1721 praeceptam
1793 1644 1856 1702 in
1886 1644 2044 1721 Lege
2094 1665 2261 1703 omne
2291 1664 2476 1721 genus
2505 1643 2688 1720 impu·

270 1725 458 1783 ritatis
487 1725 812 1799 excludere,
844 1732 963 1782 tam
992 1723 1275 1782 internam
1305 1723 1512 1797 cordis,
1544 1744 1719 1801 quam
1748 1732 2045 1783 externam
2075 1723 2367 1801 corporis;
2413 1723 2518 1781 sed
2557 1722 2694 1782 hinc

271 1812 495 1863 tantum
524 1805 818 1881 colligitur
843 1804 955 1861 hoc
983 1803 1232 1861 officium
1274 1823 1391 1862 non
1440 1804 1632 1862 minus
1676 1804 2001 1880 Evangelio
2029 1824 2202 1880 quam
2248 1803 2406 1878 Lege
2434 1803 2686 1880 praecipi,

274 1893 332 1943 et
360 1884 419 1942 in
448 1884 550 1942 illo
579 1883 903 1943 confirmari
931 1883 1136 1942 fortius
1163 1883 1321 1960 quod
1348 1883 1410 1941 in
1437 1883 1550 1943 ista
1585 1884 1711 1962 jam
1738 1884 1984 1942 vetitum
2013 1883 2215 1958 suerat,
2248 1882 2405 1960 quod
2448 1883 2690 1941 ulterius

270 1984 346 2022 ex
373 1965 550 2023 variis
576 1965 721 2023 locis
747 1964 979 2040 probari
1008 1971 1232 2040 posset:
1264 1963 1437 2022 Prov.
1461 1964 1542 2022 vi.
1562 1966 1659 2038 25,
1681 1966 1776 2039 25,
1797 1964 1841 2023 J
1845 1964 1938 2022 ob.
1969 1964 2134 2022 xxxi.
2164 1965 2285 2038 1,9,
2303 1963 2453 2022 Gen.
2476 1963 2687 2021 xxxix.

275 2048 328 2118 7,
361 2047 414 2119 9,
447 2045 490 2104 J
494 2065 572 2102 er.
603 2065 661 2104 v.
692 2046 747 2120 8,
780 2046 836 2102 9.
923 2043 1044 2102 Nec
1074 2044 1124 2101 si
1154 2044 1314 2101 Eccl.
1345 2044 1426 2102 xi.
1457 2045 1513 2117 9,
1550 2044 1793 2120 Sapiens
1822 2043 2056 2102 videtur
2103 2043 2418 2102 concedere
2446 2043 2490 2102 J
2494 2043 2686 2116 uveni,

272 2135 340 2183 ut
369 2124 624 2183 ambulet
653 2124 968 2183 secundum
997 2124 1152 2181 viam
1182 2124 1390 2198 cordia,
1423 2132 1481 2182 et
1507 2124 1810 2182 lasciviam
1840 2124 2154 2197 oculorum,
2187 2123 2382 2182 statim
2410 2122 2691 2199 approbat

270 2204 383 2262 hoc
401 2213 672 2280 tanquam
695 2204 934 2277 licitum,
957 2204 1059 2261 sed
1081 2203 1295 2262 ironice
1317 2203 1589 2279 loquitur,
1617 2222 1938 2260 sermonem
1958 2223 2125 2261 suum
2147 2202 2304 2260 illico
2326 2202 2686 2280 corrigendO,

273 2284 416 2342 dum
445 2284 621 2359 addit,
648 2292 882 2362 propter
909 2285 1032 2341 haec
1063 2284 1253 2341 Deum
1283 2303 1411 2340 eum
1443 2282 1829 2341 adducturum
1856 2282 1917 2339 in
1938 2282 2242 2358 judicium.

876 2364 1023 2422 VII.
1068 2365 1123 2422 8.
1155 2363 1508 2438 Polyyamia,
1539 2382 1658 2421 non
1700 2362 2046 2438 successiva,
2078 2384 2208 2440 quae
2250 2362 2424 2438 licita,
2470 2361 2573 2420 sed
2614 2361 2687 2420 εἰ·

793 2447 1098 2518 multanea,
1131 2463 1260 2520 quae
1301 2451 1504 2520 peccat
1536 2446 1587 2501 1.
1622 2443 1835 2502 Contra
1865 2443 2120 2518 primam
2162 2444 2407 2520 conjuqii
2430 2442 2689 2501 constitu-

273 2522 496 2598 tionem,
530 2522 738 2582 Genea.
762 2523 841 2600 ii.,
872 2524 948 2581 ad
975 2543 1148 2602 quam
1179 2523 1442 2581 Christus
1470 2524 1513 2583 J
1518 2522 1715 2582 udaeos
1743 2530 1979 2582 revocat
2003 2545 2017 2583 z
2059 2523 2120 2581 in
2148 2543 2263 2600 qua
2291 2543 2470 2582 unum
2498 2522 2688 2581 virum

274 2614 334 2663 et
363 2624 538 2663 unam
566 2604 857 2663 foeminam
886 2604 1022 2664 fecit
1052 2615 1109 2663 et
1137 2604 1444 2681 conjunxit
1473 2605 1650 2680 Deus,
1683 2614 1741 2664 et
1769 2603 1959 2663 edicto
2004 2605 2268 2680 sancivit,
2300 2613 2366 2663 ut
2392 2604 2525 2679 duc,
2570 2623 2688 2661 non

270 2693 406 2757 tres,
438 2693 539 2743 aut
566 2685 760 2761 plures
789 2694 982 2743 essent
1010 2704 1127 2743 una
1153 2704 1304 2760 carc,
1334 2692 1394 2742 et
1421 2691 1487 2743 ut
1515 2684 1606 2742 vir
1634 2685 1953 2743 adhaereret
1980 2684 2150 2743 uxori
2179 2705 2316 2761 suae,
2348 2705 2464 2743 non
2492 2684 2689 2743 uxori-

268 2764 380 2823 bus
404 2787 417 2837 3
463 2784 569 2823 nec
599 2764 948 2842 separandos
976 2784 1120 2840 esse,
1152 2784 1298 2842 quos
1331 2764 1491 2824 Deus
1520 2765 1842 2842 conjunxit,
1870 2766 2048 2824 Mala.
2077 2765 2137 2823 ii.
2173 2768 2264 2839 15,
2297 2774 2356 2824 et
2386 2766 2531 2824 Mat.
2561 2764 2687 2823 xix.

273 2847 328 2903 5.
400 2849 457 2902 2.
491 2845 702 2903 Peccat
730 2854 929 2904 contra
954 2855 1224 2904 naturam
1251 2846 1464 2903 amoris
1491 2845 1929 2921 conjugalzk,qui
1959 2845 2041 2904 ita
2068 2846 2332 2923 proprius
2367 2854 2456 2905 est
2483 2853 2542 2904 et
2571 2845 2687 2902 sin-

270 2925 507 3002 gularis,
538 2934 603 2983 ut
629 2926 858 2984 tertiam
885 2945 1189 3003 personam
1217 2945 1332 2983 non
1362 2925 1546 3002 possit
1573 2925 1877 2983 admittere
1904 2923 1979 2983 ad
2021 2925 2282 3002 ejusdem
2310 2926 2395 2983 rei
2432 2945 2687 2984 commu-

269 3005 519 3078 nionem,
552 3005 702 3064 sicut
729 3006 1086 3083 experientia
1113 3005 1282 3063 docet
1323 3005 1384 3063 in
1413 3005 1704 3081 zelotypia
1730 3005 2043 3082 conjugali.
2089 3008 2144 3063 3.
2177 3006 2391 3064 Contra
2417 3014 2686 3062 naturam

270 3094 586 3143 contractus
612 3087 1059 3158 matrimonialis,
1091 3105 1206 3162 quo
1234 3084 1315 3157 fit,
1348 3093 1412 3142 ut
1440 3085 1697 3160 conjunx
1726 3104 1841 3140 non
1870 3083 2081 3142 habeat
2108 3085 2354 3160 amplius
2382 3103 2589 3161 corpus
2627 3084 2689 3141 in

270 3173 556 3243 potestate
586 3186 706 3240 sua,
744 3169 771 3222 1
808 3168 936 3224 Cor.
965 3166 1067 3224 vii.
1097 3168 1154 3222 4.
1243 3163 1414 3222 Unde
1455 3164 1522 3221 fit
1548 3171 1614 3221 ut
1655 3162 1952 3240 injustitiae
1982 3172 2039 3220 et
2067 3163 2320 3239 perfidiae
2348 3182 2481 3221 reus
2522 3182 2685 3239 pera-

272 3254 445 3321 gatur
472 3246 571 3321 qui
601 3246 768 3304 alteri
796 3266 920 3304 sese
944 3245 1159 3323 jungit,
1193 3243 1404 3301 Malae.
1436 3243 1495 3301 ii.
1530 3247 1623 3317 14,
1650 3240 1757 3301 Sec.
1812 3245 1867 3299 4.
1897 3242 2111 3300 Contra
2136 3242 2470 3301 mandatum
2496 3242 2682 3316 Pauli,

270 3326 371 3402 qui
395 3326 523 3383 vult
551 3333 615 3383 ut
642 3326 915 3401 quaelibet
941 3345 1092 3383 uxor
1116 3331 1195 3382 τὶν
1223 3321 1345 3381 ἴδιοι
1375 3320 1540 3417 ἕνδςι,
1557 3323 1865 3398 proprium
1885 3322 2085 3396 virum,
2107 3324 2321 3396 habeat,
2346 3322 2497 3380 unde
2514 3322 2683 3380 Rom.

270 3406 371 3463 vii.
403 3409 458 3479 2,
492 3408 547 3479 3,
578 3425 728 3463 uxor
754 3406 978 3463 moecha
1006 3405 1232 3479 dicitur,
1264 3424 1392 3480 quae
1420 3411 1657 3461 vivente
1686 3403 1874 3460 adhuc
1903 3402 2109 3461 marito
2146 3403 2212 3461 fit
2239 3403 2476 3462 alterius
2515 3422 2683 3478 uxor,

269 3485 409 3561 quia
436 3484 581 3543 fides
609 3486 1046 3544 matrimonialis
1074 3484 1247 3544 debet
1274 3503 1401 3542 esse
1441 3483 1752 3559 reciproca,
1784 3483 1940 3559 quod
1982 3503 2098 3541 non
2125 3493 2320 3561 posset
2346 3484 2539 3543 locum
2580 3483 2681 3541 ha·

271 3564 425 3639 bere,
459 3566 509 3622 si
536 3584 653 3623 una
679 3565 873 3642 plures
890 3565 1063 3639 viros,
1078 3565 1175 3623 vel
1197 3564 1288 3622 vir
1314 3584 1464 3623 unus
1492 3563 1688 3639 plures
1715 3583 1927 3622 uxores
1948 3563 2160 3622 habere
2187 3573 2400 3642 posset.
2455 3568 2510 3622 5.
2533 3564 2681 3622 Con-

271 3653 361 3701 tra
388 3645 610 3703 unitam
639 3646 796 3703 illam
827 3646 1005 3723 prolis
1032 3665 1245 3718 curam,
1277 3664 1449 3722 quam
1478 3643 1734 3720 conjugii
1763 3644 1895 3701 finis
1922 3644 2179 3721 requirit,
2203 3665 2331 3720 quae
2352 3644 2414 3701 in
2440 3644 2683 3720 polyga-

272 3726 389 3782 mia
417 3724 714 3783 dividitur.
761 3728 815 3783 6.
848 3726 1060 3783 Contra
1078 3744 1283 3801 pacem
1296 3724 1556 3799 samiIioe,
1587 3723 1725 3799 quia
1753 3724 1827 3781 ab
1855 3744 1924 3781 ea
1963 3724 2202 3782 infinitae
2232 3725 2373 3781 rixae
2403 3724 2681 3798 oriuntur,

276 3804 418 3862 Lev.
451 3805 616 3863 xviii.
652 3807 742 3879 18,
774 3813 839 3863 ut
867 3805 1055 3863 visum
1088 3805 1146 3861 in
1175 3804 1346 3862 domo
1375 3802 1418 3860 J
1422 3803 1603 3877 acobi,
1638 3803 1788 3861 Gen.
1820 3823 1983 3873 xxx„
2019 3802 2278 3875 Elkanae,
2314 3806 2341 3859 1
2381 3803 2533 3859 Sam.
2566 3802 2604 3859 i.
2626 3805 2681 3860 6.

354 3884 539 3943 VIII.
585 3884 830 3943 Licitam
860 3904 985 3943 esse
1010 3884 1409 3961 Polygamiam
1431 3903 1547 3940 non
1569 3882 1866 3959 colligitur
1889 3905 1902 3940 t
1948 3883 2062 3940 Vel
2079 3883 2152 3940 ab
2174 3885 2427 3956 exemplo
2444 3883 2686 3938 Patrum

286 3965 496 4021 Veteris
548 3966 806 4039 Testam„
857 3965 956 4041 qui
1005 3963 1302 4040 polygami
1349 3962 1595 4037 fuerunt,
1642 3971 1701 4020 et
1748 3961 1960 4038 quibus
1999 3963 2279 4038 permissa
2320 3960 2520 4018 debuit
2560 3979 2687 4018 esse

276 4044 626 4121 polygamia.
712 4045 859 4117 Quia
887 4044 1132 4120 legibus,
1163 4063 1281 4101 non
1309 4042 1591 4120 exemplis
1622 4041 1910 4100 standum.
1955 4044 2011 4099 2.
2038 4041 2102 4099 Si
2122 4040 2399 4117 permissa
2426 4039 2550 4114 fuit,
2575 4039 2686 4097 hoc

277 4123 488 4182 factum
533 4124 657 4197 fuit,
690 4124 785 4181 vel
835 4124 1207 4200 permissione
1245 4123 1396 4200 juris
1441 4122 1631 4181 ethica
1671 4141 1775 4197 per
1817 4120 2301 4196 dispensationem
2342 4118 2691 4195 peculiarem

279 4212 509 4280 propter
537 4203 946 4277 infirmitatem,
978 4203 1114 4279 quia
1142 4212 1303 4262 erant
1330 4202 1520 4260 adhuc
1548 4201 1814 4272 infantes,
1846 4200 2058 4275 quibus
2084 4199 2267 4258 multa
2295 4197 2689 4257 conceduntur

279 4302 405 4358 quae
434 4283 650 4342 adultis
679 4283 1056 4359 denegantur,
1087 4303 1217 4359 quae
1244 4301 1397 4340 nunc
1427 4282 1534 4339 sub
1565 4281 1736 4338 Novo
1748 4280 2119 4338 Testamento
2148 4287 2364 4337 cessat:
2394 4278 2506 4352 vel,
2532 4278 2690 4354 quod

280 4363 649 4421 verisimilius
678 4371 784 4436 est,
805 4363 1174 4438 permissione
1202 4363 1367 4438 facti,
1400 4360 1461 4418 id
1503 4369 1608 4434 est,
1639 4380 1742 4437 per
1774 4379 1989 4417 meram
2032 4358 2391 4417 tolerantiam
2430 4378 2547 4415 non
2588 4378 2691 4434 per

280 4443 766 4519 approbationem,
798 4452 863 4501 ut
889 4444 1000 4499 hac
1027 4442 1247 4500 ratione
1289 4442 1573 4499 immunes
1615 4448 1809 4498 essent
1850 4459 1885 4496 a
1923 4458 2095 4515 poena
2122 4438 2279 4496 civili
2309 4438 2368 4495 in
2397 4437 2520 4496 foro
2563 4439 2689 4513 soli,

282 4521 381 4579 sed
408 4541 524 4580 non
554 4522 692 4580 item
722 4542 756 4579 a
782 4542 956 4598 poena
1000 4521 1198 4580 divina
1226 4522 1286 4578 in
1329 4521 1454 4579 foro
1496 4520 1633 4597 poli,
1665 4539 1699 4577 a
1727 4539 1843 4595 qua
1885 4518 2117 4576 liberari
2158 4517 2480 4576 debuerunt
2507 4519 2695 4594 gratia

286 4600 409 4675 Dei,
457 4602 789 4661 interventu
836 4602 1190 4678 poenitentiae
1235 4601 1492 4677 ipsorum
1519 4599 1617 4657 vel
1659 4598 1950 4676 explicitae
1995 4598 2091 4656 vel
2133 4598 2335 4656 saltem
2380 4598 2692 4675 implicitae.

283 4679 335 4737 V
341 4681 433 4740 ide
466 4701 640 4759 supra
670 4682 886 4757 Quaest.
921 4682 1004 4740 11.
1036 4681 1144 4740 Th.
1175 4685 1271 4756 27,
1304 4682 1401 4739 28.
1462 4679 1577 4737 Vel
1608 4700 1682 4737 ex
1711 4699 1781 4737 eo
1803 4677 1977 4756 quod,
2006 4679 2317 4738 Deuteron.
2338 4679 2460 4736 xxi.
2485 4681 2576 4751 15,
2604 4682 2694 4751 16,

371 2409 667 2468 Poly-gamin.
