3221 5200
335 341 568 389 QUAEST.
600 325 686 405 ιι]
1191 340 1269 382 nr.
1299 341 1644 384 vocs-mons
1674 343 1746 383 ET
1776 339 1931 383 rms.
2644 328 2759 385 501

335 493 628 566 Fidemesse
645 519 813 563 fiduci·
941 483 1056 541 VI.
1103 483 1387 540 Rationes
1433 490 1590 540 sunt.
1680 483 1731 540 1.
1778 483 1877 539 Ab
1924 481 2163 557 Objecto.
2251 482 2412 549 Quia
2453 483 2752 557 objectum

397 594 473 623 am
493 576 812 635 probatur-21.
853 562 990 618 fidei
1010 561 1388 635 justificantis
1417 560 1723 635 proprium
1751 568 1811 617 et
1839 560 2188 633 specificum‚
2213 567 2283 616 ut
2309 567 2512 633 postea
2539 563 2751 635 proba-

396 640 477 682 Αἱ)
499 638 722 692 ubjecto.
855 641 1033 710 bitur,
1063 648 1202 696 sunt
1227 639 1641 714 promissiones
1675 637 2008 711 Evangelii,
2038 658 2170 713 quoe
2200 656 2321 694 non
2365 646 2613 712 possunt
2636 640 2747 697 nisi

330 740 442 796 per
461 720 740 778 fiduciam
762 718 958 792 recipi,
982 719 1125 791 quia
1146 736 1266 774 non
1288 725 1706 790 proponuntur
1727 723 1959 773 tantum
1983 724 2051 773 ut
2068 734 2240 784 verae,
2261 717 2362 772 sed
2386 725 2444 772 et
2467 725 2534 772 ut
2555 717 2745 775 bonae.

334 799 731 872 Evangelium
752 815 872 853 non
890 804 978 852 est
995 804 1226 854 tantum
1239 796 1510 869 objectum
1522 794 2007 870 contemplationis
2019 794 2369 863 intellectus,
2385 796 2484 850 sed
2498 802 2557 850 et
2568 796 2744 868 objec-

331 889 458 933 tum
488 875 882 934 consolationis
910 874 1119 943 cordis,
1150 876 1312 946 quod
1340 875 1485 930 fides
1513 890 1632 928 non
1675 879 1871 946 potest
1897 873 2337 947 apprehendere
2380 872 2493 929 nisi
2532 874 2740 930 fiduci-

328 957 521 1013 aliter.
607 956 767 1012 Hinc
808 960 877 1009 ut
916 953 1084 1021 lacte,
1116 961 1175 1008 et
1215 950 1363 1021 cibo,
1393 960 1451 1007 et
1500 951 1860 1007 suavissimis
1903 951 2126 1007 deliciis
2170 951 2595 1009 adumbratur:
2644 952 2745 1009 Ita

326 1036 476 1090 fides
503 1053 636 1107 quae
667 1034 820 1089 circa
848 1031 999 1086 illud
1029 1037 1302 1086 versatur
1340 1048 1476 1085 cum
1518 1049 1635 1096 esu,
1655 1038 1800 1104 potu
1840 1037 1900 1084 et
1938 1039 2114 1104 yustu
2143 1028 2454 1102 spirituali,
2485 1030 2589 1102 qui
2615 1029 2739 1087 sinc

325 1112 550 1168 fiducia
577 1111 705 1167 dari
730 1109 951 1182 nequit,
980 1109 1128 1164 bene
1157 1107 1476 1163 confertur.

883 1185 1037 1242 VII.
1063 1187 1116 1242 2.
1133 1186 1233 1241 Ab
1251 1185 1494 1242 Actibus
1499 1186 1665 1262 fidei.
1684 1185 1834 1244 Cum
1851 1186 2025 1254 enim,
2049 1193 2114 1242 ut
2131 1205 2309 1258 supra
2326 1188 2659 1260 probatum,
2679 1186 2742 1243 in

367 1254 414 1297 2.
455 1256 764 1355 Aigila-atibus
841 1272 1128 1338 conceptu
1156 1263 1291 1319 fidei
1334 1264 1679 1320 includatur
1706 1271 1872 1320 actus
1912 1265 2325 1337 persuasioniS,
2356 1274 2416 1321 et
2456 1274 2623 1322 actus
2653 1284 2741 1321 re-

543 1327 634 1355 ‘⁰'¹'
839 1342 993 1415 fugii
1020 1349 1080 1397 et
1107 1341 1452 1415 receptionis
1485 1342 1720 1411 Christi,
1751 1342 1853 1416 qui
1884 1341 2007 1398 sine
2049 1342 2264 1398 fiducia
2291 1343 2419 1398 dari
2448 1362 2568 1399 non
2608 1363 2741 1417 pos-

322 1429 480 1491 sunt,
512 1441 582 1478 eo
609 1422 735 1495 ipso
779 1423 943 1495 patet
984 1420 1263 1476 fiduciam
1306 1439 1344 1477 a
1384 1422 1501 1476 fide
1529 1440 1648 1476 non
1694 1439 1862 1494 posse
1907 1421 2183 1494 separari,
2214 1422 2315 1477 sed
2345 1439 2467 1478 esse
2496 1423 2569 1478 de
2610 1422 2740 1495 ejus

322 1500 592 1560 essentia.
681 1499 759 1555 Et
788 1500 880 1554 vel
911 1500 1038 1554 sola
1067 1505 1341 1570 πληροφοςία
1370 1518 1502 1573 quae
1532 1499 1624 1554 illi
1652 1498 1949 1569 tribuitur,
1974 1500 2086 1555 hoc
2108 1499 2322 1555 invicte
2351 1501 2580 1573 probat.
2648 1500 2737 1556 Eo

321 1578 622 1652 pertinent
648 1579 780 1634 loca
807 1576 867 1632 in
896 1577 1112 1650 quibus
1151 1577 1295 1632 fides
1335 1595 1440 1650 per
1466 1577 1993 1651 apprehensionem
2036 1576 2371 1632 fiducialem
2419 1577 2634 1635 Christi
2679 1587 2738 1635 et

322 1656 736 1712 satisfactionis
765 1655 892 1728 ejus
921 1655 1290 1723 describitur,
1322 1663 1390 1711 ut
1416 1654 1458 1711 J
1463 1657 1559 1711 oh.
1603 1656 1641 1712 i.
1690 1656 1780 1724 12,
1825 1661 1860 1687 “
1883 1654 2197 1727 Quotquot
2224 1672 2359 1709 eum
2390 1665 2737 1728 receperunt

211 1785 216 1790 .
320 1734 491 1789 dedit
517 1735 630 1790 hoc
651 1734 753 1806 jus
781 1734 884 1802 eis,
913 1741 983 1789 ut
1012 1734 1130 1790 sint
1157 1732 1265 1788 filii
1294 1731 1424 1800 Dei,
1455 1751 1666 1806 nempe
1688 1733 1758 1788 iis
1781 1732 1884 1806 qui
1906 1733 2156 1786 credunt
2177 1731 2236 1785 in
2261 1730 2498 1786 Nomen
2528 1734 2656 1805 ejus
2679 1736 2736 1802 ;''

326 1812 465 1868 Act.
505 1812 666 1868 xxvi.
704 1812 794 1880 18,
826 1820 859 1843 “
881 1819 948 1867 ut
996 1811 1393 1868 remissionem
1445 1817 1819 1883 peccatorum
1846 1809 2135 1881 accipiant
2155 1826 2259 1881 per
2278 1809 2453 1863 fidem
2483 1829 2616 1882 quae
2646 1820 2735 1867 est

321 1888 383 1944 in
412 1890 564 1958 me‚’'
595 1889 674 1945 id.
708 1888 1026 1945 Christum.
1092 1888 1260 1943 Alibi
1288 1889 1432 1942 fides
1458 1888 1703 1959 ponitur
1730 1887 1791 1941 in
1819 1905 1907 1953 eo,
1939 1893 1974 1918 “
1997 1891 2067 1940 ut
2094 1885 2400 1941 credamus
2429 1895 2733 1944 mortuum

317 1986 444 2024 esse
462 1973 702 2040 propter
719 1974 957 2039 peccata
977 1971 1181 2021 nostra
1201 1972 1261 2021 et
1281 1965 1628 2020 suscitatum
1650 1971 1889 2037 propt-er
1910 1970 2169 2019 nostram
2189 1962 2732 2035 justificationem,''

321 2045 496 2101 Rom.
528 2045 603 2100 iv.
637 2045 711 2098 25
736 2064 749 2112 ;
781 2051 848 2098 ιιι
876 2062 980 2116 per
1004 2045 1182 2099 fidem
1210 2043 1723 2115 apprehendamus
1750 2059 1887 2097 eum
1918 2047 1951 2073 “
1973 2049 2040 2096 ut
2068 2038 2514 2096 Placamentum
2536 2061 2573 2097 a
2603 2042 2731 2098 Deo

318 2122 709 2177 constitutum
751 2121 812 2175 in
841 2121 1128 2192 sanguine
1170 2120 1357 2192 ejuS,''
1391 2119 1562 2175 Rom.
1594 2119 1676 2174 iii.
1708 2119 1799 2175 25.
1888 2117 2025 2185 Quo
2070 2125 2209 2173 actu
2252 2135 2290 2173 a
2330 2118 2553 2175 caeteris
2593 2121 2730 2177 fidei

319 2199 642 2272 specichS,
671 2217 802 2270 quae
832 2198 926 2252 vel
956 2197 1404 2270 promissionem
1447 2195 1560 2252 Dci
1600 2215 1721 2252 non
1762 2196 2103 2270 respiciunt,
2134 2195 2231 2250 vel
2257 2212 2379 2250 non
2410 2197 2729 2271 respiciunt

317 2278 529 2333 codem
570 2277 764 2344 modo,
795 2274 1201 2347 distinguitur.

877 2352 932 2409 V
943 2351 973 2408 I
983 2353 1012 2409 I
1023 2354 1072 2409 I.
1094 2353 1147 2409 3.
1164 2354 1264 2410 Ab
1280 2352 1528 2429 Effecte's.
1547 2355 1708 2422 Quia
1724 2354 2112 2429 proprietates
2129 2363 2188 2412 et
2204 2355 2429 2424 effecta,
2442 2374 2574 2429 quae
2591 2357 2731 2413 fidei

830 2431 1193 2501 tribuuntur,
1219 2450 1338 2488 non
1360 2441 1608 2507 possunt
1635 2449 1759 2491 esse
1787 2432 1934 2489 nudi
1955 2450 2240 2503 assensus,
2265 2434 2366 2489 sed
2389 2442 2735 2506 supponunt

318 2509 643 2567 necessario
663 2509 943 2565 fiduciam
965 2511 1409 2567 antecedentem
1439 2519 1507 2568 ut
1528 2531 1786 2580 causam,
1810 2511 2017 2586 quales
2038 2520 2179 2568 sunt
2199 2530 2317 2584 pax
2338 2511 2729 2582 conscientias,

318 2588 492 2646 Rom.
524 2608 578 2645 v.
613 2589 664 2659 1,
695 2606 958 2645 accessus
986 2590 1061 2645 ad
1093 2588 1307 2659 Deum,
1335 2596 1396 2646 et
1423 2591 1500 2647 ad
1530 2593 1812 2648 thronum
1840 2589 2066 2664 gratiae,
2092 2588 2308 2665 Ephes.
2339 2589 2400 2647 ii.
2438 2589 2528 2659 18,
2573 2589 2729 2649 Heb.

316 2667 393 2725 iv.
429 2668 519 2739 16,
553 2676 775 2740 ταῤῥησίι
818 2685 938 2741 qua
979 2667 1174 2724 Deum
1216 2676 1502 2743 tanquam
1545 2668 1791 2728 Patrem
1832 2668 2240 2746 compellamus,
2273 2668 2446 2725 Rom.
2477 2669 2602 2726 viii.
2638 2669 2730 2739 15,

314 2747 513 2805 Galat.
545 2749 622 2805 iv.
655 2749 708 2817 6,
738 2755 1005 2807 maralana„
1049 2748 1407 2803 confidentia
1444 2749 1518 2803 de
1561 2748 1941 2805 exauditione
1982 2767 2240 2822 precum,
2273 2747 2488 2821 Ephes.
2520 2747 2602 2804 iii.
2638 2748 2731 2819 12,

315 2836 500 2899 sago-225,
531 2828 780 2884 audacia
807 2836 1023 2895 sancta,
1052 2845 1159 2899 per
1187 2845 1367 2900 quam
1394 2828 1755 2884 confidentes
1783 2845 1984 2882 sumus
2014 2827 2076 2882 in
2099 2826 2374 2883 omnibus
2396 2826 2589 2896 malis,
2622 2834 2731 2879 καύ-

313 2931 470 2972 χησις,
496 2905 766 2979 ῃίιηηὶιάο
794 2905 856 2959 in
887 2904 1163 2972 DominO,
1197 2903 1369 2960 Rom.
1401 2921 1455 2959 v,
1490 2904 1580 2974 11,
1612 2913 1671 2962 et
1698 2906 1759 2961 in
1782 2905 2060 2974 adversis,
2081 2904 2254 2961 Rom.
2276 2923 2329 2960 v.
2355 2904 2390 2959 3
2410 2925 2425 2973 ;
2449 2924 2581 2976 quae
2606 2924 2727 2961 om·

317 2982 417 3037 nia
440 2984 497 3037 in
527 2983 687 3038 fideli
716 2999 842 3037 esse
871 3001 989 3037 non
1019 2988 1285 3054 possunt,
1316 2981 1432 3036 nisi
1461 2984 1770 3055 supposita
1795 2983 2015 3038 fiducia
2042 3001 2078 3037 a
2104 3001 2226 3055 qua
2253 2982 2547 3039 oriuntur.

911 3058 1026 3114 IX.
1057 3058 1112 3114 4.
1147 3059 1247 3114 Ab
1279 3057 1581 3131 oppositis.
1610 3060 1771 3125 Quia
1790 3059 2138 3127 diffidentia,
2169 3059 2486 3126 haesitatio,
2516 3068 2727 3132 metus,

824 3135 1304 3210 pusillanimitas,
1334 3154 1469 3208 quae
1499 3137 1735 3209 proprie
1775 3136 2007 3191 fiduciae
2041 3142 2395 3208 repugnant,
2427 3136 2516 3191 illi
2546 3156 2730 3210 oppo-

303 3223 556 3283 nuntur,
589 3215 805 3271 Matth.
837 3215 956 3269 xiv.
989 3213 1082 3280 31,
1115 3219 1149 3245 “
1175 3212 1377 3268 Homo
1408 3221 1692 3282 ὄλιγὸτιπι,
1722 3231 1827 3269 cur
1855 3213 2288 3281 dubitasti,’'‚et
2316 3214 2436 3268 xxi.
2479 3213 2571 3283 21,
2604 3221 2639 3247 “
2665 3215 2727 3273 Si

313 3294 578 3349 habeatis
606 3294 801 3361 fidem,
832 3309 952 3347 non
982 3289 1393 3361 dubitabitis.”
1480 3290 1577 3347 Sic
1618 3293 1693 3347 de
1733 3290 2081 3347 Abrahamo
2104 3290 2341 3361 dicitur,
2364 3289 2617 3347 Roman.
2649 3293 2727 3353 iv.

316 3371 408 3439 20,
440 3372 602 3444 quod
631 3390 736 3444 per
766 3378 983 3425 amm-lav
1012 3376 1045 3401 “
1071 3386 1191 3424 non
1220 3368 1603 3438 haesitaverit,
1635 3370 1736 3425 sed
1765 3369 2145 3425 confirmatus
2171 3367 2354 3425 fuerit
2373 3369 2545 3425 fide.''
2578 3369 2725 3428 Luc.

316 3448 437 3505 viii.
464 3449 558 3517 25,
602 3448 911 3523 Apostolis
947 3446 1295 3504 timentibus
1319 3446 1378 3501 in
1404 3454 1770 3521 tempestate,
1798 3454 1831 3479 “
1854 3446 1955 3501 ubi
1979 3454 2067 3502 est
2086 3447 2230 3502 fides
2252 3448 2505 3516 vestra‚''
2530 3446 2728 3521 inquit

319 3526 602 3585 Christus.
662 3526 703 3583 J
708 3546 790 3583 ac.
819 3527 876 3605 (i.
906 3526 989 3604 6‚)
1022 3524 1154 3579 vult
1181 3542 1318 3579 eum
1347 3526 1451 3598 qui
1480 3525 1712 3598 aliquid
1742 3525 1907 3598 petit,
1931 3542 1968 3580 a
1996 3523 2125 3580 Deo
2154 3532 2350 3599 petere
2374 3543 2507 3582 cnm
2532 3526 2647 3583 fide
2669 3537 2729 3584 et

315 3624 433 3661 non
454 3608 783 3664 haesitando
807 3628 820 3675 ;
853 3605 958 3661 ubi
982 3602 1276 3660 haesitatio
1307 3604 1632 3677 opponitur
1652 3603 1964 3659 manifeste
1985 3603 2237 3673 fiduciae,
2263 3622 2395 3676 quae
2421 3605 2479 3660 in
2499 3604 2615 3661 fide
2637 3623 2727 3662 re-

315 3685 585 3757 quiritur.
634 3684 732 3741 Ita
759 3684 905 3741 alibi
927 3681 1194 3740 Christus
1216 3683 1634 3755 exprobrando
1657 3682 1963 3756 discipulis
1984 3681 2122 3737 fidei
2145 3682 2460 3751 defectum,
2485 3700 2604 3738 non
2624 3702 2726 3755 eos

314 3763 527 3834 arguit,
558 3765 717 3836 quod
751 3781 868 3818 non
901 3759 1328 3818 assentirentur
1350 3760 1618 3817 articulis
1650 3761 1806 3830 fidei,
1858 3761 1958 3816 sed
1990 3761 2154 3834 quod
2177 3760 2511 3817 diffiderent
2532 3768 2590 3816 et
2611 3762 2725 3820 sibi

315 3839 604 3896 timerent.

365 2407 409 2450 3.
430 2407 510 2451 Ab
532 2405 735 2450 effectis.

316 3111 360 3152 4.
391 3110 468 3153 Ab
491 3113 743 3167 oppositis.

906 3917 981 3972 X.
1027 3917 1080 3973 5.
1124 3917 1224 3974 Ab
1255 3917 1550 3992 Eoemplis
1588 3918 1876 3985 fidelium,
1907 3934 2163 3990 quorum
2206 3916 2351 3971 fides
2393 3916 2726 3973 celebratur

824 4003 1065 4068 propter
1091 3995 1388 4065 fiduciam,
1420 3996 1616 4068 qualis
1640 3994 1954 4061 Cananem,
1978 3992 2196 4048 Matth.
2225 4010 2319 4048 XV.
2344 3993 2437 4061 28,
2460 4000 2495 4025 “
2521 3993 2569 4051 O
2593 4013 2721 4051 mu·

315 4072 662 4146 lier,magna
689 4080 778 4129 est
823 4074 968 4128 fides
1012 4073 1172 4141 tua‚”
1203 4091 1322 4145 qua
1349 4074 1571 4131 scilicet
1592 4072 1926 4129 confidebat
1953 4071 2011 4126 in
2047 4069 2266 4127 Christi
2293 4071 2681 4143 promissione
2706 4096 2720 4143 3

315 4150 662 4220 Abrahami‚
699 4152 804 4225 qui
835 4159 985 4205 πίνη,
1006 4160 1341 4222 πληροφορηθεὶς
1386 4152 1606 4208 dicitur
1643 4149 1960 4205 credidisse
2004 4149 2114 4205 sub
2159 4166 2259 4222 spe
2288 4156 2496 4204 contra
2538 4168 2720 4223 spem,

315 4229 483 4286 Rom.
529 4230 606 4286 iv.
651 4231 765 4301 213
811 4229 1274 4302 Discipulorum‚
1300 4229 1405 4303 qui
1447 4231 1524 4286 ad
1570 4227 1873 4286 Christum
1910 4226 2277 4300 sequendum
2320 4226 2521 4282 omnia
2541 4229 2721 4285 relin-

307 4315 520 4379 quunt,
550 4309 694 4383 quia
720 4302 944 4365 norunt
984 4308 1046 4362 in
1075 4325 1144 4363 eo
1185 4325 1309 4363 esse
1337 4309 1518 4364 verba
1543 4306 1702 4373 vitae,
1733 4303 1775 4360 J
1778 4305 1873 4360 oh.
1905 4305 1981 4360 vi.
2031 4303 2143 4373 68;
2174 4302 2369 4373 Pauli,
2400 4304 2505 4377 qui
2536 4308 2722 4365 credit

313 4384 773 4444 misericordiam
802 4387 913 4444 sibi
941 4403 1065 4442 esse
1092 4384 1327 4453 factam,
1362 4386 1390 4442 1
1424 4386 1572 4441 Tim.
1604 4383 1641 4439 i.
1678 4383 1767 4438 16.
2630 4450 2631 4453 Ἴ

899 4464 1015 4520 XI.
1046 4462 1224 4519 Fides
1244 4464 1462 4519 dicitur
1484 4472 1732 4521 harei-:vacas
1760 4470 1845 4515 τῦν
1873 4468 2179 4529 stragem-ivus,
2218 4470 2296 4514 καὶ
2321 4469 2520 4530 ἵλεγχης
2548 4472 2633 4518 «νῦν
2653 4475 2719 4532 μὴ

363 4528 717 4628 ΡΟῗίξζζξαΞοῙῑῑ·
815 4552 1115 4611 βλεπομένων,
1148 4548 1181 4574 “
1207 4542 1536 4597 substantia
1562 4560 1762 4597 rerum
1793 4549 2176 4614 speratarum,
2207 4547 2267 4596 et
2294 4541 2717 4600 demonstratio

579 4601 641 4630 m.
814 4641 1021 4679 earum
1050 4640 1182 4694 quae
1213 4638 1332 4675 non
1383 4620 1718 4690 videntur,”
1752 4618 1905 4675 ch.
1951 4619 2027 4675 xi.
2062 4618 2113 4688 1,
2170 4638 2288 4675 non
2320 4626 2549 4676 tantum
2580 4622 2721 4695 quia

315 3967 355 4009 5.
389 3970 466 4012 Ab
489 3970 737 4025 exemplis.
