3221 5200
542 331 655 387 506
1353 347 1534 388 Locus
1581 346 1840 387 nscfflus
1885 345 2155 394 omarus
2563 323 2828 403 [QL‘AEST.
2862 345 2982 383 ΧΠ.

541 509 648 547 nec
680 497 1007 565 arrogasset
1037 489 1147 547 sibi
1177 488 1333 565 quod
1357 488 1466 546 Dei
1490 496 1628 562 erat,
1651 507 1757 545 nec
1779 487 2110 565 Discipulos
2134 485 2208 544 ad
2236 484 2505 543 fiduciam
2537 503 2652 541 non
2681 484 2884 542 minus
2916 485 2983 541 iu

545 589 606 627 se
656 588 828 645 quam
878 569 937 626 in
989 569 1160 627 Patre
1213 567 1533 645 ponendam
1579 569 1843 626 hortatus
1891 576 2059 625 esset.
2170 566 2264 624 Sic
2307 565 2446 622 alibi
2482 564 2698 640 passim
2726 563 2880 621 fides
2911 566 2979 621 in

547 648 838 707 Christum
870 669 1032 725 aeque
1061 669 1128 712 ac
1158 649 1217 706 in
1250 648 1478 705 Patrem
1508 648 1780 723 exigitur,
1814 656 1871 704 et
1900 647 1959 704 in
2006 645 2284 722 Symbolo
2313 644 2653 722 Apostolico
2675 652 2796 701 tres
2830 643 2977 701 Per—

546 747 701 786 sonae
734 728 860 786 S.S.
892 729 1192 786 Trinitatis
1221 728 1278 784 in
1327 728 1553 804 objecto
1582 727 1735 800 fidei,
1768 727 1966 784 ordine
1997 726 2098 784 sed
2128 745 2241 782 non
2273 725 2457 801 gradu
2485 723 2971 799 distinguuntur3

545 828 651 866 nec
681 808 796 865 alia
826 808 883 864 in
918 809 1164 881 Patrem,
1197 808 1311 863 alia
1359 808 1416 864 in
1463 807 1695 880 Filium,
1728 806 1843 863 alia
1871 806 1926 863 in
1963 806 2240 882 Spiritum
2267 805 2559 878 Sanctum,
2592 802 2695 860 sed
2723 823 2843 860 una
2871 823 2974 860 ea·

544 887 788 964 demque
819 888 876 944 in
905 897 1022 945 tres
1052 887 1191 945 istas
1225 887 1507 944 Personas
1534 886 1707 943 unius
1732 886 1979 944 Deitatis
2008 886 2152 943 fides
2180 885 2451 961 exigitur.
2537 886 2592 941 3.
2638 882 2788 955 Quia
2816 882 2973 941 fides

543 967 604 1024 in
653 987 870 1024 merum
916 967 1222 1039 hominem,
1272 965 1500 1042 qualem
1551 964 1843 1023 Sociniani
1890 965 2179 1023 Christum
2220 964 2465 1041 fingunt,
2498 962 2620 1020 sine
2650 962 2968 1038 sacrilegio

546 1047 683 1124 poni
715 1066 827 1104 non
859 1054 1066 1121 potest,
1100 1046 1320 1103 Jerem.
1352 1045 1494 1102 xvii.
1526 1047 1581 1101 5.

633 1125 822 1182 XIX.
870 1125 1059 1197 Quum
1090 1125 1352 1183 Christus
1381 1125 1478 1198 ait,
1511 1124 1652 1183 ‚Joh.
1684 1124 1785 1181 xii.
1817 1127 1912 1197 44,
1976 1126 2011 1156 ‘⁶
2032 1122 2140 1197 Qui
2172 1123 2354 1181 credit
2397 1123 2455 1179 in
2484 1142 2592 1196 me,
2624 1140 2742 1178 non
2780 1121 2973 1179 credit

548 1206 606 1262 in
636 1223 726 1262 me
757 1203 860 1261 sed
886 1204 946 1261 in
976 1224 1105 1263 eum
1157 1206 1256 1281 qui
1286 1204 1442 1262 misit
1491 1204 1642 1276 me,''
1687 1224 1803 1261 non
1834 1205 1961 1261 vult
2009 1202 2263 1279 seipsum
2292 1201 2600 1261 excludere
2628 1201 2702 1258 ab
2731 1200 2972 1276 objecto

545 1283 682 1341 fidei
713 1284 999 1359 primariO,
1033 1284 1135 1342 sed
1165 1284 1257 1341 vel
1287 1284 1543 1359 loquitur
1571 1303 1646 1341 ex
1674 1282 2000 1360 hypothesi,
2033 1302 2237 1358 nempe
2267 1303 2341 1340 ex
2371 1282 2516 1339 falsa
2546 1280 2817 1357 opinione
2846 1280 2891 1339 J
2896 1301 2967 1338 u-

548 1363 819 1437 daeorum,
852 1364 951 1439 qui
981 1363 1168 1440 ipsum
1197 1363 1416 1421 nudum
1467 1362 1757 1420 hominem
1802 1383 1947 1436 esse,
1979 1372 2036 1420 et
2065 1362 2283 1437 absque
2313 1361 2585 1419 mandato
2610 1360 2723 1417 Dei
2752 1359 2967 1418 docere

549 1442 874 1516 credebant,
908 1450 971 1500 ut
999 1443 1042 1502 J
1047 1444 1139 1500 oh.
1170 1443 1268 1500 vii.
1306 1445 1417 1516 16;
1463 1441 1559 1499 vel
1603 1461 1720 1499 non
1761 1443 2021 1500 absolute
2072 1441 2492 1517 intelligendus
2521 1450 2625 1514 est,
2657 1439 2760 1496 sed
2808 1459 2969 1497 com-

547 1531 761 1598 parate,
794 1522 871 1579 id.
902 1542 1018 1579 non
1045 1531 1181 1597 tam,
1213 1521 1309 1579 vel
1337 1529 1579 1595 tantum,
1629 1521 1688 1578 in
1719 1541 1826 1596 me,
1860 1522 1962 1579 sed
1991 1521 2162 1580 etiam
2194 1522 2252 1578 in
2282 1541 2412 1579 eum
2442 1520 2541 1596 qui
2570 1518 2727 1577 misit
2753 1539 2865 1593 me,
2897 1529 2966 1578 ut

555 1603 739 1659 Maro.
772 1602 852 1659 ix.
884 1605 981 1660 37.

634 1681 787 1739 XX.
835 1683 1024 1755 Quum
1078 1681 1303 1754 PetruS‚
1349 1680 1547 1757 primae
1577 1700 1701 1757 cap.
1748 1679 1783 1736 i.
1829 1682 1924 1753 21,
1986 1683 2022 1712 ‘⁴
2055 1681 2101 1736 F
2107 1679 2324 1738 ideles''
2356 1679 2438 1738 ait
2482 1683 2640 1755 “per
2668 1677 2969 1737 Christum

544 1760 772 1819 credere
823 1761 881 1818 in
934 1762 1180 1833 Deum‚''
1231 1781 1349 1818 non
1395 1768 1654 1818 removet
1700 1759 1990 1817 Christum
2020 1760 2093 1817 ab
2139 1759 2398 1836 ejusdem
2443 1758 2654 1836 objecti
2691 1758 2959 1832 ambitu;

552 1840 667 1899 Sed
714 1841 922 1917 partim
974 1861 1205 1898 causam
1256 1850 1314 1899 et
1358 1840 1656 1898 authorem
1707 1839 1840 1897 fidei
1888 1839 2072 1914 docet,
2104 1840 2313 1916 partim
2342 1839 2599 1898 ordinem
2629 1847 2810 1910 notat,
2843 1858 2967 1914 quo

550 1920 696 1978 fides
727 1921 990 1978 ascendit
1019 1920 1095 1978 ad
1126 1920 1332 1995 Deum,
1358 1940 1474 1977 non
1503 1919 1849 1992 immediate,
1883 1919 1985 1976 sed
2014 1919 2261 1978 mediate
2289 1940 2392 1996 per
2421 1919 2712 1978 Christum
2744 1918 2975 1976 Media·

546 2008 747 2057 torem.
837 2000 952 2058 Sed
980 1999 1121 2057 ordo
1150 2002 1258 2058 iste
1289 1999 1710 2076 sapientissimo
1742 1998 1853 2056 Dei
1882 1999 2121 2057 consilio
2168 1999 2515 2058 constitutus
2542 1998 2686 2056 nihil
2716 1997 2969 2075 derogat

553 2079 870 2155 aequalitati
905 2080 1306 2138 Personarum.

634 2158 821 2216 XXI.
869 2159 1074 2217 Honor
1116 2168 1175 2217 et
1215 2159 1399 2236 gloria
1441 2157 1654 2216 dicitur
1694 2158 1911 2216 tributa
1954 2158 2182 2216 Christo
2225 2158 2480 2216 exaltato
2523 2177 2558 2214 a
2588 2157 2776 2230 Patre,
2810 2157 2974 2217 Phil.

552 2238 611 2295 ii.
643 2240 697 2312 9,
735 2241 827 2314 10,
865 2242 955 2314 11,
987 2237 1061 2296 ad
1085 2238 1319 2314 cultum,
1346 2258 1460 2296 non
1491 2238 1657 2314 quasi
1675 2258 1743 2295 ea
1766 2237 2012 2296 caruerit
2038 2246 2223 2313 antea,
2258 2238 2420 2316 (quia
2446 2237 2590 2295 fides
2608 2237 2666 2294 in
2688 2237 2883 2313 ipsum
2915 2248 2982 2296 et

549 2317 808 2376 adoratio
844 2319 966 2393 jam
1009 2327 1294 2396 praecepta
1335 2318 1534 2392 fuerat,
1584 2317 1736 2376 Psal.
1781 2317 1840 2375 ii.
1891 2321 1980 2391 12,
2027 2318 2141 2375 imo
2184 2317 2257 2374 ab
2300 2326 2513 2375 aeterno
2550 2316 2709 2374 illam
2741 2316 2972 2390 habuit,

552 2397 691 2455 Joh.
743 2398 885 2455 xvii.
935 2397 1018 2476 5,)
1052 2398 1154 2456 sed
1199 2406 1485 2474 quatenus
1527 2397 1587 2454 in
1639 2416 1808 2455 carne
1838 2405 1896 2455 et
1924 2417 2053 2456 cum
2084 2417 2153 2455 ea
2181 2397 2502 2456 declaratus
2531 2404 2619 2454 est
2647 2405 2705 2454 et
2733 2397 2980 2472 agnitus

554 2476 739 2534 Filius
772 2476 898 2551 Dei,
931 2478 1031 2553 qui
1060 2486 1229 2536 antea
1255 2477 1474 2535 latebat
1503 2477 1610 2534 sub
1639 2477 1771 2534 velo
1803 2476 2005 2535 Carnis
2033 2485 2306 2553 tanquam
2336 2496 2527 2535 merus
2556 2477 2747 2534 hom0.
2869 2487 2873 2491 ’

1465 2715 1853 2789 QUAESTIO
1897 2716 2051 2773 ΧΠ.

555 2871 648 2930 An
677 2873 847 2931 Fidei
868 2872 1244 2950 Justificantis
1278 2875 1556 2949 Oly’ectum
1575 2838 1882 2951 propriu-m
1909 2876 2020 2935 sive
2047 2876 2379 2953 specificam,
2410 2875 2482 2932 sit
2508 2874 2817 2933 Promissio
2847 2897 2976 2952 spe-

862 2954 1019 3012 cialis
1046 2954 1456 3012 Misericordiae
1485 2955 1541 3012 in
1574 2954 1796 3014 Christo
1819 2958 1846 3013 ‚²
1930 2955 2153 3013 Affirm.
2186 2963 2386 3013 contra
2416 2955 2644 3013 Pontifi.

639 3113 685 3172 Ι.
732 3113 897 3172 Licet
942 3134 1015 3172 ex
1060 3113 1150 3190 iis,
1195 3134 1324 3191 quae
1366 3113 1438 3172 de
1479 3114 1692 3172 fiducia
1732 3114 1888 3173 dicta
1931 3122 2064 3172 sunt
2108 3114 2215 3188 Qu.
2262 3115 2345 3173 X.
2383 3115 2504 3191 jam
2535 3114 2753 3190 liquere
2783 3116 2978 3190 possit

553 3192 725 3251 fidem
782 3194 842 3251 in
899 3195 1142 3271 Objecto
1200 3214 1303 3252 suo
1360 3194 1720 3270 potissimum
1775 3194 2059 3270 respicere
2103 3195 2408 3271 specialem
2466 3193 2975 3271 misericordiam;

555 3272 703 3346 Quia
744 3283 935 3332 tamen
979 3274 1186 3332 acriter
1227 3274 1297 3331 de
1340 3293 1409 3331 eo
1452 3282 1674 3332 certant
1718 3273 2023 3348 Pontificii,
2064 3283 2129 3332 ut
2169 3273 2303 3332 fidei
2334 3273 2733 3332 certitudinem
2764 3273 2980 3333 fortius

553 3351 909 3428 impugnent,
942 3361 1001 3410 et
1029 3353 1102 3409 ad
1131 3353 1346 3410 nudum
1376 3373 1442 3409 ac
1472 3352 1789 3430 simplicem
1818 3372 2111 3411 assensum
2145 3362 2481 3431 conceptum
2513 3354 2639 3430 ejus
2668 3353 2977 3411 formalem

553 3430 818 3505 referant,
851 3432 922 3488 de
952 3452 1019 3489 ea
1048 3432 1221 3489 etiam
1250 3432 1564 3508 quaestione
1594 3433 1792 3509 paucis
1821 3441 1923 3490 est
1936 3433 2242 3509 agendum.

1159 3510 1242 3568 ΙΙ.
1288 3510 1436 3584 Quia
1465 3512 1811 3584 Quaestionis
1840 3520 2023 3570 status
2065 3532 2216 3589 saepe
2260 3513 2591 3587 involvitur,
2640 3513 2886 3571 Observ.
2916 3517 2975 3572 1.

607 3563 986 3665 stagsszicguaes-
1078 3589 1206 3645 Non
1247 3590 1426 3665 quaeri
1475 3590 1546 3648 de
1596 3593 1816 3667 Objecto
1858 3593 2136 3650 communi
2174 3601 2232 3651 et
2272 3592 2574 3670 adaequato
2612 3592 2765 3667 fidei,
2810 3593 2981 3670 quod

1077 3677 1295 3726 certum
1336 3677 1425 3727 est
1466 3689 1590 3728 esse
1630 3679 1813 3730 totum
1859 3672 1969 3729 Dei
2013 3672 2290 3747 Verbum,
2335 3682 2400 3731 ut
2427 3684 2596 3731 antea
2622 3672 2832 3745 visum,
2866 3673 2979 3730 sed

555 3745 627 3803 de
663 3747 883 3821 Objecto
910 3748 1142 3822 speciali
1166 3757 1216 3805 el
1235 3749 1495 3824 propri0‚
1529 3759 1586 3808 et
1616 3759 1784 3827 prout
1826 3771 1861 3808 a
1900 3751 2138 3828 reliquis
2167 3752 2298 3811 fidei
2331 3753 2631 3829 speciebus
2660 3752 2982 3828 distingui-

552 3834 678 3902 tur;
711 3826 867 3904 quod
895 3827 1284 3904 pertendimus
1307 3849 1432 3887 esse
1477 3831 1911 3906 promissionem
1941 3832 2352 3908 Evangelicam
2384 3832 2454 3890 de
2485 3833 2713 3890 Christo
2745 3831 2983 3888 Media—

551 3914 693 3983 tore,
746 3916 803 3965 et
845 3907 1078 3984 speciali
1121 3908 1525 3984 misericordia,
1557 3930 1687 3985 quae
1730 3911 1789 3967 in
1831 3911 1956 3987 ipso
1995 3911 2164 3970 datur
2206 3911 2570 3970 credentibus
2600 3921 2657 3970 et
2684 3912 2981 3988 poeniten·

550 3987 724 4045 tibus,
811 3988 1066 4046 Eatenus
1085 3990 1236 4046 enim
1260 3989 1485 4066 proprie
1509 3990 1792 4065 justificat
1820 4000 1878 4049 et
1906 3991 2112 4067 salvat,
2145 4002 2427 4068 quatenus
2458 3990 2671 4049 Christi
2700 3991 2983 4049 meritum

551 4067 612 4123 in
643 4067 839 4125 Verbo
871 4068 1179 4145 Evangelii
1223 4069 1330 4127 sibi
1375 4070 1693 4128 revelatum
1735 4071 2112 4146 apprehendit
2155 4081 2213 4130 et
2255 4071 2635 4147 amplectitur,
2681 4079 2740 4128 et
2780 4069 2985 4130 fidelis

548 4166 664 4204 non
714 4156 938 4206 tantum
986 4149 1116 4206 aliis
1164 4149 1546 4224 credentibus,
1589 4149 1690 4207 scd
1736 4150 1845 4207 sibi
1895 4170 2123 4228 quoque
2152 4151 2425 4229 privatim
2465 4150 2736 4225 credenti,
2769 4150 2981 4208 remis-

551 4226 770 4285 sionem
799 4237 1163 4303 peccatorum
1197 4230 1407 4287 Christi
1437 4230 1641 4288 merito
1671 4240 1891 4306 partam
1923 4250 2048 4288 esse
2078 4230 2316 4289 firmiter
2345 4231 2543 4289 credit.

629 4306 750 4364 ΙΙΙ.
796 4308 928 4365 Non
957 4308 1246 4384 quaeritur,
1281 4309 1379 4365 An
1407 4310 1711 4386 promissio
1742 4310 2006 4386 specialis
2034 4310 2441 4369 miscricordiae
2472 4310 2743 4387 respiciat
2771 4329 2988 4370 omnes

547 4394 604 4443 et
647 4386 907 4461 singulos
949 4387 1226 4460 homines,
1281 4389 1490 4464 quibus
1545 4390 1884 4466 proponitur
1927 4389 2347 4465 Evangelium3
2414 4390 2517 4449 sed
2560 4390 2658 4447 An
2702 4390 2988 4465 respiciat

548 4483 748 4522 omnes
777 4474 834 4524 et
865 4467 1124 4542 singulos
1154 4467 1369 4549 fissdeleS,
1417 4469 1627 4543 quibus
1670 4469 1820 4527 facta
1863 4479 1949 4527 est
1970 4472 1998 4527 P
2081 4470 2248 4544 Quod
2277 4490 2392 4527 non
2425 4471 2565 4528 satis
2594 4469 2917 4527 attenditur
2950 4492 2993 4529 a

547 4544 741 4617 variis,
787 4546 886 4620 qui
930 4566 1002 4604 ex
1046 4566 1115 4603 eo
1157 4546 1314 4623 quod
1358 4547 1553 4606 Nostri
1590 4549 1888 4625 disputant
1931 4558 2128 4608 contra
2173 4550 2508 4608 Pontificios
2549 4549 2725 4607 fidem
2753 4548 2987 4609 habere

545 4640 649 4695 pro
680 4623 906 4697 objecto
937 4626 1241 4699 specialem
1271 4626 1739 4702 misericordiam,
1786 4628 2067 4705 colligunt
2109 4630 2413 4707 specialem
2447 4630 2614 4687 istam
2644 4628 2988 4687 misericor-
