3221 5200
254 384 487 433 666661.
521 362 619 445 6.]
1304 382 1382 425 ns
1414 384 1567 425 1666
1599 382 1717 425 usi.
2597 368 2666 426 17

247 526 444 601 fratre,
476 526 579 602 qui
607 535 741 584 sunt
768 545 901 583 caro
928 534 988 584 et
1016 525 1207 603 imago
1236 528 1505 603 parentis,
1551 528 1915 586 venerandus
1942 537 2032 586 est
2060 527 2182 605 ipse
2223 547 2448 605 parens,
2480 537 2539 586 et
2567 547 2665 586 ve-

249 606 533 664 recundia
569 605 846 663 naturalis
890 606 1001 664 hoc
1043 606 1343 683 prohibet:
1391 607 1563 666 Unde
1608 608 1874 666 Gentiles
1911 607 2038 683 ipsi,
2084 616 2148 666 ut
2180 608 2363 682 Plato,
2408 608 2509 665 lib.
2540 606 2662 665 viii.

249 684 327 743 de
351 685 623 762 Legibus,
644 685 784 743 talia
810 686 1084 762 conjugia
1101 695 1272 744 vocat
1295 685 1537 763 μηδαμῦς
1567 692 1680 745 bem
1705 714 1794 744 me
1820 690 2041 755 sumai.
2075 688 2294 746 minime
2318 688 2429 763 pia
2456 697 2510 745 et
2535 689 2664 745 Deo

248 765 447 840 inveba,
472 776 531 823 et
550 764 790 823 Diodor.
814 766 988 839 Sicu.,
1010 765 1161 823 libro
1180 766 1238 841 i.,
1260 766 1402 825 dicit
1429 788 1555 827 esse
1584 773 1731 826 κοινὸν
1759 766 1849 832 ἔθος
1884 770 2156 848 ἅιθςαποι,
2198 787 2537 825 communem
2564 769 2661 825 Ιιο-

244 846 460 903 minum
504 864 731 919 morem,
763 865 833 902 ne
859 848 1086 919 fratres
1130 846 1492 905 miscerentur
1534 869 1660 906 cum
1703 848 2002 920 sororibus,
2034 847 2172 924 quia
2211 847 2561 906 cohabitatio
2603 855 2663 905 et

244 924 549 983 convictus
576 924 950 1001 quotidianus
977 944 1271 1002 nunquam
1300 934 1534 985 vacaret
1575 928 1902 1005 suspicione
1928 927 2115 986 illiciti
2143 927 2371 1001 amoris,
2408 936 2467 986 et
2494 947 2660 986 occa·

244 1004 467 1063 sionem
496 1003 660 1063 daret
689 1004 904 1081 stupris
931 1013 990 1063 et
1016 1004 1332 1081 adulteriis,
1379 1007 1430 1065 si
1456 1007 1595 1066 talia
1623 1009 1794 1084 conju
1841 1010 1894 1066 ‘a
1921 1007 2082 1065 licita
2108 1017 2302 1065 essent
2327 1029 2341 1066 ε
2390 1007 2506 1065 Sed
2543 1026 2660 1064 non

242 1103 569 1161 repugnare
599 1084 734 1143 Juri
762 1084 1011 1142 naturali
1037 1085 1309 1162 primario
1337 1096 1396 1144 et
1423 1087 1724 1162 absoluto;
1830 1089 1912 1146 ‘as
1942 1088 2103 1146 Deus
2131 1087 2230 1163 qui
2260 1086 2513 1163 seipsum
2542 1106 2659 1144 non

242 1164 514 1239 abnegat,
546 1165 618 1222 de
647 1184 716 1222 eo
758 1184 1054 1241 nunquam
1092 1164 1424 1242 dispensare
1464 1168 1764 1243 potuisset,
1809 1188 1916 1226 neo
1956 1167 2131 1226 talem
2173 1167 2656 1244 conjunctionem,

242 1244 555 1319 nequidem
615 1244 723 1302 sub
787 1243 989 1302 mundi
1030 1243 1275 1320 initium,
1316 1247 1414 1304 vel
1456 1246 1801 1306 instituisset
1844 1248 1984 1325 ipse,
2029 1247 2125 1304 vel
2169 1247 2487 1322 probasset.
2575 1246 2660 1309 Ut

241 1343 384 1400 ergo
412 1343 604 1382 rerum
652 1323 988 1383 constitutio
1032 1344 1067 1382 a
1111 1325 1408 1384 voluntate
1450 1326 1562 1385 Dei
1605 1326 1838 1404 pendet,
1884 1326 2073 1404 potuit
2112 1325 2173 1383 in
2211 1326 2384 1385 certis
2425 1326 2657 1385 casibus

241 1423 388 1474 eam,
422 1404 472 1461 si
501 1424 619 1461 non
646 1404 927 1479 absolute,
950 1413 1010 1463 at
1038 1403 1354 1463 secundum
1382 1405 1525 1482 quid
1546 1414 1605 1464 et
1633 1406 1694 1463 in
1722 1415 1879 1465 certo
1907 1426 2098 1464 rerum
2126 1414 2298 1480 statu,
2329 1406 2652 1480 immutare,

241 1491 415 1559 prout
442 1483 718 1560 expedire
744 1484 911 1542 novit
936 1483 1012 1541 ad
1051 1484 1318 1543 humanas
1356 1485 1649 1544 societatis
1692 1486 2221 1560 conservationem;
2267 1486 2346 1543 Et
2387 1486 2524 1562 quia
2551 1506 2654 1544 vo·

243 1563 354 1621 luit
380 1583 456 1621 ex
481 1583 599 1621 uno
629 1563 911 1640 sanguine
939 1583 1139 1622 omnes
1159 1566 1353 1639 nasci3
1397 1585 1633 1625 necesse
1660 1565 1770 1624 fuit
1786 1574 1926 1626 tuno
1950 1567 2010 1624 in
2037 1575 2249 1625 natura
2275 1566 2657 1624 consciscenda

243 1642 419 1700 talem
467 1643 933 1721 conjunctionem
973 1643 1165 1702 locum
1214 1644 1444 1705 habere.
1528 1647 1813 1704 Caeterum
1850 1646 2118 1723 quamvis
2159 1665 2454 1738 nunquam
2494 1645 2657 1704 licita

242 1722 428 1798 possit
455 1743 580 1781 esse
610 1723 944 1799 conjunctio
970 1732 1272 1800 parentum
1302 1744 1434 1782 cum
1461 1725 1677 1800 liberis,
1721 1745 1838 1783 non
1866 1725 2067 1783 eadem
2094 1734 2185 1782 est
2220 1734 2367 1783 ratio
2395 1725 2655 1801 conjugii

242 1800 484 1860 fratrum
522 1823 654 1862 cum
696 1802 1024 1879 sororibus;
1067 1804 1205 1880 quia
1244 1805 1567 1863 reverentia
1605 1805 1857 1864 filiorum
1899 1824 2039 1881 erga
2079 1813 2345 1880 parentes
2386 1804 2657 1862 absoluta

242 1889 333 1940 est
375 1891 434 1941 et
474 1882 804 1958 intrinseca,
836 1903 965 1959 quse
1007 1904 1303 1961 nunquam
1343 1884 1553 1943 auferri
1580 1892 1806 1962 potest3
1852 1884 1955 1942 sed
1984 1903 2245 1943 sororum
2281 1903 2427 1961 erga
2447 1883 2655 1943 fratres

240 1969 334 2020 est
359 1970 584 2021 tantum
612 1962 941 2021 extrinseca
966 1972 1024 2023 et
1050 1964 1310 2039 relativa,
1351 1973 1637 2040 quatenus
1667 1973 1801 2023 sunt
1828 1972 2052 2023 tantum
2080 1965 2273 2040 imago
2313 1972 2652 2040 parentum;

243 2039 388 2100 Ideo
415 2043 560 2100 nihil
598 2043 792 2101 obstat
817 2037 972 2101 11666
999 2053 1323 2120 respectum
1364 2044 1620 2103 cohiberi
1648 2064 1683 2103 a
1712 2045 1856 2119 Deo,
1903 2064 1976 2102 ne
2019 2044 2078 2101 in
2106 2044 2216 2101 hac
2257 2044 2354 2101 vel
2380 2044 2484 2101 illa
2523 2063 2651 2120 per·

242 2140 401 2196 sona,
432 2123 526 2180 cui
553 2123 888 2181 nubendum
917 2131 1020 2198 est,
1053 2124 1276 2183 emicet.

326 2202 586 2261 XXXI.
633 2202 800 2261 Idem
843 2202 1150 2261 dicendum
1193 2204 1267 2262 de
1307 2206 1460 2280 [ιρι
1500 2204 1818 2276 Leviratus,
1873 2203 2189 2261 Deuteron.
2245 2222 2390 2261 xxv.
2438 2204 2492 2276 5,
2550 2222 2655 2279 per

242 2300 420 2357 quam
445 2282 592 2340 levir
634 2302 737 2341 seu
765 2282 941 2341 frater
966 2283 1268 2358 demortui,
1300 2303 1543 2342 uxorem
1570 2283 1764 2341 fratris
1792 2283 2001 2341 ducere
2030 2281 2335 2352 tenebatur
2366 2281 2442 2340 ad
2469 2282 2649 2352 susci-

244 2360 490 2419 tandum
516 2362 604 2419 illi
636 2381 866 2421 semen:
915 2363 978 2421 Si
1005 2363 1364 2440 intelligatur
1392 2363 1465 2421 de
1495 2363 1709 2421 Leviro
1736 2362 1966 2439 proprie
1995 2361 2152 2420 dicto
2186 2381 2288 2420 seu
2316 2356 2491 2421 fratr'e
2521 2382 2650 2438 ger-

242 2460 438 2515 mano,
472 2449 536 2499 ut
562 2441 802 2501 Judaeos
830 2442 1189 2501 intellexisse
1218 2452 1462 2518 constat,
1490 2442 1702 2500 Matth.
1726 2441 1872 2500 xxii.
1888 2445 1986 2517 24,
1999 2444 2109 2500 25:
2152 2440 2423 2500 nimirum
2454 2461 2652 2500 casum

236 2520 421 2579 fuisse
447 2521 811 2598 peculiarem,
843 2523 905 2579 in
932 2542 1049 2599 quo
1078 2522 1242 2581 Deus
1276 2523 1604 2600 prospicere
1638 2521 1827 2581 voluit
1855 2520 2282 2580 conservationi
2308 2522 2565 2579 tribuum
2593 2529 2653 2580 et

236 2600 589 2661 familiarum
617 2604 817 2681 populi
846 2603 957 2662 sui.
1043 2603 1161 2663 Sed
1202 2604 1252 2662 si
1279 2604 1455 2664 latius
1488 2602 1838 2662 extendatur
1877 2603 1953 2660 ad
1980 2610 2293 2678 cognatum
2320 2600 2650 2679 proximum

181 2712 220 2738 ο.
235 2691 404 2740 extra
432 2682 650 2760 gradus
678 2683 1016 2760 prohibitos,
1045 2691 1113 2741 ut
1140 2703 1255 2742 non
1282 2683 1743 2761 improbabiliter
1763 2683 1969 2741 volunt
1990 2702 2106 2741 non
2133 2681 2305 2759 pauci
2331 2682 2444 2739 viri
2471 2682 2647 2758 docti,

235 2770 295 2819 et
317 2763 600 2821 Calvinus
628 2763 926 2840 imprimis,
957 2783 1064 2821 nec
1095 2783 1211 2821 vox
1250 2785 1382 2822 man
1424 2770 1726 2841 repugnat,
1757 2782 1887 2839 quae
1915 2771 2226 2839 cognatum
2273 2770 2375 2821 aut
2422 2762 2651 2821 affinem

234 2842 557 2917 quemlibet
584 2842 891 2920 significat,
936 2843 1126 2921 qualis
1166 2853 1289 2903 erat
1318 2844 1478 2904 Booz
1517 2843 1592 2901 ad
1632 2843 1793 2902 Ruth
1833 2842 2232 2918 Moabitidem,
2267 2842 2448 2914 Ruth.
2477 2842 2558 2901 iii.
2590 2846 2646 2918 9,

237 2922 470 2981 sublata
499 2923 611 2981 erit
638 2922 827 2981 omnis
855 2923 1183 2982 difficultas.

316 3002 618 3061 XXXII.
660 3002 795 3061 Non
823 3003 1219 3081 dispensatum
1245 3003 1356 3063 fuit
1383 3005 1459 3064 de
1487 3005 1647 3080 Lege
1689 3003 1828 3063 furti
1863 3023 1967 3080 per
2010 3004 2225 3062 factum
2256 3002 2650 3062 Israelitarum

237 3100 384 3139 vasa
412 3082 830 3160 AEgyptiorum
858 3084 1256 3159 auferentium,
1306 3088 1358 3143 1.
1404 3084 1553 3158 Quia
1580 3083 1692 3160 ipsi
1722 3083 1996 3159 AEgyptii
2021 3083 2176 3141 ultro
2204 3102 2347 3140 vasa
2383 3082 2485 3140 illa
2511 3101 2647 3140 con-

237 3170 555 3236 cesserunt,
611 3164 835 3222 Jehova
872 3164 1018 3222 enim
1058 3165 1374 3239 ,qr-atiosum
1413 3164 1750 3221 reddiderat
1781 3165 2060 3237 populum
2101 3163 2246 3218 hunc
2286 3170 2416 3218 ante
2464 3164 2650 3219 oculos

236 3243 658 3316 AEqyptiorum,
692 3246 837 3302 adeo
864 3253 927 3301 ut
957 3245 1215 3302 dederint
1240 3245 1351 3301 illis
1371 3243 1699 3318 petentibus,
1732 3250 1785 3298 et
1814 3241 1894 3297 sic
1919 3240 2304 3316 spoliaverunt
2328 3240 2646 3314 zfi'qyptios,

237 3321 431 3379 Exod.
455 3321 558 3380 xii.
582 3326 678 3397 33,
704 3325 800 3398 36,
832 3343 938 3381 nec
966 3324 1314 3382 abeuntibus
1341 3323 1444 3381 illa
1469 3321 1842 3399 repetierunt,
1870 3321 1987 3377 imo
2015 3318 2363 3395 expulerunt
2390 3338 2490 3376 eos
2517 3338 2649 3377 cum

234 3401 395 3459 vasis
418 3402 557 3474 suis,
583 3404 718 3460 dum
744 3404 1086 3462 vehementer
1113 3404 1394 3462 instabant
1411 3404 1574 3478 apud
1580 3404 1856 3477 populum
1861 3399 2198 3474 festinando
2221 3399 2498 3458 dimittere
2525 3418 2651 3457 eum

234 3501 264 3539 e
289 3501 400 3539 sua
427 3482 671 3557 reqione.
720 3482 817 3541 Sic
845 3503 961 3541 non
988 3493 1232 3560 possunt
1260 3484 1376 3542 dici
1401 3482 1682 3542 Israelitae
1710 3480 1974 3540 absolute
2003 3478 2223 3555 cepisse
2251 3499 2372 3538 rem
2401 3478 2648 3538 alienam

233 3560 439 3619 invitis
467 3560 738 3621 dominis.
784 3567 840 3621 2.
865 3563 1015 3637 Quia
1044 3563 1205 3622 Deus
1224 3565 1384 3641 juste
1412 3571 1688 3640 tanquam
1717 3579 2017 3638 supremus
2048 3559 2350 3634 Dominus,
2381 3559 2498 3619 imo
2519 3560 2645 3637 jus·

231 3648 327 3699 tus
343 3641 390 3700 J
394 3640 569 3716 udeX,
599 3641 755 3700 bona
776 3642 1194 3720 AEg-yptiorum
1221 3643 1521 3703 transtulit
1548 3643 1607 3700 in
1640 3641 1950 3714 Israelitas,
1981 3638 2057 3697 ad
2083 3640 2406 3708 mercedem
2433 3660 2648 3716 praece·

232 3719 498 3779 dentium
526 3721 806 3797 laborum,
830 3733 890 3782 et
918 3722 1076 3781 durae
1105 3723 1263 3782 illius
1291 3721 1588 3782 servitutis
1615 3742 1731 3799 qua
1757 3741 1858 3779 eos
1884 3728 2091 3778 natura
2131 3719 2344 3778 liberos
2374 3720 2650 3796 AEgyptii

230 3810 681 3877 oppresserant;
727 3810 792 3862 ut
819 3803 863 3861 J
866 3802 1020 3861 udex
1049 3803 1331 3880 permittit
1359 3801 1630 3861 creditori
1671 3801 1915 3878 pignora
1943 3818 2167 3858 sumere
2196 3799 2257 3856 in
2286 3798 2461 3857 domo
2486 3798 2646 3857 debi-

229 3880 396 3954 toris,
421 3889 527 3939 aut
553 3881 720 3939 illum
748 3882 810 3939 in
837 3883 1263 3958 possessionem
1291 3883 1573 3940 bonorum
1592 3881 1720 3958 ejus
1749 3879 2045 3954 immittit;
2089 3897 2207 3936 non
2235 3885 2427 3954 potest
2452 3887 2646 3944 autem

227 3979 364 4018 esse
394 3959 615 4019 furtum
643 3961 802 4037 quod
842 3962 910 4020 fit
951 3962 1300 4022 authoritate
1328 3963 1371 4021 J
1376 3961 1580 4020 udicis.
1624 3964 1680 4019 3.
1713 3958 2039 4036 Nequidem
2066 3958 2179 4034 ipsi
2210 3955 2485 4031 AEgyptii
2512 3976 2644 4014 666-

227 4039 346 4098 seri
375 4049 623 4116 possunt
647 4040 896 4118 legitimi
930 4042 1149 4101 domini
1191 4043 1252 4099 in
1279 4041 1404 4101 foro
1445 4042 1565 4118 poli
1607 4049 1667 4098 et
1707 4038 1862 4116 apud
1894 4039 2099 4111 Deum,
2144 4035 2247 4095 sed
2276 4042 2647 4110 usurpatores

226 4127 477 4192 tantum,
511 4128 576 4179 ut
603 4127 664 4179 et
691 4122 884 4180 caeteri
911 4121 1091 4199 impii,
1121 4123 1259 4181 licet
1284 4123 1345 4179 in
1374 4121 1498 4179 foro
1526 4121 1637 4178 soli
1666 4128 1725 4179 et
1752 4118 1907 4195 apud
1933 4117 2196 4176 homines
2223 4114 2372 4174 tales
2393 4112 2643 4172 habean-

223 4208 343 4258 tur.
429 4199 598 4259 Licet
626 4208 817 4259 autem
848 4201 1130 4262 Israelitae
1170 4221 1288 4260 non
1328 4200 1684 4260 reddiderint
1710 4197 1868 4275 quod
1894 4205 2096 4257 mutuo
2138 4201 2497 4271 acceperunt,
2530 4214 2646 4259 non

223 4279 363 4337 ideo
391 4288 640 4357 possunt
667 4280 782 4339 dici
809 4280 985 4358 fures,
1010 4281 1148 4359 quia
1174 4288 1488 4360 potuerunt
1514 4280 1731 4341 habere
1771 4277 2028 4337 animum
2056 4273 2360 4349 reddendi,
2404 4273 2455 4332 si
2484 4274 2647 4334 Deus

220 4359 524 4436 jussisset.

312 4439 652 4498 XXXIII.
698 4440 865 4500 Licet
905 4460 1022 4500 non
1048 4441 1272 4501 licitum
1318 4441 1393 4500 sit
1420 4440 1630 4500 falcem
1665 4440 1727 4498 in
1754 4440 2002 4498 alienam
2042 4453 2289 4493 messem
2316 4433 2641 4512 immittere,

219 4517 467 4577 libertas
506 4527 699 4578 tamen
728 4520 990 4597 legitime
1018 4522 1264 4581 dabatur
1304 4521 1443 4580 olim
1471 4521 1793 4579 viatoribus
1834 4514 2283 4589 transeuntibus,
2316 4514 2413 4572 vel
2456 4517 2646 4593 spicas

220 4598 525 4657 evellendi
567 4620 643 4657 ex
685 4620 845 4676 agro,
877 4600 975 4660 vel
1014 4622 1161 4660 uvas
1190 4601 1535 4679 decerpendi
1577 4621 1656 4658 ex
1693 4600 1883 4669 vinea,
1930 4594 2200 4656 sedandae
2227 4594 2396 4653 famis
2437 4597 2641 4674 gratia,

220 4677 552 4740 Deuteron.
611 4679 777 4739 xxiii.
830 4684 925 4756 23,
979 4685 1075 4758 24,
1128 4701 1243 4740 666
1292 4701 1396 4760 per
1435 4679 1925 4759 dispensationem
1962 4675 2139 4755 Legis
2182 4675 2340 4751 furti,
2398 4676 2502 4735 sed
2529 4696 2648 4754 ⁴per

318 4775 474 4817 rans
504 4777 573 4818 11.
2029 4797 2037 4804 -
2214 4775 2248 4813 s
