3221 5200
309 343 540 396 QuAEs'r.
571 326 752 411 ινα]
1305 348 1384 390 nr:
1413 350 1567 391 snos
1599 349 1718 392 nst.
2608 341 2720 400 103

314 514 443 552 esse
471 493 674 552 mortis
721 492 926 554 timore
956 491 1186 551 mori:”
1228 493 1490 569 Justitiae,
1539 494 1676 570 quia
1717 494 1890 553 homo
1934 513 2053 553 non
2090 493 2278 573 magis
2321 493 2592 557 dominus
2633 507 2723 559 est

314 594 436 633 suae
478 574 632 650 vitae,
681 592 855 650 quam
898 572 1139 646 alienae3
1184 592 1387 631 servus
1428 581 1518 632 est
1559 573 1660 650 qui
1700 574 1922 651 herum,
1962 575 2129 634 miles
2166 576 2267 653 qui
2308 576 2721 654 Imperatorem

315 655 527 729 habet;
572 654 633 712 in
661 654 909 712 statione
939 653 1254 711 collocatus
1283 661 1387 728 est,
1413 654 1743 719 λυπηᾶκπκ
1774 674 1901 714 esse
1930 675 2046 713 non
2076 655 2265 730 debet,
2296 677 2404 715 nec
2434 677 2538 716 suo
2567 659 2720 716 arbi·

315 735 431 795 trio
460 733 720 809 subduci,
769 733 875 792 sed
901 732 1090 791 alieno
1133 732 1322 791 solvi:
1368 734 1537 807 Quod
1578 735 1652 793 ab
1703 735 1828 812 ipso
1872 735 2141 812 Epicteto
2186 736 2401 813 optime
2436 746 2718 815 notatum,

314 814 417 891 qui
437 814 606 892 jubet
631 812 898 872 homines
939 809 1210 889 ἰιδέχισ-οιιι
1237 818 1316 871 τὶν
1343 815 1464 888 912»,
1510 814 1694 873 donec
1737 815 1968 893 signum
1998 816 2113 890 det,
2159 825 2218 877 et
2246 817 2436 877 solvat
2475 837 2583 876 nos
2610 820 2721 878 hoc

313 894 670 953 ministerio:
713 894 1076 969 Fortitudini‚
1125 894 1261 970 quia
1302 895 1484 952 oritur
1510 915 1587 953 ex
1628 894 1989 972 impatientia
2031 897 2168 954 mali
2211 896 2470 972 immissi,
2519 899 2721 958 velex

309 973 614 1033 formidine
645 973 1008 1047 immittendi,
1055 973 1178 1033 sive
1208 981 1272 1032 ut
1298 973 1446 1031 illud
1472 975 1793 1050 amoliatur,
1826 975 1950 1033 sive
1979 984 2044 1035 ut
2071 976 2167 1035 isti
2208 986 2533 1054 praevertat,
2564 979 2719 1037 unde

309 1053 567 1132 August.
596 1055 746 1113 bene
774 1064 964 1131 negat,
995 1054 1164 1112 libro.
1212 1056 1263 1112 1.
1295 1052 1367 1111 de
1398 1053 1461 1112 C.
1495 1056 1587 1130 D.‚
1634 1074 1759 1132 cap.
1789 1058 1885 1130 21,
1929 1055 2006 1113 ad
2041 1056 2219 1114 animi
2260 1058 2718 1133 magnitudinem

309 1136 616 1213 pertinere,
648 1144 707 1194 ct
735 1136 1009 1211 majorem
1052 1134 1306 1192 animum
1334 1133 1539 1193 merito
1568 1134 1876 1193 dicendum
1906 1155 2051 1211 esse,
2095 1137 2197 1213 qui
2225 1137 2405 1195 vitam
2436 1158 2717 1197 aerumno-

310 1235 437 1275 sam
466 1215 652 1292 magis
680 1223 871 1291 potest
899 1213 1062 1289 serre,
1106 1234 1279 1292 quam
1309 1213 1542 1291 fugere;
1592 1215 1901 1274 Consenaui
1932 1216 2351 1292 Sapientimm
2393 1216 2543 1276 inter
2571 1219 2717 1276 Eth-

308 1295 491 1370 nicOS,
523 1303 641 1355 tam
672 1296 1026 1370 Graecorum,
1057 1314 1231 1371 quam
1255 1294 1666 1370 Romanorum,
1697 1296 2055 1372 Pythagorae,
2082 1298 2352 1372 Platonis,
2383 1298 2715 1374 Aristotelis,

307 1376 550 1449 Senecae,
586 1375 887 1449 Ciceronis,
918 1383 976 1433 et
1002 1374 1264 1448 aliorum,
1295 1375 1394 1451 qui
1422 1375 1532 1433 hoc
1561 1375 1751 1434 scelus
1779 1395 1905 1434 esse
1934 1376 2201 1436 fatentur.
2275 1376 2402 1451 Quo
2430 1379 2720 1455 pertinent

309 1456 578 1533 exempla
597 1457 905 1535 αὖτοχιιςίιις
934 1455 1115 1514 relata
1143 1455 1202 1512 in
1229 1455 1557 1532 ScripturiS,
1588 1476 1718 1532 quae
1740 1457 1967 1514 nonnisi
1998 1456 2257 1516 scelestis
2285 1458 2632 1533 tribuuntur,
2658 1459 2718 1517 in

314 1536 505 1611 Saule,
556 1540 584 1595 1
623 1538 778 1596 Sam.
821 1535 988 1595 xxxi.
1032 1539 1105 1611 43
1150 1535 1554 1613 Achitophele,
1600 1540 1636 1595 2
1685 1535 1840 1595 Sam.
1880 1536 2023 1596 xvii.
2055 1541 2131 1596 23
2153 1560 2168 1617 ς
2211 1537 2374 1598 Juda
2417 1538 2714 1616 Iscariote,

312 1615 526 1676 Matth.
556 1617 743 1674 xxvii.
774 1619 830 1692 5,
861 1624 919 1675 et
948 1615 1083 1674 Act.
1114 1615 1152 1673 i.
1188 1618 1280 1673 18.

917 1695 1168 1755 XXIV.
1202 1696 1335 1753 Non
1363 1695 1520 1756 favet
1546 1697 1833 1778 αὖτοχαςίςι
1861 1696 2189 1774 exemplum
2218 1697 2522 1775 Sam-sonis,
2548 1699 2592 1759 J
2595 1698 2713 1759 udi.

835 1776 977 1852 xvi„
1008 1775 1145 1853 quia
1173 1776 1339 1834 ruina
1379 1776 1586 1835 domus
1615 1797 1786 1853 quam
1828 1778 2053 1851 evertit,
2086 1798 2148 1836 se
2178 1798 2293 1837 non
2322 1779 2512 1837 minus
2540 1799 2715 1856 quam

835 1855 980 1914 alios
1029 1856 1332 1933 oppressit.
1418 1856 1566 1931 Quia
1620 1856 1732 1915 hoc
1778 1858 2070 1935 singulare
2116 1857 2225 1917 suit
2270 1857 2501 1934 factum,
2554 1868 2716 1919 motu

314 1932 563 2011 Spiritus
596 1935 795 1995 Sancti
836 1936 1290 1995 extraordinario
1319 1945 1727 2014 perpetratum,
1759 1938 1915 2014 quod
1943 1945 2119 2015 patet,
2151 1946 2275 1998 tum
2303 1959 2376 1997 ex
2408 1938 2713 2016 Apostolo,

311 2013 493 2074 Hebr.
526 2015 606 2073 xi.
638 2019 733 2089 34,
765 2015 865 2093 qui
894 2036 1024 2074 eum
1053 2017 1163 2075 hoc
1191 2037 1294 2094 per
1321 2017 1491 2075 fidem
1523 2026 1781 2094 patrasse
1809 2017 1967 2092 dicit,
2000 2027 2122 2076 tum
2152 2038 2227 2076 ex
2254 2019 2538 2096 precibuS,
2571 2039 2717 2096 quas

305 2096 569 2173 concepit
587 2095 662 2153 ad
685 2096 873 2155 Deum
895 2116 999 2173 pro
1020 2097 1224 2156 robore
1243 2097 1700 2156 extraordinario
1719 2098 2123 2175 consequendo
2151 2098 2226 2156 ad
2246 2098 2400 2156 hunc
2424 2107 2633 2173 actum,
2658 2107 2718 2158 et

307 2194 505 2234 carum
548 2175 936 2252 exauditione,
967 2176 1111 2236 Jud.
1151 2178 1272 2236 xvi.
1304 2180 1399 2250 28,
1445 2177 1582 2236 dum
1617 2177 1777 2235 Deus
1804 2177 1982 2235 robur
2017 2177 2259 2253 addidit,
2292 2187 2350 2237 et
2385 2199 2715 2238 successum

307 2276 481 2332 quem
511 2256 745 2332 optabat
766 2257 1011 2334 largitus
1039 2266 1144 2332 est,
1166 2266 1231 2316 ut
1252 2258 1332 2316 ita
1353 2256 1596 2316 illustris
1626 2265 1778 2315 esset
1799 2266 1974 2335 typus
1998 2256 2212 2316 Christi
2241 2278 2509 2335 magnam
2531 2269 2716 2328 morte

311 2355 420 2394 sua
446 2337 696 2394 hostium
737 2347 992 2415 stragem
1021 2337 1264 2411 edend0,
1296 2347 1354 2396 et
1382 2337 1811 2395 incumbentem
1840 2336 2052 2395 cervici
2095 2338 2295 2414 populi
2337 2339 2426 2396 sui
2456 2340 2713 2416 tyranni-

311 2415 446 2474 dem
473 2416 805 2494 frangendo.
880 2418 1145 2495 Denique
1174 2418 1312 2494 quia
1337 2417 1470 2475 finis
1497 2416 1624 2490 fuit,
1656 2436 1773 2475 non
1801 2417 1946 2476 ultio
1973 2417 2200 2493 privata
2229 2417 2579 2495 simpliciter,
2612 2420 2715 2478 sed

309 2496 570 2556 vindicta
602 2498 801 2575 gloriae
832 2499 960 2573 Dei,
993 2498 1293 2576 religionis
1334 2506 1392 2557 et
1433 2497 1652 2577 populi,
1696 2505 1896 2575 utpote
1924 2496 2025 2575 qui
2054 2517 2297 2575 persona
2323 2498 2558 2576 publica
2585 2500 2711 2580 fuit,

307 2586 366 2638 et
397 2577 614 2637 vindex
643 2599 678 2637 a
704 2579 918 2658 populo
949 2579 1077 2638 Deo
1107 2578 1436 2639 suscitatus.

389 2659 605 2718 XXV.
652 2660 773 2718 Nec
815 2659 1082 2737 exempla
1111 2659 1407 2719 Eleazaris
1446 2658 1640 2719 fratris
1682 2658 1726 2719 J
1729 2658 1857 2718 udae
1901 2658 2235 2736 Maccabaei‚
2273 2663 2301 2720 1
2337 2660 2601 2721 Maccab.
2630 2663 2711 2723 vi.

306 2742 403 2815 43,
435 2744 531 2816 44,
565 2742 660 2816 45,
706 2739 808 2817 qui
850 2740 1005 2798 ultro
1050 2740 1277 2799 subruit
1305 2740 1707 2817 Elephantem,
1749 2749 1809 2799 et
1856 2740 1931 2798 ab
1975 2760 2044 2799 eo
2093 2742 2335 2800 obrutus
2383 2742 2592 2819 periit;
2653 2753 2713 2805 et

307 2819 521 2895 Raziae,
553 2840 658 2879 suo
708 2840 769 2879 se
819 2820 1015 2897 gladio
1057 2819 1390 2894 occidentia,
1436 2824 1472 2878 2
1518 2820 1781 2879 Maccab.
1824 2820 1947 2878 xiv.
1984 2824 2079 2896 41,
2112 2825 2219 2898 423
2263 2822 2400 2898 quia
2442 2843 2473 2882 e
2518 2823 2711 2883 Libris

308 2900 680 2977 Apocryphis
706 2908 999 2978 petuntur.
1064 2900 1186 2959 Nec
1215 2900 1572 2977 generositas
1600 2899 1863 2959 vocanda
1891 2909 1996 2974 est,
2029 2900 2131 2959 sed
2160 2921 2384 2960 summa
2413 2902 2710 2980 timiditas,

306 2981 357 3039 si
386 2981 516 3056 quis
557 2989 792 3058 propter
817 2980 1032 3038 malum
1076 2980 1375 3053 incertum,
1406 2980 1467 3038 in
1496 2980 1732 3038 totalem
1776 2980 1866 3039 sui
1896 2980 2344 3041 destructionem
2373 2983 2527 3041 ultro
2564 2992 2711 3043 ruat.

307 3059 431 3119 Nec
458 3060 572 3119 huc
600 3060 907 3138 pertinent,
939 3060 1040 3137 qui
1082 3060 1357 3120 extremis
1398 3059 1670 3136 periculis
1713 3078 1774 3118 se
1802 3079 1906 3135 pro
1934 3059 2120 3135 patria
2150 3062 2274 3119 sive
2308 3062 2509 3119 amicis
2551 3060 2710 3141 obje-

304 3161 451 3216 cere,
484 3150 543 3200 et
571 3160 676 3198 sua
703 3150 887 3200 morte
916 3140 1158 3199 aliorum
1188 3140 1666 3216 tranquillitatem
1694 3147 1753 3197 et
1795 3138 2036 3196 salutem
2076 3138 2355 3197 redimere
2384 3141 2711 3202 voluerunt.

308 3221 457 3295 Quia
484 3220 645 3279 aliud
672 3229 760 3279 est
803 3240 864 3279 se
904 3220 1176 3297 periculis
1219 3219 1470 3297 objicere
1512 3218 1855 3277 necessitate
1885 3226 2143 3294 urgente,
2176 3228 2234 3277 et
2261 3219 2565 3278 vocatione
2598 3221 2710 3280 Dei

303 3301 582 3378 peculiari
609 3301 943 3377 instigante,
974 3300 1134 3358 aliud
1161 3299 1273 3359 sibi
1303 3299 1413 3376 ipsi
1442 3317 1642 3356 necem
1672 3297 2048 3357 consciscere.
2119 3297 2241 3357 Nec
2270 3299 2370 3376 qui
2398 3300 2561 3376 ponit
2588 3302 2711 3358 ani-

301 3401 456 3439 mam
479 3401 581 3458 pro
604 3381 815 3458 aliqu0,
835 3380 974 3440 dum
996 3401 1111 3439 non
1133 3388 1361 3439 recusat
1381 3398 1485 3456 pro
1507 3397 1575 3437 eo
1597 3378 1774 3452 obire,
1800 3377 1992 3457 statim
2015 3377 2245 3459 αὖτᾶχιις
2268 3380 2488 3438 censeri
2507 3380 2708 3457 debet;

303 3462 448 3519 alias
468 3461 731 3520 Christus
753 3481 856 3538 pro
873 3460 1042 3519 nobis
1058 3460 1308 3519 animam
1325 3458 1593 3537 ponendo
1617 3458 1820 3517 suisset
1836 3458 2038 3535 αὖτέχιι
2072 3506 2085 3534 ,
2111 3459 2268 3538 quod
2289 3479 2457 3519 nemo
2475 3459 2709 3521 dixerit.

387 3541 640 3600 XXVI.
685 3542 929 3600 Factum
980 3561 1194 3616 eorum,
1246 3539 1348 3617 qui
1390 3559 1451 3598 se
1497 3539 1671 3599 simul
1721 3558 1851 3597 cum
1901 3541 2035 3597 navi
2079 3561 2148 3598 us
2189 3540 2425 3599 incenso
2469 3542 2710 3618 pulvere

300 3622 470 3698 pyrio
499 3622 727 3697 tollunt,
759 3631 824 3680 ut
852 3621 1043 3680 visum
1071 3640 1479 3697 nonnunquam
1510 3619 1571 3677 in
1597 3619 1807 3695 nautiS,
1839 3619 1940 3697 qui
1981 3620 2057 3678 ad
2098 3619 2307 3695 incitas
2332 3619 2567 3697 redacti,
2607 3642 2710 3680 na-

302 3721 435 3758 vem
465 3721 627 3759 suam
649 3700 1044 3777 incenderunt,
1077 3720 1149 3759 ne
1178 3700 1273 3759 vel
1301 3700 1413 3777 ipsi
1438 3699 1733 3777 tyrannidi
1761 3699 1959 3758 hostili
1987 3700 2225 3759 obnoxii
2253 3700 2472 3775 fierent,
2504 3701 2600 3760 vel
2621 3702 2709 3759 in·

303 3790 623 3840 strumenta
650 3781 875 3856 bellica,
907 3801 1036 3857 quae
1078 3781 1139 3838 in
1165 3788 1450 3858 potestate
1478 3777 1789 3855 habebant,
1828 3779 1889 3836 in
1918 3780 2118 3856 patriae
2160 3780 2402 3840 exitium
2443 3781 2711 3840 hostibus

303 3861 590 3935 cederent,
622 3869 682 3920 et
720 3870 787 3919 ut
824 3860 1025 3920 eadem
1054 3880 1228 3937 opera
1256 3860 1530 3918 damnum
1570 3859 1848 3918 inferrent
1874 3859 2156 3933 hostibus,
2201 3859 2360 3935 ipsos
2402 3879 2532 3917 cum
2571 3861 2710 3918 navi

302 3960 418 3999 una
454 3939 746 4015 tollendo;
808 3940 973 3999 Licet
1013 3960 1049 3998 a
1088 3939 1434 4018 quibusdam
1463 3939 1779 4015 Theologis
1818 3938 2109 4015 probetur,
2147 3938 2243 3995 vel
2285 3944 2595 3996 excusetur
2634 3939 2709 3998 ab

304 4022 606 4101 αὖτοχιιςιξι,
654 4020 791 4097 quia
833 4021 922 4078 sui
964 4040 1082 4078 non
1130 4019 1505 4078 intendebant
1561 4019 1874 4089 interitum,
1923 4017 2028 4075 sed
2081 4017 2335 4076 hostium
2377 4016 2594 4075 caedem
2651 4028 2710 4077 et

302 4101 517 4159 bonum
565 4100 816 4160 Patriae:
874 4099 1058 4158 Nobis
1102 4107 1295 4158 tamen
1339 4118 1467 4157 cum
1512 4098 1644 4156 aliis
1686 4096 1950 4175 pluribus
1989 4096 2435 4173 haudquaquam
2478 4096 2709 4172 probari

300 4189 524 4257 potest;
569 4180 708 4257 quia
735 4199 864 4237 cum
893 4180 1004 4238 hoc
1033 4187 1166 4237 actu
1194 4178 1408 4237 directe
1437 4186 1496 4236 et
1523 4176 1847 4236 voluntarie
1874 4185 2118 4235 mortem
2148 4176 2259 4234 sibi
2288 4175 2551 4248 inferant,
2584 4184 2708 4239 tan-

301 4280 472 4337 quam
516 4279 692 4318 causa
731 4259 974 4336 physica
1015 4267 1075 4316 et
1115 4259 1366 4332 moralis,
1410 4276 1528 4316 non
1568 4264 1812 4334 possunt
1854 4255 2097 4314 evadere
2140 4255 2356 4314 crimen
2397 4255 2708 4324 αὐτοφόνως

304 4339 700 4417 Praeterquam
727 4339 886 4432 quod
912 4339 973 4396 in
1002 4358 1071 4397 eo
1100 4347 1426 4415 repugnant
1434 4337 1671 4415 fiducioe
1699 4336 1757 4393 in
1790 4336 1995 4409 Deum,
2026 4334 2330 4394 limitando
2359 4335 2486 4413 ejus
2513 4340 2707 4413 provi7

301 4418 573 4494 dentiam,
606 4439 774 4496 quasi
813 4438 992 4496 penes
1035 4418 1222 4496 ipsum
1251 4438 1368 4476 non
1411 4417 1528 4475 sint
1567 4415 1727 4474 mille
1766 4414 2033 4474 elabendi
2058 4414 2188 4488 viae,
2221 4414 2393 4473 etiam
2437 4434 2569 4475 cum
2602 4436 2710 4477 nos

298 4498 414 4558 fere
443 4499 867 4559 conclamatum
890 4508 1193 4576 putamus;
1237 4498 1560 4556 Rudentiae
1579 4496 1933 4568 Christianae,
1957 4494 2093 4571 quia
2113 4502 2331 4553 certum
2360 4514 2427 4553 ac
2455 4515 2710 4573 praesens

299 4580 543 4638 exitium
588 4598 721 4638 cum
764 4578 983 4639 incerto
1012 4598 1151 4637 casu
1193 4587 1252 4638 et
1291 4585 1506 4636 eventu
1532 4576 1764 4650 librant,
1810 4582 1870 4634 et
1901 4575 2065 4632 illum
2093 4574 2229 4632 huic
2269 4576 2707 4653 praeponderare
2782 4592 2791 4599 ’

296 4659 531 4736 volunt3
562 4667 829 4737 poteraut
850 4658 1002 4717 enim
1020 4658 1150 4737 ipsi,
1174 4657 1439 4736 quamvis
1460 4676 1608 4735 pene
1630 4655 1790 4732 victi,
1814 4654 2135 4732 superiores
2157 4655 2423 4731 evadere,
2444 4665 2711 4734 poterant

390 1761 569 1807 Fontes
599 1761 737 1808 Solu-

450 1821 657 1866 tionum.
