<?xml version="1.0" encoding="UTF-8"?>
<!DOCTYPE html PUBLIC "-//W3C//DTD XHTML 1.0 Transitional//EN"
    "http://www.w3.org/TR/xhtml1/DTD/xhtml1-transitional.dtd">
<html xmlns="http://www.w3.org/1999/xhtml" xml:lang="en" lang="en">
 <head>
  <title>
</title>
<meta http-equiv="Content-Type" content="text/html;charset=utf-8" />
  <meta name='ocr-system' content='tesseract 3.04.00' />
  <meta name='ocr-capabilities' content='ocr_page ocr_carea ocr_par ocr_line ocrx_word'/>
</head>
<body>
  <div class='ocr_page' id='page_1' title='image "./institutiotheol01turrgoog_0490.png"; bbox 0 0 3221 5200; ppageno 0'>
   <div class='ocr_carea' id='block_1_1' title="bbox 562 326 3009 408">
    <p class='ocr_par' dir='ltr' id='par_1_1' title="bbox 562 326 3009 408">
     <span class='ocr_line' id='line_1_1' title="bbox 562 326 3009 408; baseline -0.001 -18"><span class='ocrx_word' id='word_1_1' title='bbox 562 340 679 397; x_wconf 82' lang='lat'>462</span> <span class='ocrx_word' id='word_1_2' title='bbox 1349 349 1532 390; x_wconf 74' lang='lat' dir='ltr'>Locus</span> <span class='ocrx_word' id='word_1_3' title='bbox 1561 347 1823 388; x_wconf 75' lang='lat' dir='ltr'>nscnws</span> <span class='ocrx_word' id='word_1_4' title='bbox 1851 346 2123 395; x_wconf 75' lang='lat' dir='ltr'>Quiu&#39;rUS.</span> <span class='ocrx_word' id='word_1_5' title='bbox 2611 326 2884 408; x_wconf 71' lang='lat' dir='ltr'>[omns‘r.</span> <span class='ocrx_word' id='word_1_6' title='bbox 2922 350 3009 391; x_wconf 74' lang='lat' dir='ltr'>tv.</span> 
     </span>
    </p>
   </div>
   <div class='ocr_carea' id='block_1_2' title="bbox 557 487 3008 583">
    <p class='ocr_par' dir='ltr' id='par_1_2' title="bbox 557 487 3008 583">
     <span class='ocr_line' id='line_1_2' title="bbox 557 487 3008 583; baseline -0.002 -29"><span class='ocrx_word' id='word_1_7' title='bbox 557 495 830 554; x_wconf 80' lang='lat' dir='ltr'><strong>infundit.</strong></span> <span class='ocrx_word' id='word_1_8' title='bbox 918 492 1017 550; x_wconf 85' lang='lat' dir='ltr'>Ad</span> <span class='ocrx_word' id='word_1_9' title='bbox 1052 493 1342 583; x_wconf 54' lang='lat' dir='ltr'>moralem,</span> <span class='ocrx_word' id='word_1_10' title='bbox 1388 490 1546 567; x_wconf 88' lang='lat' dir='ltr'>quod</span> <span class='ocrx_word' id='word_1_11' title='bbox 1574 489 1774 548; x_wconf 91' lang='lat' dir='ltr'>Verbo</span> <span class='ocrx_word' id='word_1_12' title='bbox 1802 488 1988 561; x_wconf 88' lang='lat' dir='ltr'>docet,</span> <span class='ocrx_word' id='word_1_13' title='bbox 2035 487 2293 562; x_wconf 89' lang='lat' dir='ltr'>inclinat,</span> <span class='ocrx_word' id='word_1_14' title='bbox 2338 487 2546 547; x_wconf 80' lang='lat' dir='ltr'><strong>suadet</strong></span> <span class='ocrx_word' id='word_1_15' title='bbox 2572 497 2634 547; x_wconf 90' lang='lat' dir='ltr'>et</span> <span class='ocrx_word' id='word_1_16' title='bbox 2659 489 3008 550; x_wconf 86' lang='lat' dir='ltr'>rationibus</span> 
     </span>
    </p>
   </div>
   <div class='ocr_carea' id='block_1_3' title="bbox 464 567 3002 651">
    <p class='ocr_par' dir='ltr' id='par_1_3' title="bbox 464 567 3002 651">
     <span class='ocr_line' id='line_1_3' title="bbox 464 567 3002 651; baseline -0.002 -18"><span class='ocrx_word' id='word_1_17' title='bbox 464 629 479 633; x_wconf 87' lang='grc'>-</span> <span class='ocrx_word' id='word_1_18' title='bbox 558 576 735 634; x_wconf 88' lang='lat' dir='ltr'>variis</span> <span class='ocrx_word' id='word_1_19' title='bbox 784 582 1060 651; x_wconf 90' lang='lat' dir='ltr'>tanquam</span> <span class='ocrx_word' id='word_1_20' title='bbox 1110 571 1359 630; x_wconf 88' lang='lat' dir='ltr'>vincuhs</span> <span class='ocrx_word' id='word_1_21' title='bbox 1408 570 1621 628; x_wconf 89' lang='lat' dir='ltr'>amoris</span> <span class='ocrx_word' id='word_1_22' title='bbox 1662 568 1738 627; x_wconf 87' lang='lat' dir='ltr'>ad</span> <span class='ocrx_word' id='word_1_23' title='bbox 1780 589 1841 627; x_wconf 90' lang='lat' dir='ltr'>se</span> <span class='ocrx_word' id='word_1_24' title='bbox 1880 567 2074 626; x_wconf 87' lang='lat' dir='ltr'>trahit.</span> <span class='ocrx_word' id='word_1_25' title='bbox 2179 568 2336 625; x_wconf 89' lang='lat' dir='ltr'>Hinc</span> <span class='ocrx_word' id='word_1_26' title='bbox 2374 569 2718 645; x_wconf 80' lang='lat' dir='ltr'>Augustino</span> <span class='ocrx_word' id='word_1_27' title='bbox 2768 572 3002 647; x_wconf 72' lang='lat' dir='ltr'>passim</span> 
     </span>
    </p>
   </div>
   <div class='ocr_carea' id='block_1_4' title="bbox 549 648 3002 4726">
    <p class='ocr_par' dir='ltr' id='par_1_4' title="bbox 549 648 3002 1371">
     <span class='ocr_line' id='line_1_4' title="bbox 557 648 3002 728; baseline -0.002 -15"><span class='ocrx_word' id='word_1_28' title='bbox 557 655 788 713; x_wconf 88' lang='lat' dir='ltr'>nomine</span> <span class='ocrx_word' id='word_1_29' title='bbox 815 653 1054 728; x_wconf 60' lang='lat' dir='ltr'>victricis</span> <span class='ocrx_word' id='word_1_30' title='bbox 1082 651 1458 711; x_wconf 73' lang='lat' dir='ltr'><em>delectationis</em></span> <span class='ocrx_word' id='word_1_31' title='bbox 1500 649 1748 726; x_wconf 82' lang='lat' dir='ltr'>exprimi</span> <span class='ocrx_word' id='word_1_32' title='bbox 1778 649 1941 722; x_wconf 86' lang='lat' dir='ltr'>solet,</span> <span class='ocrx_word' id='word_1_33' title='bbox 1974 668 2104 723; x_wconf 81' lang='lat' dir='ltr'>quse</span> <span class='ocrx_word' id='word_1_34' title='bbox 2132 666 2265 705; x_wconf 92' lang='lat' dir='ltr'>cum</span> <span class='ocrx_word' id='word_1_35' title='bbox 2300 648 2667 724; x_wconf 89' lang='lat' dir='ltr'>jucunditate</span> <span class='ocrx_word' id='word_1_36' title='bbox 2698 659 2762 708; x_wconf 90' lang='lat' dir='ltr'>et</span> <span class='ocrx_word' id='word_1_37' title='bbox 2789 652 3002 710; x_wconf 82' lang='lat' dir='ltr'>suavi·</span> 
     </span>
     <span class='ocr_line' id='line_1_5' title="bbox 555 727 2998 810; baseline -0.002 -16"><span class='ocrx_word' id='word_1_38' title='bbox 555 744 675 794; x_wconf 88' lang='lat' dir='ltr'>tate</span> <span class='ocrx_word' id='word_1_39' title='bbox 705 754 927 793; x_wconf 89' lang='lat' dir='ltr'>summa</span> <span class='ocrx_word' id='word_1_40' title='bbox 969 733 1338 810; x_wconf 85' lang='lat' dir='ltr'>conjunctam</span> <span class='ocrx_word' id='word_1_41' title='bbox 1365 731 1541 788; x_wconf 86' lang='lat' dir='ltr'>habet</span> <span class='ocrx_word' id='word_1_42' title='bbox 1582 748 1867 787; x_wconf 88' lang='lat' dir='ltr'>summam</span> <span class='ocrx_word' id='word_1_43' title='bbox 1908 727 2219 786; x_wconf 87' lang='lat' dir='ltr'>efficaciam</span> <span class='ocrx_word' id='word_1_44' title='bbox 2249 736 2307 785; x_wconf 91' lang='lat' dir='ltr'>et</span> <span class='ocrx_word' id='word_1_45' title='bbox 2334 729 2669 805; x_wconf 81' lang='lat' dir='ltr'>potentiam,</span> <span class='ocrx_word' id='word_1_46' title='bbox 2717 749 2860 806; x_wconf 78' lang='lat' dir='ltr'>quae</span> <span class='ocrx_word' id='word_1_47' title='bbox 2890 751 2998 789; x_wconf 84' lang='lat' dir='ltr'>ex·</span> 
     </span>
     <span class='ocr_line' id='line_1_6' title="bbox 556 808 3001 893; baseline -0.002 -20"><span class='ocrx_word' id='word_1_48' title='bbox 556 824 778 893; x_wconf 82' lang='lat' dir='ltr'><strong>pugnat</strong></span> <span class='ocrx_word' id='word_1_49' title='bbox 826 834 1055 872; x_wconf 88' lang='lat' dir='ltr'>omnem</span> <span class='ocrx_word' id='word_1_50' title='bbox 1106 811 1297 869; x_wconf 89' lang='lat' dir='ltr'>cordis</span> <span class='ocrx_word' id='word_1_51' title='bbox 1335 809 1773 869; x_wconf 82' lang='lat' dir='ltr'>contumaciam.</span> <span class='ocrx_word' id='word_1_52' title='bbox 1876 808 1970 866; x_wconf 86' lang='lat' dir='ltr'>Ita</span> <span class='ocrx_word' id='word_1_53' title='bbox 1997 816 2062 866; x_wconf 91' lang='lat' dir='ltr'>ut</span> <span class='ocrx_word' id='word_1_54' title='bbox 2090 828 2196 866; x_wconf 91' lang='lat' dir='ltr'>nec</span> <span class='ocrx_word' id='word_1_55' title='bbox 2225 808 2402 865; x_wconf 88' lang='lat' dir='ltr'>robur</span> <span class='ocrx_word' id='word_1_56' title='bbox 2443 816 2544 867; x_wconf 88' lang='lat' dir='ltr'>aut</span> <span class='ocrx_word' id='word_1_57' title='bbox 2580 808 2850 868; x_wconf 84' lang='lat' dir='ltr'>efficacia</span> <span class='ocrx_word' id='word_1_58' title='bbox 2893 812 3001 869; x_wconf 73' lang='lat' dir='ltr'>illa</span> 
     </span>
     <span class='ocr_line' id='line_1_7' title="bbox 556 888 2996 972; baseline -0.002 -18"><span class='ocrx_word' id='word_1_59' title='bbox 556 903 729 972; x_wconf 87' lang='lat' dir='ltr'>cogat</span> <span class='ocrx_word' id='word_1_60' title='bbox 769 894 1061 953; x_wconf 90' lang='lat' dir='ltr'>hominem</span> <span class='ocrx_word' id='word_1_61' title='bbox 1095 892 1343 949; x_wconf 90' lang='lat' dir='ltr'>invitum</span> <span class='ocrx_word' id='word_1_62' title='bbox 1371 910 1477 948; x_wconf 90' lang='lat' dir='ltr'>nec</span> <span class='ocrx_word' id='word_1_63' title='bbox 1507 891 1765 947; x_wconf 78' lang='lat' dir='ltr'>suaviter</span> <span class='ocrx_word' id='word_1_64' title='bbox 1798 897 2029 946; x_wconf 87' lang='lat' dir='ltr'>moveat</span> <span class='ocrx_word' id='word_1_65' title='bbox 2061 888 2185 965; x_wconf 90' lang='lat' dir='ltr'>jam</span> <span class='ocrx_word' id='word_1_66' title='bbox 2216 898 2421 964; x_wconf 90' lang='lat' dir='ltr'>sponte</span> <span class='ocrx_word' id='word_1_67' title='bbox 2449 898 2816 965; x_wconf 78' lang='lat' dir='ltr'>currentem3</span> <span class='ocrx_word' id='word_1_68' title='bbox 2872 891 2996 950; x_wconf 86' lang='lat' dir='ltr'>Sed</span> 
     </span>
     <span class='ocr_line' id='line_1_8' title="bbox 549 967 2988 1052; baseline -0.002 -17"><span class='ocrx_word' id='word_1_69' title='bbox 549 985 794 1052; x_wconf 88' lang='lat' dir='ltr'>utraque</span> <span class='ocrx_word' id='word_1_70' title='bbox 837 973 1008 1032; x_wconf 89' lang='lat' dir='ltr'>simul</span> <span class='ocrx_word' id='word_1_71' title='bbox 1042 972 1247 1048; x_wconf 88' lang='lat' dir='ltr'>juncta</span> <span class='ocrx_word' id='word_1_72' title='bbox 1287 978 1347 1029; x_wconf 91' lang='lat' dir='ltr'>et</span> <span class='ocrx_word' id='word_1_73' title='bbox 1387 969 1779 1028; x_wconf 87' lang='lat' dir='ltr'>infirmitatem</span> <span class='ocrx_word' id='word_1_74' title='bbox 1821 967 2070 1025; x_wconf 88' lang='lat' dir='ltr'>hominis</span> <span class='ocrx_word' id='word_1_75' title='bbox 2111 967 2357 1039; x_wconf 90' lang='lat' dir='ltr'>roboret,</span> <span class='ocrx_word' id='word_1_76' title='bbox 2403 977 2462 1026; x_wconf 90' lang='lat' dir='ltr'>et</span> <span class='ocrx_word' id='word_1_77' title='bbox 2502 968 2702 1028; x_wconf 88' lang='lat' dir='ltr'>odium</span> <span class='ocrx_word' id='word_1_78' title='bbox 2747 973 2988 1046; x_wconf 82' lang='lat' dir='ltr'>peccati</span> 
     </span>
     <span class='ocr_line' id='line_1_9' title="bbox 555 1047 2995 1132; baseline -0.002 -18"><span class='ocrx_word' id='word_1_79' title='bbox 555 1063 804 1132; x_wconf 88' lang='lat' dir='ltr'>superet.</span> <span class='ocrx_word' id='word_1_80' title='bbox 912 1053 1127 1110; x_wconf 88' lang='lat' dir='ltr'>Potens</span> <span class='ocrx_word' id='word_1_81' title='bbox 1156 1058 1243 1109; x_wconf 85' lang='lat' dir='ltr'>est</span> <span class='ocrx_word' id='word_1_82' title='bbox 1272 1069 1344 1108; x_wconf 90' lang='lat' dir='ltr'>ne</span> <span class='ocrx_word' id='word_1_83' title='bbox 1375 1050 1451 1108; x_wconf 90' lang='lat' dir='ltr'>sit</span> <span class='ocrx_word' id='word_1_84' title='bbox 1478 1049 1817 1123; x_wconf 85' lang='lat' dir='ltr'>frustranea,</span> <span class='ocrx_word' id='word_1_85' title='bbox 1865 1048 2062 1105; x_wconf 87' lang='lat' dir='ltr'>suavis</span> <span class='ocrx_word' id='word_1_86' title='bbox 2090 1057 2179 1105; x_wconf 88' lang='lat' dir='ltr'>est</span> <span class='ocrx_word' id='word_1_87' title='bbox 2206 1067 2278 1105; x_wconf 90' lang='lat' dir='ltr'>ne</span> <span class='ocrx_word' id='word_1_88' title='bbox 2308 1047 2384 1105; x_wconf 88' lang='lat' dir='ltr'>sit</span> <span class='ocrx_word' id='word_1_89' title='bbox 2412 1058 2630 1107; x_wconf 88' lang='lat' dir='ltr'>coacta.</span> <span class='ocrx_word' id='word_1_90' title='bbox 2740 1049 2861 1108; x_wconf 83' lang='lat' dir='ltr'>Vis</span> <span class='ocrx_word' id='word_1_91' title='bbox 2902 1064 2995 1110; x_wconf 80' lang='lat' dir='ltr'>est</span> 
     </span>
     <span class='ocr_line' id='line_1_10' title="bbox 560 1128 2996 1207; baseline -0.002 -14"><span class='ocrx_word' id='word_1_92' title='bbox 560 1154 784 1193; x_wconf 88' lang='lat' dir='ltr'>summa</span> <span class='ocrx_word' id='word_1_93' title='bbox 823 1142 881 1190; x_wconf 87' lang='lat' dir='ltr'>et</span> <span class='ocrx_word' id='word_1_94' title='bbox 910 1130 1396 1207; x_wconf 80' lang='lat' dir='ltr'>inexpugnabilis,</span> <span class='ocrx_word' id='word_1_95' title='bbox 1443 1139 1507 1188; x_wconf 90' lang='lat' dir='ltr'>ut</span> <span class='ocrx_word' id='word_1_96' title='bbox 1539 1129 1808 1187; x_wconf 78' lang='lat' dir='ltr'>vincatur</span> <span class='ocrx_word' id='word_1_97' title='bbox 1848 1137 2068 1185; x_wconf 81' lang='lat' dir='ltr'>naturae</span> <span class='ocrx_word' id='word_1_98' title='bbox 2110 1128 2418 1203; x_wconf 80' lang='lat' dir='ltr'>corruptiO,</span> <span class='ocrx_word' id='word_1_99' title='bbox 2464 1136 2523 1186; x_wconf 88' lang='lat' dir='ltr'>et</span> <span class='ocrx_word' id='word_1_100' title='bbox 2564 1147 2796 1187; x_wconf 84' lang='lat' dir='ltr'>summa</span> <span class='ocrx_word' id='word_1_101' title='bbox 2841 1130 2996 1189; x_wconf 86' lang='lat' dir='ltr'>bene</span> 
     </span>
     <span class='ocr_line' id='line_1_11' title="bbox 558 1206 2998 1291; baseline -0 -20"><span class='ocrx_word' id='word_1_102' title='bbox 558 1213 771 1291; x_wconf 89' lang='lat' dir='ltr'>agendi</span> <span class='ocrx_word' id='word_1_103' title='bbox 801 1212 1153 1289; x_wconf 82' lang='lat' dir='ltr'>impotentia,</span> <span class='ocrx_word' id='word_1_104' title='bbox 1184 1231 1251 1268; x_wconf 88' lang='lat' dir='ltr'>ac</span> <span class='ocrx_word' id='word_1_105' title='bbox 1278 1210 1428 1268; x_wconf 87' lang='lat' dir='ltr'>male</span> <span class='ocrx_word' id='word_1_106' title='bbox 1455 1208 1669 1286; x_wconf 88' lang='lat' dir='ltr'>agendi</span> <span class='ocrx_word' id='word_1_107' title='bbox 1696 1208 2012 1267; x_wconf 74' lang='lat' dir='ltr'>necessitas</span> <span class='ocrx_word' id='word_1_108' title='bbox 2035 1229 2049 1282; x_wconf 92' lang='lat'>;</span> <span class='ocrx_word' id='word_1_109' title='bbox 2106 1206 2222 1265; x_wconf 88' lang='lat' dir='ltr'>Sed</span> <span class='ocrx_word' id='word_1_110' title='bbox 2249 1208 2435 1265; x_wconf 91' lang='lat' dir='ltr'>amica</span> <span class='ocrx_word' id='word_1_111' title='bbox 2463 1217 2657 1266; x_wconf 87' lang='lat' dir='ltr'>tamen</span> <span class='ocrx_word' id='word_1_112' title='bbox 2709 1219 2774 1268; x_wconf 91' lang='lat' dir='ltr'>et</span> <span class='ocrx_word' id='word_1_113' title='bbox 2818 1219 2998 1287; x_wconf 72' lang='lat' dir='ltr'>grata</span> 
     </span>
     <span class='ocr_line' id='line_1_12' title="bbox 562 1287 2160 1371; baseline -0.004 -20"><span class='ocrx_word' id='word_1_114' title='bbox 562 1293 751 1371; x_wconf 89' lang='lat' dir='ltr'>qualis</span> <span class='ocrx_word' id='word_1_115' title='bbox 779 1302 1042 1350; x_wconf 88' lang='lat' dir='ltr'>naturam</span> <span class='ocrx_word' id='word_1_116' title='bbox 1071 1291 1491 1366; x_wconf 84' lang='lat' dir='ltr'>intelligentem</span> <span class='ocrx_word' id='word_1_117' title='bbox 1521 1298 1580 1348; x_wconf 91' lang='lat' dir='ltr'>et</span> <span class='ocrx_word' id='word_1_118' title='bbox 1607 1288 1946 1347; x_wconf 81' lang='lat' dir='ltr'>rationalem</span> <span class='ocrx_word' id='word_1_119' title='bbox 1977 1287 2160 1345; x_wconf 89' lang='lat' dir='ltr'>decet.</span> 
     </span>
    </p>

    <p class='ocr_par' dir='ltr' id='par_1_5' title="bbox 559 1367 2996 2648">
     <span class='ocr_line' id='line_1_13' title="bbox 646 1367 2990 1443; baseline 0 -14"><span class='ocrx_word' id='word_1_120' title='bbox 646 1372 834 1430; x_wconf 87' lang='lat' dir='ltr'>XIX.</span> <span class='ocrx_word' id='word_1_121' title='bbox 894 1372 1016 1429; x_wconf 89' lang='lat' dir='ltr'>Nec</span> <span class='ocrx_word' id='word_1_122' title='bbox 1058 1371 1266 1428; x_wconf 89' lang='lat' dir='ltr'>mirum</span> <span class='ocrx_word' id='word_1_123' title='bbox 1295 1370 1406 1427; x_wconf 89' lang='lat' dir='ltr'>hoc</span> <span class='ocrx_word' id='word_1_124' title='bbox 1434 1369 1620 1427; x_wconf 89' lang='lat' dir='ltr'>videri</span> <span class='ocrx_word' id='word_1_125' title='bbox 1648 1369 1838 1443; x_wconf 84' lang='lat' dir='ltr'>debet,</span> <span class='ocrx_word' id='word_1_126' title='bbox 1870 1387 2000 1426; x_wconf 91' lang='lat' dir='ltr'>cum</span> <span class='ocrx_word' id='word_1_127' title='bbox 2030 1367 2183 1425; x_wconf 90' lang='lat' dir='ltr'>enim</span> <span class='ocrx_word' id='word_1_128' title='bbox 2211 1367 2434 1443; x_wconf 86' lang='lat' dir='ltr'>peccati</span> <span class='ocrx_word' id='word_1_129' title='bbox 2466 1367 2721 1425; x_wconf 87' lang='lat' dir='ltr'>servitus</span> <span class='ocrx_word' id='word_1_130' title='bbox 2765 1368 2990 1429; x_wconf 86' lang='lat' dir='ltr'>ineluc-</span> 
     </span>
     <span class='ocr_line' id='line_1_14' title="bbox 559 1447 2990 1528; baseline -0.001 -17"><span class='ocrx_word' id='word_1_131' title='bbox 559 1453 773 1526; x_wconf 80' lang='lat' dir='ltr'>tabilis,</span> <span class='ocrx_word' id='word_1_132' title='bbox 818 1471 947 1527; x_wconf 87' lang='lat' dir='ltr'>quae</span> <span class='ocrx_word' id='word_1_133' title='bbox 988 1459 1355 1528; x_wconf 88' lang='lat' dir='ltr'>peccatorum</span> <span class='ocrx_word' id='word_1_134' title='bbox 1397 1449 1619 1507; x_wconf 90' lang='lat' dir='ltr'>aheneo</span> <span class='ocrx_word' id='word_1_135' title='bbox 1649 1449 1830 1507; x_wconf 90' lang='lat' dir='ltr'>veluti</span> <span class='ocrx_word' id='word_1_136' title='bbox 1866 1449 2014 1525; x_wconf 89' lang='lat' dir='ltr'>jugo</span> <span class='ocrx_word' id='word_1_137' title='bbox 2051 1447 2340 1523; x_wconf 88' lang='lat' dir='ltr'>illigatum</span> <span class='ocrx_word' id='word_1_138' title='bbox 2369 1456 2545 1520; x_wconf 89' lang='lat' dir='ltr'>tenet,</span> <span class='ocrx_word' id='word_1_139' title='bbox 2591 1467 2725 1505; x_wconf 90' lang='lat' dir='ltr'>cum</span> <span class='ocrx_word' id='word_1_140' title='bbox 2756 1448 2990 1508; x_wconf 77' lang='lat' dir='ltr'>deliciis</span> 
     </span>
     <span class='ocr_line' id='line_1_15' title="bbox 560 1527 2989 1608; baseline -0.001 -17"><span class='ocrx_word' id='word_1_141' title='bbox 560 1543 753 1591; x_wconf 88' lang='lat' dir='ltr'>tamen</span> <span class='ocrx_word' id='word_1_142' title='bbox 783 1532 902 1589; x_wconf 89' lang='lat' dir='ltr'>suis</span> <span class='ocrx_word' id='word_1_143' title='bbox 931 1531 1331 1608; x_wconf 86' lang='lat' dir='ltr'>conjungatur,</span> <span class='ocrx_word' id='word_1_144' title='bbox 1364 1539 1423 1588; x_wconf 89' lang='lat' dir='ltr'>et</span> <span class='ocrx_word' id='word_1_145' title='bbox 1450 1529 1597 1587; x_wconf 89' lang='lat' dir='ltr'>bene</span> <span class='ocrx_word' id='word_1_146' title='bbox 1627 1528 1838 1606; x_wconf 86' lang='lat' dir='ltr'>agendi</span> <span class='ocrx_word' id='word_1_147' title='bbox 1876 1528 2232 1605; x_wconf 80' lang='lat' dir='ltr'>impotentia,</span> <span class='ocrx_word' id='word_1_148' title='bbox 2263 1536 2323 1585; x_wconf 87' lang='lat' dir='ltr'>et</span> <span class='ocrx_word' id='word_1_149' title='bbox 2350 1527 2499 1585; x_wconf 88' lang='lat' dir='ltr'>male</span> <span class='ocrx_word' id='word_1_150' title='bbox 2528 1527 2745 1604; x_wconf 89' lang='lat' dir='ltr'>agendi</span> <span class='ocrx_word' id='word_1_151' title='bbox 2783 1549 2989 1588; x_wconf 80' lang='lat' dir='ltr'>neces-</span> 
     </span>
     <span class='ocr_line' id='line_1_16' title="bbox 563 1608 2993 1687; baseline -0 -17"><span class='ocrx_word' id='word_1_152' title='bbox 563 1614 720 1685; x_wconf 84' lang='lat' dir='ltr'>sitas‚</span> <span class='ocrx_word' id='word_1_153' title='bbox 766 1612 1020 1669; x_wconf 83' lang='lat' dir='ltr'>maxima</span> <span class='ocrx_word' id='word_1_154' title='bbox 1062 1611 1138 1669; x_wconf 90' lang='lat' dir='ltr'>sit</span> <span class='ocrx_word' id='word_1_155' title='bbox 1171 1611 1346 1687; x_wconf 83' lang='lat' dir='ltr'>juxta</span> <span class='ocrx_word' id='word_1_156' title='bbox 1372 1630 1440 1667; x_wconf 87' lang='lat' dir='ltr'>ac</span> <span class='ocrx_word' id='word_1_157' title='bbox 1469 1609 1812 1682; x_wconf 85' lang='lat' dir='ltr'>voluntaria,</span> <span class='ocrx_word' id='word_1_158' title='bbox 1857 1616 2238 1685; x_wconf 81' lang='lat' dir='ltr'>peccatorque</span> <span class='ocrx_word' id='word_1_159' title='bbox 2266 1614 2325 1665; x_wconf 92' lang='lat' dir='ltr'>et</span> <span class='ocrx_word' id='word_1_160' title='bbox 2352 1616 2417 1666; x_wconf 91' lang='lat' dir='ltr'>ut</span> <span class='ocrx_word' id='word_1_161' title='bbox 2442 1608 2668 1683; x_wconf 87' lang='lat' dir='ltr'>peccati</span> <span class='ocrx_word' id='word_1_162' title='bbox 2709 1609 2993 1669; x_wconf 84' lang='lat' dir='ltr'>subditus</span> 
     </span>
     <span class='ocr_line' id='line_1_17' title="bbox 561 1686 2990 1770; baseline -0.002 -19"><span class='ocrx_word' id='word_1_163' title='bbox 561 1693 827 1770; x_wconf 87' lang='lat' dir='ltr'>captivus</span> <span class='ocrx_word' id='word_1_164' title='bbox 856 1692 1176 1750; x_wconf 89' lang='lat' dir='ltr'>abducatur</span> <span class='ocrx_word' id='word_1_165' title='bbox 1205 1691 1312 1748; x_wconf 85' lang='lat' dir='ltr'>sub</span> <span class='ocrx_word' id='word_1_166' title='bbox 1340 1698 1658 1765; x_wconf 87' lang='lat' dir='ltr'>peccatum,</span> <span class='ocrx_word' id='word_1_167' title='bbox 1690 1697 1749 1747; x_wconf 88' lang='lat' dir='ltr'>et</span> <span class='ocrx_word' id='word_1_168' title='bbox 1777 1689 1853 1746; x_wconf 91' lang='lat' dir='ltr'>sit</span> <span class='ocrx_word' id='word_1_169' title='bbox 1873 1696 2067 1753; x_wconf 58' lang='lat' dir='ltr'>aalma,</span> <span class='ocrx_word' id='word_1_170' title='bbox 2105 1695 2163 1745; x_wconf 92' lang='lat' dir='ltr'>et</span> <span class='ocrx_word' id='word_1_171' title='bbox 2192 1686 2413 1745; x_wconf 87' lang='lat' dir='ltr'>viribus</span> <span class='ocrx_word' id='word_1_172' title='bbox 2441 1686 2515 1744; x_wconf 92' lang='lat' dir='ltr'>ad</span> <span class='ocrx_word' id='word_1_173' title='bbox 2548 1687 2769 1746; x_wconf 91' lang='lat' dir='ltr'>bonum</span> <span class='ocrx_word' id='word_1_174' title='bbox 2811 1690 2990 1765; x_wconf 77' lang='lat' dir='ltr'>plane</span> 
     </span>
     <span class='ocr_line' id='line_1_18' title="bbox 562 1767 2992 1847; baseline -0.002 -16"><span class='ocrx_word' id='word_1_175' title='bbox 562 1774 891 1847; x_wconf 73' lang='lat' dir='ltr'>destitutuS,</span> <span class='ocrx_word' id='word_1_176' title='bbox 924 1782 982 1830; x_wconf 90' lang='lat' dir='ltr'>et</span> <span class='ocrx_word' id='word_1_177' title='bbox 1012 1781 1075 1831; x_wconf 90' lang='lat' dir='ltr'>ut</span> <span class='ocrx_word' id='word_1_178' title='bbox 1102 1770 1287 1829; x_wconf 87' lang='lat' dir='ltr'>hostis</span> <span class='ocrx_word' id='word_1_179' title='bbox 1318 1770 1446 1844; x_wconf 91' lang='lat' dir='ltr'>Dei,</span> <span class='ocrx_word' id='word_1_180' title='bbox 1478 1780 1536 1828; x_wconf 92' lang='lat' dir='ltr'>et</span> <span class='ocrx_word' id='word_1_181' title='bbox 1564 1778 1731 1832; x_wconf 65' lang='grc' dir='ltr'>ἀσεβὴς</span> <span class='ocrx_word' id='word_1_182' title='bbox 1768 1769 1970 1843; x_wconf 77' lang='lat' dir='ltr'>impius</span> <span class='ocrx_word' id='word_1_183' title='bbox 1998 1767 2357 1825; x_wconf 87' lang='lat' dir='ltr'>inimicitiam</span> <span class='ocrx_word' id='word_1_184' title='bbox 2393 1786 2524 1824; x_wconf 89' lang='lat' dir='ltr'>cum</span> <span class='ocrx_word' id='word_1_185' title='bbox 2568 1768 2697 1825; x_wconf 90' lang='lat' dir='ltr'>Deo</span> <span class='ocrx_word' id='word_1_186' title='bbox 2740 1788 2992 1844; x_wconf 80' lang='lat' dir='ltr'>gravem</span> 
     </span>
     <span class='ocr_line' id='line_1_19' title="bbox 561 1847 2994 1928; baseline -0.001 -17"><span class='ocrx_word' id='word_1_187' title='bbox 561 1862 846 1928; x_wconf 84' lang='lat' dir='ltr'>exerceat,</span> <span class='ocrx_word' id='word_1_188' title='bbox 878 1860 936 1911; x_wconf 91' lang='lat' dir='ltr'>et</span> <span class='ocrx_word' id='word_1_189' title='bbox 965 1852 1148 1909; x_wconf 80' lang='lat' dir='ltr'>soleat</span> <span class='ocrx_word' id='word_1_190' title='bbox 1176 1871 1307 1909; x_wconf 90' lang='lat' dir='ltr'>cum</span> <span class='ocrx_word' id='word_1_191' title='bbox 1337 1850 1462 1926; x_wconf 89' lang='lat' dir='ltr'>ipso</span> <span class='ocrx_word' id='word_1_192' title='bbox 1491 1856 1931 1920; x_wconf 61' lang='grc' dir='ltr'>ἅντιηςαωόισαω,</span> <span class='ocrx_word' id='word_1_193' title='bbox 1965 1848 2133 1906; x_wconf 89' lang='lat' dir='ltr'>Rom.</span> <span class='ocrx_word' id='word_1_194' title='bbox 2159 1847 2259 1905; x_wconf 90' lang='lat' dir='ltr'>vii.</span> <span class='ocrx_word' id='word_1_195' title='bbox 2284 1850 2379 1922; x_wconf 80' lang='lat'>23,</span> <span class='ocrx_word' id='word_1_196' title='bbox 2404 1866 2521 1904; x_wconf 91' lang='lat' dir='ltr'>non</span> <span class='ocrx_word' id='word_1_197' title='bbox 2549 1847 2722 1905; x_wconf 89' lang='lat' dir='ltr'>modo</span> <span class='ocrx_word' id='word_1_198' title='bbox 2752 1868 2994 1909; x_wconf 71' lang='lat' dir='ltr'>aversus</span> 
     </span>
     <span class='ocr_line' id='line_1_20' title="bbox 564 1926 2994 2010; baseline -0.001 -20"><span class='ocrx_word' id='word_1_199' title='bbox 564 1954 599 1990; x_wconf 89' lang='lat' dir='ltr'>a</span> <span class='ocrx_word' id='word_1_200' title='bbox 629 1934 755 1992; x_wconf 93' lang='lat' dir='ltr'>Deo</span> <span class='ocrx_word' id='word_1_201' title='bbox 783 1953 886 2009; x_wconf 89' lang='lat' dir='ltr'>per</span> <span class='ocrx_word' id='word_1_202' title='bbox 914 1932 1329 2010; x_wconf 86' lang='lat' dir='ltr'>impotentiam,</span> <span class='ocrx_word' id='word_1_203' title='bbox 1376 1930 1478 1987; x_wconf 87' lang='lat' dir='ltr'>sed</span> <span class='ocrx_word' id='word_1_204' title='bbox 1506 1928 1681 1987; x_wconf 89' lang='lat' dir='ltr'>etiam</span> <span class='ocrx_word' id='word_1_205' title='bbox 1710 1930 1979 1986; x_wconf 77' lang='lat' dir='ltr'>adversus</span> <span class='ocrx_word' id='word_1_206' title='bbox 2005 1948 2109 2004; x_wconf 90' lang='lat' dir='ltr'>per</span> <span class='ocrx_word' id='word_1_207' title='bbox 2134 1926 2577 2003; x_wconf 84' lang='lat' dir='ltr'>malignitatem.</span> <span class='ocrx_word' id='word_1_208' title='bbox 2636 1927 2994 1988; x_wconf 84' lang='lat' dir='ltr'>Remedium</span> 
     </span>
     <span class='ocr_line' id='line_1_21' title="bbox 562 2007 2994 2085; baseline -0.002 -15"><span class='ocrx_word' id='word_1_209' title='bbox 562 2014 697 2071; x_wconf 89' lang='lat' dir='ltr'>huic</span> <span class='ocrx_word' id='word_1_210' title='bbox 740 2013 891 2070; x_wconf 87' lang='lat' dir='ltr'>malo</span> <span class='ocrx_word' id='word_1_211' title='bbox 934 2010 1371 2070; x_wconf 89' lang='lat' dir='ltr'>convenientius</span> <span class='ocrx_word' id='word_1_212' title='bbox 1412 2009 1674 2066; x_wconf 85' lang='lat' dir='ltr'>adhiberi</span> <span class='ocrx_word' id='word_1_213' title='bbox 1716 2027 1833 2065; x_wconf 89' lang='lat' dir='ltr'>non</span> <span class='ocrx_word' id='word_1_214' title='bbox 1874 2008 2078 2083; x_wconf 88' lang='lat' dir='ltr'>potuit,</span> <span class='ocrx_word' id='word_1_215' title='bbox 2123 2027 2294 2084; x_wconf 88' lang='lat' dir='ltr'>quam</span> <span class='ocrx_word' id='word_1_216' title='bbox 2327 2007 2376 2065; x_wconf 92' lang='lat' dir='ltr'>si</span> <span class='ocrx_word' id='word_1_217' title='bbox 2403 2007 2621 2065; x_wconf 83' lang='lat' dir='ltr'>invicta</span> <span class='ocrx_word' id='word_1_218' title='bbox 2652 2007 2763 2065; x_wconf 89' lang='lat' dir='ltr'>Dei</span> <span class='ocrx_word' id='word_1_219' title='bbox 2794 2012 2994 2085; x_wconf 69' lang='lat' dir='ltr'>gratia</span> 
     </span>
     <span class='ocr_line' id='line_1_22' title="bbox 562 2087 2994 2165; baseline -0.001 -14"><span class='ocrx_word' id='word_1_220' title='bbox 562 2094 847 2151; x_wconf 84' lang='lat' dir='ltr'>suavitate</span> <span class='ocrx_word' id='word_1_221' title='bbox 897 2093 1070 2151; x_wconf 88' lang='lat' dir='ltr'>etiam</span> <span class='ocrx_word' id='word_1_222' title='bbox 1120 2088 1445 2148; x_wconf 89' lang='lat' dir='ltr'>incredibili</span> <span class='ocrx_word' id='word_1_223' title='bbox 1500 2088 1723 2147; x_wconf 85' lang='lat' dir='ltr'>imbuta</span> <span class='ocrx_word' id='word_1_224' title='bbox 1770 2097 1940 2161; x_wconf 88' lang='lat' dir='ltr'>esset,</span> <span class='ocrx_word' id='word_1_225' title='bbox 1993 2108 2123 2165; x_wconf 79' lang='lat' dir='ltr'>quse</span> <span class='ocrx_word' id='word_1_226' title='bbox 2172 2096 2231 2145; x_wconf 91' lang='lat' dir='ltr'>ct</span> <span class='ocrx_word' id='word_1_227' title='bbox 2278 2087 2674 2164; x_wconf 88' lang='lat' dir='ltr'>impotentiam</span> <span class='ocrx_word' id='word_1_228' title='bbox 2731 2087 2994 2148; x_wconf 86' lang='lat' dir='ltr'>hominis</span> 
     </span>
     <span class='ocr_line' id='line_1_23' title="bbox 566 2167 2988 2250; baseline -0.003 -19"><span class='ocrx_word' id='word_1_229' title='bbox 566 2193 851 2250; x_wconf 89' lang='lat' dir='ltr'>superare,</span> <span class='ocrx_word' id='word_1_230' title='bbox 883 2182 942 2231; x_wconf 89' lang='lat' dir='ltr'>et</span> <span class='ocrx_word' id='word_1_231' title='bbox 968 2171 1248 2229; x_wconf 88' lang='lat' dir='ltr'>malitiam</span> <span class='ocrx_word' id='word_1_232' title='bbox 1277 2170 1564 2246; x_wconf 87' lang='lat' dir='ltr'>corrigere</span> <span class='ocrx_word' id='word_1_233' title='bbox 1592 2177 1806 2244; x_wconf 85' lang='lat' dir='ltr'>posset.</span> <span class='ocrx_word' id='word_1_234' title='bbox 1879 2168 2026 2226; x_wconf 89' lang='lat' dir='ltr'>Nam</span> <span class='ocrx_word' id='word_1_235' title='bbox 2055 2167 2168 2225; x_wconf 87' lang='lat' dir='ltr'>nisi</span> <span class='ocrx_word' id='word_1_236' title='bbox 2196 2187 2264 2225; x_wconf 86' lang='lat' dir='ltr'>ea</span> <span class='ocrx_word' id='word_1_237' title='bbox 2292 2187 2407 2242; x_wconf 88' lang='lat' dir='ltr'>qua</span> <span class='ocrx_word' id='word_1_238' title='bbox 2434 2167 2829 2225; x_wconf 86' lang='lat' dir='ltr'>convertimur</span> <span class='ocrx_word' id='word_1_239' title='bbox 2848 2189 2988 2245; x_wconf 82' lang='lat' dir='ltr'>gra-</span> 
     </span>
     <span class='ocr_line' id='line_1_24' title="bbox 564 2246 2996 2330; baseline -0.001 -20"><span class='ocrx_word' id='word_1_240' title='bbox 564 2254 647 2311; x_wconf 85' lang='lat' dir='ltr'>tia</span> <span class='ocrx_word' id='word_1_241' title='bbox 694 2253 953 2330; x_wconf 89' lang='lat' dir='ltr'>potentia</span> <span class='ocrx_word' id='word_1_242' title='bbox 1002 2270 1225 2309; x_wconf 86' lang='lat' dir='ltr'>summa</span> <span class='ocrx_word' id='word_1_243' title='bbox 1273 2250 1554 2315; x_wconf 82' lang='lat' dir='ltr'>instructa</span> <span class='ocrx_word' id='word_1_244' title='bbox 1581 2249 1801 2322; x_wconf 84' lang='lat' dir='ltr'>fuisset,</span> <span class='ocrx_word' id='word_1_245' title='bbox 1846 2256 2163 2325; x_wconf 88' lang='lat' dir='ltr'>peccatum,</span> <span class='ocrx_word' id='word_1_246' title='bbox 2208 2246 2366 2322; x_wconf 89' lang='lat' dir='ltr'>quod</span> <span class='ocrx_word' id='word_1_247' title='bbox 2393 2255 2511 2304; x_wconf 87' lang='lat' dir='ltr'>tam</span> <span class='ocrx_word' id='word_1_248' title='bbox 2541 2248 2689 2305; x_wconf 85' lang='lat' dir='ltr'>altas</span> <span class='ocrx_word' id='word_1_249' title='bbox 2717 2247 2778 2304; x_wconf 90' lang='lat' dir='ltr'>in</span> <span class='ocrx_word' id='word_1_250' title='bbox 2818 2250 2996 2309; x_wconf 85' lang='lat' dir='ltr'>nobis</span> 
     </span>
     <span class='ocr_line' id='line_1_25' title="bbox 563 2326 2992 2409; baseline -0.001 -19"><span class='ocrx_word' id='word_1_251' title='bbox 563 2333 786 2391; x_wconf 78' lang='lat' dir='ltr'>radices</span> <span class='ocrx_word' id='word_1_252' title='bbox 815 2332 953 2409; x_wconf 90' lang='lat' dir='ltr'>egit,</span> <span class='ocrx_word' id='word_1_253' title='bbox 1000 2351 1268 2408; x_wconf 88' lang='lat' dir='ltr'>superare</span> <span class='ocrx_word' id='word_1_254' title='bbox 1297 2338 1356 2388; x_wconf 91' lang='lat' dir='ltr'>et</span> <span class='ocrx_word' id='word_1_255' title='bbox 1384 2329 1633 2389; x_wconf 91' lang='lat' dir='ltr'>evellere</span> <span class='ocrx_word' id='word_1_256' title='bbox 1662 2348 1778 2386; x_wconf 90' lang='lat' dir='ltr'>non</span> <span class='ocrx_word' id='word_1_257' title='bbox 1806 2330 2105 2404; x_wconf 86' lang='lat' dir='ltr'>potuisset.</span> <span class='ocrx_word' id='word_1_258' title='bbox 2192 2326 2320 2385; x_wconf 90' lang='lat' dir='ltr'>Nisi</span> <span class='ocrx_word' id='word_1_259' title='bbox 2347 2345 2486 2384; x_wconf 89' lang='lat' dir='ltr'>vero</span> <span class='ocrx_word' id='word_1_260' title='bbox 2515 2326 2716 2385; x_wconf 87' lang='lat' dir='ltr'>eadem</span> <span class='ocrx_word' id='word_1_261' title='bbox 2759 2329 2992 2388; x_wconf 85' lang='lat' dir='ltr'>suavis-</span> 
     </span>
     <span class='ocr_line' id='line_1_26' title="bbox 565 2406 2994 2489; baseline -0 -20"><span class='ocrx_word' id='word_1_262' title='bbox 565 2413 696 2470; x_wconf 82' lang='lat' dir='ltr'>simi</span> <span class='ocrx_word' id='word_1_263' title='bbox 738 2412 937 2489; x_wconf 89' lang='lat' dir='ltr'>gaudii</span> <span class='ocrx_word' id='word_1_264' title='bbox 978 2410 1227 2470; x_wconf 88' lang='lat' dir='ltr'>fructum</span> <span class='ocrx_word' id='word_1_265' title='bbox 1268 2409 1566 2487; x_wconf 78' lang='lat' dir='ltr'>praeberet,</span> <span class='ocrx_word' id='word_1_266' title='bbox 1613 2417 1679 2467; x_wconf 92' lang='lat' dir='ltr'>ut</span> <span class='ocrx_word' id='word_1_267' title='bbox 1706 2407 2023 2466; x_wconf 84' lang='lat' dir='ltr'>foedissima</span> <span class='ocrx_word' id='word_1_268' title='bbox 2065 2406 2372 2465; x_wconf 87' lang='lat' dir='ltr'>delectatio</span> <span class='ocrx_word' id='word_1_269' title='bbox 2412 2408 2652 2484; x_wconf 89' lang='lat' dir='ltr'>peccati,</span> <span class='ocrx_word' id='word_1_270' title='bbox 2698 2410 2994 2468; x_wconf 79' lang='lat' dir='ltr'>contraria</span> 
     </span>
     <span class='ocr_line' id='line_1_27' title="bbox 563 2486 2989 2566; baseline -0.002 -16"><span class='ocrx_word' id='word_1_271' title='bbox 563 2493 945 2551; x_wconf 86' lang='lat' dir='ltr'>delectatione</span> <span class='ocrx_word' id='word_1_272' title='bbox 992 2492 1336 2565; x_wconf 86' lang='lat' dir='ltr'>vinceretur,</span> <span class='ocrx_word' id='word_1_273' title='bbox 1382 2509 1499 2547; x_wconf 90' lang='lat' dir='ltr'>non</span> <span class='ocrx_word' id='word_1_274' title='bbox 1527 2488 1730 2565; x_wconf 89' lang='lat' dir='ltr'>utique</span> <span class='ocrx_word' id='word_1_275' title='bbox 1756 2487 1964 2546; x_wconf 88' lang='lat' dir='ltr'>lubens</span> <span class='ocrx_word' id='word_1_276' title='bbox 1992 2488 2315 2546; x_wconf 87' lang='lat' dir='ltr'>traheretur</span> <span class='ocrx_word' id='word_1_277' title='bbox 2355 2487 2545 2562; x_wconf 90' lang='lat' dir='ltr'>homo,</span> <span class='ocrx_word' id='word_1_278' title='bbox 2591 2486 2697 2546; x_wconf 89' lang='lat' dir='ltr'>sed</span> <span class='ocrx_word' id='word_1_279' title='bbox 2742 2488 2989 2566; x_wconf 81' lang='lat' dir='ltr'>invitus,</span> 
     </span>
     <span class='ocr_line' id='line_1_28' title="bbox 563 2569 1716 2648; baseline -0.003 -17"><span class='ocrx_word' id='word_1_280' title='bbox 563 2581 623 2631; x_wconf 89' lang='lat' dir='ltr'>ct</span> <span class='ocrx_word' id='word_1_281' title='bbox 651 2572 822 2630; x_wconf 88' lang='lat' dir='ltr'>modo</span> <span class='ocrx_word' id='word_1_282' title='bbox 853 2581 1070 2631; x_wconf 77' lang='lat' dir='ltr'>naturae</span> <span class='ocrx_word' id='word_1_283' title='bbox 1100 2590 1302 2648; x_wconf 89' lang='lat' dir='ltr'>parum</span> <span class='ocrx_word' id='word_1_284' title='bbox 1331 2569 1716 2628; x_wconf 87' lang='lat' dir='ltr'>convenienti.</span> 
     </span>
    </p>

    <p class='ocr_par' dir='ltr' id='par_1_6' title="bbox 562 2648 2991 4246">
     <span class='ocr_line' id='line_1_29' title="bbox 648 2648 2989 2727; baseline 0.001 -19"><span class='ocrx_word' id='word_1_285' title='bbox 648 2652 804 2710; x_wconf 87' lang='lat' dir='ltr'>XX.</span> <span class='ocrx_word' id='word_1_286' title='bbox 862 2651 1032 2725; x_wconf 85' lang='lat' dir='ltr'>Quod</span> <span class='ocrx_word' id='word_1_287' title='bbox 1077 2652 1371 2727; x_wconf 86' lang='lat' dir='ltr'>Scriptura</span> <span class='ocrx_word' id='word_1_288' title='bbox 1412 2650 1563 2707; x_wconf 85' lang='lat' dir='ltr'>clare</span> <span class='ocrx_word' id='word_1_289' title='bbox 1606 2649 1811 2723; x_wconf 89' lang='lat' dir='ltr'>innuit,</span> <span class='ocrx_word' id='word_1_290' title='bbox 1857 2668 2034 2725; x_wconf 90' lang='lat' dir='ltr'>quum</span> <span class='ocrx_word' id='word_1_291' title='bbox 2078 2649 2279 2725; x_wconf 82' lang='lat' dir='ltr'>gratiae</span> <span class='ocrx_word' id='word_1_292' title='bbox 2313 2648 2702 2724; x_wconf 85' lang='lat' dir='ltr'>operationem</span> <span class='ocrx_word' id='word_1_293' title='bbox 2732 2649 2882 2709; x_wconf 89' lang='lat' dir='ltr'>solet</span> <span class='ocrx_word' id='word_1_294' title='bbox 2911 2650 2989 2709; x_wconf 85' lang='lat' dir='ltr'>iis</span> 
     </span>
     <span class='ocr_line' id='line_1_30' title="bbox 565 2728 2987 2805; baseline -0 -16"><span class='ocrx_word' id='word_1_295' title='bbox 565 2731 825 2789; x_wconf 88' lang='lat' dir='ltr'>terminis</span> <span class='ocrx_word' id='word_1_296' title='bbox 875 2730 1215 2805; x_wconf 87' lang='lat' dir='ltr'>describere,</span> <span class='ocrx_word' id='word_1_297' title='bbox 1262 2730 1362 2804; x_wconf 93' lang='lat' dir='ltr'>qui</span> <span class='ocrx_word' id='word_1_298' title='bbox 1390 2738 1448 2787; x_wconf 90' lang='lat' dir='ltr'>et</span> <span class='ocrx_word' id='word_1_299' title='bbox 1476 2728 1550 2786; x_wconf 90' lang='lat' dir='ltr'>ad</span> <span class='ocrx_word' id='word_1_300' title='bbox 1578 2728 1813 2786; x_wconf 90' lang='lat' dir='ltr'>modum</span> <span class='ocrx_word' id='word_1_301' title='bbox 1866 2728 2181 2804; x_wconf 83' lang='lat' dir='ltr'>l&#39;hysicum</span> <span class='ocrx_word' id='word_1_302' title='bbox 2231 2728 2530 2801; x_wconf 88' lang='lat' dir='ltr'>accedunt,</span> <span class='ocrx_word' id='word_1_303' title='bbox 2560 2736 2619 2786; x_wconf 87' lang='lat' dir='ltr'>et</span> <span class='ocrx_word' id='word_1_304' title='bbox 2661 2729 2987 2804; x_wconf 83' lang='lat' dir='ltr'>potentiam</span> 
     </span>
     <span class='ocr_line' id='line_1_31' title="bbox 570 2809 2988 2884; baseline 0 -17"><span class='ocrx_word' id='word_1_305' title='bbox 570 2810 681 2867; x_wconf 90' lang='lat' dir='ltr'>Dei</span> <span class='ocrx_word' id='word_1_306' title='bbox 732 2829 1012 2867; x_wconf 89' lang='lat' dir='ltr'>summam</span> <span class='ocrx_word' id='word_1_307' title='bbox 1058 2809 1382 2884; x_wconf 87' lang='lat' dir='ltr'>designant,</span> <span class='ocrx_word' id='word_1_308' title='bbox 1435 2827 1614 2884; x_wconf 90' lang='lat' dir='ltr'>quum</span> <span class='ocrx_word' id='word_1_309' title='bbox 1665 2827 1791 2866; x_wconf 88' lang='lat' dir='ltr'>eam</span> <span class='ocrx_word' id='word_1_310' title='bbox 1836 2816 2007 2866; x_wconf 90' lang='lat' dir='ltr'>vocat</span> <span class='ocrx_word' id='word_1_311' title='bbox 2056 2809 2426 2882; x_wconf 81' lang='lat' dir='ltr'>Creationem,</span> <span class='ocrx_word' id='word_1_312' title='bbox 2475 2810 2988 2884; x_wconf 72' lang='lat' dir='ltr'>Resurrectionem,</span> 
     </span>
     <span class='ocr_line' id='line_1_32' title="bbox 566 2885 2987 2966; baseline 0 -18"><span class='ocrx_word' id='word_1_313' title='bbox 566 2890 1084 2966; x_wconf 72' lang='lat' dir='ltr'>Reqenerationem,</span> <span class='ocrx_word' id='word_1_314' title='bbox 1136 2889 1506 2962; x_wconf 82' lang='lat' dir='ltr'>Tractionem,</span> <span class='ocrx_word' id='word_1_315' title='bbox 1551 2885 1681 2962; x_wconf 79' lang='lat' dir='ltr'>&amp;c.,</span> <span class='ocrx_word' id='word_1_316' title='bbox 1712 2896 1771 2946; x_wconf 89' lang='lat' dir='ltr'>ct</span> <span class='ocrx_word' id='word_1_317' title='bbox 1811 2888 1911 2965; x_wconf 90' lang='lat' dir='ltr'>qui</span> <span class='ocrx_word' id='word_1_318' title='bbox 1954 2888 2028 2946; x_wconf 92' lang='lat' dir='ltr'>ad</span> <span class='ocrx_word' id='word_1_319' title='bbox 2071 2888 2304 2946; x_wconf 88' lang='lat' dir='ltr'>modum</span> <span class='ocrx_word' id='word_1_320' title='bbox 2352 2888 2624 2947; x_wconf 88' lang='lat' dir='ltr'>Ethicum</span> <span class='ocrx_word' id='word_1_321' title='bbox 2673 2890 2987 2966; x_wconf 80' lang='lat' dir='ltr'>pertinent,</span> 
     </span>
     <span class='ocr_line' id='line_1_33' title="bbox 564 2968 2991 3048; baseline 0 -19"><span class='ocrx_word' id='word_1_322' title='bbox 564 2979 631 3029; x_wconf 93' lang='lat' dir='ltr'>ut</span> <span class='ocrx_word' id='word_1_323' title='bbox 659 2990 836 3047; x_wconf 89' lang='lat' dir='ltr'>quum</span> <span class='ocrx_word' id='word_1_324' title='bbox 866 2990 991 3028; x_wconf 89' lang='lat' dir='ltr'>eam</span> <span class='ocrx_word' id='word_1_325' title='bbox 1021 2990 1123 3048; x_wconf 88' lang='lat' dir='ltr'>per</span> <span class='ocrx_word' id='word_1_326' title='bbox 1151 2969 1627 3043; x_wconf 77' lang='lat' dir='ltr'>illuminationem,</span> <span class='ocrx_word' id='word_1_327' title='bbox 1660 2969 1990 3043; x_wconf 79' lang='lat' dir='ltr'>doctrinam,</span> <span class='ocrx_word' id='word_1_328' title='bbox 2019 2970 2446 3045; x_wconf 74' lang='lat' dir='ltr'>persuasionem</span> <span class='ocrx_word' id='word_1_329' title='bbox 2474 2977 2532 3026; x_wconf 91' lang='lat' dir='ltr'>et</span> <span class='ocrx_word' id='word_1_330' title='bbox 2561 2968 2779 3026; x_wconf 82' lang='lat' dir='ltr'>similes</span> <span class='ocrx_word' id='word_1_331' title='bbox 2808 2989 2991 3029; x_wconf 86' lang='lat' dir='ltr'>voces</span> 
     </span>
     <span class='ocr_line' id='line_1_34' title="bbox 565 3047 2984 3128; baseline -0.001 -18"><span class='ocrx_word' id='word_1_332' title='bbox 565 3051 855 3128; x_wconf 85' lang='lat' dir='ltr'>exprimit.</span> <span class='ocrx_word' id='word_1_333' title='bbox 903 3052 1029 3109; x_wconf 89' lang='lat' dir='ltr'>Imo</span> <span class='ocrx_word' id='word_1_334' title='bbox 1057 3071 1171 3108; x_wconf 89' lang='lat' dir='ltr'>non</span> <span class='ocrx_word' id='word_1_335' title='bbox 1201 3070 1330 3108; x_wconf 87' lang='lat' dir='ltr'>raro</span> <span class='ocrx_word' id='word_1_336' title='bbox 1348 3058 1651 3126; x_wconf 90' lang='lat' dir='ltr'>utramque</span> <span class='ocrx_word' id='word_1_337' title='bbox 1686 3057 1846 3119; x_wconf 65' lang='grc' dir='ltr'>εχίω</span> <span class='ocrx_word' id='word_1_338' title='bbox 1882 3057 1938 3106; x_wconf 91' lang='lat' dir='ltr'>et</span> <span class='ocrx_word' id='word_1_339' title='bbox 1967 3049 2269 3107; x_wconf 88' lang='lat' dir='ltr'>suavitatis</span> <span class='ocrx_word' id='word_1_340' title='bbox 2297 3057 2356 3107; x_wconf 87' lang='lat' dir='ltr'>et</span> <span class='ocrx_word' id='word_1_341' title='bbox 2383 3047 2649 3106; x_wconf 77' lang='lat' dir='ltr'>efficaciae</span> <span class='ocrx_word' id='word_1_342' title='bbox 2678 3049 2739 3107; x_wconf 91' lang='lat' dir='ltr'>in</span> <span class='ocrx_word' id='word_1_343' title='bbox 2768 3048 2984 3108; x_wconf 86' lang='lat' dir='ltr'>iisdem</span> 
     </span>
     <span class='ocr_line' id='line_1_35' title="bbox 562 3128 2986 3209; baseline -0 -20"><span class='ocrx_word' id='word_1_344' title='bbox 562 3132 708 3191; x_wconf 89' lang='lat' dir='ltr'>locis</span> <span class='ocrx_word' id='word_1_345' title='bbox 737 3131 1056 3209; x_wconf 90' lang='lat' dir='ltr'>conjungit,</span> <span class='ocrx_word' id='word_1_346' title='bbox 1088 3140 1153 3191; x_wconf 92' lang='lat' dir='ltr'>ut</span> <span class='ocrx_word' id='word_1_347' title='bbox 1181 3150 1359 3208; x_wconf 89' lang='lat' dir='ltr'>quum</span> <span class='ocrx_word' id='word_1_348' title='bbox 1390 3151 1614 3189; x_wconf 81' lang='lat' dir='ltr'>cursum</span> <span class='ocrx_word' id='word_1_349' title='bbox 1642 3148 1772 3187; x_wconf 91' lang='lat' dir='ltr'>cum</span> <span class='ocrx_word' id='word_1_350' title='bbox 1803 3129 2134 3186; x_wconf 82' lang='lat' dir='ltr'>tractatione</span> <span class='ocrx_word' id='word_1_351' title='bbox 2157 3128 2355 3205; x_wconf 86' lang='lat' dir='ltr'>jungit</span> <span class='ocrx_word' id='word_1_352' title='bbox 2387 3129 2626 3205; x_wconf 49' lang='lat' dir='ltr'>Sponsg</span> <span class='ocrx_word' id='word_1_353' title='bbox 2655 3129 2822 3187; x_wconf 86' lang='lat' dir='ltr'>Cant.</span> <span class='ocrx_word' id='word_1_354' title='bbox 2850 3129 2892 3187; x_wconf 87' lang='lat' dir='ltr'>i.</span> <span class='ocrx_word' id='word_1_355' title='bbox 2925 3135 2986 3206; x_wconf 79' lang='grc'>2,</span> 
     </span>
     <span class='ocr_line' id='line_1_36' title="bbox 566 3209 2990 3289; baseline -0 -19"><span class='ocrx_word' id='word_1_356' title='bbox 566 3216 622 3287; x_wconf 86' lang='grc'>4,</span> <span class='ocrx_word' id='word_1_357' title='bbox 654 3222 712 3270; x_wconf 91' lang='lat' dir='ltr'>et</span> <span class='ocrx_word' id='word_1_358' title='bbox 742 3213 1005 3271; x_wconf 85' lang='lat' dir='ltr'>Christus</span> <span class='ocrx_word' id='word_1_359' title='bbox 1018 3216 1223 3289; x_wconf 70' lang='lat' dir='ltr'>juyum</span> <span class='ocrx_word' id='word_1_360' title='bbox 1252 3221 1311 3270; x_wconf 90' lang='lat' dir='ltr'>et</span> <span class='ocrx_word' id='word_1_361' title='bbox 1338 3233 1476 3270; x_wconf 81' lang='lat' dir='ltr'>onus</span> <span class='ocrx_word' id='word_1_362' title='bbox 1504 3231 1636 3269; x_wconf 90' lang='lat' dir='ltr'>cum</span> <span class='ocrx_word' id='word_1_363' title='bbox 1664 3210 1954 3268; x_wconf 81' lang='lat' dir='ltr'>dulcedine</span> <span class='ocrx_word' id='word_1_364' title='bbox 1981 3217 2041 3267; x_wconf 92' lang='lat' dir='ltr'>et</span> <span class='ocrx_word' id='word_1_365' title='bbox 2068 3210 2301 3282; x_wconf 83' lang='lat' dir='ltr'>levitate,</span> <span class='ocrx_word' id='word_1_366' title='bbox 2337 3209 2544 3267; x_wconf 90' lang='lat' dir='ltr'>Matth.</span> <span class='ocrx_word' id='word_1_367' title='bbox 2568 3209 2650 3266; x_wconf 87' lang='lat' dir='ltr'>xi.</span> <span class='ocrx_word' id='word_1_368' title='bbox 2674 3211 2770 3282; x_wconf 86' lang='lat'>30,</span> <span class='ocrx_word' id='word_1_369' title='bbox 2801 3230 2990 3286; x_wconf 87' lang='lat' dir='ltr'>quum</span> 
     </span>
     <span class='ocr_line' id='line_1_37' title="bbox 566 3287 2987 3367; baseline -0.001 -17"><span class='ocrx_word' id='word_1_370' title='bbox 566 3293 718 3350; x_wconf 89' lang='lat' dir='ltr'>trahi</span> <span class='ocrx_word' id='word_1_371' title='bbox 747 3293 1006 3366; x_wconf 90' lang='lat' dir='ltr'>dicimur,</span> <span class='ocrx_word' id='word_1_372' title='bbox 1034 3293 1137 3350; x_wconf 90' lang='lat' dir='ltr'>sed</span> <span class='ocrx_word' id='word_1_373' title='bbox 1165 3301 1224 3350; x_wconf 91' lang='lat' dir='ltr'>et</span> <span class='ocrx_word' id='word_1_374' title='bbox 1252 3292 1465 3350; x_wconf 90' lang='lat' dir='ltr'>ibidem</span> <span class='ocrx_word' id='word_1_375' title='bbox 1496 3290 1707 3364; x_wconf 90' lang='lat' dir='ltr'>doceri,</span> <span class='ocrx_word' id='word_1_376' title='bbox 1728 3289 1770 3347; x_wconf 87' lang='lat' dir='ltr'>J</span> <span class='ocrx_word' id='word_1_377' title='bbox 1775 3289 1869 3347; x_wconf 88' lang='lat' dir='ltr'>oh.</span> <span class='ocrx_word' id='word_1_378' title='bbox 1899 3289 1977 3346; x_wconf 91' lang='lat' dir='ltr'>vi.</span> <span class='ocrx_word' id='word_1_379' title='bbox 2002 3293 2098 3365; x_wconf 87' lang='grc'>44,</span> <span class='ocrx_word' id='word_1_380' title='bbox 2119 3291 2214 3362; x_wconf 88' lang='grc'>45,</span> <span class='ocrx_word' id='word_1_381' title='bbox 2235 3287 2570 3364; x_wconf 85' lang='lat' dir='ltr'>persuaderi</span> <span class='ocrx_word' id='word_1_382' title='bbox 2601 3288 2853 3365; x_wconf 83' lang='lat' dir='ltr'>Spiritus</span> <span class='ocrx_word' id='word_1_383' title='bbox 2880 3310 2987 3367; x_wconf 87' lang='lat' dir='ltr'>po·</span> 
     </span>
     <span class='ocr_line' id='line_1_38' title="bbox 567 3367 2990 3446; baseline -0.001 -17"><span class='ocrx_word' id='word_1_384' title='bbox 567 3372 765 3445; x_wconf 90' lang='lat' dir='ltr'>tentia,</span> <span class='ocrx_word' id='word_1_385' title='bbox 799 3372 900 3429; x_wconf 87' lang='lat' dir='ltr'>sed</span> <span class='ocrx_word' id='word_1_386' title='bbox 939 3380 998 3429; x_wconf 89' lang='lat' dir='ltr'>et</span> <span class='ocrx_word' id='word_1_387' title='bbox 1039 3372 1543 3445; x_wconf 88' lang='lat' dir='ltr'>demonstratione,</span> <span class='ocrx_word' id='word_1_388' title='bbox 1580 3374 1607 3427; x_wconf 95' lang='lat'>1</span> <span class='ocrx_word' id='word_1_389' title='bbox 1646 3370 1775 3428; x_wconf 88' lang='lat' dir='ltr'>Cor.</span> <span class='ocrx_word' id='word_1_390' title='bbox 1806 3369 1864 3426; x_wconf 85' lang='lat' dir='ltr'>ii.</span> <span class='ocrx_word' id='word_1_391' title='bbox 1896 3372 1951 3444; x_wconf 90' lang='grc'>4,</span> <span class='ocrx_word' id='word_1_392' title='bbox 1997 3369 2276 3427; x_wconf 90' lang='lat' dir='ltr'>immensa</span> <span class='ocrx_word' id='word_1_393' title='bbox 2317 3367 2530 3427; x_wconf 88' lang='lat' dir='ltr'>virtute</span> <span class='ocrx_word' id='word_1_394' title='bbox 2561 3368 2673 3426; x_wconf 89' lang='lat' dir='ltr'>Dei</span> <span class='ocrx_word' id='word_1_395' title='bbox 2701 3372 2990 3446; x_wconf 83' lang='lat' dir='ltr'>converti,</span> 
     </span>
     <span class='ocr_line' id='line_1_39' title="bbox 570 3447 2988 3526; baseline 0.001 -19"><span class='ocrx_word' id='word_1_396' title='bbox 570 3450 673 3508; x_wconf 89' lang='lat' dir='ltr'>sed</span> <span class='ocrx_word' id='word_1_397' title='bbox 701 3471 831 3508; x_wconf 89' lang='lat' dir='ltr'>cum</span> <span class='ocrx_word' id='word_1_398' title='bbox 857 3450 1279 3510; x_wconf 86' lang='lat' dir='ltr'>illuminatione</span> <span class='ocrx_word' id='word_1_399' title='bbox 1308 3451 1507 3526; x_wconf 89' lang='lat' dir='ltr'>gaudii</span> <span class='ocrx_word' id='word_1_400' title='bbox 1549 3450 1738 3526; x_wconf 86' lang='lat' dir='ltr'>plena,</span> <span class='ocrx_word' id='word_1_401' title='bbox 1778 3449 1927 3525; x_wconf 86' lang='lat' dir='ltr'>Eph.</span> <span class='ocrx_word' id='word_1_402' title='bbox 1957 3449 1995 3507; x_wconf 91' lang='lat' dir='ltr'>i.</span> <span class='ocrx_word' id='word_1_403' title='bbox 2033 3451 2122 3524; x_wconf 85' lang='lat'>18,</span> <span class='ocrx_word' id='word_1_404' title='bbox 2160 3451 2251 3524; x_wconf 89' lang='lat'>19,</span> <span class='ocrx_word' id='word_1_405' title='bbox 2294 3448 2518 3523; x_wconf 89' lang='lat' dir='ltr'>vinciri,</span> <span class='ocrx_word' id='word_1_406' title='bbox 2550 3447 2656 3507; x_wconf 87' lang='lat' dir='ltr'>sed</span> <span class='ocrx_word' id='word_1_407' title='bbox 2680 3458 2740 3507; x_wconf 92' lang='lat' dir='ltr'>et</span> <span class='ocrx_word' id='word_1_408' title='bbox 2767 3450 2988 3526; x_wconf 80' lang='lat' dir='ltr'>pellici,</span> 
     </span>
     <span class='ocr_line' id='line_1_40' title="bbox 569 3526 2987 3605; baseline 0.001 -19"><span class='ocrx_word' id='word_1_409' title='bbox 569 3529 694 3587; x_wconf 83' lang='lat' dir='ltr'>Jer.</span> <span class='ocrx_word' id='word_1_410' title='bbox 727 3549 829 3586; x_wconf 81' lang='lat' dir='ltr'>xx.</span> <span class='ocrx_word' id='word_1_411' title='bbox 860 3533 913 3602; x_wconf 84' lang='lat'>7,</span> <span class='ocrx_word' id='word_1_412' title='bbox 961 3530 1296 3605; x_wconf 86' lang='lat' dir='ltr'>constringi,</span> <span class='ocrx_word' id='word_1_413' title='bbox 1343 3530 1446 3587; x_wconf 89' lang='lat' dir='ltr'>sed</span> <span class='ocrx_word' id='word_1_414' title='bbox 1488 3529 1784 3587; x_wconf 87' lang='lat' dir='ltr'>charitatis</span> <span class='ocrx_word' id='word_1_415' title='bbox 1826 3536 1885 3586; x_wconf 91' lang='lat' dir='ltr'>et</span> <span class='ocrx_word' id='word_1_416' title='bbox 1918 3537 2266 3601; x_wconf 62' lang='grc' dir='ltr'>φιλωαςωσίις,</span> <span class='ocrx_word' id='word_1_417' title='bbox 2302 3526 2552 3602; x_wconf 79' lang='lat' dir='ltr'>funibuS,</span> <span class='ocrx_word' id='word_1_418' title='bbox 2600 3528 2748 3587; x_wconf 84' lang='lat' dir='ltr'>Hos.</span> <span class='ocrx_word' id='word_1_419' title='bbox 2799 3531 2883 3589; x_wconf 82' lang='lat' dir='ltr'>xi.</span> <span class='ocrx_word' id='word_1_420' title='bbox 2924 3534 2987 3605; x_wconf 77' lang='lat'>4,</span> 
     </span>
     <span class='ocr_line' id='line_1_41' title="bbox 570 3606 2989 3684; baseline 0.002 -20"><span class='ocrx_word' id='word_1_421' title='bbox 570 3612 605 3664; x_wconf 84' lang='lat'><strong>2</strong></span> <span class='ocrx_word' id='word_1_422' title='bbox 639 3608 769 3664; x_wconf 92' lang='lat' dir='ltr'>Cor.</span> <span class='ocrx_word' id='word_1_423' title='bbox 801 3627 858 3662; x_wconf 90' lang='lat' dir='ltr'>v.</span> <span class='ocrx_word' id='word_1_424' title='bbox 895 3611 988 3677; x_wconf 82' lang='lat'>14,</span> <span class='ocrx_word' id='word_1_425' title='bbox 1019 3609 1231 3684; x_wconf 89' lang='lat' dir='ltr'>quibus</span> <span class='ocrx_word' id='word_1_426' title='bbox 1259 3608 1422 3667; x_wconf 89' lang='lat' dir='ltr'>velut</span> <span class='ocrx_word' id='word_1_427' title='bbox 1450 3608 1670 3667; x_wconf 89' lang='lat' dir='ltr'>catenis</span> <span class='ocrx_word' id='word_1_428' title='bbox 1697 3608 1886 3666; x_wconf 89' lang='lat' dir='ltr'>aureis</span> <span class='ocrx_word' id='word_1_429' title='bbox 1915 3606 2096 3666; x_wconf 91' lang='lat' dir='ltr'>vincti</span> <span class='ocrx_word' id='word_1_430' title='bbox 2123 3607 2325 3666; x_wconf 89' lang='lat' dir='ltr'>fideles</span> <span class='ocrx_word' id='word_1_431' title='bbox 2346 3609 2652 3666; x_wconf 87' lang='lat' dir='ltr'>trahuntur</span> <span class='ocrx_word' id='word_1_432' title='bbox 2680 3607 2756 3666; x_wconf 90' lang='lat' dir='ltr'>ad</span> <span class='ocrx_word' id='word_1_433' title='bbox 2786 3608 2989 3669; x_wconf 85' lang='lat' dir='ltr'>Chris-</span> 
     </span>
     <span class='ocr_line' id='line_1_42' title="bbox 571 3687 2987 3764; baseline 0.001 -19"><span class='ocrx_word' id='word_1_434' title='bbox 571 3695 711 3762; x_wconf 91' lang='lat' dir='ltr'>tum,</span> <span class='ocrx_word' id='word_1_435' title='bbox 754 3687 931 3764; x_wconf 89' lang='lat' dir='ltr'>longe</span> <span class='ocrx_word' id='word_1_436' title='bbox 973 3687 1186 3762; x_wconf 73' lang='lat' dir='ltr'>veriuS,</span> <span class='ocrx_word' id='word_1_437' title='bbox 1231 3707 1404 3764; x_wconf 89' lang='lat' dir='ltr'>quam</span> <span class='ocrx_word' id='word_1_438' title='bbox 1434 3687 1764 3764; x_wconf 89' lang='lat' dir='ltr'>eloquentia</span> <span class='ocrx_word' id='word_1_439' title='bbox 1789 3707 1893 3746; x_wconf 90' lang='lat' dir='ltr'>sua</span> <span class='ocrx_word' id='word_1_440' title='bbox 1923 3690 2192 3746; x_wconf 82' lang='lat' dir='ltr'>Oratores</span> <span class='ocrx_word' id='word_1_441' title='bbox 2219 3689 2445 3746; x_wconf 88' lang='lat' dir='ltr'>trahere</span> <span class='ocrx_word' id='word_1_442' title='bbox 2490 3688 2763 3747; x_wconf 89' lang='lat' dir='ltr'>dicuntur</span> <span class='ocrx_word' id='word_1_443' title='bbox 2796 3689 2987 3748; x_wconf 89' lang='lat' dir='ltr'>homi·</span> 
     </span>
     <span class='ocr_line' id='line_1_43' title="bbox 571 3767 2990 3844; baseline 0.002 -20"><span class='ocrx_word' id='word_1_444' title='bbox 571 3787 693 3825; x_wconf 88' lang='lat' dir='ltr'>nes.</span> <span class='ocrx_word' id='word_1_445' title='bbox 779 3767 936 3826; x_wconf 89' lang='lat' dir='ltr'>Hinc</span> <span class='ocrx_word' id='word_1_446' title='bbox 984 3767 1138 3826; x_wconf 89' lang='lat' dir='ltr'>idem</span> <span class='ocrx_word' id='word_1_447' title='bbox 1189 3768 1593 3844; x_wconf 88' lang='lat' dir='ltr'>Evangelium,</span> <span class='ocrx_word' id='word_1_448' title='bbox 1640 3787 1755 3844; x_wconf 92' lang='lat' dir='ltr'>quo</span> <span class='ocrx_word' id='word_1_449' title='bbox 1804 3767 2209 3840; x_wconf 87' lang='lat' dir='ltr'>convertimur,</span> <span class='ocrx_word' id='word_1_450' title='bbox 2247 3776 2305 3826; x_wconf 91' lang='lat' dir='ltr'>et</span> <span class='ocrx_word' id='word_1_451' title='bbox 2335 3769 2591 3842; x_wconf 82' lang='lat' dir='ltr'>potentia</span> <span class='ocrx_word' id='word_1_452' title='bbox 2617 3778 2678 3826; x_wconf 92' lang='lat' dir='ltr'>et</span> <span class='ocrx_word' id='word_1_453' title='bbox 2702 3769 2990 3844; x_wconf 77' lang='lat' dir='ltr'>sapientia</span> 
     </span>
     <span class='ocr_line' id='line_1_44' title="bbox 569 3848 2988 3926; baseline 0.001 -20"><span class='ocrx_word' id='word_1_454' title='bbox 569 3856 826 3923; x_wconf 90' lang='lat' dir='ltr'>vocatur,</span> <span class='ocrx_word' id='word_1_455' title='bbox 862 3852 889 3905; x_wconf 96' lang='lat'>1</span> <span class='ocrx_word' id='word_1_456' title='bbox 926 3849 1056 3908; x_wconf 90' lang='lat' dir='ltr'>Cor.</span> <span class='ocrx_word' id='word_1_457' title='bbox 1113 3849 1171 3924; x_wconf 88' lang='lat' dir='ltr'>i.,</span> <span class='ocrx_word' id='word_1_458' title='bbox 1215 3850 1503 3907; x_wconf 77' lang='lat' dir='ltr'>brachium</span> <span class='ocrx_word' id='word_1_459' title='bbox 1534 3849 1663 3922; x_wconf 86' lang='lat' dir='ltr'>Dei,</span> <span class='ocrx_word' id='word_1_460' title='bbox 1695 3868 1810 3924; x_wconf 92' lang='lat' dir='ltr'>quo</span> <span class='ocrx_word' id='word_1_461' title='bbox 1839 3848 1985 3905; x_wconf 87' lang='lat' dir='ltr'>nihil</span> <span class='ocrx_word' id='word_1_462' title='bbox 2031 3848 2341 3924; x_wconf 88' lang='lat' dir='ltr'>potentius,</span> <span class='ocrx_word' id='word_1_463' title='bbox 2373 3857 2432 3906; x_wconf 85' lang='lat' dir='ltr'>et</span> <span class='ocrx_word' id='word_1_464' title='bbox 2459 3851 2569 3906; x_wconf 80' lang='lat' dir='ltr'>mel</span> <span class='ocrx_word' id='word_1_465' title='bbox 2595 3868 2697 3906; x_wconf 88' lang='lat' dir='ltr'>seu</span> <span class='ocrx_word' id='word_1_466' title='bbox 2726 3851 2832 3922; x_wconf 87' lang='lat' dir='ltr'>lac,</span> <span class='ocrx_word' id='word_1_467' title='bbox 2866 3869 2988 3926; x_wconf 88' lang='lat' dir='ltr'>quo</span> 
     </span>
     <span class='ocr_line' id='line_1_45' title="bbox 569 3927 2986 4005; baseline 0 -19"><span class='ocrx_word' id='word_1_468' title='bbox 569 3929 716 3987; x_wconf 92' lang='lat' dir='ltr'>nihil</span> <span class='ocrx_word' id='word_1_469' title='bbox 761 3929 1014 4004; x_wconf 87' lang='lat' dir='ltr'>suavius,</span> <span class='ocrx_word' id='word_1_470' title='bbox 1063 3927 1217 3988; x_wconf 90' lang='lat' dir='ltr'>Psal.</span> <span class='ocrx_word' id='word_1_471' title='bbox 1262 3929 1404 4003; x_wconf 64' lang='lat' dir='ltr'>xix„</span> <span class='ocrx_word' id='word_1_472' title='bbox 1442 3933 1470 3986; x_wconf 95' lang='lat'>1</span> <span class='ocrx_word' id='word_1_473' title='bbox 1520 3929 1646 3987; x_wconf 89' lang='lat' dir='ltr'>Pet.</span> <span class='ocrx_word' id='word_1_474' title='bbox 1690 3928 1749 3986; x_wconf 92' lang='lat' dir='ltr'>ii.</span> <span class='ocrx_word' id='word_1_475' title='bbox 1780 3933 1836 3986; x_wconf 82' lang='lat'>2.</span> <span class='ocrx_word' id='word_1_476' title='bbox 1939 3927 2102 3986; x_wconf 91' lang='lat' dir='ltr'>Idem</span> <span class='ocrx_word' id='word_1_477' title='bbox 2156 3927 2404 4004; x_wconf 81' lang='lat' dir='ltr'>Spiritus</span> <span class='ocrx_word' id='word_1_478' title='bbox 2452 3948 2568 4004; x_wconf 93' lang='lat' dir='ltr'>quo</span> <span class='ocrx_word' id='word_1_479' title='bbox 2615 3948 2986 4005; x_wconf 79' lang='lat' dir='ltr'>renovamur,</span> 
     </span>
     <span class='ocr_line' id='line_1_46' title="bbox 569 4008 2985 4087; baseline 0 -20"><span class='ocrx_word' id='word_1_480' title='bbox 569 4019 659 4068; x_wconf 89' lang='lat' dir='ltr'>est</span> <span class='ocrx_word' id='word_1_481' title='bbox 692 4009 939 4086; x_wconf 87' lang='lat' dir='ltr'>Spiritus</span> <span class='ocrx_word' id='word_1_482' title='bbox 966 4009 1206 4086; x_wconf 89' lang='lat' dir='ltr'>roboris,</span> <span class='ocrx_word' id='word_1_483' title='bbox 1239 4017 1298 4068; x_wconf 95' lang='lat' dir='ltr'>et</span> <span class='ocrx_word' id='word_1_484' title='bbox 1329 4010 1579 4087; x_wconf 88' lang='lat' dir='ltr'>Spiritus</span> <span class='ocrx_word' id='word_1_485' title='bbox 1621 4008 1840 4085; x_wconf 72' lang='lat' dir='ltr'>gratiae,</span> <span class='ocrx_word' id='word_1_486' title='bbox 1891 4008 2190 4084; x_wconf 89' lang='lat' dir='ltr'>Sceptrum</span> <span class='ocrx_word' id='word_1_487' title='bbox 2220 4008 2470 4083; x_wconf 80' lang='lat' dir='ltr'>virtutiS,</span> <span class='ocrx_word' id='word_1_488' title='bbox 2502 4017 2562 4067; x_wconf 91' lang='lat' dir='ltr'>et</span> <span class='ocrx_word' id='word_1_489' title='bbox 2590 4008 2798 4068; x_wconf 91' lang='lat' dir='ltr'>Oleum</span> <span class='ocrx_word' id='word_1_490' title='bbox 2835 4008 2985 4068; x_wconf 81' lang='lat' dir='ltr'>laeti-</span> 
     </span>
     <span class='ocr_line' id='line_1_47' title="bbox 569 4088 2990 4167; baseline 0 -20"><span class='ocrx_word' id='word_1_491' title='bbox 569 4090 682 4164; x_wconf 76' lang='lat' dir='ltr'>tiae,</span> <span class='ocrx_word' id='word_1_492' title='bbox 733 4090 980 4167; x_wconf 89' lang='lat' dir='ltr'>Spiritus</span> <span class='ocrx_word' id='word_1_493' title='bbox 1014 4096 1251 4158; x_wconf 63' lang='grc' dir='ltr'>δυνάμιας,</span> <span class='ocrx_word' id='word_1_494' title='bbox 1289 4098 1346 4148; x_wconf 92' lang='lat' dir='ltr'>et</span> <span class='ocrx_word' id='word_1_495' title='bbox 1382 4100 1594 4158; x_wconf 58' lang='lat' dir='ltr'>eyia-215,</span> <span class='ocrx_word' id='word_1_496' title='bbox 1633 4093 1668 4146; x_wconf 82' lang='lat'><strong>2</strong></span> <span class='ocrx_word' id='word_1_497' title='bbox 1709 4088 1858 4147; x_wconf 88' lang='lat' dir='ltr'>Tim.</span> <span class='ocrx_word' id='word_1_498' title='bbox 1903 4088 1941 4147; x_wconf 91' lang='lat' dir='ltr'>i.</span> <span class='ocrx_word' id='word_1_499' title='bbox 1988 4093 2041 4163; x_wconf 86' lang='lat'>7,</span> <span class='ocrx_word' id='word_1_500' title='bbox 2087 4096 2152 4146; x_wconf 91' lang='lat' dir='ltr'>ut</span> <span class='ocrx_word' id='word_1_501' title='bbox 2195 4088 2285 4145; x_wconf 87' lang='lat' dir='ltr'>vis</span> <span class='ocrx_word' id='word_1_502' title='bbox 2335 4088 2463 4166; x_wconf 89' lang='lat' dir='ltr'>ejus</span> <span class='ocrx_word' id='word_1_503' title='bbox 2511 4088 2878 4166; x_wconf 88' lang='lat' dir='ltr'>omnipotens</span> <span class='ocrx_word' id='word_1_504' title='bbox 2924 4098 2990 4148; x_wconf 82' lang='lat' dir='ltr'>et</span> 
     </span>
     <span class='ocr_line' id='line_1_48' title="bbox 567 4169 1297 4246; baseline 0.003 -20"><span class='ocrx_word' id='word_1_505' title='bbox 567 4169 916 4228; x_wconf 86' lang='lat' dir='ltr'>amicissima</span> <span class='ocrx_word' id='word_1_506' title='bbox 944 4169 1297 4246; x_wconf 87' lang='lat' dir='ltr'>designetur.</span> 
     </span>
    </p>

    <p class='ocr_par' dir='ltr' id='par_1_7' title="bbox 561 4246 2984 4726">
     <span class='ocr_line' id='line_1_49' title="bbox 650 4246 2984 4326; baseline 0 -20"><span class='ocrx_word' id='word_1_507' title='bbox 650 4249 842 4308; x_wconf 89' lang='lat' dir='ltr'>XXI.</span> <span class='ocrx_word' id='word_1_508' title='bbox 888 4248 1086 4326; x_wconf 89' lang='lat' dir='ltr'>Atque</span> <span class='ocrx_word' id='word_1_509' title='bbox 1115 4250 1249 4308; x_wconf 89' lang='lat' dir='ltr'>hinc</span> <span class='ocrx_word' id='word_1_510' title='bbox 1277 4269 1393 4308; x_wconf 91' lang='lat' dir='ltr'>non</span> <span class='ocrx_word' id='word_1_511' title='bbox 1423 4249 1665 4308; x_wconf 85' lang='lat' dir='ltr'>obscure</span> <span class='ocrx_word' id='word_1_512' title='bbox 1695 4246 2003 4324; x_wconf 86' lang='lat' dir='ltr'>colligitur,</span> <span class='ocrx_word' id='word_1_513' title='bbox 2034 4247 2324 4323; x_wconf 88' lang='lat' dir='ltr'>quomodo</span> <span class='ocrx_word' id='word_1_514' title='bbox 2352 4248 2590 4307; x_wconf 88' lang='lat' dir='ltr'>libertas</span> <span class='ocrx_word' id='word_1_515' title='bbox 2633 4248 2695 4306; x_wconf 90' lang='lat' dir='ltr'>in</span> <span class='ocrx_word' id='word_1_516' title='bbox 2743 4249 2853 4307; x_wconf 87' lang='lat' dir='ltr'>hoc</span> <span class='ocrx_word' id='word_1_517' title='bbox 2882 4268 2984 4308; x_wconf 85' lang='lat' dir='ltr'>ne-</span> 
     </span>
     <span class='ocr_line' id='line_1_50' title="bbox 570 4327 2983 4406; baseline -0 -19"><span class='ocrx_word' id='word_1_518' title='bbox 570 4329 730 4406; x_wconf 89' lang='lat' dir='ltr'>gotio</span> <span class='ocrx_word' id='word_1_519' title='bbox 758 4349 890 4387; x_wconf 91' lang='lat' dir='ltr'>cum</span> <span class='ocrx_word' id='word_1_520' title='bbox 918 4330 1259 4388; x_wconf 85' lang='lat' dir='ltr'>necessitate</span> <span class='ocrx_word' id='word_1_521' title='bbox 1288 4329 1469 4388; x_wconf 89' lang='lat' dir='ltr'>amice</span> <span class='ocrx_word' id='word_1_522' title='bbox 1498 4328 1844 4405; x_wconf 89' lang='lat' dir='ltr'>conspirent,</span> <span class='ocrx_word' id='word_1_523' title='bbox 1876 4327 2032 4403; x_wconf 93' lang='lat' dir='ltr'>quod</span> <span class='ocrx_word' id='word_1_524' title='bbox 2061 4328 2265 4386; x_wconf 86' lang='lat' dir='ltr'>nolunt</span> <span class='ocrx_word' id='word_1_525' title='bbox 2285 4348 2599 4404; x_wconf 89' lang='lat' dir='ltr'>agnoscere</span> <span class='ocrx_word' id='word_1_526' title='bbox 2622 4328 2983 4403; x_wconf 82' lang='lat' dir='ltr'>Adversarii,</span> 
     </span>
     <span class='ocr_line' id='line_1_51' title="bbox 566 4407 2983 4486; baseline -0 -19"><span class='ocrx_word' id='word_1_527' title='bbox 566 4410 665 4486; x_wconf 93' lang='lat' dir='ltr'>qui</span> <span class='ocrx_word' id='word_1_528' title='bbox 695 4409 922 4486; x_wconf 89' lang='lat' dir='ltr'>quoties</span> <span class='ocrx_word' id='word_1_529' title='bbox 953 4429 1190 4467; x_wconf 90' lang='lat' dir='ltr'>suavem</span> <span class='ocrx_word' id='word_1_530' title='bbox 1220 4409 1421 4484; x_wconf 82' lang='lat' dir='ltr'>gratiae</span> <span class='ocrx_word' id='word_1_531' title='bbox 1450 4408 1840 4486; x_wconf 89' lang='lat' dir='ltr'>operationem</span> <span class='ocrx_word' id='word_1_532' title='bbox 1870 4407 2118 4465; x_wconf 88' lang='lat' dir='ltr'>describi</span> <span class='ocrx_word' id='word_1_533' title='bbox 2146 4408 2364 4481; x_wconf 86' lang='lat' dir='ltr'>vident,</span> <span class='ocrx_word' id='word_1_534' title='bbox 2385 4408 2559 4467; x_wconf 88' lang='lat' dir='ltr'>toties</span> <span class='ocrx_word' id='word_1_535' title='bbox 2571 4409 2839 4483; x_wconf 89' lang='lat' dir='ltr'>clamant,</span> <span class='ocrx_word' id='word_1_536' title='bbox 2864 4427 2983 4467; x_wconf 89' lang='lat' dir='ltr'>non</span> 
     </span>
     <span class='ocr_line' id='line_1_52' title="bbox 566 4487 2980 4565; baseline -0 -19"><span class='ocrx_word' id='word_1_537' title='bbox 566 4508 692 4547; x_wconf 87' lang='lat' dir='ltr'>esse</span> <span class='ocrx_word' id='word_1_538' title='bbox 722 4508 861 4565; x_wconf 88' lang='lat' dir='ltr'>ergo</span> <span class='ocrx_word' id='word_1_539' title='bbox 891 4488 1182 4560; x_wconf 87' lang='lat' dir='ltr'>invictam,</span> <span class='ocrx_word' id='word_1_540' title='bbox 1215 4497 1272 4546; x_wconf 89' lang='lat' dir='ltr'>ct</span> <span class='ocrx_word' id='word_1_541' title='bbox 1300 4498 1364 4547; x_wconf 88' lang='lat' dir='ltr'>ut</span> <span class='ocrx_word' id='word_1_542' title='bbox 1391 4488 1706 4564; x_wconf 89' lang='lat' dir='ltr'>loquuntur</span> <span class='ocrx_word' id='word_1_543' title='bbox 1727 4487 2163 4547; x_wconf 88' lang='lat' dir='ltr'>irresistibilem.</span> <span class='ocrx_word' id='word_1_544' title='bbox 2250 4488 2490 4563; x_wconf 86' lang='lat' dir='ltr'>Quoties</span> <span class='ocrx_word' id='word_1_545' title='bbox 2508 4509 2646 4546; x_wconf 88' lang='lat' dir='ltr'>vero</span> <span class='ocrx_word' id='word_1_546' title='bbox 2668 4487 2980 4547; x_wconf 85' lang='lat' dir='ltr'>efficaciam</span> 
     </span>
     <span class='ocr_line' id='line_1_53' title="bbox 566 4567 2976 4645; baseline 0.001 -21"><span class='ocrx_word' id='word_1_547' title='bbox 566 4567 1009 4642; x_wconf 87' lang='lat' dir='ltr'>insuperabilem</span> <span class='ocrx_word' id='word_1_548' title='bbox 1038 4567 1336 4645; x_wconf 71' lang='lat' dir='ltr'>praedicari</span> <span class='ocrx_word' id='word_1_549' title='bbox 1366 4568 1626 4644; x_wconf 89' lang='lat' dir='ltr'>audiunt,</span> <span class='ocrx_word' id='word_1_550' title='bbox 1659 4579 1795 4627; x_wconf 87' lang='lat' dir='ltr'>tunc</span> <span class='ocrx_word' id='word_1_551' title='bbox 1825 4568 1959 4626; x_wconf 79' lang='lat' dir='ltr'>laedi</span> <span class='ocrx_word' id='word_1_552' title='bbox 1988 4568 2304 4626; x_wconf 89' lang='lat' dir='ltr'>voluntatis</span> <span class='ocrx_word' id='word_1_553' title='bbox 2331 4569 2674 4643; x_wconf 88' lang='lat' dir='ltr'>libertatem,</span> <span class='ocrx_word' id='word_1_554' title='bbox 2706 4577 2766 4627; x_wconf 90' lang='lat' dir='ltr'>et</span> <span class='ocrx_word' id='word_1_555' title='bbox 2793 4569 2976 4626; x_wconf 87' lang='lat' dir='ltr'>homi·</span> 
     </span>
     <span class='ocr_line' id='line_1_54' title="bbox 561 4646 2980 4726; baseline 0.001 -23"><span class='ocrx_word' id='word_1_556' title='bbox 561 4666 692 4704; x_wconf 80' lang='lat' dir='ltr'>nem</span> <span class='ocrx_word' id='word_1_557' title='bbox 717 4646 775 4704; x_wconf 90' lang='lat' dir='ltr'>in</span> <span class='ocrx_word' id='word_1_558' title='bbox 804 4657 1067 4706; x_wconf 90' lang='lat' dir='ltr'>truncum</span> <span class='ocrx_word' id='word_1_559' title='bbox 1097 4656 1155 4706; x_wconf 90' lang='lat' dir='ltr'>et</span> <span class='ocrx_word' id='word_1_560' title='bbox 1183 4647 1435 4725; x_wconf 86' lang='lat' dir='ltr'>stipitem</span> <span class='ocrx_word' id='word_1_561' title='bbox 1468 4650 1727 4707; x_wconf 86' lang='lat' dir='ltr'>converti</span> <span class='ocrx_word' id='word_1_562' title='bbox 1750 4648 2152 4707; x_wconf 84' lang='lat' dir='ltr'>vociferantur.</span> <span class='ocrx_word' id='word_1_563' title='bbox 2242 4648 2357 4707; x_wconf 86' lang='lat' dir='ltr'>Sed</span> <span class='ocrx_word' id='word_1_564' title='bbox 2374 4648 2474 4725; x_wconf 90' lang='lat' dir='ltr'>qui</span> <span class='ocrx_word' id='word_1_565' title='bbox 2491 4648 2780 4726; x_wconf 87' lang='lat' dir='ltr'>duplicem</span> <span class='ocrx_word' id='word_1_566' title='bbox 2810 4649 2980 4706; x_wconf 83' lang='lat' dir='ltr'>istam</span> 
     </span>
    </p>
   </div>
  </div>
 </body>
</html>
