3221 5200
476 285 551 341 ⁷2
1323 283 1335 294 '
1384 296 1568 341 Locus
1595 292 1957 340 monemus.
2459 274 2716 358 [Quffisr.
2748 293 2884 337 xm.

480 441 712 519 scripsit
729 439 1018 520 'exemplo
1046 435 1169 516 suo',
1199 440 1297 500 vel
1323 440 1400 500 ad
1416 437 1684 515 alteram,
1724 457 1854 516 quae
1882 437 1999 496 illis
2025 456 2129 515 per
2166 434 2647 501 introductionem
2686 434 2890 514 populi

479 521 542 580 in
582 531 791 580 terram
822 522 1056 580 Canaan
1083 541 1119 580 a
1145 522 1188 580 J
1192 524 1330 580 osne
1361 527 1665 598 procurata
1706 527 1811 594 est,
1856 519 1993 595 quia
2031 527 2273 593 utraque
2307 517 2535 594 jamdiu
2574 518 2888 595 praeteriit3

479 602 803 662 necessario
832 601 1210 678 intelligenda
1237 609 1372 659 sunt
1399 600 1471 658 de
1499 600 1671 659 tertia
1696 598 1799 656 illa
1824 598 2040 675 requie,
2071 617 2201 674 quae
2227 597 2497 656 fidelibus
2524 597 2587 654 in
2615 598 2889 674 Evange-

478 680 559 739 lio
588 701 691 757 per
718 682 981 758 gratiam,
1013 689 1071 739 et
1098 680 1283 739 beatis
1311 679 1372 738 in
1400 680 1546 738 coelo
1574 699 1678 756 per
1698 678 1940 755 gloriam
1963 677 2331 754 promittitur.
2412 677 2510 736 Ita
2531 696 2735 736 sensus
2754 696 2890 734 ver·

479 759 824 838 borum,'qui
851 760 994 819 alias
1019 758 1251 819 videtur
1277 760 1596 833 intricatus,
1627 758 1835 835 planus
1863 766 1982 816 est:
2029 759 2064 791 ‘⁶
2085 756 2401 815 Introimus
2428 756 2639 831 enim,'’
2680 755 2889 832 inquit,

484 839 603 897 “in
631 841 888 916 requiem
919 840 1031 899 Dei
1058 860 1164 898 nos
1192 839 1292 916 qui
1320 838 1685 912 credidimus,
1706 838 1858 896 sicut
1884 837 2050 911 dixit,
2083 836 2290 914 Itaque
2310 835 2509 914 juravi
2536 837 2598 894 in
2625 835 2710 894 ira
2736 856 2887 911 mea,

486 919 551 978 Si
578 919 896 997 ingressuri
923 919 1039 978 sint
1065 920 1126 977 in
1157 919 1412 995 requiem
1440 919 1685 992 meam,’'
1719 916 1881 996 (licet
1897 917 2050 975 enim
2068 916 2248 975 verba
2271 916 2485 974 Psalm.
2509 916 2626 974 sint
2653 915 2891 974 commi-

482 1001 721 1074 natoria,
752 999 1188 1077 promissionem
1218 1007 1411 1057 tamen
1431 1018 1506 1057 ex
1528 996 1903 1074 consequenti
1924 995 2244 1069 includunt,
2273 1003 2339 1054 ut
2360 996 2420 1053 in
2448 995 2734 1054 mandatis
2754 995 2889 1070 Dei,

485 1079 708 1155 quaevis
728 1079 917 1155 jussio
945 1077 1405 1156 prohibitionem,
1438 1086 1498 1136 et
1523 1078 1747 1154 quaevis
1773 1075 2085 1153 prohibitio
2104 1075 2426 1153 jussionem
2454 1074 2743 1154 includit.)
2799 1075 2894 1133 Ne

483 1178 623 1217 vero
651 1158 782 1235 quis
810 1157 1028 1217 diceret
1053 1159 1179 1216 haec
1205 1157 1505 1216 referenda
1532 1176 1659 1215 esse
1680 1156 1777 1215 vel
1804 1154 1880 1214 ad
1907 1156 2155 1232 quietem
2183 1154 2312 1231 Dei,
2336 1174 2465 1231 quse
2493 1154 2737 1231 contigit
2756 1162 2895 1231 post

485 1257 630 1314 opus
650 1237 985 1312 Creationis,
1008 1238 1079 1295 de
1109 1257 1224 1315 qua
1243 1236 1454 1296 Genes.
1486 1237 1544 1294 ii.
1566 1240 1621 1311 3,
1652 1235 1815 1294 addit
1839 1239 2001 1293 καίτοι
2028 1232 2194 1314 ἔργον,
2216 1232 2343 1310 &c.,
2367 1236 2404 1267 “
2421 1234 2688 1311 quamvis
2715 1254 2895 1311 opera

485 1318 612 1394 ejus
640 1315 883 1376 fuissent
924 1316 1190 1375 absoluta
1215 1336 1251 1375 a
1278 1315 1613 1375 fundatione
1655 1315 1913 1389 mundi,'’
1957 1323 2024 1374 ut
2060 1316 2281 1388 innuat,
2309 1334 2426 1372 non
2451 1333 2621 1389 posse
2649 1314 2760 1372 hoc
2801 1314 2892 1371 in-

484 1396 674 1473 telligi
701 1396 774 1453 de
808 1396 909 1453 illa
945 1396 1159 1472 requie,
1200 1394 1272 1453 de
1302 1415 1418 1472 qua
1458 1395 1655 1453 Moses
1695 1394 1912 1452 ibidem
1948 1394 2219 1471 loquitur,
2257 1394 2394 1470 quia
2425 1393 2652 1470 jamdiu
2685 1402 2892 1470 praete-

485 1475 660 1534 rierat
683 1497 697 1550 ;
727 1475 825 1533 vel
847 1475 922 1533 ad
942 1475 1195 1552 quietem
1229 1475 1478 1547 Canaan,
1511 1474 1746 1552 subjicit
1772 1495 1830 1532 v.
1861 1477 1917 1548 8,
1952 1476 1988 1506 “
2018 1474 2080 1532 Si
2100 1474 2144 1533 J
2147 1480 2286 1532 osuii
2314 1473 2446 1532 illos
2472 1472 2898 1532 introduxisset

486 1555 549 1612 in
576 1555 887 1631 quietem,''
932 1554 1153 1613 scilicet
1181 1574 1376 1612 veram
1417 1554 1577 1612 illam
1621 1563 1679 1612 et
1708 1554 2033 1628 salutarem,
2079 1553 2139 1610 in
2167 1573 2282 1630 qua
2322 1553 2567 1611 felicitas
2607 1552 2891 1628 consistit,

488 1636 525 1667 ‘⁴
546 1655 663 1693 non
689 1634 967 1712 loquutus
992 1633 1196 1693 fuisset
1221 1641 1423 1711 postea
1450 1633 1524 1692 de
1552 1633 1666 1691 alio
1695 1634 1788 1692 die
1812 1634 1867 1709 ;’'
1914 1632 2086 1693 Unde
2115 1632 2424 1706 concludit,
2455 1652 2513 1691 v.
2545 1635 2600 1708 9,
2634 1634 2671 1666 “
2693 1652 2896 1709 super·

487 1722 577 1773 est
604 1735 744 1792 ergo
773 1714 1159 1773 sabbatismus
1186 1714 1401 1791 populo
1433 1714 1603 1788 Dei‚’'
1635 1713 1713 1772 id.
1743 1714 1908 1790 quies
1936 1732 1971 1770 a
1998 1712 2285 1792 prioribus
2313 1712 2561 1770 diversa.

569 1795 725 1853 XII.
771 1794 893 1853 Nec
905 1794 1020 1852 *hie
1062 1792 1457 1871 reponendum
1496 1793 1755 1870 requiem
1783 1792 1958 1867 illam,
1990 1793 2062 1851 de
2091 1812 2207 1869 qua
2245 1792 2368 1869 agit
2396 1790 2733 1869 Apostolus,
2764 1812 2822 1850 v.
2853 1794 2894 1851 3

489 1880 549 1932 et
576 1877 631 1948 4,
673 1874 820 1932 nihil
857 1874 1072 1932 habere
1113 1893 1414 1932 commune
1456 1893 1587 1932 cum
1631 1872 1925 1931 Sabbatho
1953 1891 1988 1930 a
2017 1872 2145 1931 Deo
2182 1871 2464 1946 instituto,
2506 1871 2643 1949 quia
2679 1871 2895 1929 intelli·

488 1953 680 2030 genda
717 1954 793 2013 sit
822 1953 893 2012 de
922 1953 1114 2030 quiete
1146 1953 1273 2027 Dei,
1311 1952 1390 2011 id.
1423 1953 1550 2010 Deo
1592 1952 1704 2029 ipsi
1743 1952 1990 2029 propria,
2021 1971 2304 2010 non-vero
2345 1951 2660 2011 hominum.
2744 1951 2900 2025 Quia

485 2034 716 2110 requies
746 2033 859 2091 Dei
884 2053 1002 2091 non
1030 2032 1307 2106 excludit,
1352 2032 1455 2091 sed
1484 2032 1729 2092 includit
1759 2032 2082 2091 necessario
2109 2031 2219 2090 hoc
2248 2031 2308 2089 in
2333 2031 2464 2090 loco
2492 2031 2746 2107 requiem
2789 2051 2898 2089 seu

486 2113 833 2172 'sabbathum
874 2112 1209 2188 hominum3
1252 2112 1414 2170 nulla
1454 2112 1666 2188 quippe
1708 2111 1854 2170 ratio
1896 2110 2021 2169 dari
2060 2119 2272 2188 posset,
2314 2131 2417 2169 cur
2443 2111 2764 2188 Apostolus
2804 2131 2895 2169 re-

488 2192 682 2268 quiem
712 2192 871 2250 illam
899 2212 934 2250 a
953 2192 1128 2270 jactis
1155 2191 1358 2250 mundi
1384 2191 1773 2250 fundamentis
1801 2191 2069 2267 excipiat,
2110 2191 2160 2249 si
2188 2211 2257 2249 ea
2282 2191 2445 2249 nullo
2472 2190 2644 2249 modo
2672 2190 2748 2248 ad
2786 2191 2893 2250 ho-

487 2271 673 2330 mines
699 2273 998 2349 pertineat,
1031 2280 1090 2331 et
1117 2272 1167 2331 si
1196 2272 1303 2331 sub
1331 2271 1529 2349 requie
1560 2271 1672 2330 Dei
1688 2290 1806 2329 non
1826 2271 2113 2330 intellexit
2134 2290 2279 2344 eam,
2303 2289 2476 2347 quam
2499 2290 2604 2329 suo
2625 2271 2899 2347 exemplo

487 2350 818 2410 hominibus
859 2351 1226 2428 praescripsit.
1312 2355 1367 2410 2.
1417 2351 1480 2409 Si
1520 2370 1638 2410 non
1685 2350 2000 2411 includitur
2035 2350 2130 2408 hic
2177 2350 2534 2409 Sabbathum
2573 2350 2897 2425 hominum,

489 2439 764 2507 sequetur
791 2432 1037 2490 Paulum
1053 2430 1329 2489 'omisisse
1359 2430 1705 2489 sabbathum
1733 2430 1777 2489 J
1778 2430 2089 2504 udaeorum,
2121 2429 2278 2506 quod
2304 2449 2422 2488 non
2448 2430 2637 2507 potuit
2664 2429 2787 2488 sine
2804 2450 2896 2488 ra-

489 2509 664 2569 tionis
692 2531 807 2587 qua
833 2509 1103 2568 utebatur
1128 2508 1481 2587 praejudicio,
1505 2509 1644 2585 quia
1671 2510 1844 2586 objici
1874 2510 1959 2567 illi
1987 2510 2288 2586 potuisset,
2318 2528 2445 2569 esse
2474 2509 2650 2569 alium
2684 2509 2895 2567 sabba-

490 2587 725 2648 tismum
765 2596 972 2665 praeter
1014 2588 1176 2646 illum
1206 2589 1321 2664 quo
1353 2587 1513 2647 Deus
1541 2588 1779 2665 quievit,
1824 2596 1882 2647 et
1923 2610 2054 2648 eum
2084 2610 2199 2667 quo
2243 2588 2581 2649 fruebantur
2610 2588 2895 2649 Isra'elitae

489 2677 623 2744 post
650 2667 1072 2745 possessionem
1101 2666 1351 2740 Canaan,
1382 2667 1519 2725 nim.
1551 2667 1894 2727 sabbathum
1923 2668 2274 2729 ordinarium
2296 2669 2732 2729 hebdomadale.

494 2772 498 2777 v
791 2812 801 2824 ⁸
840 2812 851 2824 ·
1097 2745 1288 2804 XIII.
1333 2745 1564 2821 Quint0,
1610 2747 1744 2805 Hoc
1785 2747 1974 2824 ipsum
2017 2749 2315 2809 confirmat
2346 2750 2539 2808 Pietas
2579 2756 2638 2816 et
2673 2748 2900 2824 Religio

517 2811 564 2858 ⁵·
592 2811 946 2916 {ssffigfflmm
1019 2826 1256 2884 Patrum
1284 2834 1562 2901 veterum,
1593 2827 1732 2904 quia
1771 2846 1902 2885 cum
1932 2828 2008 2886 sit
2040 2829 2192 2906 juris
2225 2829 2504 2888 naturalis
2531 2836 2590 2887 et
2614 2828 2896 2906 perpetui,

816 2903 828 2917 ‘
1015 2913 1081 2965 ut
1109 2915 1264 2965 certa
1292 2914 1551 2983 tempora
1579 2915 1915 2985 separentur
1941 2907 2016 2965 ad
2045 2908 2339 2967 solennem
2364 2909 2477 2967 Dei
2504 2909 2741 2982 cultum,
2770 2908 2899 2966 fieri

491 3003 607 3043 non
635 2991 845 3063 potest,
874 2985 1016 3063 quin
1045 2984 1311 3046 Adamus
1338 2995 1397 3045 et
1429 2986 1487 3045 S.
1520 2986 1869 3046 Patriarchae
1898 2987 2023 3046 dies
2063 2988 2289 3066 aliquos
2323 3008 2517 3048 sacros
2544 2996 2602 3047 et
2630 2988 2900 3047 solennes

491 3064 815 3149 habuerint,
847 3066 1057 3143 quibus
1100 3067 1291 3126 cultus
1336 3066 1448 3126 Dei
1486 3077 1873 3144 perageretur,
1917 3068 1978 3125 in
2006 3068 2218 3145 quibus
2247 3067 2359 3126 Dei
2384 3068 2793 3127 beneficiorum
2836 3068 2901 3125 in

491 3145 779 3205 creatione
817 3147 949 3206 coeli
991 3154 1051 3206 et
1091 3155 1257 3206 terrae
1299 3147 1753 3207 recordarentur.
1840 3148 1918 3205 Et
1950 3147 2000 3206 si
2028 3148 2130 3224 qui
2166 3146 2397 3206 fuerunt
2423 3156 2547 3208 tum
2575 3147 2700 3206 dies
2729 3147 2896 3221 sacri,

491 3235 938 3285 consentaneum
969 3236 1058 3287 est
1085 3227 1238 3286 diem
1266 3228 1421 3287 hunc
1449 3246 1484 3285 a
1516 3228 1643 3285 Deo
1683 3227 2028 3302 institutum,
2069 3226 2246 3285 fuisse
2275 3227 2660 3302 observatum,
2704 3227 2900 3304 potius

492 3325 667 3382 quam
695 3306 840 3364 alios
868 3306 1158 3383 quoslibet
1185 3307 1327 3381 dies,
1359 3306 1431 3365 de
1459 3306 1671 3383 quibus
1703 3307 1997 3383 Scriptura
2036 3306 2182 3364 nihil
2211 3306 2371 3366 dicit.
2455 3308 2697 3366 Frustra
2731 3326 2898 3383 rege-

491 3385 652 3458 ritur,
685 3385 799 3442 alia
827 3384 1082 3460 potuisse
1111 3404 1211 3442 eos
1251 3384 1463 3443 habere
1492 3392 1752 3462 tempora
1778 3394 1986 3462 praeter
2011 3386 2164 3444 hunc
2193 3386 2364 3445 diem.
2451 3387 2598 3445 Nam
2627 3407 2758 3446 cum
2785 3388 2900 3445 hoc

491 3462 757 3537 nuspiam
786 3461 1028 3536 dicatur,
1059 3462 1260 3521 eadem
1289 3462 1563 3521 facilitate
1590 3464 1863 3541 rejicitur,
1895 3485 2011 3543 qua
2049 3466 2424 3544 proponitur:
2509 3467 2631 3525 Nec
2660 3467 2787 3525 sine·
2811 3475 2899 3526 te·

491 3539 753 3598 meritate
782 3540 897 3598 alia
923 3541 1222 3618 finguntur
1248 3550 1523 3618 tempora,
1563 3562 1694 3619 quae
1730 3564 2016 3621 nusquam
2052 3553 2458 3620 memorantur,
2489 3554 2548 3604 et
2574 3546 2902 3624 praeteritur

491 3617 640 3676 illud
668 3626 911 3696 tempus,
944 3620 1109 3698 cujus
1138 3621 1605 3681 sanctificationis
1633 3631 1766 3682 ante
1798 3623 2014 3702 Legem
2043 3632 2161 3683 tam
2190 3625 2406 3683 diserta
2429 3625 2497 3683 fit
2523 3626 2757 3685 mentio.

492 3724 974 3838 “ifftffssffiffi
1015 3699 1720 3856 moffffggnssxss‘fflss
1730 3723 1951 3843 &3115
1954 3704 2055 3841 ¹²3?
2056 3704 2588 3843 “anZ'ssffiussffl
2619 3705 2902 3844 {2¹35ssss

551 3850 698 3895 nicos.
821 3858 826 3861 ’
1017 3856 1182 3937 sacri,
1223 3869 1345 3919 tum
1385 3862 1642 3938 septimae
1671 3803 1788 3922 diei
1822 3804 2168 3923 recurrentgis
2201 3865 2277 3922 ab
2307 3863 2572 3922 Ethnieis
2603 3884 2708 3941 pro
2722 3804 2902 3922 ttlsacra

492 3936 724 4011 habitae,
745 3936 902 4013 quod
922 3957 1037 3997 non
1059 3948 1178 3999 tam
1205 3940 1437 4000 videtur
1457 3961 1532 4000 ex
1559 3943 1602 4001 J
1606 3942 1900 4001 udaeorum
1922 3963 2079 4001 more
2108 3944 2367 4021 petitum,
2388 3963 2632 4020 quorum
2664 3943 2897 4020 Religio

493 4027 616 4076 erat
646 4016 910 4076 Ethnicis
932 4039 1125 4094 exosa,
1156 4041 1330 4098 quam
1363 4041 1439 4080 ex
1469 4020 1760 4098 Majorum
1789 4021 2095 4082 traditione
2117 4021 2548 4105 πιτςοπκςιδᾶτρ
2575 4020 2894 4101 acceptum,

492 4105 551 4156 et
578 4098 755 4173 longo
783 4116 892 4155 usu
921 4098 996 4157 ad
1023 4119 1123 4158 eos
1152 4100 1492 4160 derivatum.
1581 4101 1753 4161 Unde
1783 4102 2049 4160 Clemens
2084 4103 2374 4162 Alexand.
2409 4103 2619 4163 Strom.
2648 4105 2705 4178 5,
2748 4106 2900 4160 ἀλλὰ

493 4179 584 4236 ’καὶ
620 4180 701 4239 τὸν
727 4173 931 4254 ἐβδόμῃ
957 4180 1099 4260 inglu,
1132 4184 1187 4239 οὖ
1211 4181 1348 4243 μόνον
1376 4183 1419 4237 οἱ
1441 4181 1685 4261 Ἐβξσιῒοι,
1716 4184 1861 4239 ἀλλὰ
1889 4186 1979 4240 καὶ
2006 4183 2049 4239 oe'
2078 4181 2317 4248 ’Ἑλληνίς
2346 4182 2503 4257 ἴσοισι,
2537 4186 2572 4217 “
2590 4183 2897 4261 septimum

493 4276 780 4335 quemque
802 4258 955 4317 diem
978 4279 1201 4318 sacrum
1220 4280 1346 4320 esse
1367 4280 1484 4319 non
1505 4262 1678 4320 modo
1701 4261 1955 4334 Hebraei,
1981 4262 2084 4320 sed
2105 4263 2276 4321 etiam
2302 4264 2493 4323 Graeci
2514 4263 2897 4340 agnoscunt,”

535 4336 652 4394 uod
679 4337 885 4412 probat
912 4358 988 4397 ex
1019 4339 1297 4412 Hesiodo,
1330 4341 1604 4415 Homero,
1653 4338 1819 4415 Lino,
1851 4348 1910 4399 et
1938 4341 2306 4416 callimache,
2328 4341 2482 4419 apud
2519 4363 2679 4420 quos
2697 4340 2895 4417 ἰβὶᾶμη,

539 4413 620 4471 'es
659 4417 936 4493 septimus,
960 4428 1203 4477 vocatur
1243 4421 1355 4500 αἰξὶν
1395 4416 1549 4499 ἔμας,
1594 4420 1711 4478 dies
1750 4440 1928 4478 sacer.
2016 4421 2186 4480 Unde
2217 4422 2449 4480 Philoni
2489 4430 2731 4480 vocatur
2769 4426 2898 4502 ἑοςτὲ

495 4489 762 4567 πάιδψος,
791 4498 1002 4567 sesmm
1033 4503 1336 4575 populare,
1380 4499 1457 4557 ad
1497 4518 1696 4559 omnes
1739 4517 1813 4557 ex
1855 4518 2019 4576 aequo
2063 4501 2284 4561 Gentes
2337 4502 2669 4579 pertinens3
2714 4501 2797 4559 sic
2839 4510 2900 4560 et

460 4573 737 4651 joseph.
767 4582 967 4635 contra
994 4577 1207 4658 Appio.
1237 4579 1340 4641 lib.
1369 4579 1428 4637 ii.
1458 4599 1507 4638 c.
1543 4581 1636 4637 10.
1723 4582 1760 4612 “
1784 4579 1985 4655 Neque
2002 4588 2094 4643 est
2111 4581 2392 4659 Civitas‚”
2422 4581 2629 4661 inquit,
2671 4583 2710 4614 “
2732 4580 2896 4641 Grae-
