3221 5200
496 318 612 375 542
1291 332 1472 374 Locus
1514 330 1774 372 nncnms
1816 330 2087 379 Quini-us.
2456 315 2709 385 [omns-r.
2753 330 2906 371 xvu.

489 473 620 546 sint,
651 479 710 531 et
739 491 889 547 saepe
919 472 1157 546 soleant,
1187 480 1254 530 ut
1282 474 1557 530 Bellarm.
1604 470 1806 529 statuit
1852 470 1954 527 lib.
2001 468 2081 528 iii.
2127 467 2200 527 de
2229 468 2271 526 J
2276 467 2448 526 ustifi.
2479 488 2604 547 cap.
2637 472 2691 544 6,
2734 478 2792 528 et
2840 473 2898 545 8,

484 553 585 611 ubi
606 561 853 628 quatuor
881 551 991 610 ista
1011 551 1307 629 probanda
1350 552 1458 610 sibi
1488 550 1773 628 proponit.
1872 553 1923 607 1.
1969 549 2100 606 Non
2142 567 2312 624 posse
2354 548 2553 606 haberi
2603 550 2900 608 certitudi-

490 652 621 689 nem
664 631 800 688 fidei
842 630 913 689 de
957 631 1185 709 propria
1216 632 1462 709 justitia.
1547 635 1603 688 2.
1650 629 1952 688 Neminem
2000 629 2181 687 teneri
2226 627 2299 684 ad
2348 627 2506 685 illam
2554 629 2899 704 habendam,

492 711 604 769 etsi
663 711 810 770 forte
850 719 1047 787 posset
1086 711 1302 768 haberi.
1389 714 1445 769 3.
1489 710 1623 768 Non
1680 708 1970 786 expedire,
2028 716 2094 767 ut
2135 706 2419 765 ordinarie
2460 707 2758 767 habeatur.
2843 713 2903 768 4.

495 790 711 867 Reipsa
753 810 869 849 non
910 789 1125 864 haberi,
1170 789 1282 847 nisi
1324 809 1360 847 a
1399 790 1615 866 paucis,
1659 789 1871 866 quibus
1932 809 1967 846 a
2021 788 2147 845 Deo
2189 786 2514 863 specialiter
2562 787 2903 862 justificatio

492 872 723 948 propria
764 869 1069 929 revelatur.
1155 869 1358 943 Quoad
1399 869 1801 927 certitudinem
1844 868 2062 927 Gratiae
2091 866 2310 925 Concil.
2354 865 2611 924 Trident.
2659 867 2814 926 Sess.
2845 871 2903 928 6.

493 970 618 1027 cap.
663 953 718 1024 9,
763 958 821 1007 et
863 949 1001 1006 Can.
1051 950 1142 1021 13,
1187 956 1246 1007 et
1308 952 1399 1023 14,
1443 956 1621 1026 negat
1684 950 1721 980 “
1743 966 2089 1024 quemquam
2147 946 2292 1004 scire
2349 964 2518 1022 posse
2560 947 2903 1007 certitudine

490 1028 644 1102 fidei,
690 1028 784 1086 cui
823 1046 940 1085 non
980 1027 1164 1104 possit
1206 1029 1442 1087 subesse
1483 1027 1710 1101 falsum,
1756 1047 1817 1086 se
1859 1027 2103 1104 gratiam
2149 1025 2259 1084 Dei
2302 1044 2426 1084 esse
2469 1028 2903 1085 consecutum.”
2956 1038 2965 1047 ‘

493 1107 685 1183 Negat
727 1114 987 1182 oportere
1033 1109 1069 1139 “
1090 1127 1190 1165 eos
1231 1108 1332 1184 qui
1372 1128 1508 1167 vere
1541 1107 1848 1185 justificati
1888 1116 2039 1180 sunt,
2083 1105 2301 1182 absque
2349 1104 2470 1164 ulla
2511 1106 2745 1164 omnino
2787 1106 2894 1165 du-

492 1186 771 1244 bitatione
801 1185 954 1261 apud
983 1205 1044 1245 se
1075 1194 1341 1262 statuere,
1375 1207 1435 1246 se
1464 1207 1591 1247 esse
1626 1186 2033 1264 justificatos.'’

573 1265 694 1323 III.
741 1264 906 1323 Licet
949 1285 1087 1324 vero
1115 1266 1188 1325 de
1241 1266 1540 1325 Sententia
1583 1267 1817 1325 Decreti
1863 1261 2140 1341 Synodici
2181 1263 2504 1339 disceptent
2540 1262 2899 1342 Adversarii,

492 1351 733 1420 utraque
776 1344 1245 1404 contendentium
1287 1355 1464 1421 parte,
1509 1354 1630 1404 tam
1671 1364 1869 1403 eorum
1910 1345 2011 1421 qui
2038 1364 2142 1420 pro
2171 1342 2513 1401 certitudine
2541 1345 2897 1421 pugnabant,

491 1422 691 1500 quales
736 1431 899 1481 erant
944 1424 1254 1482 Catarinus
1294 1432 1353 1482 et
1392 1425 1752 1498 Mar-inanes,
1796 1443 1970 1498 quam
2012 1442 2209 1481 eorum
2251 1422 2350 1497 qui
2392 1422 2771 1481 intolerabilis
2810 1444 2901 1482 ar·

490 1502 769 1578 rogantiae
787 1503 1107 1578 arguebant
1126 1511 1534 1579 praesumptam
1553 1501 1627 1561 de
1656 1501 1997 1561 certitudine
2027 1502 2228 1578 gratiae
2250 1501 2594 1577 opinionem,
2639 1502 2714 1560 ad
2740 1523 2901 1560 men-

489 1589 609 1639 tem
651 1601 814 1640 suam
856 1601 1087 1640 sensum
1131 1581 1374 1640 Concilii
1402 1582 1733 1640 versatilem
1760 1582 2039 1654 trahente,
2069 1589 2136 1640 ut
2162 1580 2376 1638 factum
2407 1601 2441 1638 a
2467 1582 2602 1640 Soto
2630 1590 2689 1640 et
2728 1583 2896 1659 Veqa,

493 1661 594 1736 qui
635 1670 875 1738 uterque
923 1661 1159 1738 Synodo
1200 1660 1476 1737 interfuit,
1520 1669 1581 1721 et
1621 1661 1723 1738 qui
1763 1660 2154 1737 discrepantes
2182 1660 2497 1719 sententias
2538 1681 2612 1719 ex
2642 1663 2900 1720 Concilio

490 1741 733 1817 probare
763 1741 1012 1817 satagit;
1059 1741 1291 1800 Certum
1333 1749 1527 1800 tamen
1573 1741 2017 1801 communiorem
2059 1740 2209 1799 inter
2252 1740 2586 1798 Pontificios
2615 1761 2741 1799 esse
2769 1761 2898 1799 sen·

496 1821 735 1878 tentiam
777 1820 849 1878 de
890 1821 1314 1895 incertitudine,
1345 1821 1632 1899 praecipue
1673 1840 1813 1879 vero
1854 1821 2004 1879 inter
2044 1820 2087 1878 J
2092 1819 2321 1894 esuitas,
2354 1820 2450 1895 qui
2481 1819 2690 1879 docent
2716 1821 2896 1879 nemi·

492 1919 625 1957 nem
669 1899 791 1957 sine
836 1900 1073 1977 speciali
1112 1900 1464 1959 revelatione
1505 1920 1676 1977 posse
1717 1909 1935 1960 certum
1979 1919 2105 1958 esse
2134 1899 2475 1958 certitudine
2504 1899 2638 1958 fidei
2666 1900 2896 1973 divinae,

490 1979 602 2037 sibi
643 1979 883 2037 remissa
924 1998 1050 2038 esse
1112 1988 1364 2056 peccata,
1408 1980 1546 2057 quia
1586 1990 1863 2058 perpetuo
1922 1988 2253 2057 supponunt
2294 1978 2690 2038 certitudinem
2747 1980 2896 2038 hanc

490 2058 598 2116 niti
639 2060 870 2135 propria
911 2059 1305 2136 dispositione,
1351 2079 1452 2118 seu
1492 2069 1559 2119 ut
1598 2061 1857 2138 loquitur
1906 2058 2243 2133 Concilium,
2295 2058 2525 2135 propria
2566 2058 2894 2118 infirmitate

489 2145 547 2196 et
588 2138 1043 2214 indispositione.
1131 2139 1302 2199 Unde
1360 2140 1713 2200 concludunt
1754 2140 2152 2200 certitudinem
2202 2138 2633 2216 justificationis
2676 2147 2897 2197 tantum

489 2236 614 2276 esse
645 2219 1107 2295 conjecturalem,
1139 2219 1504 2296 opinabilem,
1549 2219 1832 2295 fallacem,
1873 2221 1984 2278 hoc
2027 2228 2116 2277 est
2156 2237 2357 2277 revera
2398 2218 2635 2277 nullam.
2714 2218 2894 2276 Nimi-

490 2316 621 2354 rum
658 2297 1028 2374 distinguunt
1056 2299 1457 2358 certitudinem
1486 2299 1641 2375 fidei,
1674 2308 1733 2359 et
1760 2299 2162 2358 certitudinem
2190 2299 2312 2375 spei
2342 2318 2444 2356 seu
2471 2298 2713 2356 fiduciae.
2760 2298 2896 2357 Cer-

492 2377 668 2435 titudo
692 2379 842 2455 fidei
878 2378 995 2436 illis
1037 2378 1263 2454 dicitur,
1309 2398 1439 2455 quae
1481 2400 1516 2437 a
1557 2379 1682 2437 solo
1728 2380 1840 2437 Dei
1870 2379 2082 2452 Verb0,
2127 2385 2187 2437 et
2227 2377 2350 2436 sola
2380 2378 2490 2436 Dei
2519 2376 2896 2454 promissione

487 2456 716 2532 pendet,
774 2476 879 2515 nec
920 2458 1041 2515 ullo
1069 2458 1183 2515 alio
1211 2458 1583 2517 fundamento
1625 2457 1845 2517 nititur.
1930 2457 2186 2533 Ideoque
2227 2477 2303 2515 ex
2346 2476 2450 2514 suo
2491 2477 2701 2533 genere
2730 2458 2895 2516 abso-

487 2536 611 2594 luta
653 2545 741 2595 est
782 2544 841 2594 et
880 2536 1218 2611 infallibilis,
1263 2544 1321 2594 et
1362 2555 1589 2595 omnem
1629 2556 1749 2593 non
1789 2535 1960 2593 modo
2015 2535 2451 2608 dubitationem,
2495 2535 2601 2594 sed
2641 2534 2897 2594 formidi-

485 2634 618 2672 nem
660 2616 832 2673 etiam
875 2615 1150 2674 excludit.
1239 2616 1527 2675 Ger-titudo
1553 2634 1694 2672 vero
1720 2616 1843 2689 spei
1880 2634 1982 2672 seu
2023 2614 2249 2672 fiduciae
2279 2614 2492 2688 duplici
2524 2615 2899 2675 fundamento

486 2693 706 2766 nititur,
751 2694 959 2768 partim
1003 2694 1202 2751 divina
1241 2694 1618 2769 promissione
1662 2712 1696 2750 a
1735 2700 1897 2768 parte
1942 2692 2069 2766 Dei,
2114 2692 2320 2768 partim
2362 2693 2593 2767 propria
2647 2692 2899 2768 disposi-

485 2771 642 2828 tione
685 2791 719 2828 a
759 2779 920 2847 parte
961 2772 1228 2846 hominis,
1274 2791 1389 2847 quo
1430 2779 1697 2846 respectu
1736 2789 1853 2827 non
1896 2769 2154 2828 excludit
2214 2770 2445 2846 quidem
2511 2770 2740 2846 penitus
2782 2772 2898 2831 for·

489 2849 781 2925 midinem,
825 2868 1013 2925 neque
1055 2859 1144 2908 est
1185 2849 1467 2908 certitudo
1510 2849 1861 2926 simpliciter,
1907 2849 2010 2907 sed
2053 2849 2365 2908 secundum
2396 2849 2553 2925 quid,
2585 2859 2644 2908 et
2672 2852 2898 2928 conjec-

489 2928 708 3003 turaliS,
773 2936 1058 3004 quatenus
1119 2929 1329 3005 aliquis
1387 2929 1639 3005 seipsum
1704 2929 1905 2988 scdulo
1948 2929 2293 2988 excutiendo
2336 2929 2560 3006 colligit
2602 2950 2676 2988 ex
2719 2932 2898 2990 variis

488 3008 672 3084 signis
713 3017 771 3067 et
812 3009 986 3067 animi
1029 3009 1296 3083 motibuS,
1342 3028 1403 3067 se
1445 3028 1584 3067 vera
1624 3016 1990 3085 peccatorum
2031 3009 2367 3087 poenitentia
2408 3009 2560 3083 duci,
2592 3018 2651 3067 et
2678 3010 2898 3071 sincere

493 3088 682 3147 Deum
724 3108 931 3163 amare,
977 3097 1137 3147 tanta
1174 3097 1366 3147 tamen
1409 3096 1515 3164 est,
1558 3097 1625 3148 ut
1666 3088 1807 3148 satis
1848 3108 1978 3147 esse
2020 3088 2202 3166 possit
2243 3089 2318 3146 ad
2360 3089 2723 3147 securitatem
2767 3090 2896 3166 gig-

489 3168 756 3242 nendam,
801 3177 867 3227 ut
909 3168 1145 3245 exponit
1186 3170 1463 3226 Bellarm.
1509 3168 1613 3227 lib.
1656 3169 1736 3225 iii.
1781 3169 1853 3226 de
1896 3168 2116 3227 Justifi.
2160 3188 2283 3245 cap.
2328 3172 2383 3227 2.
2414 3178 2473 3227 et
2500 3170 2769 3243 Stapleto.
2793 3168 2896 3227 lib.

488 3247 568 3305 ix.
612 3246 685 3305 de
728 3248 770 3306 J
774 3246 1040 3305 ustificat.
1084 3267 1209 3324 cap.
1259 3251 1352 3307 11.
1438 3248 1603 3307 Licet
1643 3267 1782 3306 vero
1825 3247 1963 3306 dum
2005 3248 2360 3324 argumentis
2401 3248 2613 3305 nostris
2661 3267 2895 3324 respon-

489 3325 629 3384 dent
669 3334 885 3401 negent
926 3346 986 3384 se
1027 3326 1229 3385 tollere
1273 3346 1500 3385 omnem
1542 3327 1616 3384 de
1657 3327 1887 3403 propria
1915 3328 2101 3403 gratia
2138 3326 2556 3402 certitudinem,
2588 3335 2646 3385 et
2693 3346 2896 3385 conce-

488 3403 629 3462 dant
674 3405 874 3462 fideles
916 3423 1044 3463 esse
1084 3424 1253 3481 posse
1297 3425 1603 3482 persuasos
1631 3414 1690 3464 et
1730 3415 1917 3464 certos
1959 3406 2032 3464 de
2073 3426 2178 3464 sua
2218 3425 2408 3464 coram
2454 3406 2581 3464 Deo
2613 3405 2895 3481 justifica·

488 3482 661 3554 tione,
707 3502 814 3541 nec
854 3485 1239 3542 necessarium
1281 3505 1426 3559 esse,
1472 3493 1536 3543 ut
1577 3484 1650 3543 de
1715 3485 2049 3544 remissione
2088 3494 2453 3561 peccatorum
2496 3504 2727 3543 suorum
2769 3504 2895 3561 per-

487 3569 661 3637 petuo
704 3561 1007 3636 dubitent;
1085 3563 1304 3621 Tamen
1345 3583 1524 3639 quum
1566 3572 1767 3621 contra
1827 3583 1934 3621 nos
1976 3563 2287 3639 disputant,
2333 3572 2434 3622 aut
2474 3564 2629 3641 apud
2670 3563 2895 3639 plebem

488 3640 916 3714 concionantur,
947 3642 1147 3700 multis
1175 3641 1532 3718 argumentis
1559 3642 1803 3717 probare
1846 3643 2107 3701 nituntur
2135 3642 2336 3700 fideles
2378 3643 2531 3701 circa
2596 3643 2885 3719 propriam

479 3719 768 3797 justitiam
809 3720 1017 3779 dubios
1059 3731 1119 3780 et
1159 3722 1407 3780 incertos
1447 3740 1593 3795 esse,
1638 3721 1859 3779 nescire
1900 3740 1975 3779 an
2018 3721 2133 3779 sint
2173 3721 2233 3778 in
2277 3721 2389 3780 Dei
2418 3722 2619 3797 gratia,
2651 3742 2757 3780 nec
2785 3722 2897 3780 nisi

488 3808 701 3859 temere
742 3820 911 3877 posse
953 3809 1110 3859 certo
1152 3810 1210 3859 ct
1252 3802 1374 3859 sine
1403 3799 1761 3859 dubitatione
1803 3807 2070 3875 statuere,
2100 3809 2465 3876 peccatorum
2503 3801 2895 3860 remissionem

485 3899 546 3937 se
566 3899 666 3956 per
695 3881 985 3940 Christum
1015 3900 1140 3939 esse
1170 3889 1526 3940 consecutos.
1614 3880 1786 3939 Unde
1816 3880 2125 3957 colligitur,
2158 3880 2289 3939 illos
2310 3881 2406 3940 vel
2437 3890 2684 3937 &ean-an
2711 3881 2887 3957 loqui,

487 3959 583 4017 vel
611 3979 839 4019 omnem
870 3961 1026 4018 illam
1056 3960 1476 4035 certitudinem,
1507 3978 1681 4036 quam
1726 3959 1999 4019 videntur
2036 3979 2367 4037 agnoscere,
2397 3961 2543 4018 nihil
2584 3959 2741 4018 aliud
2770 3978 2895 4018 esse

483 4059 656 4115 quam
687 4060 900 4098 meram
929 4040 1334 4117 conjecturam,
1364 4059 1492 4117 quae
1520 4058 1629 4097 nec
1657 4038 2091 4115 dubitationem,
2123 4059 2230 4098 nec
2258 4040 2637 4113 formidinem,
2670 4059 2745 4097 ex
2772 4039 2892 4098 ani-

485 4118 593 4175 mis
617 4127 809 4195 potest
837 4118 1108 4177 eximere.

562 4198 673 4255 IV.
719 4198 847 4256 Non
879 4198 950 4255 de
981 4198 1162 4255 nihilo
1190 4206 1383 4257 autem
1413 4206 1518 4274 est,
1550 4196 1709 4273 quod
1749 4206 1867 4256 tam
1908 4198 2117 4257 acriter
2146 4198 2435 4257 Pontificii
2463 4216 2566 4272 pro
2594 4195 2896 4255 retinenda

483 4297 589 4335 sua
617 4286 767 4349 ive-0253
796 4285 852 4335 et
880 4277 1240 4335 dubitatione
1270 4286 1508 4335 certant.
1596 4276 1946 4353 Intelligunt
1988 4278 2211 4335 scilicet
2239 4285 2415 4335 totam
2441 4274 2890 4348 negotiationem

485 4355 918 4414 nundinationis
968 4356 1287 4415 Pontificiae
1337 4357 1448 4415 hoc
1493 4356 1868 4415 fundamento
1918 4356 2043 4428 niti,
2074 4364 2132 4415 et
2180 4355 2435 4413 stabilita
2479 4354 2655 4411 semel
2692 4355 2893 4413 salutis

486 4434 698 4493 fiducia
725 4435 1026 4494 concidere
1056 4436 1253 4495 statim
1281 4436 1446 4512 regni
1477 4435 1770 4494 Pontificii
1796 4435 2139 4511 Vectigalia,
2165 4435 2338 4506 Vota,
2372 4430 2891 4509 Peregrinationes,

489 4513 919 4589 FraternitateS,
937 4515 1124 4591 Opera
1135 4516 1650 4592 supererogatoria,
1668 4514 2092 4592 Purgatorium,
2112 4513 2611 4589 Indulgentiarum
2627 4534 2889 4587 mercem,

489 4591 542 4648 N
551 4592 950 4653 undinationes
980 4594 1308 4669 Missurum,
1334 4602 1392 4653 et
1420 4603 1658 4655 caeteras
1687 4595 1946 4673 ejusdcm
1976 4599 2329 4665 aiexponupzu'as
2362 4613 2590 4652 mensas
2630 4613 2891 4652 nummu-
