3221 5200
311 373 531 424 QuAEs‘r.
564 353 719 434 κη]
1133 371 1210 411 ns
1242 371 1578 411 vocariouss
1608 371 1683 411 ετ
1713 371 1869 411 rins.
2600 360 2715 415 527

307 515 463 573 Oves
493 534 627 573 suas
655 514 792 572 dum
822 522 956 573 sunt
985 514 1158 588 Oves,
1192 512 1293 571 sed
1321 532 1437 570 non
1466 512 1629 589 sequi
1652 532 1750 570 eas
1777 531 1893 570 non
1915 531 2082 589 posse
2112 511 2375 571 desinere
2404 533 2531 572 esse
2560 534 2718 586 oves,

306 602 408 652 aut
430 615 461 653 e
490 594 756 652 manibus
784 593 974 651 Patris
1002 592 1362 669 transfugere
1391 612 1493 668 per
1536 592 1833 669 peccata.'’
1921 591 2037 650 Sed
2074 603 2478 669 argumentum
2509 594 2722 652 Christi

306 674 594 751 supponit,
628 674 783 733 Oves
810 693 941 749 quoe
961 693 1078 731 non
1105 673 1421 749 rapiuntur,
1478 672 1779 730 habituras
1826 670 2006 729 vitam
2062 681 2351 748 aeternam,
2411 676 2580 732 Dabo
2609 675 2719 732 illis

309 755 477 812 vitam
507 763 792 827 oeternam,
825 763 878 811 et
896 773 1182 830 nunquam
1200 753 1480 827 peribunt.
1567 749 1735 825 Quod
1764 750 1971 809 falsum
2016 761 2185 827 esset,
2218 753 2268 810 si
2307 773 2447 813 oves
2484 762 2722 831 possent

306 834 509 910 perire,
543 834 650 892 etsi
679 853 795 890 non
850 834 1163 910 rapiantur.
1249 836 1304 889 2.
1350 830 1505 889 Oves
1559 851 1690 907 quae
1745 851 1863 888 non
1915 840 2159 908 possunt
2211 833 2335 909 rapi
2365 853 2396 891 e
2451 834 2721 892 manibus

309 913 540 988 Christi,
588 912 1004 971 tentationibus
1049 911 1297 970 ullorum
1339 910 1608 985 hostium,
1661 930 1778 967 non
1825 919 2068 986 possunt
2095 910 2357 971 desinere
2406 933 2533 973 esse
2562 933 2721 988 oves,

307 993 445 1069 quia
472 992 634 1051 nulla
661 992 794 1052 talis
822 992 1064 1051 mutatio
1094 991 1218 1049 fieri
1244 999 1440 1068 posset
1467 990 1578 1047 nisi
1622 1010 1723 1067 per
1749 990 2001 1065 aliquam
2046 990 2296 1049 hostium
2327 993 2721 1051 tentationem.

312 1077 367 1131 3.
414 1072 591 1130 Nulla
619 1080 773 1130 esset
800 1072 1104 1148 promissio
1136 1070 1389 1146 Christi3
1436 1069 1589 1144 Quid
1608 1071 1844 1147 juvaret
1883 1070 2035 1127 enim
2079 1070 2152 1127 ab
2174 1071 2439 1131 hostibus
2468 1073 2724 1132 externis

313 1151 604 1226 custoditi,
666 1151 715 1209 si
770 1151 1086 1228 periculum
1145 1170 1370 1227 semper
1431 1149 1599 1207 nobis
1656 1149 1915 1207 imminet
1979 1149 2052 1206 ab
2108 1149 2348 1208 internis
2368 1154 2397 1209 Ρ
2490 1152 2725 1210 Fideles

310 1251 426 1288 non
466 1239 690 1289 tantum
741 1227 838 1287 ab'
871 1231 1018 1305 aliis,
1067 1230 1170 1289 sed
1214 1229 1576 1307 potissimum
1633 1249 1668 1286 a
1724 1228 1929 1306 seipsis
1977 1236 2233 1287 metuere
2267 1229 2499 1290 debent.
2586 1232 2728 1290 Pas-

311 1319 401 1369 tor
429 1310 529 1387 qui
586 1310 830 1387 spondet
886 1330 947 1368 se
993 1329 1133 1368 oves
1186 1308 1449 1368 absolute
1493 1308 1913 1368 custoditurum
1956 1316 2014 1366 et
2058 1318 2437 1386 servaturum,
2489 1331 2607 1370 non
2654 1311 2724 1369 li-

308 1390 534 1448 berabit
563 1389 753 1465 fidem,
785 1389 836 1446 si
876 1390 1172 1466 permittat
1219 1409 1317 1447 cas
1365 1388 1629 1446 aberrare
1673 1398 1731 1447 et
1759 1387 1982 1465 perire3
2028 1387 2130 1447 sed
2179 1389 2353 1448 debet
2380 1411 2578 1450 curare
2609 1411 2726 1450 non

312 1478 535 1527 tantum
564 1489 637 1527 ne
665 1470 819 1528 furto
849 1478 907 1528 et
934 1469 996 1526 vi
1026 1470 1136 1528 sibi
1165 1468 1576 1544 subducantur,
1610 1467 1713 1526 sed
1761 1488 1834 1526 ne
1863 1467 2083 1542 morbo,
2132 1468 2227 1527 vel
2256 1469 2399 1529 vitio
2430 1471 2725 1548 tollantur,

312 1548 408 1607 vel
435 1569 539 1625 pro
568 1549 766 1608 innata
787 1548 1153 1626 simplicitate
1184 1569 1246 1608 se
1274 1549 1347 1606 ab
1378 1548 1520 1606 ovili
1549 1547 1906 1622 subtrahant,
1938 1555 1997 1605 et
2024 1568 2126 1624 per
2153 1549 2286 1606 avia
2316 1560 2616 1627 vagentur.

919 1629 1098 1687 XVI.
1143 1632 1200 1688 3.
1248 1628 1460 1688 Chr-asti
1502 1628 1898 1704 Redemptor-is
1944 1628 2201 1685 meritum
2230 1638 2284 1687 et
2328 1632 2592 1705 efficacia,
2623 1631 2728 1708 qui

310 1706 355 1752 3·
377 1708 423 1779 ⁴⁵?
465 1707 648 1753 christi
689 1722 789 1752 ¹1²0·
830 1729 939 1767 nec
967 1708 1274 1768 evanidum
1294 1708 1637 1767 beneficium
1667 1708 1787 1765 suis
1815 1707 2125 1783 acquisivit
2152 1727 2255 1784 per
2282 1718 2474 1779 ι’λιιμὴ
2517 1710 2578 1767 in
2610 1719 2723 1769 ter-

370 1773 467 1810 m⁰
483 1770 534 1811 ‘³‘
548 1766 790 1820 efficaci„
833 1788 913 1846 ris
941 1809 1047 1847 nec
1076 1789 1137 1846 id
1163 1788 1516 1846 mutabiliter
1533 1786 1784 1863 applicat
1810 1807 1913 1864 per
1942 1785 2421 1845 Intercessionem
2451 1789 2510 1845 in
2540 1790 2720 1848 coelis.

314 1863 456 1938 Quis
484 1864 637 1922 enim
666 1864 880 1937 credat,
911 1887 1215 1944 passurum
1264 1886 1391 1925 esse
1438 1867 1747 1940 Christum,
1798 1875 1866 1924 ut
1886 1865 1986 1942 qui
2015 1866 2125 1942 ipsi
2155 1866 2275 1926 dati
2315 1875 2448 1925 sunt
2477 1888 2511 1925 a
2555 1868 2728 1928 Patre

311 1943 373 2001 in
400 1944 798 2003 haereditatem
824 1956 884 2004 et
910 1947 1216 2023 peculium,
1247 1965 1394 2023 quos
1423 1954 1541 2004 tam
1570 1964 1700 2003 care
1743 1945 1899 2018 emit,
1930 1964 2046 2003 non
2089 1966 2246 2020 aur0,
2299 1966 2416 2005 non
2460 1957 2720 2024 argente,

313 2022 416 2082 sed
437 2024 696 2100 precioso
725 2044 830 2083 suo
863 2026 1174 2103 Sanguine,
1206 2035 1265 2084 et
1291 2025 1432 2083 diris
1472 2024 1649 2082 animi
1680 2033 1738 2083 et
1779 2025 2032 2101 corporis
2074 2026 2421 2085 cruciatibus
2462 2037 2521 2086 et
2543 2038 2726 2087 morte

313 2102 640 2177 maledicta,
673 2103 785 2180 ipsi
814 2105 1101 2181 subducti,
1133 2106 1195 2163 in
1221 2105 1459 2163 alterius
1487 2112 1546 2162 et
1573 2104 1807 2180 quidem
1850 2103 2229 2164 infensissimi
2270 2106 2383 2164 sibi
2409 2107 2594 2166 hostis
2623 2128 2724 2184 po-

313 2191 579 2240 testatem
607 2183 979 2259 prolabantur
998 2189 1027 2243 ?
1107 2185 1236 2243 Imo
1264 2192 1330 2243 ut
1362 2185 1634 2242 Servator
1661 2192 1750 2242 est
1785 2184 2052 2261 Corporis
2090 2185 2196 2259 sui,
2229 2206 2343 2243 non
2387 2196 2579 2263 potest
2606 2188 2729 2265 pati

312 2270 379 2319 ut
406 2261 710 2337 quisquam
739 2283 814 2320 ex
855 2264 927 2323 iis
968 2274 1180 2342 pereat,
1224 2264 1325 2341 qui
1365 2264 1477 2340 ipsi
1518 2263 1639 2321 dati
1658 2272 1793 2322 sunt
1819 2283 1853 2320 a
1897 2263 2086 2337 Patre,
2118 2263 2222 2323 sed
2263 2266 2515 2325 custodit
2570 2267 2727 2343 ipsos

316 2341 504 2416 gratia
532 2361 651 2415 sua,
682 2341 744 2399 in
771 2342 913 2420 ipsis
960 2345 1241 2421 perpetim
1287 2342 1621 2417 habitando,
1666 2351 1724 2401 et
1751 2343 1980 2400 unionis
2023 2343 2319 2402 vinculum
2347 2366 2418 2404 ne
2476 2367 2729 2423 unquam

315 2421 463 2478 solvi
493 2421 675 2497 possit
697 2423 883 2499 magis
911 2425 1211 2501 magisque
1230 2422 1585 2499 stringendo,
1673 2422 1809 2481 Huc
1847 2431 2068 2500 spectat
2100 2424 2256 2500 quod
2289 2425 2522 2501 Paulus,
2557 2426 2726 2486 Rom.

315 2500 438 2558 viii.
471 2504 567 2575 32,
599 2500 740 2560 dicit
770 2503 977 2580 Deum,
1002 2504 1102 2581 qui
1129 2524 1246 2562 non
1275 2503 1529 2581 pepercit
1558 2502 1728 2577 Filio,
1761 2501 1863 2561 sed
1901 2502 2064 2561 illum
2114 2504 2352 2563 tradidit
2379 2526 2482 2582 pro
2537 2507 2723 2583 nobis,

315 2579 582 2640 daturum
612 2581 803 2641 omnia
825 2605 955 2644 cum
984 2585 1127 2663 ipse,
1179 2584 1315 2662 quia
1355 2582 1517 2643 dedit
1556 2583 1763 2660 majuS,
1808 2604 1925 2641 non
1964 2591 2156 2661 potest
2184 2584 2468 2663 denegare
2517 2586 2727 2665 minuS,

316 2660 478 2720 dedit
509 2662 723 2721 Filium
753 2664 1017 2740 inimicis,
1050 2665 1207 2742 quod
1233 2664 1423 2742 majus
1451 2673 1556 2738 est,
1588 2664 1877 2741 quomodo
1907 2683 2022 2722 non
2051 2663 2214 2724 daret
2239 2668 2727 2743 perseverantiam

315 2741 515 2800 amieis
538 2743 660 2819 jam
691 2746 1124 2805 reconciliatis?
1209 2744 1325 2804 Sed
1362 2744 1627 2803 Christus
1669 2743 1792 2820 ipse
1834 2751 2078 2803 testatur
2117 2745 2227 2803 hoc
2277 2755 2442 2805 extra
2486 2746 2727 2806 dubium

315 2822 642 2898 ponendum
655 2843 797 2899 esse,
820 2826 862 2884 J
866 2827 958 2883 oh.
974 2826 1051 2884 vi.
1067 2829 1162 2900 37,
1177 2825 1313 2902 quia
1337 2824 1732 2901 “Quicquid,''
1784 2823 1987 2900 inquit,
2008 2823 2155 2883 “dat
2177 2826 2319 2883 mihi
2344 2827 2531 2902 Pater,
2548 2828 2620 2885 ad
2632 2848 2725 2886 me

317 2901 529 2975 veniet,
546 2911 604 2960 et
616 2903 941 2964 venientem
953 2906 1027 2963 ad
1049 2926 1140 2963 me
1158 2926 1275 2964 non
1294 2904 1518 2981 ejiciam
1538 2904 1751 2980 foras,''
1767 2905 1843 2962 Et
1864 2924 1984 2962 ver.
2016 2906 2111 2977 39,
2130 2908 2165 2937 ‘⁴
2181 2905 2327 2963 Haec
2344 2915 2433 2964 est
2455 2908 2727 2966 voluntas

322 2977 513 3036 Patris
536 2981 636 3055 qui
657 2982 814 3041 misit
836 3003 944 3058 me,
966 2993 1031 3042 ut
1050 2986 1336 3043 neminem
1367 2982 1600 3059 perdam
1622 3003 1701 3040 ex
1729 2983 1801 3040 iis
1823 3003 1970 3059 quos
1987 2984 2127 3039 mihi
2140 2983 2317 3057 dedit,
2351 2986 2454 3044 sed
2483 3006 2582 3044 eos
2605 3006 2730 3044 sus-

320 3057 491 3115 citem
519 3059 837 3119 novissimo
866 3062 1018 3121 die.''
1106 3062 1406 3137 Quomodo
1434 3081 1573 3119 vero
1602 3062 1714 3119 hoc
1742 3070 2140 3138 exequeretur,
2171 3064 2285 3120 nisi
2312 3064 2597 3123 immunes
2625 3085 2727 3123 eos

316 3145 614 3214 praestaret
643 3157 758 3196 non
796 3142 969 3199 modo
997 3162 1032 3199 a
1059 3142 1378 3218 perditione
1418 3140 1637 3213 mortis,
1681 3139 1783 3197 sed
1811 3148 1870 3197 et
1897 3160 1932 3197 a
1958 3140 2279 3216 perditione
2327 3144 2567 3218 peccati,
2597 3165 2728 3221 quae

319 3216 639 3274 certissima
667 3227 756 3277 cst
783 3220 946 3279 exitii
971 3225 1182 3280 causa?
1211 3220 1371 3278 Hinc
1393 3219 1517 3295 ipse
1544 3219 1684 3277 alibi
1702 3219 1923 3292 asserit,
1958 3221 1993 3251 ‘⁴
2015 3219 2089 3277 Se
2109 3239 2370 3280 servasse
2393 3242 2492 3281 eos
2506 3243 2724 3298 ornnes,

318 3316 464 3372 quos
491 3296 580 3354 illi
609 3297 781 3357 Pater
809 3299 985 3376 dedit,
1018 3310 1076 3359 et
1095 3300 1382 3359 neminem
1395 3318 1469 3357 ex
1486 3296 1558 3355 iis
1585 3298 1863 3374 perisse‚''
1887 3297 1932 3357 J
1934 3299 2027 3356 oh.
2058 3299 2200 3358 xvii.
2245 3304 2336 3376 12,
2352 3302 2488 3378 quia
2509 3322 2608 3360 eos
2622 3303 2734 3361 sibi

319 3376 622 3453 conjunxit
643 3398 745 3454 per
772 3380 1042 3439 unionem
1071 3380 1467 3453 arctissimam,
1512 3398 1547 3435 a
1574 3397 1690 3454 qua
1717 3377 1846 3437 fluit
1873 3379 2200 3437 communio
2229 3381 2484 3439 omnium
2512 3381 2730 3441 benefi-

319 3456 537 3515 ciorum
555 3458 606 3534 ej
613 3478 697 3535 uS,
723 3468 782 3518 et
802 3461 1116 3538 praesertim
1137 3460 1272 3519 vitae
1291 3461 1416 3538 ejus
1434 3478 1537 3535 per
1567 3457 1862 3535 Spiritum,
1883 3458 2017 3534 quia
2038 3459 2176 3535 vive,
2201 3460 2405 3538 inquit,
2428 3482 2524 3520 vos
2545 3463 2730 3538 etiam,

318 3537 523 3613 vivetis,
556 3538 600 3597 J
604 3541 698 3599 oh.
730 3540 851 3599 xiv.
888 3544 980 3600 19.
1027 3542 1154 3599 Imo
1175 3541 1301 3618 jam
1329 3537 1479 3599 vivit
1506 3538 1565 3595 in
1594 3538 1778 3614 nobis,
1813 3538 1945 3597 Gal.
1976 3538 2033 3595 ii.
2066 3542 2162 3598 20.
2195 3540 2337 3601 Ideo
2366 3551 2608 3602 vocatur
2654 3543 2729 3602 ab

321 3616 610 3695 Apostolo
640 3630 852 3694 &exn-70⁸5
872 3632 952 3676 καὶ
979 3629 1219 3681 πλωτὸς
1246 3629 1456 3693 τίη-ως,
1490 3620 1637 3676 Dux
1699 3628 1753 3677 et
1787 3619 2219 3678 Consummator
2251 3623 2409 3699 fidei,
2444 3622 2599 3682 Heb.
2629 3623 2732 3683 xii.

319 3700 376 3771 2,
407 3718 523 3755 non
553 3706 776 3756 tantum
805 3698 1027 3771 meritc,
1060 3696 1163 3755 sed
1191 3705 1249 3755 et
1277 3697 1545 3773 efficacia,
1576 3698 1714 3775 quia
1739 3706 1805 3758 ut
1847 3707 1936 3758 est
1965 3699 2198 3758 Author
2235 3702 2386 3778 fidei,
2439 3699 2528 3761 cs't
2556 3705 2729 3761 etiam

321 3777 449 3852 ejus
479 3777 878 3852 Conservator,
909 3777 1010 3853 qui
1031 3777 1190 3834 illam
1214 3777 1412 3836 Verbo
1441 3788 1500 3838 et
1522 3779 1741 3856 Spiritu
1767 3779 1829 3836 in
1856 3778 2024 3839 nobis
2047 3779 2401 3856 productam,
2433 3781 2733 3840 confirmat

322 3855 768 3930 perseverantiae
797 3855 967 3929 dono,
1000 3864 1058 3914 et
1084 3864 1279 3914 tuetur
1305 3857 1584 3917 adversus
1615 3877 1813 3917 omnes
1842 3859 2207 3933 tentationeS,
2259 3869 2318 3917 et
2346 3860 2577 3919 tandem
2607 3880 2735 3937 per-

322 3933 444 3991 ficit
473 3942 531 3992 et
558 3933 811 4009 complet
833 3933 1032 4010 gloriae
1061 3942 1120 3992 et
1148 3935 1595 3997 immortalitatis
1624 3956 1852 3996 corona.
1937 3937 2103 3995 Licet
2129 3957 2269 3995 vero
2313 3939 2569 3997 fidelium
2599 3940 2733 3998 obe·

325 4012 544 4071 dientia
571 4013 647 4070 ad
666 4014 815 4071 hanc
843 4014 1347 4090 perseverantiam,
1380 4018 1719 4093 requiratur,
1750 4035 1866 4073 non
1896 4015 2157 4092 sequitur
2183 4037 2299 4075 non
2329 4032 2454 4077 esse
2484 4029 2733 4095 certam;

325 4092 474 4167 Quia
502 4093 584 4151 ita
625 4103 714 4152 est
754 4091 1005 4150 officium
1046 4093 1313 4168 hominiS,
1356 4103 1423 4153 ut
1452 4096 1527 4153 sit
1567 4097 1740 4154 etiam
1770 4095 1984 4153 donum
2029 4095 2259 4173 Christi,
2304 4118 2419 4175 quo
2446 4098 2619 4157 fidem
2674 4100 2736 4158 in

323 4173 493 4232 nobis
523 4173 701 4232 semel
729 4172 1053 4231 inchoatam
1081 4183 1383 4249 promovet
1411 4183 1470 4233 et
1495 4176 1734 4252 perficit,
1777 4173 1968 4233 dando
1997 4177 2239 4253 gratiam
2270 4198 2387 4236 non
2414 4178 2586 4237 modo
2616 4200 2736 4239 cre-

325 4253 517 4326 dendi,
544 4253 646 4313 sed
674 4261 732 4312 et
760 4251 1184 4330 perseverandi.

410 4334 626 4393 XVII.
672 4332 841 4409 Quod
883 4333 1254 4392 confirmatur
1293 4354 1368 4392 ex
1410 4342 1622 4393 natura
1650 4334 1867 4393 unionis
1892 4335 2150 4408 fidelium
2191 4356 2321 4395 cum
2352 4337 2580 4397 Christo
2609 4347 2733 4398 tan-

326 4432 497 4488 quam
529 4414 921 4473 Membrorum
965 4434 1095 4472 cum
1140 4411 1358 4490 Capite,
1403 4434 1531 4492 quae
1578 4434 1696 4472 non
1738 4414 1909 4473 modo
1963 4415 2167 4474 intima
2188 4426 2361 4478 estet
2416 4419 2737 4479 arctissima

324 4492 601 4568 intensive,
661 4494 763 4552 sed
800 4502 858 4552 et
906 4493 1182 4552 extensive
1210 4500 1454 4559 «ἐλέλυτο,
1483 4501 1542 4553 et
1595 4503 1887 4571 perpetuae
1943 4495 2261 4555 durationis
2285 4520 2298 4571 ;
2344 4497 2425 4557 ita
2473 4507 2537 4557 ut
2591 4500 2737 4559 nihil

326 4570 622 4630 vinculum
652 4572 808 4631 istud
837 4574 1174 4651 abrumpere
1203 4574 1402 4652 possit,
1433 4594 1540 4634 ncc
1568 4593 1676 4633 nos
1724 4574 1797 4632 ab
1826 4595 1894 4634 eo
1934 4595 2214 4653 separare,
2265 4576 2433 4638 Rom.
2484 4579 2607 4638 viii.
2638 4583 2735 4656 38,

326 4651 464 4728 quia
484 4652 585 4729 qui
618 4653 840 4712 Christo
861 4652 1251 4731 aqqlutinatur
1276 4675 1419 4714 unus
1432 4660 1508 4728 fit
1533 4676 1655 4715 cum
1694 4675 1758 4714 eo
1794 4657 2041 4732 spirim,
2096 4658 2126 4715 1
2161 4656 2290 4716 Cor.
2321 4659 2399 4717 vi.
2456 4661 2547 4736 17,
2578 4669 2637 4719 et
2664 4662 2739 4720 ab
