3221 5200
283 369 507 418 Quaezsr.
539 347 704 431 vna]
1178 367 1256 409 nn
1286 368 1536 410 ramnum
1567 370 1823 411 onum.
2566 354 2683 411 209

275 510 572 586 legalium,
595 530 710 569 non
729 510 785 568 vi
811 509 1001 587 Legis,
1027 509 1130 568 sed
1150 510 1571 570 promissionis,
1635 511 1804 585 Quod
1821 511 1972 570 ultro
1990 511 2253 588 agnoscit
2271 512 2392 604 ipse
2411 511 2671 587 dicendo,

279 594 318 623 ‘⁴
344 591 547 650 Patres
575 610 692 648 non
719 590 954 649 haesisse
984 591 1045 647 in
1084 591 1213 648 istis
1255 591 1453 667 signis,
1500 591 1603 649 sed
1632 611 1732 649 eor
1758 591 1983 650 levasse
2012 592 2072 649 in
2101 611 2220 650 rem
2264 592 2447 669 signis
2475 591 2649 648 adum

276 669 520 746 bratam,
566 679 634 729 ut
687 670 983 728 Abraham
1027 671 1125 746 qui
1172 669 1321 727 vidit
1361 671 1513 729 diem
1559 672 1792 744 Christi,
1845 672 1886 730 J
1891 672 1983 729 oh.
2042 672 2161 729 viii.
2215 674 2308 744 56,
2371 680 2430 730 et
2479 671 2677 730 Moses

274 749 377 826 qui
404 750 659 827 praetulit
686 749 1053 828 opprobrium
1086 749 1299 808 Christi
1326 751 1546 810 divitiis
1574 752 1845 828 Aegypti,
1881 752 2033 810 Heb.
2065 751 2144 810 xi.
2176 752 2312 809 ‘262'

883 830 1038 888 XII.
1085 830 1267 888 Aliud
1296 839 1384 889 est
1413 831 1598 889 Vetus
1629 830 1848 889 Foedus
1890 831 2086 890 stricte
2129 838 2420 907 sumptum
2449 829 2677 889 differre

800 910 1182 969 essentialiter
1208 930 1244 967 a
1273 911 1457 982 Nom,
1489 911 1646 987 quod
1676 910 1995 988 Apostolus
2023 911 2286 985 intendit,
2321 911 2452 968 Gal.
2476 910 2554 968 iv.
2579 914 2676 985 24,

798 989 859 1046 in
880 989 1157 1066 allegoria
1179 991 1333 1048 Sarae
1363 999 1420 1049 et
1444 991 1677 1066 AgariS,
1702 991 1857 1049 illius
1879 991 2207 1066 generantis
2229 991 2304 1049 ad
2332 990 2673 1065 libertatem,

273 1066 443 1126 istius
490 1066 566 1125 ad
614 1068 968 1140 servitutem,
1021 1070 1120 1128 ubi
1168 1069 1425 1146 disputat
1472 1080 1672 1129 contra
1722 1071 2209 1147 Pseudapostolos
2263 1070 2678 1129 confundentes

277 1146 496 1224 Legem
536 1155 596 1206 et
637 1148 1043 1224 Evangelium,
1089 1149 1246 1226 quod
1284 1150 1518 1226 respicit
1558 1151 1730 1209 etiam
1760 1155 1796 1208 2
1829 1151 1958 1209 Cor.
1988 1152 2067 1210 iii.
2100 1155 2155 1224 6,
2197 1155 2250 1225 7,
2302 1151 2360 1207 in
2405 1151 2678 1208 antithesi

277 1229 314 1259 “
339 1227 548 1286 Literae
577 1236 636 1286 et
667 1228 931 1304 Spiritus,
980 1229 1289 1288 Ministerii
1325 1230 1833 1290 Condemnationis
1861 1239 1919 1290 et
1947 1232 1988 1290 J
1994 1231 2203 1290 ustitiae
2226 1232 2279 1289 :”
2325 1229 2510 1287 Aliud
2539 1250 2678 1287 vero

275 1306 388 1364 late
412 1315 732 1384 spectatum
754 1308 946 1385 quoad
966 1310 1361 1385 oeconomiam,
1386 1330 1512 1368 esse
1535 1311 1862 1388 oppositum
1890 1310 2080 1388 quoad
2104 1309 2500 1385 substantiam,
2522 1309 2680 1386 quod

271 1406 345 1444 ne
425 1407 571 1445 mus.

348 1407 547 1525 ἕΧξιΙΙΙ.
592 1466 666 1524 Id
692 1468 849 1543 quod
876 1476 965 1527 est
1005 1469 1438 1546 antiquandum,
1484 1489 1600 1528 non
1644 1470 1837 1530 statim
1866 1470 2057 1529 differt
2097 1469 2481 1529 essentialiter
2507 1468 2580 1526 ab
2609 1490 2679 1526 eo

273 1547 432 1622 quod
458 1555 771 1624 permanet,
817 1549 866 1606 si
894 1548 1214 1625 antiquatio
1240 1549 1342 1608 fiat
1382 1558 1608 1608 tantum
1637 1550 1829 1625 quoad
1869 1551 2103 1608 modum
2133 1557 2189 1609 et
2219 1548 2678 1607 circumstantias

274 1625 736 1703 dispensationis,
778 1646 894 1685 non
937 1628 1129 1705 quoad
1174 1649 1294 1687 rem
1343 1630 1544 1706 ipsam.
1633 1630 1819 1688 Vetus
1867 1630 2298 1688 Testamentum
2348 1629 2520 1687 etiam
2562 1629 2679 1687 late

275 1724 404 1762 sum
447 1713 567 1763 tum
606 1705 716 1765 fuit
743 1707 1158 1783 antiquandum
1191 1709 1381 1785 quoad
1430 1709 1598 1785 σχίσιν
1641 1710 2072 1785 Evangelicam‚
2103 1728 2219 1766 non
2248 1717 2513 1784 respectu
2551 1709 2680 1785 ejus

275 1803 393 1860 quo
462 1785 571 1861 ipsi
598 1785 709 1844 fuit
734 1786 1057 1862 essentiale,
1090 1808 1220 1845 cum
1254 1789 1506 1847 Chrestus
1533 1789 1688 1846 idem
1718 1789 1793 1847 sit
1825 1793 1860 1820 ‘⁴
1883 1789 2022 1861 heri,
2053 1788 2224 1845 hodie
2248 1797 2306 1845 ct
2334 1788 2393 1844 in
2423 1786 2676 1860 secula,''

276 1863 431 1922 Heb.
460 1864 583 1923 xiii.
614 1867 685 1942 83
734 1865 851 1925 Sed
877 1875 1141 1943 respectu
1169 1868 1726 1926 circumstantiarum
1768 1875 1827 1926 et
1866 1868 2023 1925 modi
2065 1867 2527 1942 dispensationiS,
2579 1867 2679 1942 qui

273 1943 571 2003 obscurior
610 1956 669 2004 et
710 1946 907 2004 durior
947 1946 1055 2005 fuit
1094 1955 1329 2023 propter
1369 1947 1690 2005 infantilem
1727 1947 2004 2005 Ecclesiae
2046 1956 2292 2006 aetatem.
2377 1946 2477 2003 Ad
2505 1965 2678 2021 quem

272 2022 447 2081 etiam
476 2025 722 2100 pertinet
750 2025 940 2084 cultus
969 2027 1232 2095 carnaliS,
1264 2027 1363 2103 qui
1393 2027 1642 2085 obtinuit
1671 2027 1730 2084 in
1759 2027 1835 2084 V.
1867 2027 1953 2100 T„
1985 2026 2083 2102 qui
2113 2025 2481 2101 abrogandus
2512 2026 2637 2084 fuit.

290 2153 293 2154 γ
358 2103 537 2163 XIV.
583 2105 751 2179 Quod
770 2107 1052 2164 sancitum
1075 2105 1183 2164 fuit
1204 2115 1427 2165 tantum
1451 2107 1732 2182 sanguine
1754 2106 2058 2183 pecudum,
2084 2105 2276 2163 differt
2297 2104 2680 2163 essentialiter

274 2181 349 2241 ab
377 2203 462 2258 e0,
493 2184 650 2261 quod
679 2185 961 2244 sancitum
991 2194 1081 2243 est
1110 2187 1389 2262 sanguine
1420 2187 1653 2245 Christi.
1741 2186 1857 2244 Sed
1885 2185 2152 2263 quamvis
2177 2186 2309 2243 Vct.
2335 2187 2490 2244 Test.
2521 2185 2678 2243 dica·

272 2272 369 2322 tur
387 2265 669 2323 sancitum
693 2266 973 2341 sanguine
1001 2265 1304 2342 pecudum,
1330 2266 1518 2323 Exod.
1549 2266 1715 2324 xxiv.
1747 2269 1801 2340 3,
1835 2269 1890 2339 4,
1923 2265 2051 2338 ἄπα,
2083 2274 2141 2323 et
2173 2266 2324 2323 Heb.
2357 2266 2436 2323 ix.
2462 2268 2552 2336 18,
2583 2268 2674 2338 19,

272 2344 383 2402 hoc
412 2344 853 2421 intelligendum
897 2353 1118 2404 tantum
1149 2345 1341 2422 quoad
1380 2345 1645 2419 literam;
1691 2366 1824 2403 nam
1860 2345 2051 2423 quoad
2093 2365 2324 2404 sensum
2368 2346 2678 2420 mysticum

271 2424 554 2501 sanguine
585 2424 799 2483 Christi
827 2425 1000 2483 etiam
1043 2426 1323 2483 sancitum
1354 2425 1478 2500 fuit,
1524 2426 1807 2502 siquidem
1845 2426 2123 2501 sanguine
2152 2425 2254 2483 illo
2283 2425 2478 2502 typico
2507 2444 2680 2483 verus

272 2504 510 2580 sanguis
540 2505 754 2563 Christi
783 2504 1156 2564 adumbratus
1186 2505 1309 2580 fuit,
1344 2507 1554 2565 Matth.
1586 2506 1751 2565 xxvi.
1783 2509 1877 2582 28,
1910 2507 2078 2583 cujus
2121 2506 2300 2565 solius
2327 2505 2581 2564 efficacia
2621 2513 2681 2564 et

271 2585 476 2643 merito
505 2585 750 2644 Veteres
776 2593 1086 2663 potuerunt
1116 2587 1350 2646 servari.

354 2665 499 2723 XV.
544 2666 677 2724 Non
704 2664 904 2725 eadem
932 2687 1037 2743 per
1062 2667 1255 2725 omnia
1283 2676 1371 2726 est
1412 2668 1697 2745 oppositio
1739 2668 1889 2726 inter
1916 2668 1992 2727 V.
2023 2676 2080 2726 et
2111 2667 2182 2726 N.
2214 2667 2372 2726 Test.
2417 2687 2547 2744 quae
2590 2674 2683 2726 est

268 2744 420 2802 inter
448 2745 665 2822 Legem
694 2756 753 2805 et
795 2747 1199 2824 Evangelium.
1285 2748 1433 2806 Nam
1476 2750 1749 2824 oppositio
1775 2749 1944 2825 Leyis
1987 2757 2041 2806 et
2065 2748 2371 2824 Evanqelii
2394 2756 2679 2825 quatenus

266 2824 494 2900 proprie
523 2836 581 2883 et
609 2827 805 2885 stricte
834 2836 1138 2885 sumuntur
1165 2847 1268 2904 pro
1297 2827 1509 2886 foedere
1540 2828 1791 2905 Operum
1833 2837 1892 2886 et
1921 2828 2139 2887 Gratiae
2174 2836 2232 2885 et
2260 2836 2591 2904 spectantur
2618 2827 2680 2884 in

266 2923 395 2959 esse
445 2922 549 2961 suo
597 2905 862 2963 absoluto
913 2914 1001 2963 est
1028 2907 1337 2980 contraria,
1370 2907 1506 2983 quia
1553 2916 1921 2985 opponuntur
1962 2916 2026 2966 ut
2055 2907 2251 2965 Litera
2289 2907 2573 2979 occidenS,
2620 2915 2679 2964 et

274 2980 521 3054 Spiritus
550 2982 869 3055 vivificans,
901 2993 965 3040 ut
995 2985 1159 3060 Agar
1187 2986 1434 3060 gignens
1462 2985 1537 3042 ad
1564 2987 1919 3058 servitutem,
1953 2996 2011 3043 et
2037 2995 2102 3043 ut
2128 2987 2270 3043 Sara
2297 3006 2580 3060 generans
2602 2986 2679 3043 ad

269 3057 611 3132 libertatem,
642 3060 781 3117 lieet
810 3061 937 3118 Lex
963 3061 1137 3119 latius
1166 3072 1395 3139 sumpta
1423 3071 1480 3120 et
1508 3063 1567 3119 in
1609 3083 1736 3122 esse
1766 3083 1870 3121 suo
1915 3064 2158 3121 relativo
2189 3065 2512 3139 Evangelio
2542 3064 2676 3121 sub-

270 3135 603 3195 ordinetur:
652 3138 769 3196 Sed
797 3139 1082 3214 oppositio
1111 3141 1187 3198 V.
1218 3148 1275 3197 et
1304 3140 1377 3197 N.
1407 3141 1564 3198 Test.
1607 3142 1723 3198 late
1758 3142 1998 3218 spectati
2042 3151 2130 3198 est
2174 3163 2218 3197 r·
2241 3143 2429 3214 lativa,
2478 3151 2676 3218 quate-

270 3234 380 3318 nus
401 3215 590 3275 Vetus
611 3216 945 3275 continebat
965 3217 1199 3275 umbras
1228 3238 1417 3277 rerum
1444 3218 1781 3294 futurarum,
1816 3220 1969 3278 Heb.
2000 3240 2058 3278 x.
2095 3224 2145 3294 1,
2179 3220 2411 3278 Novum
2433 3240 2570 3278 vcro
2598 3224 2680 3281 rin

271 3320 446 3354 “801ae-

349 3376 530 3435 XVI.
576 3376 691 3435 Illa
717 3396 834 3436 non
864 3376 1215 3436 conveniunt
1243 3378 1581 3453 substantia,
1606 3398 1850 3455 quorum
1877 3378 2247 3438 Sacramenta
2273 3379 2386 3438 alia
2408 3388 2542 3439 sunt
2560 3379 2676 3457 sig·

266 3456 563 3515 nificativa
589 3465 650 3515 et
675 3457 999 3516 exhibitiva
1028 3458 1217 3533 simul,
1249 3458 1363 3517 alia
1391 3480 1530 3517 vero
1558 3467 1783 3517 tantum
1813 3459 2231 3535 significativa:
2267 3460 2382 3519 Sed
2412 3461 2469 3517 in
2501 3461 2575 3519 V.
2607 3462 2674 3519 T.

271 3537 643 3596 Sacramenta
669 3557 787 3595 non
815 3537 1046 3596 fuerunt
1088 3546 1308 3597 tantum
1353 3539 1771 3615 significativa;
1818 3539 1919 3598 sed
1963 3559 2067 3598 suo
2095 3540 2267 3599 modo
2310 3541 2482 3599 etiam
2511 3541 2674 3599 exhi-

266 3616 451 3675 bitiva
478 3618 563 3676 rei
590 3617 965 3695 significatae3
1030 3618 1156 3691 Quo
1200 3639 1371 3678 sensu
1400 3619 1742 3678 circumcisio
1783 3619 1994 3678 dieitur
2032 3621 2273 3696 siqillum
2286 3622 2522 3697 justitiae
2530 3623 2681 3700 fidei

272 3696 624 3771 AbrahamO,
659 3699 828 3756 Rom.
859 3698 937 3756 iv,
973 3701 1065 3772 13,
1096 3707 1154 3757 et
1184 3699 1386 3758 Patres
1415 3699 1686 3759 dicuntur
1714 3699 1928 3759 bibisse
1958 3700 2268 3775 Christum,
2305 3704 2332 3760 1
2369 3702 2496 3761 Cor.
2527 3722 2586 3759 x.
2617 3706 2675 3760 4.

271 3776 393 3833 Nec
421 3776 613 3835 obstat
641 3777 797 3854 quod
827 3778 1090 3837 Christus
1117 3778 1373 3837 nondum
1402 3787 1555 3838 esset
1582 3780 1929 3854 incarnatus,
1960 3800 2029 3838 ac
2064 3780 2304 3858 proinde
2334 3801 2447 3839 non
2477 3788 2678 3856 potue·

269 3856 345 3912 rit
373 3855 633 3915 exhiberi
659 3880 673 3932 3
739 3858 888 3931 Quia
930 3857 1069 3916 licet
1095 3878 1210 3916 non
1252 3858 1422 3917 fuerit
1454 3860 1682 3934 physice
1707 3879 1810 3936 per
1845 3860 2315 3931 incarnationem,
2348 3858 2455 3917 fuit
2485 3869 2676 3917 tamen

267 3936 561 3993 moraliter
606 3937 668 3994 in
713 3937 1092 4014 promissione
1140 3957 1243 4014 per
1288 3938 1425 3997 fidei
1473 3939 1877 4015 receptionem,
1924 3958 2055 4015 quae
2103 3948 2193 3998 est
2231 3941 2323 3997 τῶν
2364 3939 2679 4013 ἐλπιζομένων

268 4015 560 4080 &rio-rum.

354 894 534 940 Fontes
565 895 701 941 Solu·

412 954 621 998 tionum.

347 4095 564 4154 XVII.
609 4095 809 4154 Moses
837 4104 896 4155 et
925 4095 1187 4155 Christus
1214 4104 1457 4174 possunt
1484 4097 1636 4155 inter
1663 4116 1724 4154 se
1753 4095 1998 4155 conferri
2020 4096 2333 4155 trifariam:
2369 4099 2419 4154 1.
2449 4097 2679 4154 relative

264 4184 331 4235 ut
358 4184 534 4252 typus
561 4183 623 4234 et
647 4183 1008 4251 prototypus,
1029 4176 1165 4251 quia
1194 4176 1486 4235 Christum
1515 4177 1575 4234 in
1602 4175 1784 4234 variis
1815 4176 2011 4234 Moses
2040 4174 2329 4252 figuravit,
2353 4196 2523 4251 quem
2549 4176 2678 4235 idco

268 4256 619 4332 Prophetam
664 4254 786 4313 fore
816 4255 927 4312 sibi
971 4255 1215 4313 similem
1257 4255 1535 4333 praedicit,
1570 4256 1744 4313 Deut.
1788 4254 1952 4312 xviii.
2004 4257 2116 4327 153
2161 4260 2217 4313 2.
2248 4264 2574 4330 comparate
2613 4264 2679 4314 ut

266 4335 454 4393 minor
480 4335 774 4393 confertur
816 4334 1037 4412 majori,
1068 4344 1126 4394 et
1168 4355 1371 4394 servus
1402 4335 1671 4408 Domino,
1709 4333 1862 4392 Heb.
1893 4334 1972 4390 iii.
2005 4338 2061 4409 4,
2094 4338 2149 4409 5,
2183 4338 2217 4393 6
2243 4356 2257 4411 ;
2303 4338 2358 4393 3.
2389 4335 2679 4409 disparare

265 4426 325 4473 et
352 4415 631 4491 opposite,
663 4423 948 4491 quatenus
995 4434 1097 4491 per
1139 4416 1365 4473 Mosem
1412 4415 1540 4473 Lex
1567 4414 1705 4473 data
1747 4412 1872 4489 suit,
1905 4423 1964 4473 et
2004 4415 2191 4491 gratia
2238 4423 2296 4472 et
2325 4414 2539 4471 veritus
2579 4434 2682 4490 per

265 4494 475 4552 Jesum
518 4494 829 4567 Christum,
875 4494 1013 4553 Joh.
1057 4494 1093 4553 i.
1128 4497 1221 4552 17.
1312 4494 1526 4554 Gratia
1574 4494 1884 4572 opponitur
1934 4494 2110 4570 Legis
2147 4494 2380 4552 moralis
2409 4493 2679 4551 maledic-

264 4572 429 4647 tioni,
461 4580 520 4631 et
558 4575 779 4632 Veritas
808 4574 985 4650 Legis
1014 4574 1427 4633 caeremonialia
1458 4574 1683 4632 umbris
1709 4581 1768 4631 et
1808 4572 2027 4649 figuris,
2059 4573 2157 4631 vel
2190 4573 2402 4633 Gratia
2431 4593 2566 4633 vera
2594 4574 2682 4634 di«

261 4652 429 4725 citur,
459 4660 525 4709 ut
552 4653 765 4729 typicis
793 4661 852 4712 et
880 4653 1207 4712 carnalibus
1235 4653 1438 4729 figuris
1466 4673 1581 4711 non
1613 4651 1898 4712 obvelata.

466 4749 614 4789 runs
644 4750 708 4789 11.
2320 4750 2357 4790 o
