3221 5200
259 1483 296 1510 Ὀ

327 369 553 418 Qua-:sn
586 350 765 432 xvn.]
1036 373 1114 413 ne
1143 374 1408 417 ransom
1439 378 1513 418 nr
1543 379 1731 419 srA‘ru
1760 376 2012 418 cnmsrx.
2619 364 2735 421 319

325 508 509 600 ciatus
538 510 859 587 designare,
892 521 955 571 ut
976 513 1098 589 jam
1148 514 1384 575 dictum.
1485 521 1541 576 2.
1590 518 1733 579 Cum
1774 518 2047 594 Symbolo‚
2093 535 2165 573 ne
2207 516 2555 577 reticeantur
2609 541 2738 595 gra-

322 607 576 647 vissimae
606 598 665 648 et
690 592 994 669 praecipuae
1049 596 1345 670 passiones
1389 596 1620 671 Christi,
1666 619 1794 675 quae
1834 597 2223 667 retinerentur,
2273 597 2385 653 nisi
2428 597 2742 657 descensus

324 667 540 727 Christi
567 669 643 727 ad
670 670 883 729 inferos
912 672 1329 751 intelligeretur
1356 676 1427 733 de
1446 676 1687 736 internis
1709 676 2071 755 passionibus
2094 675 2269 732 animi
2292 675 2505 734 Christi
2528 699 2543 752 ς
2591 679 2740 736 Nam

321 749 714 824 praecedentes
742 752 969 809 articuli
995 753 1310 829 loquuntur
1336 763 1560 814 tantum
1595 757 1669 815 de
1711 757 1965 815 externis
1992 754 2357 832 passionibus
2386 758 2656 832 corporis

322 865 613 912 conciliatio
698 869 816 913 dua-
937 832 1119 891 VIII.
1153 834 1217 892 Si
1245 845 1550 910 quaeratur,
1583 846 1718 895 utra
1746 857 1819 894 ex
1849 835 2074 893 duabus
2103 835 2230 893 istis
2280 837 2579 894 sententiis
2608 838 2740 895 reti-

381 938 493 970 rum
552 929 817 971 seutentia-
857 912 1048 969 nenda
1062 913 1174 971 sit?
1217 915 1675 990 Respondemus,
1692 926 1992 991 utramque
2015 934 2182 992 posse
2207 914 2449 988 admitti,
2466 925 2523 974 et
2537 917 2750 992 optime

381 997 507 1028 rum.
851 992 1003 1049 inter
1031 1012 1092 1050 se
1122 994 1405 1071 componi,
1437 1004 1502 1053 ut
1528 1015 1632 1071 per
1661 996 2000 1053 descensum
2030 994 2104 1051 ad
2148 993 2359 1051 inferos
2388 994 2747 1070 intelligatur

320 1076 615 1127 extremus
669 1070 954 1144 passionis
996 1079 1054 1130 et
1095 1072 1503 1131 exinanitionis
1548 1075 1761 1133 Christi
1803 1073 2034 1151 gradus,
2075 1081 2192 1131 tam
2236 1073 2426 1149 quoad
2470 1074 2737 1150 animam,

319 1168 493 1225 quam
521 1148 715 1224 quoad
756 1169 979 1226 corpuS‚
1025 1160 1099 1223 et,
1144 1160 1210 1211 ut
1257 1161 1551 1212 extremus
1579 1153 1793 1230 gradus
1833 1151 2248 1211 humiliationis
2295 1153 2487 1228 quoad
2532 1174 2739 1230 corpus

319 1228 430 1286 fuit
458 1228 711 1287 detentio
761 1228 822 1285 in
867 1230 1187 1305 sepulchr0‚
1233 1231 1314 1290 ita
1356 1233 1547 1308 quoad
1590 1233 1838 1290 animam
1888 1232 2116 1290 fuerunt
2157 1231 2268 1288 diri
2302 1232 2386 1288 illi
2431 1232 2734 1308 cruciatus,

320 1327 467 1444 quos
496 1308 767 1383 pertulit:
813 1307 1012 1385 Atque
1043 1308 1123 1368 ita
1151 1311 1448 1387 appositus
1477 1312 1586 1370 erit
1614 1312 1851 1370 ultimus
1880 1311 1977 1369 ille
2007 1311 2282 1368 articulus
2311 1311 2385 1368 ad
2413 1313 2737 1388 exprimen-

360 1407 458 1445 um
488 1387 753 1445 ultimum
783 1388 1027 1463 gradum
1057 1390 1466 1448 exinanitionis
1497 1391 1727 1466 Christi,
1760 1392 1883 1449 sive
1913 1390 2102 1467 quoad
2131 1390 2505 1466 ignominiam
2535 1412 2734 1468 corpo-

318 1467 415 1540 ris,
448 1466 572 1524 sive
601 1467 793 1543 quoad
820 1487 1068 1543 angores
1096 1469 1320 1526 animae.
1405 1470 1526 1528 Nec
1556 1471 1763 1528 mirum
1792 1470 1978 1528 videri
2006 1470 2195 1543 debet,
2228 1470 2276 1528 si
2305 1469 2434 1528 duae
2453 1470 2578 1528 istae
2606 1493 2734 1547 par-

318 1554 407 1604 tes
448 1564 484 1603 a
511 1565 572 1604 se
601 1546 850 1604 invicem
895 1548 1141 1605 diversae
1184 1549 1241 1605 in
1285 1568 1400 1607 uno
1447 1550 1766 1626 eodemque
1807 1550 2048 1608 articulo
2098 1550 2559 1626 conjungantur;
2605 1571 2736 1608 cum

315 1644 432 1683 non
478 1625 772 1685 insolitum
828 1626 903 1685 sit
943 1627 1005 1684 in
1048 1627 1343 1704 Scriptura
1383 1628 1617 1687 unicum
1661 1649 1891 1687 sensum
1920 1628 2139 1686 variam
2184 1629 2350 1702 σχέο-ιι
2390 1629 2643 1705 induere,
2677 1639 2737 1688 et

320 1705 503 1764 multa
531 1705 701 1763 simul
730 1706 1051 1783 complecti,
1083 1708 1333 1767 maxime
1362 1728 1540 1785 quum
1568 1728 1662 1766 res
1692 1717 1825 1767 sunt
1855 1708 1965 1766 sibi
1996 1708 2241 1765 invicem
2273 1707 2658 1767 subordinatae
2678 1717 2737 1768 et

320 1784 470 1842 inter
498 1804 559 1842 se
588 1804 881 1843 connexae.
988 1787 1131 1843 Cum
1161 1807 1300 1863 ergo
1327 1788 1554 1864 phrasis
1596 1788 1708 1845 ista
1748 1787 1921 1845 modo
1949 1787 2022 1844 ad
2052 1787 2431 1863 abjectionem
2461 1789 2733 1863 corporiS,

317 1863 489 1921 modo
519 1864 592 1921 ad
621 1864 848 1923 dolores
876 1865 1081 1923 animae
1109 1867 1402 1941 referatur,
1443 1875 1502 1925 et
1530 1866 1794 1925 Christus
1833 1875 2135 1942 utramque
2180 1865 2563 1924 conditionem
2609 1886 2733 1925 sus·

318 1942 499 2002 tinere
530 1944 792 2002 debuerit
816 1966 829 2016 ;
874 1965 990 2001 non
1018 1945 1123 2003 abs
1151 1966 1230 2018 re,
1265 1947 1508 2005 Veteres
1529 1946 1684 2004 hunc
1713 1946 2016 2004 articulum
2039 1946 2384 2003 addiderunt
2406 1945 2730 2021 praeceden-

317 2022 474 2082 tibus
502 2023 578 2081 ad
605 2024 760 2082 hunc
790 2023 1004 2082 Christi
1033 2033 1246 2083 statum
1275 2025 1602 2084 distinctius
1632 2024 2089 2100 exprimendum.

923 2102 1042 2161 IX.
1089 2104 1373 2176 Constans
1421 2113 1480 2162 et
1522 2104 1940 2162 indissolubilis
1994 2111 2213 2162 naturae
2268 2104 2534 2161 humanae
2599 2124 2731 2162 cum

840 2182 1040 2240 divina
1067 2183 1206 2242 unio
1233 2184 1294 2240 in
1324 2184 1571 2258 Christo,
1619 2184 1673 2240 N
1676 2202 1751 2240 on
1778 2182 2035 2260 impedit,
2080 2183 2385 2259 quominus
2415 2184 2533 2259 pati
2561 2193 2728 2259 potu-

844 2261 952 2320 erit
979 2270 1038 2320 et
1065 2262 1124 2319 in
1153 2263 1344 2321 anima
1371 2271 1430 2321 et
1472 2263 1530 2320 in
1560 2283 1796 2339 corpore
1826 2282 2024 2339 poenas
2053 2262 2220 2320 nobis
2269 2261 2511 2321 debitae.
2577 2263 2732 2321 Unio

319 2360 451 2399 cum
471 2339 667 2397 Verbo
698 2340 834 2398 facit
861 2340 1093 2417 quidem
1122 2351 1186 2401 ut
1214 2342 1291 2400 sit
1318 2362 1543 2420 semper
1566 2350 1782 2416 sancta,
1807 2350 1866 2400 et
1894 2342 2080 2399 omnis
2107 2341 2329 2418 peccati
2351 2361 2558 2418 expers
2582 2365 2595 2415 ;
2628 2342 2732 2400 sed

320 2439 437 2478 non
482 2427 547 2477 ut
595 2420 764 2478 fue-‘t
802 2439 1027 2496 semper
1054 2421 1222 2480 beata
1250 2430 1309 2480 et
1336 2422 1606 2500 gloriosa,
1639 2421 2103 2499 quandoquidem
2133 2430 2434 2498 propterea
2462 2421 2736 2479 veniebat

317 2508 384 2558 ut
424 2507 734 2576 pateretur.
820 2498 1045 2558 Habuit
1102 2501 1363 2560 Christus
1413 2521 1639 2577 semper
1676 2501 1924 2577 ylorz‘am
1958 2521 2236 2577 personae,
2288 2509 2351 2559 ut
2393 2501 2732 2580 &dragum-053

319 2579 424 2638 sed
471 2599 589 2637 non
638 2598 864 2655 semper
904 2577 1104 2638 debuit
1139 2581 1350 2640 habere
1395 2581 1643 2658 yleriam
1688 2589 1911 2639 naturae
1957 2583 2231 2655 humanae,
2280 2600 2450 2657 quam
2501 2581 2733 2639 demum

316 2668 448 2736 post
497 2659 970 2718 resurrectionem
1027 2670 1438 2720 consecuturus
1487 2671 1626 2735 erat,
1674 2662 1811 2738 quia
1855 2661 2054 2720 debuit
2101 2661 2311 2720 tentari
2355 2661 2416 2718 in
2462 2661 2730 2719 omnibus

316 2739 529 2815 pariter
559 2739 861 2797 nobiscum
888 2748 948 2797 et
974 2739 1097 2798 fieri
1126 2741 1455 2800 maledictio
1485 2741 1558 2799 ad
1588 2741 1833 2800 salutem
1861 2750 2135 2799 nostram.

398 2819 482 2877 X.
530 2819 614 2878 Ut
654 2822 956 2877 damnatus
985 2819 1211 2897 proprie
1257 2821 1307 2877 is
1336 2820 1562 2894 dicitur,
1594 2820 1694 2897 qui
1724 2821 1783 2878 in
1816 2821 2038 2880 inferno
2070 2821 2316 2879 sustinet
2332 2840 2559 2896 poenam
2591 2840 2722 2897 pec-

314 2898 459 2955 catis
489 2898 609 2955 suis
658 2897 946 2973 debitam3
993 2899 1122 2955 Non
1153 2907 1342 2974 potest
1383 2919 1592 2957 nomen
1634 2900 1745 2957 hoc
1791 2901 2021 2959 Christo
2071 2900 2263 2973 tribui,
2308 2899 2407 2975 qui
2455 2919 2571 2956 non
2622 2920 2726 2975 pro

316 2976 436 3033 suis
463 2995 717 3052 unquam
767 2976 871 3033 sed
897 2995 1001 3052 pro
1040 2977 1252 3035 nostris
1279 2978 1531 3053 peccatis
1574 2997 1781 3054 passus
1830 2987 1933 3053 est,
1965 2999 2072 3036 nec
2121 2979 2181 3035 in
2230 2978 2470 3049 infern0,
2521 2979 2623 3036 sed
2671 2980 2732 3036 in

314 3063 485 3112 terra.
571 3054 732 3111 Nihil
761 3055 954 3111 obstat
980 3063 1172 3112 tamen
1201 3055 1317 3112 dici
1348 3055 1561 3112 Filium
1595 3056 1705 3113 Dei
1734 3057 2177 3113 condemnatum
2207 3076 2309 3133 pro
2338 3057 2506 3114 nobis
2536 3076 2570 3113 a
2603 3058 2729 3116 Deo

314 3133 509 3207 fuisse,
535 3132 1019 3209 quemadmodum
1048 3133 1188 3191 alibi
1231 3134 1442 3191 dicitur
1486 3133 1672 3191 factus
1699 3135 1903 3214 auriga
1932 3144 1990 3193 et
2033 3134 2361 3191 maledictio
2390 3154 2492 3210 pro
2539 3136 2728 3192 nobis.

319 3213 441 3270 Nec
491 3212 678 3288 magis
734 3212 1045 3269 absurdum
1095 3221 1182 3270 est
1231 3212 1421 3269 dicere
1481 3212 1772 3269 Christum
1828 3213 2269 3271 condemnatum
2326 3212 2503 3269 fuisse
2558 3232 2732 3287 quam

319 3292 633 3350 Dominum
664 3291 863 3368 gloriae
900 3311 1133 3367 passum
1162 3301 1220 3350 et
1248 3291 1586 3350 crucifixum
1629 3291 1823 3366 fuisse,
1854 3300 1914 3350 et
1960 3298 2192 3369 propter
2239 3310 2345 3349 nos
2373 3290 2644 3349 afflictum
2673 3300 2732 3350 et

314 3373 676 3448 castigatum,
709 3380 774 3429 ut
801 3371 973 3429 toties
1002 3370 1229 3430 dicitur.

397 3452 516 3510 XI.
572 3452 722 3509 Visio
750 3451 870 3508 Dei
893 3450 1007 3508 alia
1034 3458 1123 3509 est
1149 3451 1448 3509 beatorum
1477 3451 1537 3508 in
1566 3450 1729 3509 coelis
1762 3470 1865 3526 per
1892 3451 2172 3527 gloriam3
2219 3448 2357 3507 Alia
2383 3448 2638 3507 fidelium
2670 3450 2729 3508 in

314 3532 482 3589 terris
510 3551 612 3608 per
640 3531 903 3608 gratiam.
990 3530 1101 3604 Qui
1130 3530 1304 3606 priori
1333 3530 1505 3589 modo
1538 3531 1726 3588 Deum
1756 3530 1958 3589 vident
1997 3529 2172 3588 nullis
2213 3529 2400 3605 poenis
2429 3537 2487 3587 et
2515 3527 2727 3588 dolori·

314 3611 424 3668 bus
451 3619 693 3688 possunt
719 3609 961 3668 ulterius
1007 3610 1232 3687 subjici,
1265 3610 1400 3685 quia
1449 3619 1583 3669 sunt
1609 3610 1672 3666 in
1701 3610 1901 3685 patria,
1933 3609 2231 3668 constituti
2258 3609 2319 3665 in
2366 3616 2518 3667 statu
2547 3609 2725 3668 felici-

316 3689 451 3746 tatis
474 3713 487 3765 3
534 3690 638 3747 sed
664 3710 779 3747 non
811 3689 1012 3747 eadem
1043 3699 1130 3748 est
1158 3690 1305 3748 ratio
1333 3689 1606 3763 fidelium,
1634 3690 1731 3765 qui
1753 3689 1890 3748 licet
1918 3689 2154 3747 videant
2186 3688 2373 3746 Deum
2401 3709 2504 3765 per
2532 3688 2723 3765 fidem,

315 3785 431 3824 non
474 3768 743 3827 desinunt
769 3769 948 3825 variis
989 3767 1390 3827 afflictionibus
1439 3768 1671 3844 exponi.
1757 3768 2019 3827 Christus
2063 3768 2122 3825 in
2172 3768 2337 3825 terris
2386 3788 2500 3844 qua
2553 3768 2728 3827 homo

315 3845 466 3903 vidit
507 3847 694 3903 Deum
737 3847 1038 3922 posteriori
1068 3867 1256 3922 sensu,
1298 3857 1356 3907 et
1388 3847 1562 3925 longe
1590 3847 1898 3925 perfectius
1926 3847 2193 3905 fidelibus
2218 3869 2232 3921 ς
2282 3846 2397 3905 Sed
2426 3848 2548 3904 haec
2578 3848 2728 3906 visio

315 3943 434 3983 non
464 3924 702 3999 obstitit,
734 3926 1041 4002 quominus
1068 3935 1375 4004 pateretur,
1407 3936 1465 3985 et
1495 3947 1555 3985 se
1585 3947 1622 3984 a
1652 3927 1777 3984 Deo
1808 3927 2144 3985 derelictum
2172 3932 2524 4002 quereretur.

367 2160 551 2204 Fontes
603 2157 744 2203 Solu-

464 2218 671 2262 tionum.

1206 4172 1594 4246 QUAESTIO
1640 4171 1854 4230 XVII.

502 4319 596 4376 An
627 4316 880 4377 Christus
896 4316 1148 4392 propria
1174 4316 1375 4375 virtute
1401 4315 1829 4402 resurrexerit?
1872 4313 2097 4373 Affirm.
2128 4321 2327 4371 contra
2359 4310 2548 4371 Socin.

921 4460 971 4517 Ι.
1018 4459 1245 4518 Primus
1287 4459 1501 4536 gradus
1543 4456 1913 4516 exaltationis
1957 4455 2171 4515 Christi
2200 4456 2256 4512 in
2288 4450 2730 4511 Resurrectione

842 4539 1111 4616 ponitur;
1158 4540 1248 4597 De
1277 4558 1393 4616 qua
1425 4538 1520 4596 hic
1551 4536 1796 4615 quaestio
1839 4544 2103 4594 movetur
2143 4555 2177 4593 a
2215 4532 2554 4593 Socinianis.
2599 4530 2732 4588 Non

843 4618 1078 4695 quidem
1107 4620 1200 4677 De
1240 4619 1487 4677 Veritate
1515 4620 1649 4692 eius,
1684 4615 1847 4674 Licet
1876 4615 2028 4673 enim
2057 4634 2183 4673 eam
2212 4616 2269 4672 in
2300 4613 2537 4672 dubium
2566 4630 2731 4668 revo-

348 4514 523 4559 Statns
575 4515 746 4564 Quaes-

478 4573 641 4617 tionis.
