3221 5200
573 382 651 437 68
1483 396 1667 438 mous
1695 360 2056 438 monemus.
2563 374 2821 457 [onas-r.
2851 396 2992 438 xm.

573 537 730 616 quod
757 546 881 598 erat
906 537 1283 616 praestiturus,
1314 539 1373 597 et
1399 537 1556 615 quod
1596 556 1800 597 revera
1831 536 2114 615 praestitit,
2145 535 2250 596 sed
2276 535 2520 596 alterins
2545 537 2671 596 non'
2704 537 2992 598 indicavit

573 618 716 695 quid
743 628 897 678 esset
922 618 1194 694 facturus,
1225 618 1362 694 quia
1387 638 1504 676 non
1532 638 1678 695 opus
1705 625 1848 677 erat.

659 698 909 757 XVIII.
954 698 1218 758 Christus
1243 717 1361 755 non
1387 697 1570 756 utitur
1597 696 2071 775 aequivocatione,
2100 696 2144 755 J
2147 696 2318 754 ohan.
2337 695 2439 754 vii.
2469 697 2526 771 8,
2551 716 2728 774 quum
2758 696 2901 756 dicit
2927 717 2990 756 se

577 798 689 836 non
716 795 1076 838 ascensurum
1104 780 1188 836 ad
1209 780 1441 853 festum,
1474 796 1603 835 cum
1632 785 1827 836 tamen
1853 776 2026 835 tacite
2056 775 2352 835 statuisset
2378 775 2535 853 apud
2562 796 2623 834 se
2652 776 2985 853 ascendere,

577 866 644 917 ut
670 857 807 918 fecit
833 859 1007 935 paulo
1033 865 1184 935 post.
1254 857 1403 931 Quia
1428 876 1545 914 non
1572 864 1750 932 negat
1778 855 2112 933 simpliciter
2139 874 2199 914 se
2228 873 2616 930 ascensurum,
2648 855 2753 914 scd
2780 875 2987 916 secun·

579 936 718 996 dum
744 938 887 1015 quid
913 938 1134 997 ratione
1163 937 1303 996 certi
1330 935 1623 1014 temporie,
1654 935 1792 1007 Ἐγὺ
1820 931 1957 995 οὕτω
1983 935 2247 1010 inescabo,
2280 937 2410 1012 qu
2449 936 2697 994 nondum
2723 939 2986 1012 ascendo,

579 1018 716 1095 quia
764 1018 984 1077 scilicet
1024 1016 1406 1094 praestitutum
1450 1036 1619 1075 suum
1666 1024 1894 1094 tempus
1942 1035 2046 1075 seu
2088 1016 2231 1074 hora
2278 1015 2592 1074 constituta
2633 1015 2990 1075 ascendendi

578 1097 836 1157 nondum
864 1097 1195 1171 advenerat,
1224 1106 1291 1154 ut
1317 1094 1480 1154 addit
1508 1095 1739 1155 statim:
1781 1115 2084 1156 ascensum
2112 1115 2251 1172 ergo
2280 1095 2521 1170 distulit,
2566 1115 2683 1154 non
2723 1097 2988 1173 negavit.

586 1177 699 1251 Sic,
734 1177 914 1236 Marc.
944 1176 1068 1234 xiii.
1098 1179 1194 1251 32,
1225 1174 1564 1252 simpliciter
1590 1184 1766 1252 negat
1804 1195 1865 1235 se
1906 1176 2052 1234 seire
2095 1175 2248 1233 diem
2290 1184 2348 1234 et
2388 1174 2588 1256 horam
2622 1174 2833 1252 judicii
2861 1175 3005 1251 sine·

579 1256 702 1314 ulla
728 1257 1120 1316 reservatione
1145 1254 1399 1331 mentali,
1437 1254 1540 1313 sed
1567 1256 1678 1314 hoc
1715 1255 1991 1333 intelligit
2018 1255 2333 1314 secundum
2361 1254 2670 1315 humanam
2698 1263 2986 1330 naturam,

640 1387 682 1433 L
852 1389 866 1401 ,
934 1387 993 1435 28
1103 1355 1219 1411 qua
1260 1334 1415 1393 filius
1455 1335 1723 1393 hominis.
1809 1335 2025 1395 Gestus
2064 1335 2294 1409 Christi,
2338 1354 2455 1412 quo
2488 1334 2658 1393 finxit
2685 1335 2991 1413 discipulis

685 1402 758 1432 ¹¹⁰·
779 1403 914 1433 mv.
995 1419 1008 1432 '
1105 1414 1452 1473 Emailntem
1491 1414 1988 1491 proficiscentibus
2026 1434 2089 1473 se
2128 1414 2224 1472 lon
2229 1415 2361 1492 gius
2397 1415 2628 1490 iturum,
2668 1434 2786 1474 non
2812 1415 2994 1475 infert

581 1493 760 1551 ullam
810 1493 1339 1571 aequivocationem,
1387 1493 1493 1552 sed
1533 1494 1976 1554 occultationem
2013 1494 2257 1570 consilii,
2301 1493 2458 1571 quod
2498 1494 2818 1571 prudentiae
2855 1495 2990 1572 fuit,

582 1593 700 1632 non
729 1573 1234 1651 aequivocationis;
1264 1573 1598 1633 “Dominus
1617 1574 1803 1634 voluit
1829 1574 2071 1634 ulterius
2097 1574 2426 1652 progredi,”
2454 1573 2643 1651 inquit
2671 1574 2995 1634 Bai-radius

582 1653 831 1730 Jesuita,
846 1654 1011 1713 Tom.
1030 1653 1110 1712 iv.
1127 1653 1168 1711 l.
1189 1656 1244 1730 8,
1270 1674 1320 1712 c.
1345 1657 1437 1729 12,
1455 1654 1553 1712 “si
1578 1673 1697 1712 non
1724 1654 2067 1725 retineretur
2091 1674 2126 1712 a
2153 1653 2510 1730 discipulis.’'
2598 1654 2745 1712 “Nil
2772 1655 2996 1714 veritas

580 1732 812 1870 {ingitss'
842 1734 924 1792 ait
944 1733 1177 1793 Ribera.
1211 1734 1331 1793 “Si
1358 1753 1490 1793 eum
1517 1753 1637 1792 non
1663 1734 2003 1810 tenuissent,
2026 1733 2348 1792 transiisset
2368 1733 2491 1793 sine
2514 1733 2708 1810 dubio,
2732 1733 2997 1811 issetque

605 1833 679 1872 on
726 1813 874 1872 'us.'’

663 1833 853 1952 ὶὲίιΙΧ.
898 1893 1084 1952 Aliud
1111 1900 1201 1952 est
1225 1893 1552 1952 scrutinium
1580 1892 1656 1951 ad
1682 1893 1986 1953 veritatem
2015 1893 2343 1969 eruendam,
2376 1891 2561 1952 Aliud
2585 1893 2993 1969 subterfitqium

581 1971 658 2031 ad
685 1973 1046 2033 mendacium
1073 1972 1448 2051 palliandum.
1534 1973 1792 2032 Primum
1835 1973 2206 2033 confirmatur
2244 1993 2318 2032 ex
2353 1972 2679 2032 Solomonis
2718 1972 2887 2051 praxi
2928 1974 2995 2032 in

582 2054 947 2113 meretricum
976 2072 1166 2128 causa,
1199 2060 1259 2112 et
1303 2052 1627 2111 Servatoris
1654 2073 1785 2112 cum
1816 2053 2103 2131 Philippo,
2135 2073 2305 2131 quem
2348 2052 2419 2111 de
2461 2054 2709 2131 panibus
2746 2072 2992 2131 percon-

699 2187 727 2232 1
751 2188 823 2235 Re
1102 2132 1351 2207 tabatur,
1385 2134 1421 2166 ‘⁴
1450 2139 1680 2191 tentans
1708 2152 1857 2206 eum,
1889 2133 2012 2209 ipse
2055 2133 2207 2192 enim
2249 2132 2468 2192 sciebat
2495 2133 2636 2210 quid
2677 2140 2831 2192 esset
2869 2132 2992 2192 fac-

660 2203 988 2292 Johang'vlf‘k.
1102 2212 1326 2288 turus,''
1354 2212 1496 2272 Joh.
1526 2212 1607 2272 vi.
1639 2215 1694 2272 6.
1771 2212 1939 2273 Unde
1968 2221 2194 2272 constat
2221 2212 2649 2289 explorationes
2675 2213 2848 2290 longe
2877 2212 2992 2271 dif-

1105 2292 1252 2352 ferre
1285 2292 1359 2352 ab
1401 2293 1971 2371 aequivocationibus,
2004 2301 2063 2352 et
2102 2292 2414 2370 prudenter
2453 2292 2705 2369 aliquem
2746 2300 2991 2369 tentare,

583 2379 686 2431 aut
710 2373 1067 2451 propositum
1097 2374 1300 2448 celare,
1331 2381 1450 2432 tam
1477 2372 1654 2450 longe
1682 2373 1884 2432 abesse
1925 2393 1961 2432 a
2002 2372 2319 2447 mendacio,
2350 2380 2415 2430 ut
2444 2371 2541 2430 isti
2582 2392 2618 2430 a
2659 2371 2994 2431 sinceritate

584 2452 909 2511 Christiana
935 2454 1163 2528 absunt,
1178 2452 1278 2529 qui
1304 2452 1739 2529 patrocinantur
1764 2453 2082 2513 mendacio.
2154 2452 2227 2510 In
2254 2450 2612 2528 explorando
2637 2452 2776 2511 licet
2802 2451 2994 2511 celare

581 2531 920 2606 veritatem;
965 2531 1052 2590 At
1078 2531 1326 2605 mentiri,
1355 2530 1570 2607 fallere,
1600 2533 1876 2609 pejerare,
1907 2541 1973 2592 ut
1999 2531 2181 2592 tutius
2209 2530 2494 2610 explores,
2524 2552 2642 2591 non
2667 2531 2822 2591 licet.

663 2611 819 2670 XX.
863 2612 1226 2670 Medicorum
1266 2619 1591 2670 commenta
1633 2611 1708 2669 ad
1751 2611 2162 2673 demulcendos
2203 2613 2586 2690 phreneticos,
2619 2612 2994 2672 subintellec-

580 2697 700 2748 tam
729 2710 954 2767 semper
980 2689 1199 2749 habent
1235 2689 1737 2765 modificationem,
1768 2711 1879 2750 usn
1918 2692 2295 2769 notissimam,
2325 2700 2392 2752 ut
2432 2702 2657 2752 constet
2697 2713 2773 2751 ex
2812 2712 2875 2751 re
2916 2691 2997 2751 de

581 2789 698 2846 qua
724 2770 933 2846 agitur,
965 2777 1024 2828 et
1051 2768 1164 2827 fine
1192 2788 1365 2846 quem
1394 2778 1736 2846 proponunt,
1771 2770 1904 2830 illos
1930 2791 2047 2830 non
2088 2772 2307 2849 fingere
2350 2780 2417 2831 ut
2458 2772 2679 2848 fallant,
2711 2772 2814 2831 sed
2856 2771 2996 2830 ficta

579 2856 805 2908 tantum
832 2869 1082 2925 narrare,
1130 2857 1196 2908 ut
1237 2851 1570 2926 aegrotantis
1613 2849 1934 2910 infirmitati
1978 2852 2297 2927 consulant,
2327 2851 2429 2911 11111
2470 2851 2699 2929 adjecta
2738 2852 2798 2910 in
2827 2851 2993 2910 exitu

580 2929 803 3006 negotii
830 2929 1159 3008 explicatio,
1183 2949 1300 2988 non
1327 2928 1548 3006 perfida
1575 2930 2050 3007 aequivocationis
2078 2931 2413 3009 impostura,
2445 2940 2609 2990 sanat
2637 2932 2848 2992 omnia.
3014 3004 3019 3007 ι

663 3009 855 3070 XXI.
899 3010 1090 3085 Quum
1119 3009 1395 3087 quaeritur
1420 3009 1561 3086 quid
1589 3008 1880 3087 agendum
1909 3010 1986 3071 sit
2012 3012 2074 3069 in
2102 3012 2390 3089 Principis
2418 3019 2519 3070 aut
2548 3011 2757 3071 Patriae
2785 3011 2992 3071 discri-

580 3088 753 3167 mine,
784 3090 882 3149 vel
909 3090 985 3150 ad
1015 3090 1470 3150 conservandam
1498 3090 1700 3148 uxoris
1741 3098 1843 3150 aut
1867 3090 2067 3149 matris
2096 3092 2436 3166 castitatem,
2466 3090 2563 3150 vel
2591 3091 2666 3149 ad
2693 3091 2989 3151 declinan-

580 3169 714 3229 dam
755 3170 817 3229 in
835 3170 840 3173 *
857 3171 1089 3249 proprio
1130 3170 1386 3248 periculo
1413 3169 1673 3248 Tyranni
1715 3169 1985 3231 irruentis
2027 3171 2324 3246 saevitiam,
2355 3171 2453 3230 vel
2496 3171 2572 3229 ad
2611 3170 2989 3230 avertendum

577 3250 860 3311 latronem
889 3259 949 3311 et
976 3252 1244 3311 sicarium
1272 3250 1346 3308 ab
1373 3249 1623 3310 innocuo
1650 3249 1901 3327 viatore;
1947 3251 2179 3310 Certum
2209 3259 2268 3310 et
2301 3251 2528 3328 justum
2555 3250 2824 3310 elabendi
2852 3251 2988 3310 snb-

577 3330 892 3407 tersugium
919 3330 1120 3388 haberi
1147 3349 1263 3387 non
1290 3337 1482 3406 potest
1510 3329 1570 3386 in
1615 3330 2086 3405 aequivocatione,
2118 3351 2248 3409 quae
2290 3330 2412 3390 sine
2452 3338 2691 3408 peccato
2717 3330 2843 3389 fieri
2869 3350 2989 3389 non

618 3417 785 3467 otest.
870 3407 1164 3467 Audiatur
1201 3407 1396 3484 potius
1422 3408 1656 3465 Firmus
1678 3408 2001 3486 Episcopus
2028 3411 2401 3487 Tagastensis
2441 3410 2598 3488 apud
2625 3409 2883 3489 August.
2912 3410 2989 3471 de

577 3427 818 3544 blenda.
848 3485 924 3543 ad
953 3485 1198 3544 Consen.
1228 3506 1354 3563 cap.
1389 3489 1481 3561 13,
1512 3486 1613 3562 qui
1641 3486 2029 3565 interrogatus
2057 3490 2129 3549 de
2173 3490 2404 3549 homine
2447 3491 2523 3548 ab
2563 3490 2990 3569 apparitoribus

578 3564 839 3640 quaesito,
857 3567 892 3599 “
907 3564 1028 3623 Nec
1044 3564 1342 3641 prodam,”
1365 3565 1571 3642 inquit,
1597 3567 1752 3624 “nec
1769 3568 2081 3645 mentiar;”
2128 3570 2206 3628 Et
2226 3569 2460 3628 foemina
2481 3570 2541 3627 in
2563 3570 2810 3647 equuleo
2832 3570 2991 3648 apud

580 3643 864 3721 Hierony.
895 3644 971 3702 ad
999 3644 1339 3705 Innocent.:
1386 3646 1422 3677 ‘⁴
1441 3644 1571 3703 Non
1601 3644 1733 3703 ideo
1761 3667 1973 3725 negare
1991 3648 2144 3725 volo,
2166 3670 2238 3709 ne
2340 3670 2514 3725 ream,
2536 3649 2640 3709 sed
2667 3649 2799 3709 ideo
2827 3670 2987 3709 men-

577 3722 676 3782 tiri
702 3724 855 3799 nolo,
885 3744 958 3783 ne
986 3725 1278 3803 peccem.'’
1363 3724 1719 3784 Faciendum
1761 3746 1901 3804 ergo
1945 3728 2114 3787 nobis
2141 3749 2220 3806 qu
2338 3731 2521 3789 nostri
2549 3738 2639 3789 est
2678 3728 2867 3806 officii,
2899 3750 2988 3789 re-

577 3804 733 3864 lictis
777 3805 1001 3865 caeteris
1047 3804 1160 3863 Dei
1206 3805 1604 3884 providentiae,
1638 3825 1768 3884 quae
1816 3807 1982 3867 novit
2024 3807 2351 3870 insontibus
2394 3809 2721 3889 prospicere
2767 3810 2991 3887 absque

576 3884 800 3966 peccati
825 3884 1163 3964 patrocinio.
1569 3890 1574 3895 ’

1467 4046 1854 4121 QUAESTIO
1896 4047 2089 4107 XIII.

1378 4222 1460 4263 An
1488 4206 1867 4266 minoem-uit
1894 4173 2201 4275 quana-nn.

574 4366 668 4426 An
697 4367 753 4426 ἰπ
782 4368 1074 4444 Praecepto
1099 4365 1211 4423 IV.
1251 4363 1326 4422 sit
1340 4363 1537 4440 prima
1565 4364 1830 4425 institutio
1856 4366 2141 4438 Sabbatha‘,
2184 4375 2238 4426 et
2274 4366 2369 4425 An
2395 4367 2727 4425 mandatum
2752 4366 2825 4425 sit
2839 4386 2990 4443 par-

593 4474 596 4477 ·
766 4448 864 4505 tim
890 4447 1122 4521 morale,
1145 4444 1363 4521 partim
1389 4444 1774 4505 caeremoniale
1793 4449 1823 4505 ἕ
1904 4446 2076 4505 Prius
2104 4447 2273 4524 Neg.,
2305 4446 2529 4506 Poster.
2559 4444 2787 4505 Affirm.

625 4627 769 4673 Vocis
787 4629 1022 4676 Sabbathi
1179 4602 1231 4662 Ι.
1274 4602 1375 4662 Ad
1401 4603 1717 4665 faciliorem
1768 4604 2118 4680 Quaestionis
2161 4605 2554 4666 vexatissimae
2582 4604 2656 4664 de
2688 4604 2989 4665 Sabbatho

722 4692 934 4745 etymon.
1094 4683 1552 4761 intelligentiam,
1584 4685 1849 4764 quaedam
1872 4685 2274 4764 praemittenda
2301 4694 2453 4762 sunt,
2484 4693 2606 4746 tum
2637 4685 2708 4744 de
2737 4685 2996 4744 nominis
