3221 5200
450 358 567 415 426
1214 376 1398 418 Locus
1427 374 1685 416 nscmus
1714 374 2002 425 onsnrns.
2463 354 2715 437 [ρωποι.
2744 374 2847 417 xv.

443 512 863 589 impetrandum
887 515 1106 592 aliquid
1126 536 1229 594 per
1244 514 1478 573 modum
1505 516 1646 573 novi
1672 516 1877 608 meriti,
1908 516 2046 592 quia
2074 514 2335 575 Christus
2356 515 2417 573 in
2444 525 2627 576 morte
2656 518 2848 575 omnia

447 594 885 669 consummavit,
915 605 980 654 ιιι
1008 597 1130 673 ipse
1153 604 1411 670 testatur,
1436 595 1574 653 Joh.
1600 596 1744 654 xvii.
1769 599 1823 671 4,
1855 604 1913 654 et
1942 595 2064 653 xix,
2089 598 2184 671 30,
2217 604 2276 655 et
2305 596 2539 690 Paulae,
2573 597 2723 656 Heb.
2746 598 2845 654 vii.

445 674 540 740 28,
573 681 631 731 et
659 693 717 731 x.
754 676 844 732 14.
894 675 1010 733 Sed
1055 684 1122 735 ut
1147 674 1305 752 quod
1330 675 1534 733 merito
1577 675 1777 733 mortis
1822 695 1940 733 suae
1996 675 2164 734 nobis
2190 677 2516 754 acquisivit,
2547 697 2747 754 reapse
2791 683 2849 735 et

445 751 750 811 efficaciter
782 754 950 812 nobis
994 755 1069 813 ad
1117 755 1358 814 salutem
1388 755 1724 831 applicetur.

526 832 705 890 XIV.
770 834 915 891 Haec
992 834 1335 893 Intercessio
1384 835 1561 892 variis
1615 834 1840 893 actibus
1887 834 2252 893 absolvitur:
2300 838 2352 893 1.
2429 835 2848 911 Compar-itione

447 911 661 971 Christi
689 933 792 989 pro
821 913 1004 989 nobis,
1029 934 1144 990 qua
1172 934 1233 973 se
1263 914 1414 972 sistit
1460 914 1586 973 Deo
1619 915 1778 973 Patri
1825 922 2097 991 tanquam
2140 915 2374 973 unicum
2419 913 2848 973 Satisfactorem

444 1011 549 1068 pro
597 992 847 1068 peccatis
892 994 1118 1069 nostris,
1151 994 1488 1070 sanguinem
1526 994 1707 1053 semel
1733 994 1941 1069 fusum,
1972 995 2050 1052 id.
2101 995 2366 1053 meritum
2394 995 2595 1052 mortis
2638 1013 2845 1071 reprae-

445 1071 751 1151 sentandO,
773 1079 831 1129 et
858 1074 1134 1149 rogando,
1168 1082 1231 1133 ιιι
1258 1073 1333 1131 ad
1360 1074 1487 1150 ejus
1514 1073 1786 1133 intuitum
1814 1082 2052 1151 peccata
2078 1083 2274 1132 nostra
2299 1072 2468 1131 nobis
2495 1074 2764 1148 remittat,
2789 1080 2848 1131 et

444 1117 751 1208 beneficia
772 1152 965 1209 omnia
1006 1152 1083 1210 ad
1124 1154 1367 1212 salutem
1417 1154 1743 1212 necessaria
1785 1154 1953 1212 nobis
1981 1153 2273 1231 largiatur,
2325 1152 2509 1211 donec
2558 1152 2630 1210 ad
2659 1118 2844 1229 plehae

443 1229 736 1288 felicitatis
757 1232 1178 1306 possessionem
1226 1253 1334 1291 nos
1372 1233 1698 1308 adduxerit,
1748 1234 1794 1293 J
1796 1235 1889 1291 oh
1939 1234 2082 1291 xvii.
2134 1236 2228 1308 24,
2261 1231 2461 1307 Pater,
2494 1236 2632 1307 volo,
2653 1243 2715 1290 ut
2754 1233 2851 1289 ubi

442 1330 543 1385 eqo
597 1329 735 1383 sum,
793 1311 872 1368 ibe
917 1312 1027 1369 sint
1073 1323 1127 1371 et
1152 1313 1237 1370 illi
1274 1333 1411 1388 quos
1438 1314 1575 1370 mihi
1619 1314 1833 1387 dedisti,
1865 1323 1925 1370 ut
1963 1313 2191 1370 videant
2228 1313 2475 1387 qloriam
2503 1333 2700 1387 meam,
2733 1310 2841 1369 &m

446 1388 635 1462 Unde,
669 1389 853 1465 Apoc.
903 1409 961 1448 v.
1007 1394 1061 1465 6,
1118 1393 1314 1467 Aqnus
1340 1393 1559 1449 videtur
1586 1393 1645 1449 in
1676 1392 1840 1450 Coelis
1865 1401 2019 1449 stans
2065 1392 2125 1455 ὥς
2153 1390 2452 1466 ἔσ-φαγμὲιος
2500 1401 2561 1448 ut
2616 1391 2839 1463 occisus,

442 1468 579 1544 quia
608 1469 843 1544 sanguis
872 1470 996 1544 ejus
1018 1490 1244 1546 semper
1289 1490 1489 1529 recens
1517 1479 1605 1529 est
1634 1478 1693 1528 et
1719 1471 1907 1545 vivus,
1940 1470 2018 1527 id.
2062 1479 2289 1529 aeternae
2318 1470 2549 1528 virtutis
2567 1478 2625 1527 et
2652 1468 2840 1526 effica-

441 1548 563 1606 ciae.
608 1552 663 1606 2.
694 1550 1046 1624 Dqt'ensione,
1078 1558 1137 1608 et
1170 1550 1485 1625 patr-oemio
1513 1557 1711 1608 nostro
1740 1548 2016 1607 adversus
2037 1549 2213 1625 Legis
2230 1548 2486 1621 fulmina,
2518 1558 2577 1606 et
2607 1547 2842 1606 Diaboli

442 1627 885 1701 criminationes,
930 1648 1161 1687 causam
1189 1637 1444 1687 nostram
1498 1628 1726 1706 agendo
1753 1629 1813 1686 in
1861 1628 1973 1685 Dei
1991 1628 2232 1704 judicio.
2317 1630 2372 1685 3.
2403 1628 2711 1704 Sponsione
2738 1647 2843 1704 pro

442 1706 630 1782 nobis,
664 1727 779 1784 qua
825 1715 891 1766 ιιι
932 1728 967 1766 a
1008 1709 1178 1767 Patre
1222 1708 1476 1801 postulat
1513 1709 1777 1785 gratiam,
1809 1716 1868 1766 et
1915 1707 2067 1766 dona
2112 1707 2361 1784 Spiritus
2402 1708 2727 1765 necessaria
2767 1707 2842 1765 ad

439 1786 940 1864 perseverandum,
987 1789 1082 1846 Ita
1133 1789 1388 1847 vicissim
1432 1788 1663 1846 nomine
1691 1797 1887 1846 nostro
1930 1788 2174 1864 spondet
2203 1787 2329 1845 Deo
2373 1787 2757 1846 obedientiam
2788 1794 2847 1845 et

438 1866 794 1926 fidelitatem.
838 1871 894 1925 4.
932 1869 1219 1927 oblatione
1247 1888 1646 1944 personarum,
1693 1876 1746 1925 et
1767 1868 2197 1947 sanctificatione
2234 1887 2473 1942 precum
2501 1877 2842 1940 nostrarum,

439 1956 494 2005 et
520 1948 682 2005 totius
709 1949 885 2005 cultu-s
911 1949 1105 2022 nostri,
1135 1956 1419 2024 quatenus
1447 1947 1736 2006 orationes
1763 1966 1963 2005 omnes
1990 1956 2216 2006 nostras
2244 1955 2516 2023 tanquam
2551 1945 2845 2005 Sacrificia

439 2027 803 2103 spiritualia
788 2047 911 2103 ipse
955 2028 1081 2085 Deo
1110 2027 1292 2102 offert,
1325 2027 1588 2086 sacrificii
1632 2027 1722 2084 sui
1762 2027 2219 2104 fragrantissimo
2249 2026 2423 2084 odore
2472 2026 2746 2100 delibuta,
2777 2035 2844 2084 ut

438 2106 499 2163 in
527 2106 654 2182 ipso
677 2114 735 2165 et
762 2126 865 2183 per
890 2107 1079 2183 ipsum
1111 2108 1237 2165 Deo
1266 2114 1446 2184 gratae
1476 2108 1591 2165 sint
1634 2114 1694 2164 et
1740 2115 2007 2182 acceptae,
2043 2108 2072 2163 1
2108 2106 2287 2164 Pet.
2271 2106 2332 2164 ιί.
2383 2108 2439 2164 5.
2525 2105 2697 2165 Unde
2751 2124 2839 2163 re-

437 2194 832 2262 praesentatur,
886 2186 1072 2264 Apoc.
1102 2187 1224 2245 viii.
1274 2190 1329 2259 3,
1361 2194 1427 2246 ut
1456 2186 1723 2262 Angelus
1778 2206 1909 2245 cum
1938 2185 2230 2244 thuribulo
2276 2206 2466 2261 aureo,
2512 2186 2606 2243 cui
2633 2185 2845 2243 dantur

438 2264 662 2324 suffitus
706 2266 891 2341 multi,
945 2275 1008 2326 ut
1054 2266 1151 2325 det
1179 2266 1533 2325 orationibus
1574 2266 1914 2324 Sanctorum
1938 2287 1952 2341 3
2004 2272 2062 2323 et
2090 2264 2228 2323 alibi
2257 2264 2470 2324 dicitur
2496 2265 2717 2339 Altare,
2750 2263 2844 2322 cui

435 2344 784 2420 imponenda
813 2355 948 2404 sunt
990 2347 1181 2404 omnia
1222 2345 1502 2405 sacrificia
1544 2353 1756 2421 nostra,
1790 2354 1848 2404 et
1884 2346 1946 2402 in
1972 2365 2088 2421 quo
2130 2345 2254 2403 solo
2296 2346 2487 2404 cultus
2528 2343 2840 2417 rationalis,

433 2443 607 2501 quem
640 2425 767 2482 Deo
795 2425 1153 2500 exhibemus,
1186 2434 1377 2502 potest
1401 2425 1526 2483 Deo
1556 2444 1684 2482 esse
1715 2434 1932 2501 gratus.

516 2503 661 2561 XV.
709 2503 864 2562 Hinc
892 2513 1052 2580 patet
1083 2525 1255 2580 quam
1284 2504 1457 2580 longe
1486 2513 1544 2563 et
1572 2504 1688 2562 late
1718 2503 1986 2562 differant
2007 2503 2311 2577 orationes,
2337 2522 2481 2579 quas
2502 2500 2704 2559 fideles
2732 2520 2836 2578 pro
2880 2535 2882 2537 ·

437 2600 498 2640 se
528 2583 776 2641 invicem
800 2583 1063 2660 fundunt,
1109 2584 1182 2642 ab
1228 2584 1652 2642 Intercessione
1688 2583 1920 2642 Christi.
2005 2582 2268 2641 Christus
2297 2583 2449 2640 enim
2479 2581 2636 2639 solus
2663 2581 2839 2639 inter·

433 2662 590 2720 cedit
617 2682 721 2738 pro
749 2662 917 2719 nobis
944 2629 1148 2721 mei-ito
1177 2670 1234 2719 et
1253 2663 1485 2738 justitia
1526 2681 1630 2719 sua
1671 2662 1861 2735 nixus,
1895 2662 2051 2719 solus
2080 2681 2181 2739 per
2210 2681 2270 2719 se
2299 2670 2356 2720 et
2383 2669 2615 2737 propter
2643 2679 2704 2718 se
2731 2660 2838 2716 im-

432 2749 621 2817 petrat
648 2741 806 2817 quod
832 2741 993 2816 petit,
1026 2742 1183 2799 solus
1210 2739 1538 2798 immediate
1580 2747 1640 2798 et
1681 2740 1803 2798 sine
1833 2740 1953 2798 ullo
1981 2740 2095 2798 alio
2126 2741 2513 2798 Intercessore
2543 2738 2617 2795 ad
2649 2739 2838 2797 Deum

434 2819 673 2893 accedit,
706 2821 863 2878 solus
906 2819 1035 2878 loco
1080 2827 1276 2877 nostro
1322 2827 1437 2877 stat
1480 2826 1539 2876 et
1582 2827 1875 2896 comparet
1918 2839 2110 2877 coram
2153 2807 2297 2894 Dec,
2331 2819 2488 2877 solus
2516 2817 2683 2877 offert
2713 2819 2840 2877 Deo

431 2918 723 2976 personas,
769 2918 985 2975 preces,
1034 2908 1093 2958 et
1137 2898 1393 2956 actiones
1436 2905 1682 2956 nostras.
1779 2898 1898 2958 Sed
1939 2898 2158 2975 fideles,
2206 2919 2312 2957 nec
2360 2898 2591 2976 proprio
2635 2899 2840 2957 merito

433 2979 710 3052 nituntur,
741 2998 847 3037 nec
874 2991 977 3056 per
998 2999 1059 3038 se
1088 2986 1146 3038 et
1173 2986 1406 3055 propter
1433 2997 1495 3036 se
1543 2978 1852 3055 quicquam
1893 2986 2097 3056 petunt
2125 2979 2221 3037 vel
2248 2980 2574 3055 impetrant,
2606 2979 2710 3036 sed
2737 2998 2837 3037 no—

431 3058 586 3116 mine
610 3059 824 3117 Christi
845 3067 1086 3133 tantum,
1110 3079 1217 3117 nec
1238 3058 1567 3118 immediate
1589 3058 1665 3116 ad
1689 3059 1877 3117 Deum
1897 3059 2018 3118 sine
2050 3059 2277 3118 Christo
2306 3058 2578 3117 accedere
2605 3059 2836 3134 audent,

430 3158 537 3197 nec
567 3138 694 3197 loco
722 3147 919 3198 nostro
949 3159 1010 3198 se
1040 3141 1241 3199 sistere
1283 3159 1474 3197 coram
1520 3140 1647 3198 Deo
1687 3148 2058 3216 praesumunt,
2088 3141 2187 3198 vel
2213 3138 2416 3198 offerre
2442 3150 2686 3216 possunt
2713 3157 2838 3215 per-

432 3239 603 3278 sonas
633 3228 690 3278 et
717 3239 916 3296 preces
943 3229 1169 3279 nostras
1194 3221 1338 3279 De0.
1426 3218 1597 3279 Unde
1624 3220 1911 3279 Pontificii
1940 3240 2056 3278 non
2084 3221 2290 3278 minori
2318 3219 2621 3295 sacrilegio
2652 3218 2838 3277 Inter-

432 3300 749 3358 cessionem
781 3300 994 3360 Christi
1024 3321 1154 3360 cum
1204 3300 1559 3359 secundariis
1590 3299 2092 3373 Intercessoribus,
2124 3319 2295 3376 quam
2329 3299 2681 3356 Sacrificium
2711 3298 2839 3374 ejus

428 3399 562 3437 cum
608 3379 962 3437 secundariis
1011 3380 1437 3453 SacerdotibuS,
1486 3380 1948 3454 communicant;
2009 3399 2116 3437 nec
2164 3379 2274 3435 hoc
2319 3378 2532 3434 crimen
2580 3376 2837 3434 minuere

429 3466 621 3534 potest
650 3458 943 3515 distinctio
984 3458 1136 3516 inter
1179 3457 1532 3515 Mediatores
1574 3457 2003 3516 intercessionis
2032 3466 2090 3515 et
2118 3455 2542 3531 redemptionis,
2574 3463 2640 3512 ut
2667 3473 2839 3530 supra

430 3555 689 3669 wsluilgfl.
736 3611 1021 3669 Caeterum
1049 3631 1181 3669 cum
1212 3613 1557 3670 Intercessio
1588 3612 1819 3670 Christo
1848 3612 2137 3686 tribuitur,
2171 3631 2286 3669 non
2314 3610 2396 3668 ita
2423 3609 2498 3666 ad
2525 3609 2832 3667 humanam

426 3692 553 3768 ejus
581 3700 845 3749 naturam
872 3689 1274 3766 restringenda
1301 3698 1406 3762 est,
1439 3699 1503 3749 ut
1521 3710 1557 3748 a
1584 3690 1784 3748 divina
1810 3691 1871 3748 in
1900 3691 2186 3767 personali
2217 3689 2446 3749 Unione
2474 3688 2836 3748 considerata

425 3771 656 3848 penitus
704 3776 1084 3828 removeatur.
1190 3769 1468 3842 Quamvis
1518 3769 1672 3828 enim
1720 3789 1837 3827 non
1882 3778 2078 3846 posset
2125 3770 2211 3827 illi
2260 3777 2582 3845 competere
2631 3788 2834 3827 secun-

426 3850 563 3909 dum
592 3850 654 3907 id
681 3849 838 3925 quod
866 3858 954 3907 est
983 3858 1247 3926 respectu
1276 3849 1539 3907 essentiae
1562 3849 1843 3923 absolute,
1869 3850 2005 3925 quia
2032 3871 2163 3908 cum
2194 3849 2268 3908 sit
2295 3869 2472 3908 unum
2503 3869 2634 3907 cum
2665 3849 2836 3908 Patre

426 3931 536 3989 sub
564 3931 671 3988 hac
702 3929 882 4005 σχίσῃ,
916 3948 1031 3986 ιιοιι
1073 3937 1263 4006 potest
1304 3929 1392 3986 illi
1433 3930 1609 3988 tribui
1651 3930 1850 4005 oratic,
1896 3950 2011 4006 qua
2053 3929 2271 4007 aliquid
2299 3928 2553 4007 postulet
2581 3950 2616 3987 a
2645 3930 2835 3988 Patre.

429 4010 592 4068 Nihil
621 4011 813 4068 obstat
842 4019 1031 4068 tamen
1055 4009 1140 4067 illi
1159 4009 1336 4069 tribui
1358 4008 1673 4068 secundum
1695 4011 2073 4068 oeconomiam
2098 4012 2315 4088 gratiae,
2341 4009 2476 4085 quia
2504 4029 2620 4068 non
2647 4011 2838 4068 minus

426 4090 513 4148 illi
563 4089 837 4148 convenit
879 4108 1059 4165 orare,
1103 4109 1277 4167 quam
1318 4089 1557 4148 formam
1608 4089 1763 4148 servi
1810 4090 2086 4169 accipere,
2132 4098 2190 4149 et
2234 4077 2574 4150 Mediatoris
2615 4109 2827 4148 munus

433 4170 743 4249 suscipere.
