3221 5200
307 376 527 425 QuAEs'r.
559 352 719 433 χιιι]
1083 368 1160 407 na
1187 367 1454 406 ransom
1485 366 1558 404 ετ
1589 366 1777 407 srs‘ru
1806 369 2059 409 cumsrx.
2602 359 2714 416 307

307 536 461 574 novo
491 515 710 572 discere
739 508 990 588 potuerit
1008 511 1036 567 Ρ
1118 507 1286 581 Quod
1313 506 1599 564 Pontificii
1622 506 1920 582 affirmant,
1950 510 2096 567 Bell.
2124 520 2259 566 tom.
2290 514 2338 567 1.
2366 513 2559 570 Contr.
2586 535 2717 590 gen.

308 601 364 655 2.
396 595 467 655 de
499 595 562 653 C.
598 594 647 665 1,
697 596 751 664 2,
840 589 1321 647 “Catholicorum
1364 586 1685 644 communis
1730 590 2015 646 sententia
2064 609 2290 666 semper
2326 590 2450 663 fuit,
2505 592 2719 653 Christi

307 677 557 733 animam
588 672 661 729 ab
692 671 817 748 ipsa
845 689 949 727 sua
976 668 1264 726 creatione
1303 667 1579 742 repletam
1626 666 1865 725 scientia
1910 677 1968 726 et
1996 669 2199 744 gratia,
2254 678 2315 728 ut
2346 671 2490 727 nihil
2518 682 2719 748 postea

306 753 592 826 didicerit,
626 750 780 827 quod
810 757 979 807 antea
1009 747 1314 805 nesciret.''
1403 746 1524 803 Nos
1566 766 1706 803 vero
1754 767 2051 822 negamus.
2143 750 2220 807 Et
2268 749 2560 808 Christum
2591 753 2717 828 qui-

305 834 438 892 dem
467 853 581 909 qua
613 833 797 888 Deum
830 828 1169 886 omniscium
1198 826 1584 903 agnoscimuS,
1617 825 1719 883 sed
1748 847 1862 903 qua
1895 827 2185 885 hominem
2216 829 2471 903 scientia,
2504 850 2718 907 magna

303 914 537 989 quidem
567 931 740 987 supra
767 917 1003 967 caeteras
1032 925 1231 965 omnes
1279 914 1587 977 creaturae,
1636 905 1739 963 sed
1780 905 1942 964 finita
1970 915 2162 965 tamen
2208 916 2264 966 et
2293 920 2500 983 creata,
2532 920 2589 968 et
2618 913 2710 970 cui

302 991 524 1068 aliquid
552 990 690 1049 addi
717 987 984 1065 potuerit,
1010 995 1068 1044 et
1088 1005 1291 1044 revera
1317 984 1577 1041 additum
1607 984 1699 1058 sit,
1731 986 2033 1060 praeditum
2063 986 2417 1046 confitemur.

908 1066 1016 1124 IV.
1063 1065 1341 1122 Rationes
1390 1072 1562 1121 sunt:
1607 1066 1659 1121 1.
1693 1064 1840 1138 Quia
1886 1065 2148 1124 Christus
2177 1066 2387 1125 dicitur
2406 1070 2710 1143 profecisse

307 1150 548 1218 Probatur
585 1147 782 1192 Senten—
824 1145 1100 1220 sapientia
1127 1152 1182 1202 εἰ
1205 1152 1443 1217 statura,
1473 1143 1612 1201 Luc.
1646 1143 1702 1201 ii.
1748 1147 1822 1201 52
1851 1167 1865 1202 :
1949 1143 2034 1202 At
2063 1146 2159 1204 ubi
2190 1155 2277 1204 est
2308 1148 2601 1222 perfectiO,
2633 1149 2713 1206 ibi

361 1206 786 1308 Ῡῑέχῖῗξᾞὴξὲἵ
827 1225 1021 1283 nullus
1049 1232 1138 1282 est
1181 1222 1487 1298 profectus.
1573 1223 1695 1280 Nec
1740 1222 1857 1281 dici
1899 1232 2089 1300 potest
2133 1226 2440 1302 profecisse
2491 1235 2714 1285 tanturn

775 1295 787 1314 '
827 1304 1083 1380 opinione
1103 1303 1400 1376 hominum,
1424 1310 1490 1360 ιιι
1513 1301 1640 1360 vult
1660 1302 1931 1361 Bellarm.
1955 1304 2140 1379 capite
2162 1308 2235 1378 5.,
2257 1306 2393 1381 quia
2414 1309 2600 1382 magis
2629 1307 2712 1365 in-

303 1390 428 1448 dies
456 1388 749 1466 aperiebat
778 1383 1116 1461 sapientiam
1147 1402 1343 1440 suam:
1389 1381 1537 1454 Quia
1563 1389 1631 1438 ut
1679 1402 1813 1439 vere
1842 1383 2082 1459 profecit
2138 1385 2324 1443 aetatis
2373 1407 2625 1462 accessu,
2658 1395 2717 1445 et

304 1468 497 1545 quoad
517 1476 824 1540 staturam3
851 1464 931 1521 ita
952 1472 1010 1521 et
1053 1461 1272 1519 dotium
1303 1460 1671 1518 incrementis
1693 1470 1751 1519 et
1778 1461 1972 1537 quoad
1999 1463 2355 1538 sapientiam,
2384 1475 2447 1523 ut
2475 1466 2714 1525 Toletus

303 1549 450 1606 bene
469 1548 691 1624 probat.
717 1543 885 1604 Unde
909 1542 1178 1600 Ambros.
1203 1540 1274 1598 de
1301 1540 1526 1598 Incarn.
1548 1560 1672 1616 cap.
1693 1541 1812 1615 vii„
1841 1545 1876 1573 “
1895 1543 2054 1601 Sicut
2074 1543 2407 1618 proficiebat
2426 1554 2592 1603 aetate
2612 1546 2711 1603 ho-

303 1628 492 1701 minis,
520 1628 601 1685 sic
625 1624 958 1702 proficiebat
980 1621 1260 1697 sapientia
1281 1619 1586 1692 hominiS‚”
1613 1619 1768 1696 quod
1791 1621 2053 1696 agnoscit
2075 1623 2350 1698 StapletO.
2382 1624 2439 1680 in
2472 1624 2715 1682 Antido.

308 1708 535 1782 Evang.
560 1706 633 1763 ad
661 1706 718 1763 h.
748 1704 788 1762 l.
820 1701 1203 1761 Confirmatur
1224 1720 1299 1757 ex
1321 1720 1389 1758 eo
1418 1698 1574 1775 quod
1593 1719 1710 1757 non
1739 1699 1949 1758 dicitur
1981 1710 2201 1759 tantum
2222 1703 2529 1777 profecisse
2559 1704 2713 1780 apud

305 1786 584 1858 homines,
618 1785 720 1842 sed
762 1783 932 1842 etiam
976 1782 1137 1855 apud
1171 1782 1373 1851 Deum,
1405 1777 1562 1854 quod
1610 1778 1686 1835 ad
1728 1779 2054 1855 opinionem
2103 1800 2320 1838 meram
2369 1801 2484 1839 non
2526 1793 2717 1858 potest

307 1866 524 1938 referri,
558 1865 660 1922 sed
689 1865 771 1922 rei
800 1861 1102 1919 veritatem
1133 1859 1418 1935 importat.

306 1989 332 2026 2
387 1983 461 2027 Ex
497 1983 629 2027 Marc
681 1982 768 2025 xiii
909 1940 983 1996 V.
1029 1944 1084 1996 2.
1131 1939 1279 2012 Quia
1327 1939 1507 1994 Filius
1536 1935 1747 1994 dicitur
1788 1937 2054 2011 iqnorare
2082 1938 2227 1995 diem
2257 1940 2480 2013 judicii,
2530 1940 2712 1998 Marc.

339 2014 349 2025 ⁹
434 2019 444 2026 ’
538 2015 644 2090 32;’
774 2014 784 2025 ’
850 2020 971 2077 xiii.
1003 2023 1099 2076 32.
1169 2018 1299 2073 Non
1329 2018 1526 2092 utique
1555 2024 1840 2091 quatenus
1883 2017 2047 2087 Λόγος
2070 2037 2169 2074 seu
2194 2018 2377 2076 Filius
2424 2018 2551 2092 Dei,
2583 2021 2720 2096 quia
2765 2063 2775 2075 .

824 2118 939 2156 non
962 2106 1151 2174 potest
1179 2097 1442 2172 ignorare
1472 2095 1643 2167 diem,
1675 2115 1845 2171 quem
1870 2097 1990 2172 ipse
2020 2097 2326 2172 praefinivit
2355 2119 2483 2156 cum
2518 2099 2705 2173 Patre,

305 2179 438 2236 Act.
470 2179 613 2236 xvii.
645 2181 739 2250 31,
773 2186 846 2250 et,
878 2186 942 2235 ut
971 2187 1195 2252 tempus
1225 2175 1374 2248 fecit,
1407 2196 1512 2233 nec
1551 2175 1891 2251 principium
1938 2195 2043 2234 nec
2070 2176 2243 2234 finem
2293 2178 2423 2253 ejus
2449 2179 2715 2253 ignorare

296 2257 522 2333 potuit3
586 2257 701 2315 Sed
723 2265 1006 2332 quatenus
1034 2257 1205 2312 homo
1235 2264 1291 2313 et
1328 2264 1590 2330 respectu
1622 2261 1839 2312 naturae
1876 2255 2141 2312 humanae
2172 2264 2411 2329 tantum,
2442 2267 2508 2315 ut
2538 2257 2712 2315 Vete-

307 2356 398 2393 res
428 2356 488 2393 se
517 2336 590 2393 ab
621 2336 968 2392 Arianorum
988 2335 1310 2411 objectione
1334 2334 1465 2392 inde
1495 2334 1674 2411 petita
1703 2342 1902 2391 contra
1923 2334 2282 2393 divinitatem
2307 2337 2442 2393 Filii
2461 2357 2575 2394 non
2605 2338 2709 2394 ali·

305 2425 395 2473 ter
423 2415 859 2491 expediverunt.
905 2415 1034 2470 Non
1066 2421 1305 2484 tantum,
1331 2414 1467 2488 quia
1488 2434 1604 2471 non
1627 2413 1844 2472 sciebat
1874 2413 1948 2471 ad
1971 2415 2276 2473 dicendum
2301 2416 2446 2490 aliis,
2479 2425 2544 2475 ut
2564 2417 2712 2474 Bell.

309 2495 482 2552 Beca.
515 2495 651 2552 Tiri.
683 2503 741 2553 et
769 2494 868 2551 alii
899 2492 1130 2565 vellent,
1163 2492 1316 2567 quod
1353 2492 1867 2567 aequivocationem
1916 2494 1959 2553 J
1963 2495 2267 2552 esui'ticam
2297 2504 2538 2571 saperet,
2573 2495 2715 2569 Quis

304 2576 458 2633 enim
488 2576 631 2634 citra
670 2573 951 2633 mendacii
1004 2573 1231 2649 culpam
1259 2580 1449 2649 potest
1497 2572 1760 2632 absolute
1810 2593 2021 2651 negare
2052 2594 2112 2633 se
2156 2575 2301 2633 scire
2331 2595 2459 2652 quae
2489 2576 2614 2650 seit,
2646 2594 2715 2634 eo

303 2655 459 2730 quod
489 2675 604 2713 non
633 2655 840 2713 debeat
868 2654 998 2712 aliis
1026 2653 1325 2712 revelare?
1411 2652 1637 2710 Deinde
1685 2653 1794 2711 hoe
1824 2673 1994 2712 sensu
2038 2655 2183 2712 nihil
2212 2656 2328 2713 fere
2358 2664 2526 2730 esset,
2559 2656 2717 2732 quod

303 2754 419 2791 non
449 2744 643 2811 posset
672 2734 788 2792 dici
819 2734 1080 2792 Christus
1122 2733 1386 2808 ignorare
1437 2732 1573 2808 quia
1599 2752 1716 2791 non
1754 2734 1976 2792 revelat
2010 2736 2285 2810 mysteria
2314 2755 2418 2793 sua
2448 2736 2715 2794 Ethnicis

303 2823 361 2872 et
391 2815 630 2889 Turcis3
666 2816 793 2872 Imo
826 2814 998 2871 Pater
1024 2814 1148 2888 ipse
1177 2811 1456 2870 dicendus
1487 2821 1640 2870 esset
1681 2812 1945 2888 ignorare
1977 2813 2129 2870 diem
2152 2815 2377 2890 judicii,
2425 2834 2556 2872 cum
2585 2836 2717 2874 eum

303 2894 450 2950 nulli
470 2893 706 2951 revelet.
793 2893 924 2950 Non
953 2901 1177 2950 tantum
1206 2891 1342 2966 quia
1369 2899 1610 2948 noverat
1648 2891 1881 2965 quidem
1910 2893 2239 2967 theoretice,
2273 2894 2377 2952 sed
2404 2913 2519 2951 non
2550 2914 2710 2970 prac-

302 2971 415 3028 tice
446 2979 504 3028 et
531 2971 847 3029 secundum
876 2970 1325 3046 experientiam3
1376 2969 1470 3027 Sic
1501 2969 1653 3026 enim
1683 2989 1789 3026 nec
1821 2970 1993 3028 Pater
2041 2972 2165 3046 ipse
2203 2992 2334 3031 eum
2367 2973 2548 3045 novit,
2581 2994 2713 3030 cum

304 3048 560 3106 nondum
590 3049 906 3106 advenerit.
994 3048 1110 3105 Sed
1128 3047 1479 3121 simpliciter,
1510 3048 1648 3122 quia
1674 3048 1936 3104 Verbum
1956 3050 2066 3106 hoc
2085 3049 2170 3105 illi
2192 3070 2306 3107 non
2336 3051 2713 3110 revelaverat.

306 3129 503 3205 Atque
526 3129 608 3186 ita
648 3127 910 3185 Christus
959 3126 1088 3183 vult
1132 3125 1522 3182 curiositatem
1567 3124 1979 3200 discipulorum
2037 3147 2416 3204 compescere,
2463 3148 2535 3185 ne
2567 3130 2718 3186 ultra

303 3228 478 3284 quam
507 3215 734 3284 oportet
760 3212 1059 3283 penetrare
1088 3203 1381 3277 auderent,
1429 3222 1536 3260 nec
1571 3204 1644 3261 de
1665 3203 1873 3280 judicii
1902 3205 2056 3262 illius
2086 3214 2340 3282 tempore
2369 3207 2718 3282 quaestiones

305 3287 671 3364 scrupulosas
717 3293 1030 3358 necterent,
1082 3282 1354 3360 quoniam
1401 3283 1660 3341 membra
1703 3302 1828 3340 eam
1868 3284 2255 3360 cognitionem
2305 3284 2571 3343 affectare
2601 3306 2717 3344 non

304 3367 534 3440 debent,
566 3387 696 3444 quae
725 3386 798 3424 ne
826 3365 937 3441 ipsi
981 3363 1215 3441 quidem
1246 3362 1433 3438 Capiti
1483 3382 1757 3420 concessa
1800 3372 1890 3422 est
1938 3364 2249 3422 secundum
2301 3364 2716 3423 humanitatem

304 3446 504 3524 ipsius.
590 3447 712 3503 Nec
740 3453 1043 3521 propterea
1070 3441 1361 3501 statuendi
1390 3451 1523 3500 sunt
1551 3441 1667 3500 duo
1715 3442 1945 3517 Christi,
1994 3462 2234 3519 quorum
2282 3464 2433 3502 unus
2462 3445 2714 3520 sciverit,

304 3527 449 3585 alter
478 3525 832 3603 ignoraverit
861 3523 1013 3581 diem
1047 3522 1272 3599 judicii,
1320 3521 1423 3580 sed
1478 3520 1606 3579 duae
1658 3529 1880 3580 tantum
1926 3532 2162 3598 naturae,
2211 3525 2270 3581 in
2298 3544 2414 3583 uno
2466 3524 2712 3600 Christo,

304 3625 433 3681 quae
461 3615 527 3664 ut
555 3607 879 3683 conjunctae
910 3611 1043 3661 sunt
1069 3603 1129 3659 in
1159 3602 1437 3661 unitatem
1466 3620 1745 3677 personae,
1797 3602 1878 3660 ita
1927 3612 1985 3661 et
2012 3605 2390 3681 proprietates
2420 3624 2553 3662 suas
2582 3606 2716 3663 reti·

303 3695 444 3743 nent
472 3686 835 3758 inconfusas;
879 3690 945 3741 ut
992 3682 1175 3740 multa
1220 3680 1291 3739 de
1342 3690 1452 3739 toto
1506 3682 1728 3740 Christo
1758 3702 1861 3740 seu
1888 3703 2133 3759 persona
2162 3684 2448 3757 dicuntur,
2480 3705 2609 3760 quae
2640 3684 2716 3742 ad

306 3772 478 3820 totum
510 3765 735 3836 Christi,
769 3783 870 3820 seu
899 3761 973 3819 ad
1001 3770 1302 3836 utramque
1331 3768 1593 3818 naturam
1623 3781 1739 3818 non
1790 3763 2093 3837 pertinent,
2147 3763 2247 3821 sed
2278 3762 2351 3820 ad
2381 3763 2715 3821 alterutram

304 3850 549 3899 tantum.
637 3843 773 3900 Istae
802 3861 940 3916 ergo
988 3839 1408 3917 propositiones
1447 3849 1690 3914 possunt
1718 3861 1843 3897 esse
1887 3842 2058 3898 simul
2080 3862 2249 3913 verae,
2293 3842 2393 3899 sed
2431 3844 2550 3899 κατ’
2582 3850 2720 3899 ἀλλο

307 3924 398 3978 καὶ
421 3925 580 3994 ἄλλο,
616 3921 877 3978 Christus
900 3920 1128 3995 ignorat
1155 3919 1307 3976 diem
1330 3918 1554 3995 judicii,
1586 3929 1646 3976 et
1664 3920 1925 3977 Christus
1949 3940 2064 3976 non
2112 3921 2340 3996 ignorat
2385 3921 2536 3978 diem
2560 3922 2716 3997 judi·

307 4001 401 4071 cii,
434 4002 571 4077 quia
597 4000 662 4057 fit
691 3998 973 4075 oppositio
1001 3999 1153 4055 inter
1194 4006 1428 4055 naturas
1477 3998 1996 4075 conjunctissimas,
2045 4018 2284 4074 quarum
2327 4019 2441 4057 una
2485 4020 2601 4056 non
2631 4000 2715 4056 in·

311 4080 566 4138 cluditur
594 4081 654 4136 in
682 4086 963 4152 conceptu
991 4077 1245 4134 alterius.
1334 4077 1448 4135 Sed
1475 4077 1592 4134 alia
1618 4078 1764 4135 ratio
1792 4086 1881 4135 est
1914 4078 2384 4153 propositionum,
2417 4099 2545 4155 quae
2574 4079 2721 4137 fiunt

308 4159 380 4217 de
411 4161 499 4231 iis,
533 4180 662 4236 quae
690 4177 806 4215 non
837 4155 1202 4214 distinctione
1235 4156 1388 4229 reali,
1422 4156 1522 4214 sed
1552 4164 1777 4214 tantum
1806 4155 2031 4213 formali
2076 4156 2364 4231 differunt,
2396 4167 2455 4215 et
2482 4178 2610 4234 quae
2641 4158 2722 4217 ita

311 4258 374 4297 se
403 4240 634 4311 habent,
665 4246 732 4297 ut
760 4256 937 4296 unum
969 4234 1372 4294 subordinatur
1393 4235 1574 4307 alteri,
1607 4243 1666 4293 et
1684 4234 2009 4293 includatur
2037 4236 2096 4292 in
2126 4237 2324 4295 altero.
2414 4237 2585 4295 Unde
2605 4257 2720 4294 non

310 4327 502 4394 potest
551 4317 848 4376 commode
900 4314 1032 4389 dici,
1091 4315 1245 4390 quod
1301 4315 1473 4372 homo
1527 4314 1749 4389 aliquid
1796 4314 2022 4389 ignoret
2060 4315 2373 4373 secundum
2417 4336 2542 4374 esse
2598 4316 2719 4373 ani-

311 4398 477 4469 male,
536 4397 691 4474 quod
735 4397 844 4455 scit
872 4394 1185 4454 secundum
1229 4414 1355 4452 esse
1405 4394 1700 4465 rationale,
1731 4393 1866 4469 quia
1892 4398 1947 4451 τὶ
1986 4394 2264 4453 rationale
2319 4396 2633 4453 includitur
2660 4397 2721 4453 in

312 4476 562 4533 animali.

643 4614 672 4625 Ν
913 4553 1025 4611 VI.
1070 4556 1124 4611 3.
1171 4552 1319 4626 Quia
1361 4552 1546 4611 factus
1575 4561 1664 4609 est
1694 4553 1845 4609 nobis
1876 4554 2068 4609 similis
2103 4554 2160 4611 t'n
2182 4553 2443 4626 οιηηίόιιε,
2477 4555 2630 4613 Ileb.
2662 4555 2721 4613 ii.

306 4611 352 4656 3.
383 4613 458 4657 Ex
482 4613 608 4659 Heb.
641 4630 694 4657 ¹¹·
720 4613 791 4658 17·
840 4637 931 4707 1⁷,
983 4642 1213 4708 excepto
1246 4643 1495 4708 peccate,
1544 4651 1668 4708 cap.
1721 4632 1797 4689 iv.
1850 4635 1940 4690 15.
2028 4633 2227 4710 Neque
2276 4634 2369 4692 hic
2400 4634 2724 4711 ignorantia
