3221 5200
539 341 655 398 366
1261 355 1440 397 Locus
1470 356 1729 397 nec-mus
1771 353 2059 403 Quam-us.
2581 331 2838 414 [Quaesr.
2873 355 2956 393 ιχ.

542 496 937 556 Sacerdotium
964 495 1139 554 latius
1166 503 1326 571 patet
1354 496 1652 571 sacrificiO,
1694 516 1825 556 cum
1871 513 2031 554 orare
2054 501 2112 552 et
2137 491 2478 552 benedicere
2522 493 2598 551 ad
2626 492 2774 552 illud
2822 514 2954 570 per·

535 578 750 650 tineat3
801 576 1021 653 Scopus
1055 575 1302 651 Spiritus
1329 576 1526 634 Sancti
1547 596 1664 633 non
1706 576 1815 634 fuit
1857 593 2154 632 recensere
2204 593 2402 631 omnes
2440 581 2604 631 actus
2630 572 2953 632 Sacerdotii

544 655 971 728 Melchisedeci‚
999 655 1101 712 sed
1122 675 1221 712 eos
1244 662 1465 713 tantum
1496 655 1556 712 in
1585 656 1795 732 quibus
1843 653 2158 730 praestabat
2211 651 2619 710 Sacerdotibus
2649 652 2951 727 Leviticis,

536 734 693 811 quod
719 755 834 792 non
862 734 1144 812 potuisset
1171 734 1295 792 fieri
1321 754 1424 812 per
1457 735 1732 793 Sacrificii
1783 734 2078 806 rationem,
2111 732 2267 808 quod
2312 751 2614 789 commune
2657 732 2765 789 fuit
2787 733 2950 808 ipsis‘.

537 814 685 888 Quid
718 814 873 891 quod
897 814 1201 889 mysticum
1224 814 1412 889 potuit
1441 833 1567 872 esse
1590 813 1899 891 Scripturas
1930 812 2222 870 silentium
2271 811 2328 867 in
2350 811 2461 868 hoc
2506 820 2571 869 ut
2598 811 2657 867 in
2700 812 2848 885 aliie,
2884 821 2950 870 ut

535 894 868 952 innueretur
924 893 1213 950 Christum
1257 893 1403 950 nihil
1456 894 1728 951 habuisse
1757 901 1922 951 extra
1971 911 2049 965 se,
2098 910 2213 966 quo
2232 890 2574 948 sacrificium
2631 898 2946 964 notaretur,

533 974 670 1049 quia
698 972 898 1031 debuit
941 991 1066 1029 esse
1114 972 1393 1030 Sacerdos
1436 982 1494 1030 et
1536 973 1808 1031 Victima.
1896 970 2064 1045 Quod
2104 989 2243 1028 vero
2286 969 2518 1027 additur
2559 969 2630 1027 de
2671 971 2948 1028 convivio

535 1072 697 1109 sacro
727 1061 785 1109 et
811 1051 1100 1127 religiose,
1133 1051 1289 1127 quod
1318 1059 1576 1110 secutum
1633 1050 1805 1109 fuerit
1826 1051 1954 1127 ejus
1984 1049 2342 1122 sacrificium,
2366 1058 2432 1106 ut
2448 1049 2607 1124 prius
2637 1048 2945 1107 sacrificati

534 1131 745 1189 suerint
772 1149 968 1205 panes,
989 1149 1161 1206 quam
1186 1130 1520 1188 Abrahamo
1538 1131 1803 1207 appositi,
1835 1149 1992 1187 mera
2010 1137 2097 1187 est
2120 1128 2454 1204 suppositiO,
2488 1129 2655 1204 cujus
2684 1148 2790 1186 nec
2810 1130 2948 1186 vola

532 1230 639 1267 nec
668 1209 980 1284 vestigium
1009 1209 1162 1285 apud
1191 1210 1417 1268 Mosem
1448 1210 1712 1267 occurrit.
1800 1210 1926 1266 Imo
1948 1208 2218 1266 αισῦστατοι
2236 1207 2432 1283 ponit,
2479 1206 2623 1264 Cum
2669 1208 2822 1266 enim
2852 1228 2945 1266 sa-

532 1288 808 1346 crificium
838 1296 982 1346 teste
1024 1288 1294 1345 Bellarm.
1338 1288 1784 1346 destructionem
1826 1288 2027 1346 afferat
2069 1288 2153 1345 rei
2195 1285 2545 1360 sacrificatae,
2591 1287 2642 1344 si
2677 1288 2844 1364 panis
2887 1296 2948 1346 et

533 1368 735 1425 vinum
781 1367 958 1424 semel
1002 1366 1293 1425 destructa
1342 1376 1475 1427 sunt
1503 1369 1563 1425 in
1613 1368 1908 1441 sacrificio,
1957 1366 2245 1442 quomodo
2279 1366 2488 1424 idonea
2528 1375 2771 1442 possunt
2816 1386 2946 1425 esse

534 1467 662 1523 quae
682 1446 755 1503 ab
777 1445 1107 1504 hominibus
1134 1446 1577 1523 participentur;
1625 1447 1909 1522 pecudum
1939 1446 2172 1523 quidem
2196 1464 2327 1503 caro
2355 1444 2543 1522 potuit
2561 1446 2783 1503 comedi
2812 1456 2948 1522 post

532 1524 983 1583 immolationem
1024 1545 1236 1599 earum,
1282 1525 1341 1582 in
1380 1546 1494 1603 qua
1534 1526 1982 1585 destructionem
2025 1525 2130 1600 sui,
2163 1525 2241 1582 id.
2284 1533 2526 1583 mortem
2555 1525 2942 1602 patiebantur.

474 1646 485 1658 .
539 1604 656 1662 Sed
693 1604 843 1662 idem
874 1603 947 1662 de
975 1604 1304 1662 inanimatis
1334 1605 1448 1663 dici
1496 1625 1610 1665 non
1661 1613 1868 1682 potest,
1921 1624 2049 1681 quae
2080 1604 2298 1662 destrui
2342 1622 2458 1660 non
2507 1612 2765 1679 possunt,
2827 1605 2942 1663 nisi

533 1703 710 1760 quum
755 1684 851 1741 vel
896 1683 1143 1741 fiammis
1191 1684 1586 1759 absumuntur,
1649 1685 1747 1742 vel
1808 1682 2194 1759 effunduntur,
2246 1692 2310 1741 ut
2366 1684 2426 1740 in
2471 1683 2659 1741 cibum
2693 1684 2944 1761 amplius

532 1763 742 1840 apponi
772 1783 887 1821 non
909 1764 1149 1839 possint.

616 1843 828 1901 XXV.
877 1842 1195 1902 Sacerdotii
1225 1844 1530 1917 aeternitaS,
1576 1863 1692 1901 non
1735 1842 1908 1901 infert
1942 1842 2134 1900 statim
2163 1841 2602 1918 perpetuitatem
2632 1842 2946 1901 oblationis

532 1922 812 1994 sacrificii,
844 1923 1011 1998 quasi
1038 1923 1283 1981 otiosum
1314 1932 1466 1982 esset
1495 1922 1895 1997 sacerdotium,
1937 1922 1985 1979 si
2029 1921 2371 1980 sacrificium
2410 1921 2682 1979 continuo
2711 1921 2784 1979 ab
2813 1922 2945 1998 ipso

531 2021 647 2059 non
676 2001 962 2060 offeratur.
1052 2001 1168 2059 Sed
1196 2002 1404 2060 sufficit
1441 2011 1506 2060 ut
1540 2001 1880 2060 sacrificium
1921 2002 1996 2059 sit
2037 2010 2375 2077 perpetuum
2409 2001 2630 2058 ratione
2673 2001 2944 2059 efficaciae

532 2089 590 2139 et
631 2081 918 2140 continuae
961 2080 1377 2157 applicationis.
1464 2081 1558 2140 Ita
1603 2079 1957 2139 Sacrificium
2002 2079 2215 2137 Christi
2258 2079 2436 2137 semel
2477 2079 2751 2154 oblatum,
2783 2081 2946 2156 quod

532 2168 665 2219 actu
694 2160 1002 2219 oblationis
1044 2161 1309 2233 cessavit,
1354 2168 1630 2237 perpetuo
1672 2168 1865 2218 tamen
1908 2159 2077 2217 durat
2117 2159 2337 2217 ratione
2379 2158 2612 2217 virtutis
2640 2167 2697 2218 et
2724 2159 2945 2217 valoris

532 2240 747 2314 aeterni,
792 2240 929 2316 quia
970 2241 1206 2316 sanguis
1248 2241 1375 2317 ejus
1417 2250 1505 2299 est
1547 2259 1775 2316 semper
1808 2238 1981 2297 vivus
2009 2246 2067 2297 et
2095 2258 2294 2297 recens
2323 2258 2513 2296 coram
2547 2239 2689 2296 Deo.
2776 2238 2945 2298 Licet

530 2339 671 2395 ergo
717 2319 981 2377 sacrificii
1029 2329 1191 2377 actus
1239 2319 1299 2376 in
1340 2320 1508 2378 terris
1550 2318 1880 2392 cessaverit,
1925 2336 2041 2375 non
2083 2326 2384 2394 propterea
2429 2310 2822 2376 Sacerd‘otium
2854 2326 2946 2376 est

532 2399 797 2472 otiosum,
830 2418 959 2457 cum
993 2398 1274 2457 Sacerdos
1315 2418 1432 2457 non
1474 2399 1809 2457 instituatur
1849 2406 2070 2456 tantum
2114 2396 2190 2454 ad
2231 2396 2601 2469 offerendum,
2635 2397 2738 2455 sed
2765 2397 2942 2455 etiam

531 2478 606 2535 ad
648 2477 1133 2548 intercedendum,
1178 2487 1236 2536 et
1279 2479 1422 2535 alias
1463 2478 1787 2536 functiones
1829 2476 2157 2551 obeundas;
2204 2475 2319 2534 imo
2369 2476 2418 2534 si
2458 2476 2722 2535 Christus
2749 2476 2942 2535 adbuc

531 2566 685 2616 esset
712 2557 771 2614 in
795 2556 978 2630 terris,
1004 2575 1075 2615 ne
1107 2556 1389 2616 Sacerdos
1407 2557 1640 2634 quidem
1663 2565 1832 2630 esset,
1867 2556 2020 2615 Heb.
2051 2555 2172 2614 viii.
2204 2559 2260 2614 4.
2346 2555 2468 2614 Nec
2495 2574 2731 2615 necesse
2759 2565 2849 2615 est
2873 2566 2946 2616 ut

531 2634 814 2694 Sacerdos
860 2636 1070 2694 habeat
1115 2655 1339 2713 semper
1386 2637 1623 2712 aliquid,
1673 2636 1829 2712 quod
1873 2634 2075 2695 offerat
2112 2636 2268 2709 novi,
2315 2635 2470 2694 Heb.
2513 2636 2634 2693 viii.
2679 2639 2734 2710 3,
2766 2635 2946 2694 modo

530 2714 840 2789 aliquando
869 2714 1178 2789 obtulerit;
1223 2724 1287 2773 ut
1330 2715 1671 2773 Sacerdotes
1716 2714 1962 2773 Levitici
2003 2722 2235 2791 peracto
2263 2714 2542 2773 sacrificio
2569 2733 2684 2773 non
2715 2715 2946 2774 desine-

528 2792 670 2850 bant
698 2812 824 2850 esse
853 2793 1232 2868 Sacerdotes;
1278 2794 1394 2852 Vel
1435 2794 1484 2852 si
1525 2793 1742 2852 oblatio
1783 2793 2046 2870 quaedam
2088 2794 2411 2871 requiritur,
2457 2812 2573 2852 non
2600 2804 2689 2853 est
2718 2811 2953 2872 semper

531 2871 795 2930 sacrificii
825 2870 1066 2945 iteratio,
1099 2872 1202 2930 sed
1229 2871 1623 2931 efficacissima
1649 2874 2078 2949 repraesentatio
2106 2893 2209 2950 per
2235 2873 2718 2946 intercessionem,
2751 2874 2829 2932 ad
2855 2875 2948 2932 in·

532 2958 651 3008 star
679 2949 738 3008 S.
771 2949 1116 3025 Sacerdotis,
1149 2952 1247 3028 qui
1275 2960 1506 3028 peracta
1534 2952 1823 3010 oblatione
1852 2952 1911 3009 in
1941 2953 2337 3011 Tabernaculo
2365 2952 2425 3009 in
2455 2952 2668 3012 Sancto
2699 2952 2947 3012 Sancto-

531 3050 657 3088 rum
687 3030 1026 3106 sanguinem
1056 3032 1401 3109 expiationis
1430 3031 1711 3090 inserebat
1739 3031 2154 3090 intercessurus
2181 3052 2285 3109 pro
2314 3032 2545 3109 populo,

612 3110 860 3167 XXVI.
907 3111 1051 3168 Cum
1095 3111 1415 3187 Apostolus
1457 3111 1613 3170 dicat
1656 3111 1946 3169 Christum
1990 3110 2360 3171 Sacerdotem
2402 3130 2528 3169 esse
2571 3111 2630 3168 in
2659 3119 2944 3170 ueternum

530 3188 746 3266 absque
788 3190 908 3248 ulla
949 3190 1239 3250 mentione
1273 3190 1554 3264 sacrificii,
1586 3210 1703 3249 non
1731 3198 1923 3267 potest
1952 3190 2271 3249 Sacerdotii
2301 3190 2590 3249 aeternitas
2618 3191 2677 3247 in
2706 3210 2774 3248 eo
2804 3211 2947 3249 con-

530 3269 749 3342 sistere,
795 3269 897 3327 sed
940 3270 1013 3327 ad
1056 3279 1172 3329 tres
1214 3271 1358 3328 alias
1400 3289 1603 3328 causas
1644 3269 1890 3329 refertur
1929 3268 2002 3326 ab
2047 3269 2370 3345 Apostolo:
2458 3273 2508 3326 1.
2547 3269 2649 3328 Ad
2678 3289 2951 3345 per-some

531 3350 909 3422 (eternitatem,
939 3349 1076 3425 quia
1105 3350 1368 3408 Christus
1395 3359 1460 3407 ut
1490 3349 1677 3407 Filius
1722 3349 1833 3406 Dei
1855 3349 1914 3405 in
1934 3356 2210 3407 aeternum
2238 3349 2404 3422 vivit,
2439 3347 2592 3407 Heb.
2623 3349 2722 3407 vii.
2754 3353 2809 3424 3,
2847 3353 2944 3426 16,

536 3431 628 3484 17.
713 3431 769 3484 2.
803 3427 901 3484 Ad
928 3428 1191 3505 sacrrficii
1208 3429 1463 3486 virtutem
1491 3438 1545 3486 et
1569 3428 1890 3501 efficaciam,
1923 3447 2051 3504 quae
2081 3447 2306 3504 semper
2333 3428 2519 3503 durat,
2552 3437 2609 3486 et
2637 3428 2713 3485 ad
2742 3448 2947 3487 omues

530 3506 923 3580 cujuscunque
952 3506 1224 3580 temporis
1252 3506 1452 3564 fideles
1470 3507 1763 3583 pertingit,
1788 3506 1941 3565 Heb.
1962 3507 2060 3565 vii.
2082 3510 2176 3581 25,
2199 3516 2257 3565 et
2273 3528 2332 3563 x.
2359 3510 2450 3581 10,
2481 3509 2572 3565 19.
2658 3511 2714 3566 3.
2737 3508 2838 3565 Ad
2854 3510 2939 3566 in-

532 3584 874 3718 {eircijessionis
892 3585 1337 3658 perpetuitatem,
1379 3585 1515 3661 quia
1549 3604 1775 3662 semper
1807 3585 1958 3643 vivit
1985 3585 2060 3643 ad
2086 3585 2569 3663 interpellandum
2598 3606 2704 3663 pro
2745 3588 2937 3662 nobis,

596 3682 627 3719 e
673 3706 686 3718 .
718 3661 816 3719 vii.
848 3664 944 3720 25.

613 3740 897 3799 XXVII.
944 3740 1174 3817 Religio
1206 3741 1530 3800 Christiana
1572 3762 1690 3801 non
1733 3751 1925 3820 potest
1967 3763 2095 3803 esse
2140 3744 2263 3803 sine
2305 3744 2582 3803 sacrificio
2611 3745 2804 3821 aliquo
2833 3765 2936 3803 ex·

528 3828 691 3879 terno
721 3829 779 3879 et
807 3820 1041 3895 visibili,
1073 3839 1187 3897 quo
1218 3822 1395 3880 semel
1421 3822 1649 3898 placata
1677 3823 1754 3881 sit
1783 3823 1894 3881 Dei
1922 3823 2023 3898 ira,
2055 3832 2113 3882 et
2139 3831 2438 3901 peccatum
2467 3825 2762 3902 expiatum
2785 3847 2800 3897 ;
2833 3825 2940 3883 sed

527 3901 643 3959 non
680 3920 915 3960 necesse
954 3908 1042 3959 est
1077 3909 1143 3960 ut
1181 3900 1521 3959 sacrificium
1560 3901 1705 3960 illud
1746 3911 2048 3961 externum
2083 3903 2339 3979 quotidie
2374 3901 2681 3979 offeratur3
2729 3903 2942 3963 sufficit

526 3989 592 4039 ut
611 3981 798 4116 ¹{emal
826 3982 1099 4055 oblatum,
1136 3980 1254 4038 vim
1300 3988 1358 4039 et
1402 3980 1711 4039 efficaciam
1756 3990 2027 4040 aeternam
2056 3982 2281 4057 habeat,
2313 3983 2466 4059 quod
2497 3983 2555 4040 in
2587 3982 2800 4041 Christi
2831 3982 2936 4041 Sa·

527 4060 609 4118 eri
653 4060 741 4118 cio
771 4061 1035 4119 occurrit.

610 4139 929 4197 XXVIII.
977 4139 1175 4198 Sicubi
1203 4139 1358 4217 apud
1388 4140 1707 4217 Prophetas
1736 4139 2078 4197 Sacerdotes
2115 4148 2174 4198 et
2208 4140 2430 4199 Levitae
2459 4140 2730 4200 dicuntur
2757 4140 2940 4200 futuri

527 4217 635 4276 sub
667 4219 834 4276 Novo
864 4219 1250 4294 Testamento,
1281 4220 1376 4277 vel
1406 4219 1651 4277 refertur
1678 4218 1751 4276 ad
1781 4218 2163 4277 sacerdotium
2193 4220 2489 4295 spirituale
2519 4227 2578 4278 et
2604 4220 2935 4297 mysticum,

529 4297 685 4373 quod
715 4317 1015 4355 commune
1054 4306 1142 4355 est
1170 4298 1436 4357 omnibus
1472 4298 1759 4371 fidelibus,
1795 4317 1898 4375 per
1925 4297 2082 4374 quod
2109 4298 2245 4356 facti
2279 4299 2675 4359 Sacerdotium
2702 4299 2938 4375 regium

529 4374 742 4435 debent
779 4375 980 4434 offerre
1017 4376 1236 4434 hostias
1276 4377 1601 4454 spirituales
1641 4385 1836 4454 gratas
1879 4377 2006 4435 Deo
2042 4397 2145 4454 per
2179 4377 2488 4451 Christum,
2536 4382 2564 4435 1
2614 4378 2738 4436 Pet.
2774 4377 2834 4436 ii.
2875 4381 2934 4453 5,

528 4454 697 4511 Rom.
729 4456 830 4512 xii.
866 4458 914 4528 1,
951 4455 1102 4513 Heb.
1132 4456 1257 4513 xiii.
1294 4459 1384 4530 15,
1416 4475 1530 4532 quo
1561 4475 1749 4527 sensu,
1785 4456 1898 4514 Isa.
1922 4456 2025 4514 lxi.
2058 4459 2111 4530 6,
2144 4455 2369 4532 dicitur,
2402 4460 2627 4516 Fideles
2654 4460 2938 4515 vomdos

526 4553 641 4591 esse
666 4537 982 4592 sacerdotes
1018 4544 1072 4592 et
1109 4535 1404 4593 Ministros
1445 4536 1564 4593 Dei
1581 4559 1604 4606 ,·
1648 4536 1760 4594 Vel
1801 4535 2145 4612 intelligitur
2183 4537 2571 4596 Ministerium
2615 4537 2936 4614 Evangeli-

527 4631 675 4684 cum,
707 4613 861 4688 quod
890 4613 1084 4689 phrasi
1124 4612 1297 4689 legali
1341 4614 1697 4690 exprimitur,
1743 4623 1976 4692 propter
2002 4615 2299 4692 utriusque
2327 4617 2670 4694 analogiam,
2702 4615 2843 4692 quia
2869 4624 2940 4676 ut
