3221 5200
255 343 633 422 Q15,1-·.s'r.xu.]
1123 361 1197 399 m:
1245 357 1574 398 VOCATumE
1620 357 1691 394 &r
1737 356 1890 394 rius.
2540 343 2655 401 509

261 507 351 578 16,
412 507 506 577 32,
553 505 648 577 33,
703 498 830 573 δια,
898 500 1047 576 Eph.
1092 500 1129 558 i.
1175 502 1230 575 3,
1277 503 1331 574 4,
1393 501 1447 574 5,
1492 502 1528 556 2
1562 498 1692 556 Cor.
1725 517 1781 554 v.
1818 500 1867 569 1,
1936 497 2057 555 Col.
2090 497 2125 555 i.
2159 501 2213 572 5,
2265 503 2292 556 1
2331 500 2453 559 Pet.
2505 501 2542 560 i.
2601 505 2657 570 2,

258 588 285 641 1
335 585 463 642 Cor.
510 583 566 639 ii.
631 586 720 653 12,
784 584 811 637 1
859 580 997 639 Joh.
1041 579 1122 637 iii.
1168 584 1223 638 2.
1331 580 1450 636 Nec
1506 579 1600 635 hic
1654 576 2061 634 recurrendum
2120 578 2193 637 ad
2248 581 2657 639 revelationem

252 664 539 738 quandam
571 660 876 738 specialem
898 670 956 718 et
984 659 1512 731 extraordinariam,
1544 677 1674 733 quae
1717 656 2077 733 quorundam
2120 659 2210 732 sit,
2242 680 2357 717 non
2388 662 2662 720 omnium.

255 744 403 818 Quia
450 742 745 818 persuasio
803 739 912 797 ista
967 760 1082 796 non
1133 739 1334 797 nititur
1388 737 1509 795 ullo
1551 737 1860 812 privilegio
1903 745 2187 796 certorum
2230 739 2506 813 fidelium,
2561 741 2662 798 scd

252 823 464 900 pendet
487 843 560 880 ex
584 819 970 878 fundamentis
994 820 1376 894 generalibus,
1410 827 1467 874 et
1490 816 1757 874 omnibus
1778 816 2046 873 fidelibus
2074 820 2490 894 communibuS,
2525 828 2665 897 puta

255 924 289 960 a
309 902 569 959 Foederis
589 911 856 973 natura,a
886 899 1099 955 Christi
1121 899 1309 955 Morte
1333 908 1391 954 ct
1413 896 1870 967 Resurrectione‚
1896 916 1931 953 a
1963 896 2070 952 Dei
2098 898 2421 973 Fidelitate,
2448 908 2506 958 et
2535 901 2662 958 sim.

256 1022 299 1067 4.
327 1023 371 1067 Α
397 1021 721 1065 Sacramentis
860 977 978 1034 IX.
1023 981 1079 1035 4.
1112 977 1260 1051 Quia
1306 977 1692 1048 Sacramenta,
1737 994 1865 1050 quae
1917 985 2051 1033 sunt
2096 977 2289 1054 sigilla
2337 980 2665 1055 promissio·

725 1051 736 1063 '
779 1077 934 1129 num,
956 1056 1358 1133 particularem
1377 1055 1545 1113 istam
1564 1054 2009 1130 applicationem
2032 1056 2359 1133 important,
2384 1068 2669 1134 quatenus

258 1140 318 1198 in
374 1160 504 1197 eum
553 1137 726 1195 finem
782 1137 1046 1195 instituta
1102 1145 1251 1209 sunt,
1317 1145 1382 1193 ut
1437 1133 1847 1210 promissiones
1902 1136 2200 1211 generales
2256 1145 2314 1196 et
2356 1139 2669 1197 indefinita}

259 1219 619 1296 applicentur
647 1225 705 1274 et
733 1217 1111 1292 obsignentur
1157 1214 1454 1291 sigillatim
1498 1212 1704 1288 cuique
1746 1212 1922 1271 fideli.
2014 1216 2181 1274 Unde
2225 1219 2429 1274 nonin
2459 1239 2667 1294 genere

261 1307 484 1356 tantum
513 1305 924 1373 proponuntur,
957 1295 1146 1353 sedin
1177 1294 1364 1371 specie
1421 1292 1554 1349 huic
1601 1301 1659 1349 et
1709 1292 1791 1348 illi
1825 1292 2140 1369 individue,
2188 1297 2285 1371 qui
2332 1298 2687 1373 supponitur

262 1379 472 1436 habere
529 1377 718 1449 fidem,
764 1375 1236 1433 administrantur
1277 1383 1335 1431 et
1403 1380 1817 1448 proponuntur.
1949 1375 2090 1447 Quae
2139 1384 2331 1432 autem
2381 1387 2469 1435 est
2523 1379 2669 1434 ratio

268 1459 781 1528 Sacramentorum,
815 1455 1014 1512 eadem
1045 1455 1217 1512 debet
1245 1473 1368 1510 esse
1413 1452 1875 1528 promissionum.
1964 1454 2084 1512 Nec
2122 1456 2294 1530 juvat
2322 1455 2510 1514 dicere
2542 1477 2673 1514 cum

266 1537 617 1595 Bellarmino
652 1537 1019 1594 Sacramenta
1047 1555 1173 1592 esse
1205 1533 1370 1608 signa
1400 1531 1601 1589 salutis
1632 1531 1972 1606 infallibilia,
2006 1554 2118 1590 non
2143 1535 2421 1609 absolute,
2455 1536 2556 1594 sed
2600 1557 2673 1593 ex

266 1629 424 1693 parte
456 1617 561 1688 sui,
615 1617 660 1673 si
691 1616 863 1672 homo
892 1635 1007 1671 non
1052 1623 1229 1690 ponat
1258 1612 1497 1670 obicem.
1604 1611 1753 1684 Quia
1782 1620 1844 1668 ut
1885 1613 2007 1688 jam
2038 1614 2272 1684 dictum,
2324 1616 2552 1690 agimus
2582 1616 2675 1673 hic

268 1697 338 1754 de
382 1716 520 1752 vero
550 1696 722 1766 fideli,
754 1715 869 1751 non
908 1694 979 1751 de
1024 1693 1344 1770 hypocrita,
1392 1691 1491 1767 qui
1536 1691 1699 1765 ponit
1742 1691 1982 1765 obicem,
2015 1703 2072 1749 et
2115 1693 2205 1750 cui
2242 1695 2672 1751 Sacramentum

273 1776 401 1832 ideo
433 1775 575 1832 nihil
605 1775 890 1849 obsignat.

516 1911 525 1921 ,
655 1910 664 1921 ,
885 1853 969 1909 X.
1015 1855 1069 1909 5.
1116 1852 1263 1925 Quia
1317 1849 1415 1926 qui
1446 1848 1736 1924 obsignati
1768 1858 1902 1909 sunt
1956 1851 2173 1927 Spiritu
2215 1852 2444 1924 Sancte,
2478 1861 2536 1909 et
2578 1853 2677 1927 qui

268 1908 762 2024 &Abszlivffitggxsauonu
804 1931 1180 1988 arrhabonem
1210 1928 1563 1987 haereditatis
1592 1938 1952 2004 acceperunt,
1984 1939 2226 2006 possunt
2254 1930 2363 1987 sibi
2393 1932 2680 2006 applicare

795 2010 1231 2087 promissiones;
1262 2008 1397 2085 quia
1419 2027 1588 2065 nemo
1620 2007 1959 2088 signatur'z‘in
1984 2030 2143 2086 spem
2174 2009 2545 2084 indefinitam,
2578 2011 2680 2068 sed

271 2100 492 2150 tantum
543 2091 642 2147 ille
673 2090 766 2148 cui
793 2088 1157 2165 peculiariter
1209 2087 1530 2164 applicatur
1572 2087 1894 2162 promissio,
1999 2089 2268 2147 Arrhabo
2325 2098 2515 2147 autem
2564 2110 2681 2148 non

274 2172 442 2228 datur
470 2170 674 2238 solum,
718 2179 782 2226 ut
811 2170 942 2243 quis
965 2168 1109 2226 sciat
1157 2186 1494 2243 promlssam
1526 2185 1653 2222 esse
1683 2167 1950 2226 omnibus
1998 2178 2057 2227 et
2084 2169 2243 2226 nullo
2273 2169 2499 2227 delectu
2530 2171 2681 2227 salu-

273 2260 388 2308 tem
419 2248 618 2325 paucis
641 2249 1040 2321 obventuram‚
1076 2247 1177 2303 sed
1205 2257 1269 2304 ut
1297 2246 1449 2303 norit
1467 2264 1537 2302 ·sc
1580 2245 1732 2302 inter
1760 2265 1959 2305 omnes
2010 2256 2068 2306 et
2096 2269 2170 2306 ex
2200 2249 2466 2305 omnibus
2495 2249 2681 2307 delec-

276 2340 415 2402 tum,
448 2328 540 2386 cui
570 2336 725 2385 certa
754 2327 916 2385 fieret
961 2327 1281 2402 promissi0.
1366 2325 1452 2381 At
1500 2325 1610 2381 hoe
1668 2326 1881 2400 passim
1911 2326 1981 2385 de
2025 2327 2292 2386 fidelibus
2323 2328 2682 2404 praedicatur,

278 2414 313 2467 2
347 2411 476 2466 Cor.
519 2408 554 2465 i.
587 2411 682 2480 21,
727 2407 822 2479 22,
859 2407 1006 2482 Eph.
1051 2407 1087 2463 i.
1125 2410 1214 2478 13,
1241 2413 1298 2464 et
1329 2405 1406 2462 iv.
1432 2407 1527 2479 30,
1563 2404 1732 2462 Rom.
1763 2405 1884 2462 viii.
1921 2410 2011 2465 16.

360 2489 478 2546 XI.
565 2489 619 2545 6.
653 2487 801 2561 Quia
831 2487 1007 2544 Fides
1027 2485 1352 2562 justificans
1404 2484 1526 2541 sine
1578 2483 1814 2558 speciali
1844 2486 2235 2545 misericordia
2279 2508 2395 2545 non
2433 2487 2688 2547 differret

277 2590 312 2627 a
340 2568 452 2627 fide
485 2569 827 2625 Daemonum
871 2574 929 2625 et
987 2566 1404 2643 Reproborum,
1453 2563 1665 2642 quibus
1693 2565 1899 2625 notitia
1948 2575 2005 2626 et
2050 2587 2319 2627 assensus
2365 2578 2688 2646 competere

275 2657 534 2727 possunt,
569 2648 671 2706 sed
699 2668 814 2705 non
843 2647 1056 2705 fiducia
1083 2647 1140 2704 in
1163 2644 1642 2723 promissionibus
1671 2644 1902 2705 divinis.

361 2729 515 2785 XII.
563 2728 727 2786 Licet
775 2727 1078 2803 promissio
1109 2726 1373 2804 specialis
1415 2724 1821 2783 misericordias
1850 2737 2112 2804 respectu
2163 2729 2520 2805 singulorum
2550 2729 2689 2788 fide-

278 2809 422 2866 lium
445 2809 502 2865 in
526 2807 855 2884 particulari
879 2827 994 2864 non
1023 2808 1381 2865 contineatur
1399 2824 1670 2880 expresse
1690 2814 1748 2863 et
1768 2808 2038 2883 explicite
2070 2809 2127 2865 in
2152 2810 2347 2867 Verbo
2372 2832 2385 2883 ;
2418 2810 2694 2886 implicite

282 2897 472 2945 tamen
502 2896 560 2944 et
589 2908 690 2963 per
716 2887 1098 2944 necessariam
1143 2885 1610 2961 consequentiam
1643 2884 1776 2941 inde
1826 2884 2146 2946 deducitur.
2234 2890 2379 2945 Nam
2404 2889 2502 2965 qui
2533 2888 2691 2962 dicit,

285 2966 558 3042 Quisquis
608 2966 790 3023 credit
834 2965 1176 3035 servabitur,
1209 2965 1350 3021 dicit
1394 2964 1566 3020 etiam
1600 2963 1833 3020 Petrum
1881 2975 1939 3023 et
1982 2968 2311 3024 «Iohannem
2369 2968 2696 3025 credentem

283 3053 572 3103 servatum
604 3044 690 3100 iri.
761 3044 845 3101 Ut
873 3045 930 3099 in
963 3044 1119 3117 Lege
1150 3044 1257 3100 sub
1286 3041 1584 3117 praeceptis
1620 3043 1985 3114 generalibus
2014 3046 2285 3119 specialia
2312 3047 2697 3121 continentur,

284 3133 342 3182 et
370 3122 524 3199 quod
555 3123 612 3178 in
657 3141 864 3197 genere
915 3121 1182 3178 omnibus
1213 3120 1586 3190 interdicitur,
1620 3120 1792 3176 etiam
1822 3120 1880 3176 in
1912 3123 2099 3196 specie
2130 3124 2375 3199 singulis
2424 3126 2699 3202 applicari

286 3203 495 3274 debet;
558 3202 650 3259 Ita
688 3200 844 3277 quod
894 3200 1162 3257 omnibus
1192 3200 1250 3255 in
1301 3199 1494 3273 aliquo
1541 3216 1753 3271 genere
1804 3201 2170 3274 promittitur,
2202 3211 2392 3278 potest
2442 3213 2499 3261 et
2527 3204 2699 3262 debet

285 3282 558 3358 applicari
590 3280 834 3356 singulis
863 3280 970 3337 sub
994 3280 1093 3336 illo
1123 3298 1332 3355 genere
1362 3275 1667 3333 contentis,
1754 3277 1977 3336 Rursus
1999 3282 2481 3355 quemadmodum
2505 3284 2697 3341 Chris-

287 3370 381 3419 tus
427 3360 602 3418 variis
651 3361 709 3418 in
760 3359 1090 3436 particulari
1136 3356 1543 3435 promissiones
1592 3356 1921 3432 applicavit,
1953 3369 2018 3417 nt
2050 3360 2394 3436 ParalyticO,
2442 3362 2696 3438 Latroni,

293 3441 638 3513 Peccatrici3
690 3440 780 3497 Ita
823 3440 1053 3497 easdem
1084 3438 1380 3515 speciatim
1429 3434 1681 3511 applicat
1722 3437 2089 3498 credentibus
2122 3441 2368 3517 Spiritus
2401 3442 2479 3518 S„
2531 3443 2698 3501 Rom.

291 3521 410 3579 viii.
446 3524 535 3595 16,
582 3530 640 3578 et
691 3520 941 3577 Ministri
994 3518 1319 3595 Evangelii,
1367 3515 1506 3575 Joh.
1558 3535 1660 3574 xx.
1693 3519 1788 3592 23,
1833 3518 1933 3595 qni
1966 3519 2281 3597 Legatione
2317 3542 2421 3598 pro
2472 3523 2700 3581 Christo

291 3602 626 3677 funguntur,
659 3604 693 3656 2
728 3600 856 3658 Cor.
902 3620 958 3657 v,
991 3602 1086 3657 20.

375 3680 564 3737 XIII.
611 3678 778 3751 Quod
811 3679 1148 3755 ApostoluS,
1203 3678 1355 3736 Heb.
1408 3675 1488 3732 xi.
1526 3678 1576 3747 1,
1608 3677 1749 3738 dicit
1791 3679 1962 3737 fidem
2006 3701 2131 3739 esse
2181 3684 2704 3741 demonstrationem

293 3760 658 3830 invisibilium,
686 3759 888 3833 probat
911 3759 1144 3833 quidem
1174 3758 1231 3813 in
1262 3758 1375 3815 fide
1406 3755 1615 3829 requiri
1647 3759 1911 3816 notitiam
1940 3770 1997 3817 et
2024 3761 2245 3817 firmam
2275 3763 2702 3837 persuasionem

294 3837 555 3894 veritatis
584 3856 790 3908 rerum,
824 3856 952 3911 quse
982 3846 1379 3912 proponuntur
1401 3834 1737 3908 credendae3
1788 3837 1902 3894 Sed
1932 3858 2043 3895 non
2074 3848 2250 3914 negat
2277 3838 2544 3896 fiduciam
2576 3860 2701 3916 spe-

295 3916 457 3973 cialis
487 3914 891 3971 misericordiae
922 3915 996 3971 ad
1024 3934 1150 3971 eam
1178 3916 1461 3990 pertinere
1486 3934 1500 3986 3
1548 3917 1676 3972 Imo
1707 3916 1815 3973 hoe
1845 3917 2114 3992 supponit
2155 3917 2494 3990 necessarie,
2527 3938 2704 3995 quum

295 4015 420 4053 eam
451 3993 593 4051 dicit
621 4012 745 4050 esse
788 4001 1032 4047 brzenm
1067 4002 1153 4046 τῦ,
1188 4002 1495 4060 tangquam».
1542 3994 1710 4067 Quod
1740 3994 1902 4052 addit
1930 4015 2048 4052 ver.
2080 3998 2134 4068 3,
2176 3995 2247 4054 de
2293 3997 2499 4054 Mundi
2548 4017 2702 4055 crea-

295 4075 467 4147 tione,
514 4081 571 4130 et
619 4072 788 4129 Arcae
835 4072 1210 4143 extructionc,
1244 4072 1445 4128 eodem
1478 4082 1718 4149 spectat.
1781 4073 1926 4129 Nam
1958 4081 2021 4131 ut
2053 4075 2394 4152 Redemptio
2452 4077 2702 4135 Creatio-

296 4175 447 4227 nem,
501 4153 582 4210 sic
626 4152 782 4209 illius
827 4151 1031 4208 notitia
1071 4151 1246 4226 hujus
1291 4151 1679 4223 cognitionem
1730 4153 2016 4228 supponit,
2083 4161 2148 4212 ut
2193 4154 2339 4213 fides
2381 4156 2708 4232 justificans

296 4233 647 4292 historicam.
736 4231 824 4288 De
856 4229 1092 4288 Noacho
1122 4236 1312 4287 autem
1335 4229 1543 4287 falsum
1572 4240 1677 4305 est,
1709 4230 1865 4306 quod
1893 4232 1950 4289 in
1974 4235 2333 4292 extructione
2362 4235 2534 4293 Arcae
2564 4236 2709 4293 nihil

297 4312 617 4388 respexerit
644 4311 753 4368 nisi
784 4308 1131 4368 horrendum
1165 4308 1276 4367 Dei
1298 4308 1582 4385 judicium
1614 4311 1674 4367 in
1703 4310 1949 4369 delendo
1979 4332 2187 4387 genere
2216 4315 2483 4388 human0,
2517 4314 2588 4372 de
2618 4315 2709 4373 sui

299 4400 490 4448 autem
521 4400 579 4449 et
626 4410 858 4448 suorum
903 4388 1241 4447 liberatione
1292 4408 1365 4446 ex
1409 4390 1645 4466 speciali
1668 4390 2056 4449 misericordia
2083 4393 2228 4450 nihil
2257 4394 2561 4470 cogitarit;
2592 4396 2707 4453 imo

299 4489 415 4526 non
459 4469 573 4526 alia
616 4469 688 4527 de
730 4489 903 4528 causa
952 4469 1167 4527 Arcam
1218 4469 1493 4541 extruxit,
1541 4489 1715 4546 quam
1782 4479 1846 4528 ut
1901 4471 2009 4529 sibi
2058 4472 2290 4548 suisque
2339 4474 2709 4550 prospiceret.

303 4549 490 4622 Quum
536 4566 692 4621 vere,
723 4568 843 4606 ver.
875 4551 929 4621 6,
955 4548 1247 4624 objectum
1274 4548 1410 4605 fidei
1450 4547 1662 4607 dicitur
1689 4569 1813 4608 esse
1843 4551 2073 4610 credere
2106 4552 2293 4610 Deum
2323 4573 2466 4628 esse,
2498 4561 2556 4612 et
2583 4573 2710 4613 esse

301 4634 784 4685 remuneratorem
814 4627 1000 4704 ipsum
1030 4627 1437 4703 quaerentibus,
1469 4637 1627 4704 patet
1655 4629 1770 4688 duo
1789 4631 2111 4689 necessario
2130 4632 2422 4709 conjungi,
2447 4634 2710 4693 notitiam
