3221 5200
322 366 549 416 Qcffisr.
582 346 694 426 vn]
1235 364 1313 402 m:
1345 364 1592 404 roennns
1624 365 1886 405 onum.
2619 349 2731 406 183

320 509 572 566 humano
600 506 775 566 fuisse
818 505 1181 584 pertendunt,
1211 516 1277 565 ut
1315 506 1476 565 nulla
1515 526 1681 584 gens,
1713 507 1828 564 imo
1857 524 1963 565 nec
2003 525 2248 584 persona
2277 507 2368 581 sit,
2399 527 2528 584 quae
2557 508 2631 565 ab
2660 526 2730 564 eo

321 588 561 646 exclusa
602 587 718 645 dici
754 586 979 645 debeat.
1066 587 1344 646 Corvinus
1384 596 1584 645 contra
1626 587 1812 645 Tilen.
1856 606 1906 645 c.
1942 586 2024 644 iii.
2076 589 2113 619 ‘⁶
2136 586 2357 645 Gentes
2399 588 2507 646 sub
2549 587 2627 644 V.
2656 587 2724 644 Τ.

319 667 604 743 viventes,
629 667 766 725 licet
793 666 935 744 ipsis
958 666 1068 724 ista
1095 666 1333 740 ratione,
1357 686 1475 742 qua
1493 667 1536 725 J
1539 666 1739 741 udaeis,
1766 666 1954 724 foedus
1975 685 2092 724 non
2119 666 2228 725 fuit
2248 667 2583 740 revelatum,
2610 685 2726 724 non

319 755 513 806 tamen
554 746 793 824 proinde
835 766 912 804 ex
953 745 1166 804 foedere
1207 746 1470 804 absolute
1512 746 1766 804 exclusae
1800 744 2053 824 judicari
2088 746 2319 822 debent,
2358 767 2487 824 quae
2529 746 2724 823 aliquo

318 827 524 885 saltem
551 827 724 885 modo
751 833 1037 885 vocantur
1063 834 1127 884 ut
1158 826 1347 884 Deum
1376 835 1672 901 quaerant:
1714 826 1830 885 imo
1858 844 1998 884 vero
2039 825 2182 902 ipsis
2210 846 2372 902 seque
2400 846 2467 885 ac
2495 827 2537 885 J
2542 826 2724 885 udaeis

316 907 637 983 spiritualia
664 906 817 964 dona
844 905 1077 963 foederis
1103 904 1331 963 fuerant
1358 905 1639 981 exposita,
1672 905 1720 962 si
1754 906 1927 964 modo
1955 905 2314 964 conditiones
2342 905 2576 964 foederis
2616 906 2722 964 im-

316 986 557 1063 plerent,
589 994 654 1045 ut
676 1005 800 1044 sese
823 985 898 1042 ad
929 985 1116 1043 Deum
1142 985 1376 1043 Israelis
1398 987 1856 1044 converterent.''
1929 986 2007 1044 Et
2034 994 2252 1063 postea,
2280 989 2315 1019 ‘⁴
2338 986 2504 1044 Licet
2524 986 2722 1044 multus

316 1066 579 1124 nationes
608 1064 897 1123 ordinario
926 1064 1237 1141 Evangelii
1276 1064 1564 1141 praeconio
1598 1064 2002 1140 destituantur,
2033 1074 2092 1124 et
2121 1065 2568 1124 destituerentur
2594 1066 2720 1142 qui·

316 1144 447 1203 dem
476 1145 776 1203 voluntate
806 1144 935 1219 Dei,
965 1144 1112 1202 tales
1139 1153 1331 1202 tamen
1365 1163 1400 1201 a
1440 1144 1630 1220 gratia
1671 1145 1797 1221 ipsa
1827 1145 2135 1220 Evangelii
2163 1164 2279 1203 non
2309 1155 2444 1203 sunt
2484 1145 2722 1222 praecise

315 1225 628 1298 exclusae,'’
660 1223 768 1282 Sec.
854 1225 933 1282 Et
960 1232 1159 1282 contra
1201 1223 1455 1297 Molinae,
1496 1244 1547 1282 c.
1578 1224 1786 1282 xxviii.
1821 1226 1857 1256 ‘⁶
1881 1224 2052 1283 Ultro
2093 1224 2387 1301 largimur,
2432 1225 2719 1283 neminem

311 1304 505 1380 quoad
534 1324 595 1362 se
624 1303 781 1362 nasci
809 1303 1072 1362 absolute
1100 1303 1351 1362 alienum
1379 1323 1414 1361 a
1440 1302 1716 1362 foedere.''

488 1450 499 1461 ·
666 1449 677 1460 .
918 1383 1037 1441 111.
1074 1382 1175 1440 Ad
1201 1402 1348 1459 quos
1374 1383 1469 1440 hic
1497 1384 1796 1460 accedunt,
1829 1403 1943 1442 non
1965 1385 2138 1443 modo
2162 1384 2495 1459 Lutherani,
2528 1384 2630 1443 sed
2658 1392 2717 1442 et

330 1449 399 1495 Et
418 1449 777 1552 maog-:aluta-
832 1482 906 1521 ex
954 1463 1185 1537 nostris,
1235 1462 1336 1539 qui
1385 1463 1648 1522 Gratiam
1700 1464 2104 1523 Universalem
2147 1465 2370 1523 volunt.
2457 1467 2713 1524 Testard.

835 1542 1009 1600 Ireni.
1040 1543 1148 1600 Th.
1184 1545 1315 1617 112,
1349 1544 1385 1575 ‘⁶
1410 1542 1628 1602 Foedus
1668 1543 1873 1618 illud,”
1905 1545 2108 1620 inquit,
2149 1546 2184 1577 ‘⁴
2206 1545 2452 1622 primum
2494 1545 2717 1622 pepigit

317 1622 478 1681 Deus
522 1630 655 1700 post
697 1621 755 1680 la
797 1642 924 1680 sum
964 1642 1095 1681 cum
1127 1622 1373 1696 Adamo,
1418 1623 1480 1681 in
1506 1642 1690 1698 eoque
1732 1643 1862 1682 cum
1891 1624 2164 1682 universo
2194 1625 2422 1683 Genere
2463 1625 2716 1683 humano

311 1702 700 1778 propagandO,
747 1643 956 1760 deinde
999 1710 1132 1778 post
1179 1701 1462 1761 diluvium
1512 1722 1643 1760 cum
1695 1703 1947 1778 Noacho,
1998 1712 2057 1761 et
2105 1703 2166 1760 in
2213 1723 2282 1761 eo
2331 1724 2461 1761 cum
2510 1704 2712 1762 eodem

312 1782 540 1840 Genere
567 1783 819 1840 humano
846 1781 1201 1840 restituendo
1228 1782 1548 1857 renovavit,
1578 1801 1718 1840 mox
1746 1783 1940 1840 sinens
1969 1790 2173 1858 gentes
2195 1782 2489 1841 ambulare
2518 1784 2578 1840 in
2600 1783 2713 1841 viis

308 1861 447 1934 suis,
473 1881 603 1920 cum
626 1861 963 1919 Abrahamo
984 1869 1042 1919 et
1062 1862 1189 1938 ejus
1217 1860 1436 1918 familia
1457 1880 1641 1936 usque
1671 1861 1745 1919 ad
1769 1861 1985 1920 Christi
2011 1880 2272 1938 regnum,
2296 1881 2411 1937 quo
2433 1871 2708 1940 tempore,

309 1941 538 2000 sublato
565 1941 764 2000 Judaei
805 1949 864 1999 et
906 1941 1097 1999 Graeci
1141 1940 1488 2012 discrimine,
1533 1941 1704 1998 tertio
1732 1960 1863 1999 cum
1892 1941 2164 1999 universo
2206 1959 2417 2016 genere
2457 1942 2710 2000 humano

308 2021 619 2080 restituit.'’
707 2020 849 2078 Ideo
876 2020 985 2078 Th.
1030 2019 1111 2078 iii.
1154 2020 1381 2078 dixerat
1424 2020 1672 2078 “Deum
1713 2040 1820 2079 nec
1861 2020 2039 2078 ullam
2082 2028 2332 2096 gentem,
2377 2040 2484 2080 nec
2525 2022 2705 2080 ullum

306 2099 538 2175 quidem
566 2099 856 2158 hominem
886 2100 1104 2158 celasse
1132 2099 1365 2157 omnino
1393 2099 1638 2176 gratiam
1666 2100 1803 2157 novi
1847 2099 2138 2158 foederis.''
2223 2100 2301 2157 Et
2328 2099 2389 2158 in
2418 2101 2706 2176 sequenti-

305 2178 414 2236 bus
456 2179 634 2255 addit,
676 2180 785 2237 Th.
820 2181 951 2237 113.
1035 2179 1180 2237 'Ptes
1221 2198 1348 2237 esse
1390 2179 1732 2237 Vocationis
1761 2180 1998 2255 species,
2053 2179 2305 2237 Primam
2351 2182 2561 2239 realem
2605 2201 2707 2258 per

305 2256 511 2335 Opera,
543 2259 616 2318 de
654 2278 786 2336 qua,
820 2259 974 2316 Psal.
1003 2259 1128 2316 xix.
1163 2261 1213 2331 l,
1246 2267 1306 2316 et
1343 2258 1553 2315 Matth.
1584 2278 1644 2315 v.
1673 2261 1770 2330 45,
1802 2267 1862 2316 et
1889 2258 2025 2316 Aet.
2056 2259 2176 2316 xiv.
2212 2261 2304 2332 17,
2335 2267 2394 2317 et
2421 2260 2566 2318 xvii.
2595 2264 2702 2333 263

308 2338 632 2397 Secundam
686 2339 963 2396 verbalem
1017 2357 1119 2413 per
1161 2336 1582 2413 Evangelium3
1635 2336 1889 2395 Tertiam
1931 2339 2209 2396 internam
2253 2358 2356 2415 per
2407 2339 2702 2415 Spiritum.

305 2417 435 2475 Non
478 2419 646 2478 aliter
684 2419 984 2493 Amyrald.
1031 2416 1195 2493 Disp.
1237 2416 1310 2475 de
1358 2415 1544 2475 tribus
1588 2416 1949 2491 Foederibus,
1995 2417 2078 2475 th.
2120 2420 2215 2491 34,
2267 2417 2562 2477 “Amoris
2606 2429 2706 2478 aut

302 2498 709 2557 misericordiae
738 2496 970 2574 gradus,
1000 2514 1115 2572 quo
1147 2496 1307 2554 Deus
1336 2494 1605 2554 inductus
1628 2504 1733 2570 est,
1765 2504 1830 2554 ut
1858 2496 1972 2555 tale
2001 2495 2190 2554 foedus
2217 2517 2348 2555 cum
2377 2498 2706 2557 hominibus

299 2579 697 2653 peccatoribus
722 2577 1124 2655 pacisceretur,
1157 2595 1256 2635 eos
1277 2594 1477 2635 omnes
1505 2595 1579 2635 ex
1609 2595 1775 2653 aequo
1804 2585 2042 2653 spectat.
2127 2576 2500 2654 Consequens
2529 2579 2707 2655 igitur

300 2666 404 2731 est,
438 2668 502 2717 ut
529 2679 658 2718 cum
688 2657 954 2716 omnibus
981 2656 1311 2714 hominibus
1339 2664 1568 2733 pactum
1597 2676 1726 2715 esse
1755 2657 2112 2715 censeatur.''

384 2738 493 2797 IV.
538 2739 686 2813 Quia
712 2758 852 2796 vero
881 2736 1069 2795 foedus
1095 2735 1252 2794 istud
1280 2736 1631 2794 considerari
1659 2744 1849 2813 potest
1874 2736 2156 2809 bifariam,
2188 2737 2284 2795 vel
2313 2737 2532 2797 ratione
2560 2758 2702 2813 pro-

298 2818 654 2893 mulqationis
682 2838 784 2877 seu
811 2816 1118 2875 oblationis
1140 2824 1393 2873 externae
1424 2816 1481 2872 in
1505 2816 1702 2891 qratia
1724 2817 2000 2890 objectiva,
2023 2816 2122 2874 vel
2152 2817 2370 2875 ratione
2393 2818 2703 2876 collationis

300 2914 403 2953 seu
441 2897 785 2972 receptionis
828 2897 1064 2955 internae
1106 2896 1165 2951 in
1203 2896 1399 2970 qratia
1425 2896 1722 2969 subjectiva
1739 2920 1762 2966 ,·
1807 2895 1963 2954 Hinc
2004 2896 2087 2970 fit,
2130 2904 2197 2954 ut
2236 2897 2472 2972 quidam
2514 2898 2703 2956 foedus

300 2973 459 3032 istud
485 2974 809 3033 universale
839 2982 1093 3031 statuant
1117 2974 1338 3030 ratione
1377 2974 1692 3047 utriusque,
1739 2983 2023 3048 quatenus
2067 2976 2415 3052 pertendunt
2457 2977 2700 3051 gratiam

300 3051 648 3126 objectivam
678 3061 736 3109 et
764 3051 1142 3126 subjectivam
1173 3051 1547 3108 sufficientem
1576 3051 1700 3107 dari
1729 3052 1995 3109 omnibus
2016 3062 2075 3109 et
2103 3053 2365 3127 singulis,
2397 3064 2463 3111 ut
2484 3057 2703 3113 servari

300 3130 526 3207 possint
554 3130 601 3187 si
629 3130 829 3200 velint,
859 3136 926 3185 ut
966 3128 1257 3184 Sociniani
1284 3136 1344 3184 et
1372 3129 1864 3200 Remonstrantes,
1895 3138 1954 3186 et
1990 3130 2088 3186 alii
2130 3131 2231 3204 qui
2273 3130 2701 3205 Pelagianismo

300 3208 589 3283 militant3
634 3208 733 3265 alii
781 3226 919 3264 vero
949 3206 1440 3264 universalitatem
1483 3204 1716 3262 foederis
1756 3206 2074 3264 extendant
2101 3216 2322 3265 tantum
2353 3209 2428 3265 ad
2455 3211 2698 3284 gratiam

298 3287 667 3365 objectivam,
699 3305 815 3344 non
834 3305 974 3344 vero
997 3284 1410 3362 subjectivam;
1455 3282 1657 3359 quales
1686 3292 1820 3342 sunt
1846 3284 1932 3341 illi
1960 3303 2035 3342 ex
2063 3286 2292 3360 nostris,
2316 3287 2414 3362 qui
2438 3288 2699 3347 Gratiam

294 3368 679 3428 universalem
708 3365 1149 3443 amplectuntur.

295 3482 552 3529 Sententia
576 3497 785 3527 commu·
907 3445 984 3503 V.
1032 3445 1148 3503 Sed
1175 3445 1289 3503 alia
1317 3454 1405 3504 est
1433 3445 1754 3505 communis
1782 3455 1841 3505 et
1876 3457 2104 3525 recepta
2138 3447 2290 3525 apud
2336 3448 2698 3510 Reformatos

350 3543 429 3585 nis
482 3541 786 3587 Reformato-
827 3525 1127 3599 sententia,
1159 3525 1260 3601 qui
1290 3525 1552 3584 Foederis
1579 3546 1697 3583 non
1725 3527 1915 3585 minus
1935 3546 2003 3585 ac
2026 3528 2244 3586 Gratiae
2273 3530 2541 3588 salutaris
2568 3550 2695 3607 par-

353 3614 475 3645 ¹'¹¹¹¹¹·
823 3605 1229 3663 ticularitatem
1258 3613 1529 3680 tuentur3
1578 3606 1677 3678 Ut,
1703 3605 1839 3664 licet
1868 3608 2135 3684 generale
2165 3609 2347 3686 possit
2374 3609 2507 3684 dici,
2539 3611 2696 3687 quod

294 3684 369 3742 ad
395 3685 591 3762 plures
618 3683 966 3759 extenditur,
998 3685 1248 3743 maxime
1277 3684 1385 3743 sub
1415 3686 1584 3743 Novo
1614 3686 2000 3761 TestamentO,
2034 3687 2261 3746 sublato
2290 3690 2549 3765 gentium
2578 3691 2695 3749 dis-

293 3764 548 3838 crimine,
587 3784 882 3841 nunquam
915 3772 1110 3823 tamen
1145 3764 1472 3823 universale
1515 3763 1688 3823 fuerit
1729 3785 1859 3824 cum
1902 3766 2170 3824 omnibus
2198 3777 2257 3826 et
2285 3769 2547 3846 singulis,
2593 3770 2697 3828 sed

294 3844 639 3920 particulare
687 3852 913 3902 tantum
961 3863 1093 3903 cum
1143 3843 1364 3902 Electis
1402 3844 1558 3902 veris
1608 3845 1824 3903 Christi
1873 3846 2172 3904 Membris.
2259 3847 2476 3905 Foedus
2525 3868 2695 3923 porro

293 3922 452 3981 istud
488 3923 749 3981 bifariam
792 3923 1038 4000 spectari
1079 3942 1249 4000 posse
1292 3930 1547 3998 censent,
1576 3924 1675 3981 vel
1716 3924 2032 3982 secundum
2075 3926 2365 3982 essentiam
2398 3927 2693 3999 internam,

293 4002 389 4060 vel
418 4002 608 4079 quoad
638 4013 930 4061 externam
958 4002 1437 4078 dispensationem.
1525 4002 1684 4060 Illud
1710 4004 2001 4061 vocationi
2042 4004 2298 4078 internae,
2330 4013 2389 4061 et
2419 4005 2695 4063 Ecclesiae

294 4081 572 4140 invisibili
623 4083 971 4156 Electorum,
1022 4102 1152 4158 quae
1198 4101 1303 4158 per
1349 4102 1475 4140 eam
1525 4082 1910 4156 constituitur,
1957 4081 2283 4158 respondet.
2378 4084 2509 4141 Hoc
2556 4103 2696 4143 vero

293 4162 584 4220 vocationi
632 4170 888 4220 externae
933 4169 992 4219 et
1033 4161 1311 4220 Ecclesiae
1353 4161 1572 4220 visibili
1614 4160 1987 4218 Vocatorum.
2074 4161 2388 4219 Posteriori
2432 4172 2696 4238 respectu

291 4239 480 4299 foedus
508 4241 826 4301 attenditur
851 4248 1077 4299 tantum
1106 4241 1299 4317 quoad
1333 4240 1843 4317 promulqationem
1870 4248 1928 4298 et
1955 4240 2302 4314 oblationem,
2333 4261 2462 4317 quae
2491 4241 2557 4299 fit
2594 4262 2696 4318 per

292 4321 653 4379 vocationem
696 4330 1011 4394 externam,
1058 4329 1116 4379 et
1156 4321 1349 4397 quoad
1389 4320 1954 4393 beneficia‘externa,
1985 4339 2115 4396 quae
2152 4339 2227 4377 ex
2265 4320 2367 4378 illa
2404 4320 2694 4380 oblatione

290 4397 493 4473 fluunt,
526 4401 586 4458 in
615 4400 1021 4478 praedicatione
1050 4400 1250 4475 Verbi,
1282 4399 1776 4458 administratione
1810 4399 2324 4474 Sacramentorum,
2356 4408 2415 4458 et
2442 4420 2694 4459 commu-

292 4477 463 4537 nione
497 4480 819 4553 Sacrorum,
850 4500 1095 4556 quorum
1124 4480 1433 4557 participes
1460 4479 1623 4551 fiunt,
1656 4486 1939 4555 quotquot
1980 4479 2041 4536 in
2067 4478 2281 4556 populo
2309 4480 2406 4537 vel
2435 4480 2699 4540 Ecclesia

292 4558 534 4616 eandem
575 4560 991 4636 professionem
1019 4560 1300 4634 retinent3
1348 4560 1426 4617 Et
1468 4559 1549 4617 ita
1577 4557 1653 4615 ad
1693 4559 1906 4617 multos
1933 4559 2105 4617 etiam
2135 4559 2406 4636 reprobos
2434 4561 2695 4619 extendi-

291 4644 402 4711 tur,
437 4638 539 4713 qui
583 4638 641 4695 in
686 4640 951 4698 Ecclesia
977 4639 1196 4698 visibili
1236 4648 1487 4697 manent.
1575 4638 1762 4696 Priori
1789 4658 1927 4697 vero
1969 4638 2210 4697 ulterius
2250 4639 2582 4698 extenditur
2623 4642 2697 4699 ad
