3221 5200
276 325 494 375 QuAEs'r.
527 303 659 384 xv.]
1025 321 1101 358 m:
1133 321 1393 360 reason
1429 321 1500 358 m*
1534 321 1722 360 s'rxru
1753 321 2005 359 cuais‘rr.
2575 306 2693 361 313

278 466 570 526 damnatio
601 464 685 521 illi
714 462 889 521 tribui
919 470 1109 539 potest
1127 465 1156 519 1>
1199 464 1254 520 3.
1289 461 1491 519 Patres
1519 469 1577 518 et
1606 481 1721 518 non
1751 460 1918 536 pauci
1947 481 2022 518 ex
2053 459 2423 518 Adversariis
2452 461 2533 519 ita
2563 471 2697 520 sunt

278 549 476 619 locuti,
511 545 782 620 Cyprian.
814 543 885 600 de
914 542 1184 619 passione
1214 541 1443 615 Christi,
1479 543 1515 572 “
1539 541 1845 598 damnatus
1868 550 1972 614 est,
1997 550 2062 599 ut
2085 541 2353 599 liberaret
2375 540 2695 616 damnatos,

280 627 466 685 doluit
493 633 560 682 ut
605 633 832 681 sanaret
881 623 1155 694 infirmOS,
1187 621 1378 679 timuit
1408 630 1472 678 ut
1500 621 1713 678 faceret
1752 639 1984 678 securos
2004 622 2060 693 ;'’
2107 621 2285 695 Greg.
2320 621 2459 679 Naz.
2492 641 2609 679 ora.
2641 627 2698 680 2.

281 706 354 764 de
387 705 555 778 Filio,
605 709 639 736 ‘⁶
662 703 851 760 univit
899 701 959 758 id
1007 701 1162 778 quod
1211 700 1655 758 condemnatum
1685 709 1822 773 erat,
1855 711 1919 758 ut
1948 708 2131 757 totum
2162 720 2196 756 a
2225 699 2703 759 condemnatione

280 786 552 843 liberaret
571 785 625 857 ;''
660 783 943 840 Athanas.
968 780 1039 838 de
1072 781 1298 838 Incarn.
1346 783 1381 812 ‘⁶
1402 780 1561 856 Opus
1589 789 1712 837 erat
1733 779 1834 836 illo
1865 780 1988 854 ipso
2017 779 2059 837 J
2064 779 2246 852 udice,
2278 779 2378 855 qui
2408 780 2701 838 decretum

283 866 513 939 tulerat,
544 871 608 921 ut
637 863 758 939 ipse
803 862 1146 920 sententiam
1175 861 1426 918 solveret
1454 861 1514 916 in
1544 859 1734 936 specie
1754 858 2119 916 condemnati
2150 859 2204 932 ;''
2233 859 2447 933 Grego.
2483 861 2565 917 M.
2596 861 2700 919 lib.

284 945 366 1002 iii.
401 945 585 1001 Mora.
617 943 677 999 in
694 941 834 1000 Job.
859 961 982 1016 cap.
1019 943 1109 1013 11,
1158 943 1193 972 “
1221 941 1488 997 Formam
1517 939 1775 997 damnati
1803 939 2051 996 hominis
2094 939 2395 1013 sumpsit,''
2428 946 2486 997 et
2518 943 2552 971 ‘⁶
2572 960 2702 998 eum

286 1025 387 1101 qui
430 1024 552 1081 sine
585 1031 823 1099 peccato
870 1030 957 1078 est
1002 1040 1105 1097 pro
1155 1019 1553 1096 peccatoribus
1604 1018 1897 1076 damnat.'’
1945 1017 2137 1075 Biblia
2182 1018 2440 1094 Vulgata
2488 1019 2704 1078 habent

286 1124 488 1162 vocem
519 1100 921 1174 damnationis,
979 1111 1039 1157 et
1071 1099 1456 1157 Lovaniensia
1482 1117 1617 1155 ann.
1673 1100 1846 1156 1533.
1893 1097 2155 1155 Cusanus
2176 1098 2276 1155 lib.
2308 1097 2388 1156 xi.
2446 1099 2702 1157 Exercit.

287 1203 405 1242 non
433 1183 599 1240 aliter
628 1181 902 1257 loquitur.

1187 1416 1619 1491 'QUAESTIO
1678 1416 1822 1474 xv.

933 1595 1010 1634 DE
1053 1595 1351 1635 DESCENSU
1393 1595 1629 1634 CHRISTI
1674 1594 1755 1633 AD
1798 1593 2062 1632 mrssnos.

294 1742 387 1798 An
430 1741 639 1797 Anima
671 1737 896 1811 Christi,
927 1737 1115 1794 statim
1152 1746 1288 1812 post
1309 1735 1725 1810 separationem
1751 1735 1842 1792 sui
1857 1755 1895 1790 a
1928 1734 2200 1809 Corpore,
2234 1739 2511 1793 wanslata
2524 1738 2711 1809 suerit

377 1821 433 1878 in
461 1819 807 1877 Paradisum
827 1819 855 1874 ¹?
896 1819 989 1874 An
1017 1837 1149 1874 vero
1180 1816 1433 1873 localiter
1460 1815 1805 1872 descenderit
1824 1815 1908 1871 ad
1931 1815 2156 1888 Inseros
2177 1816 2205 1871 ⁴?
2237 1814 2404 1872 Prius
2436 1816 2663 1874 Affirm.
2690 1839 2705 1891 ;

378 1900 600 1958 Poster.
632 1899 779 1974 Neg.
807 1919 820 1971 ;
851 1905 1051 1955 contra
1080 1895 1293 1953 Pontis.
1317 1903 1375 1952 et
1405 1894 1643 1952 Luther.

382 2057 432 2117 Ι.
477 2057 732 2132 Quaestio
763 2056 834 2113 de
859 2056 1158 2114 Descensu
1182 2053 1394 2111 Christi
1416 2053 1490 2110 ad
1520 2051 1746 2111 Inferos
1768 2051 1986 2128 duplex
2017 2061 2105 2110 est
2137 2075 2150 2110 ε
2183 2052 2321 2110 Alia
2350 2072 2479 2109 cum
2513 2053 2709 2111 Ponti·

298 2137 446 2196 ficiis
475 2146 533 2195 et
563 2135 907 2196 Lutheranis
936 2133 1246 2207 nonnullis,
1278 2133 1377 2210 qui
1407 2133 1747 2190 descensum
1776 2131 2019 2189 localem
2050 2131 2263 2189 Christi
2292 2142 2526 2208 urgent;
2574 2133 2713 2191 Alia

301 2217 450 2274 inter
491 2217 648 2292 ipsos
677 2213 1045 2274 Orthodoxos
1087 2212 1159 2270 de
1202 2233 1341 2270 vero
1384 2232 1556 2270 sensu
1604 2212 1772 2269 istius
1817 2211 2083 2284 Articuli,
2130 2211 2230 2268 An
2271 2212 2345 2268 ad
2387 2212 2714 2288 spirituales
2764 2217 2773 2237 '

306 2296 520 2354 Christi
547 2313 794 2370 angores
822 2292 1155 2351 referendus
1185 2292 1276 2366 sit,
1309 2292 1407 2348 An
1436 2290 1511 2349 ad
1540 2292 1912 2367 sepulturam,
1944 2300 2002 2348 et
2037 2300 2248 2348 statum
2284 2293 2412 2368 ejus
2441 2292 2711 2368 abjectis-

305 2375 513 2434 simum
558 2374 666 2432 sub
708 2372 962 2431 dominio
1003 2371 1248 2430 mortis?
1293 2372 1382 2429 De
1423 2371 1533 2429 hac
1575 2372 1799 2429 dicetur
1839 2370 2118 2446 proxime,
2153 2371 2319 2428 Nune
2341 2372 2525 2448 prima
2547 2372 2714 2430 nobis

306 2454 669 2513 excutienda.

310 2553 487 2599 status
615 2553 785 2604 Quoes-
910 2531 993 2590 ΙΙ.
1040 2531 1329 2589 Pontificii
1369 2532 1716 2609 pertendunt
1766 2530 1979 2589 Christi
2008 2529 2273 2603 animam,
2306 2551 2379 2588 ex
2409 2550 2523 2608 quo
2553 2551 2714 2610 sepa-

473 2615 637 2658 tionis.
833 2622 958 2670 rata
999 2612 1107 2670 fuit
1148 2632 1183 2668 a
1224 2632 1475 2689 corpore,
1508 2612 1664 2669 illico
1707 2610 2073 2669 descendisse
2116 2611 2374 2669 localiter
2402 2611 2474 2669 ad
2505 2612 2716 2671 inferos

305 2711 487 2769 usque
503 2692 577 2750 ad
597 2693 1086 2750 resurrectionem.
1115 2691 1185 2748 In
1197 2692 1429 2750 Catech.
1450 2692 1708 2750 Trident.
1723 2691 2069 2749 credendum
2091 2691 2717 2767 proponitur,“Christo

300 2772 426 2849 jam
471 2781 712 2845 mortu0,
762 2773 887 2849 ejus
936 2773 1187 2829 animam
1216 2771 1290 2829 ad
1319 2771 1529 2829 inferos
1572 2770 1956 2845 descendisse,
1987 2771 2182 2846 ibique
2212 2771 2430 2828 tamdiu
2460 2771 2713 2847 haesisse,

308 2852 582 2926 quamdiu
624 2851 883 2927 ejusdem
916 2853 1136 2927 Corpus
1177 2852 1239 2907 in
1282 2851 1583 2927 sepulchro
1626 2850 1787 2909 fuit.’'
1874 2851 1951 2908 Et
1978 2870 2049 2907 ne
2079 2851 2188 2908 hoc
2219 2850 2574 2925 intelligatur
2602 2851 2716 2909 sac·

310 2938 432 2986 tum
460 2931 661 2987 virtute
702 2938 926 2988 tantum
955 2942 1013 2988 et
1030 2931 1303 3004 potentia,
1335 2950 1451 2987 non
1480 2949 1619 2987 vero
1647 2930 1897 3003 essentia,
1920 2937 1984 2986 ut
2015 2929 2326 2987 Durandus
2356 2931 2595 3003 censuit,
2617 2930 2717 2987 ad·

311 3007 467 3065 ditur
508 3008 740 3081 ibidem,
776 3011 810 3039 ‘⁴
830 3009 1078 3067 Omnino
1121 3007 1469 3066 credendum
1499 3028 1625 3065 esse
1654 3008 1837 3083 ipsam
1868 3008 2115 3064 animam
2146 3028 2206 3065 re
2229 3017 2286 3065 et
2313 3010 2619 3084 praesentia
2646 3009 2720 3066 ad

314 3086 528 3144 inferos
571 3085 997 3143 descendisse.’'
1090 3086 1229 3142 Ideo
1271 3095 1462 3143 autem
1505 3086 1872 3142 descendisse
1913 3105 1983 3143 eo
2011 3086 2232 3159 volunt,
2265 3097 2329 3144 ut
2357 3084 2577 3145 animas
2609 3089 2719 3145 Pa·

313 3173 466 3224 trum
496 3166 631 3222 Vet.
662 3163 820 3222 Test.
851 3165 910 3222 in
939 3164 1118 3221 limbo
1139 3163 1401 3222 detentas
1428 3164 1715 3235 liberaret,
1748 3165 1882 3220 etin
1904 3163 2111 3221 coelum
2136 3183 2329 3221 secum
2352 3165 2639 3224 eveheret.

396 3245 518 3303 ΙΙΙ.
563 3243 875 3301 Lutherani
906 3243 982 3301 ad
1003 3263 1102 3300 eos
1129 3242 1426 3317 accedunt,
1458 3242 1795 3299 descensum
1827 3241 2260 3299 substantialem
2285 3243 2497 3300 Christi
2519 3244 2592 3301 ad
2624 3244 2720 3301 In·

314 3323 465 3382 feros
507 3323 832 3399 asserendO,
865 3344 979 3381 non
1023 3331 1244 3380 tantum
1274 3322 1332 3379 in
1361 3321 1620 3395 limbum,
1653 3320 1754 3379 sed
1782 3322 1840 3378 in
1870 3320 2058 3397 ipsum
2088 3321 2276 3379 locum
2306 3321 2721 3397 damnatorum,

315 3414 380 3462 ut
421 3404 503 3462 ibi
547 3404 844 3469 victoriam
876 3422 1037 3460 suam
1061 3410 1390 3476 ostentaret,
1422 3410 1480 3460 et
1506 3400 1857 3476 triumphum
1888 3400 2219 3459 exhiberet:
2263 3411 2434 3477 atque
2464 3402 2593 3461 ideo
2623 3424 2724 3461 vo-

315 3484 444 3542 lunt
485 3483 559 3541 ad
602 3490 813 3540 statum
856 3482 1224 3540 exaltationis
1263 3481 1651 3540 referendum-
1669 3500 1811 3553 esse,
1862 3500 1978 3537 non
2033 3501 2171 3538 vcro
2200 3481 2275 3538 ad
2324 3490 2535 3540 statum
2582 3484 2723 3541 Exi·

316 3563 646 3637 nanitioniS,
678 3572 744 3620 ut
773 3563 1212 3619 Brochmannus
1242 3562 1457 3633 statuit,
1495 3562 1647 3619 Sect.
1683 3564 1773 3617 14.
1807 3560 2021 3633 Quaest.
2054 3564 2088 3618 6
2119 3571 2177 3618 et
2206 3565 2238 3618 7
2247 3606 2260 3619 .

401 3642 510 3701 IV.
557 3643 714 3699 Hinc
745 3643 1000 3716 Quaestio
1042 3651 1210 3700 nata:
1256 3642 1355 3698 An
1385 3642 1647 3699 Christus
1690 3640 1948 3699 localiter
1989 3641 2064 3699 ad
2092 3641 2303 3699 inferos
2346 3640 2723 3717 descenderit,

320 3723 443 3781 sive
486 3722 560 3779 ad
603 3723 788 3779 solum
821 3722 1089 3779 Limbum
1123 3722 1373 3794 Patrum,
1415 3729 1474 3778 et
1507 3720 1907 3797 Purgatorium
1950 3721 2024 3778 ad
2067 3722 2286 3779 animas
2318 3721 2548 3778 Piorum
2594 3723 2727 3780 inde

321 3800 664 3876 educendaS,
697 3802 819 3858 sive
849 3801 924 3859 ad
954 3803 1140 3877 ipsum
1169 3802 1567 3858 damnatorum
1595 3800 1786 3857 locum
1816 3800 1889 3857 ad
1919 3800 2217 3858 victoriam
2248 3820 2407 3858 suam
2437 3811 2725 3859 ostentan-

321 3880 455 3938 dam
476 3883 504 3938 Ρ
547 3879 712 3953 Quod
741 3880 958 3939 vellent
984 3881 1336 3953 Adversarii,
1363 3881 1484 3937 Nos
1512 3900 1810 3955 negamus.

406 3960 481 4017 V.
528 3960 739 4031 Prim0,
773 3960 920 4033 Quia
941 3960 1130 4017 anima
1150 3959 1363 4018 Christi
1391 3959 1584 4017 statim
1602 3968 1735 4034 post
1764 3958 2107 4017 solutionem
2136 3977 2169 4015 a
2192 3977 2427 4034 corpore
2456 3958 2729 4033 migravit

325 4040 386 4097 in
427 4039 775 4116 paradisum,
801 4040 975 4115 juxta
1002 4039 1436 4114 promissionem
1465 4038 1675 4095 latroni
1705 4037 1929 4110 factam,
1964 4038 2104 4094 Luc.
2136 4038 2300 4093 xxiii.
2333 4038 2428 4109 43,
2478 4038 2727 4097 “Hodie

326 4140 553 4178 mecum
583 4119 697 4177 eris
722 4119 780 4175 in
810 4118 1134 4195 paradis0.''
1210 4119 1448 4175 Frustra
1495 4121 1546 4175 1.
1574 4117 1915 4174 Adversarii
1936 4116 2114 4174 verba
2142 4116 2388 4191 intelligi
2413 4115 2629 4176 vellent
2657 4117 2728 4176 de

325 4201 553 4257 Deitate
595 4208 826 4272 tantum,
872 4217 1001 4256 cum
1044 4217 1159 4275 qua
1198 4198 1437 4255 latronis
1479 4197 1669 4254 anima
1712 4196 1911 4253 debuit
1968 4215 2092 4253 esse
2133 4195 2191 4252 in
2221 4195 2487 4270 paradiso
2521 4218 2533 4253 :
2586 4197 2731 4270 Quia

327 4279 720 4337 futuritionem
743 4279 802 4335 in
830 4277 1114 4355 paradi50‚
1147 4298 1245 4335 seu
1264 4275 1698 4335 translationem
1720 4295 1834 4331 non
1865 4284 2083 4332 tantum
2115 4275 2317 4331 animae
2347 4275 2603 4348 latroniS,
2630 4277 2731 4334 sed

329 4367 388 4416 et
417 4358 630 4417 Christi
672 4358 996 4432 involvunt,
1043 4365 1107 4415 ut
1149 4357 1297 4415 sicut
1327 4356 1590 4413 Christus
1634 4363 1693 4411 et
1733 4353 1880 4411 latro
1923 4374 2055 4410 vere
2098 4355 2268 4429 passi,
2314 4354 2395 4412 ita
2436 4374 2551 4411 una
2589 4376 2728 4432 quo·

330 4455 442 4512 que
485 4446 676 4496 essent
716 4436 1098 4498 transferendi
1139 4436 1199 4493 in
1235 4435 1463 4508 coelum,
1495 4444 1559 4492 ut
1588 4442 1831 4508 utraque
1862 4432 2113 4490 conditio
2156 4434 2382 4510 utrique
2414 4436 2732 4493 communis

331 4525 503 4573 esset.
587 4519 784 4594 Atque
826 4519 907 4575 ita
947 4516 1330 4575 consolatoria
1371 4524 1522 4587 sunt,
1554 4534 1670 4570 non
1698 4512 1869 4570 modo
1887 4512 1944 4570 in
1975 4512 2173 4570 ordine
2202 4513 2276 4570 ad
2303 4514 2600 4587 latronem,
2633 4516 2735 4573 sed

332 4605 390 4652 et
432 4594 506 4652 ad
537 4596 846 4653 Dominum
892 4596 1095 4672 ipsum,
1128 4595 1246 4653 fore
1280 4603 1342 4653 ut
1369 4594 1534 4652 brevi
1563 4592 1837 4650 emersuri
1869 4592 1982 4650 sint
2012 4592 2179 4649 ambo
2209 4613 2280 4650 ex
2311 4593 2403 4651 his
2431 4595 2732 4669 augustiis„
