3221 5200
553 277 670 332 540
1336 285 1519 327 Locus
1560 282 1822 325 nscmus
1864 282 2132 332 Qumrus
2547 265 2847 348 [quaes-r,
2895 290 3031 330 1v1,

555 432 745 491 trariae
774 427 1096 496 videantur,
1126 434 1368 505 possunt
1396 426 1697 484 veritatem
1729 443 1891 482 suam
1921 424 2095 482 simul
2135 423 2424 484 obtinere:
2470 424 2895 504 Impossibile
2950 439 3035 489 est

558 522 623 569 ut
647 508 841 567 David
859 509 1092 583 electus,
1115 517 1172 566 et
1191 508 1281 564 vir
1308 505 1624 565 secundum
1647 524 1745 562 cor
1767 503 1896 571 Dei,
1917 511 2117 579 pereat
2140 526 2154 579 ς
2188 503 2560 580 Impossibile
2594 516 2700 566 est
2723 520 2805 567 ut
2829 511 3038 568 David

559 590 785 648 adulter
813 597 871 647 et
910 588 1216 662 homicida,
1269 588 1317 644 si
1363 605 1517 644 mors
1565 584 1731 640 illum
1780 583 2129 659 oppresserit
2155 583 2643 659 impoenitentem,
2701 600 3036 648 servetur:

563 669 720 727 Illud
763 669 982 726 ratione
1031 667 1264 725 Decreti
1314 665 1461 740 Dei;
1527 664 1661 721 Hoc
1698 662 1918 720 ratione
1964 663 2268 738 gravitatis
2314 673 2373 721 et
2422 664 2712 724 demeriti
2772 671 3038 745 peceati.

565 749 681 807 Sed
708 749 924 806 nodum
953 749 1104 805 hunc
1135 746 1335 803 divina
1363 743 1739 802 Providentia
1766 751 1825 800 et
1853 743 2041 819 gratia
2062 742 2252 817 solvit,
2278 744 2534 801 curando
2559 765 2641 803 ne
2679 747 2910 806 David
2946 749 3035 806 vel

560 829 622 887 ul
645 849 713 887 us
764 828 1096 885 Electorum
1140 825 1199 881 in
1248 845 1317 882 eo
1367 832 1520 882 statu
1565 822 1858 898 moriatur,
1890 824 1950 879 in
1979 841 2095 898 quo
2143 831 2376 899 propter
2425 822 2964 899 impoenitentiam
3003 849 3035 884 a

562 927 627 967 sa
650 916 747 966 ute
776 903 1172 965 excludendus
1201 913 1371 963 esset.

644 986 887 1043 XLIII.
937 985 999 1041 Si
1027 1004 1166 1041 vero
1195 983 1484 1059 quaeritur,
1508 981 1810 1056 Quomodo
1837 979 1982 1039 fides
2011 1000 2142 1038 cum
2170 982 2458 1039 atrocibus
2486 982 2626 1041 istis
2649 988 2949 1060 peccatis
2976 988 3029 1043 in

562 1066 720 1123 fideli
750 1064 1059 1122 subsistere
1094 1072 1300 1140 queat;
1346 1062 1513 1120 facile
1543 1060 1956 1137 respondetur:
2042 1060 2343 1134 Quomodo
2373 1064 2672 1120 contraria
2705 1066 2779 1122 in
2816 1068 3029 1124 eodem

564 1145 825 1219 subjecto
854 1162 1082 1201 manere
1112 1151 1369 1218 possunt,
1403 1141 1506 1199 sed
1527 1141 1586 1197 in
1616 1140 1800 1216 gradu
1828 1140 2084 1198 remisso,
2173 1140 2256 1197 Ut
2286 1140 2431 1197 Caro
2460 1150 2519 1198 et
2553 1141 2843 1218 Spiritus
2892 1147 3029 1203 licet

562 1224 713 1280 inter
741 1242 801 1280 se
831 1241 1053 1298 semper
1080 1229 1357 1299 pugnent,
1401 1240 1517 1277 non
1558 1229 1751 1278 tamen
1780 1239 1842 1277 se
1870 1219 2159 1295 expellere
2201 1220 2430 1297 penitus
2458 1234 2742 1298 possunt,
2783 1225 2941 1282 dum
2972 1227 3025 1282 in

560 1303 669 1359 hac
699 1301 1043 1359 mortalitate
1072 1303 1363 1377 vivimus3
1411 1301 1488 1358 Et
1516 1309 1581 1357 ut
1616 1299 1862 1375 Spiritus
1892 1299 2028 1356 dum
2071 1299 2347 1374 praevalet
2390 1300 2449 1355 in
2498 1300 2687 1375 lucta,
2722 1303 3021 1380 deprimit

561 1381 794 1458 quidem
825 1400 1070 1455 carnem,
1117 1380 1220 1438 sed
1262 1400 1378 1437 non
1419 1380 1649 1454 penitus
1691 1378 1953 1453 perimit3
2012 1378 2106 1435 Ita
2129 1377 2264 1436 dum
2297 1379 2444 1436 Caro
2473 1383 2876 1458 concupiscit
2920 1385 3016 1441 ad-

562 1480 767 1518 versus
801 1460 1075 1536 Spiritum
1105 1468 1162 1518 et
1189 1459 1480 1517 hominem
1509 1457 1802 1534 captivum
1816 1457 2052 1515 abducit
2068 1457 2175 1515 sub
2202 1457 2417 1532 Legem
2446 1462 2699 1534 peccati,
2737 1465 3018 1539 reprimit

563 1541 686 1597 vim
720 1540 981 1616 SpirituS,
1015 1539 1116 1597 sed
1153 1558 1268 1596 non
1313 1538 1446 1595 ilico
1497 1536 1740 1594 destruit
1785 1545 1844 1593 et
1891 1537 2130 1594 excutit.
2215 1537 2404 1594 Actus
2433 1538 2679 1613 quidem
2712 1544 3021 1616 peccami-

565 1621 694 1678 nosi
721 1640 837 1677 non
859 1628 1100 1695 possunt
1122 1618 1433 1676 subsistere
1452 1636 1580 1674 cum
1603 1615 1827 1673 actibus
1846 1616 2090 1692 justitiae
2113 1615 2409 1693 oppositiS,
2434 1637 2491 1674 v.
2524 1638 2602 1694 g.,
2632 1630 2823 1679 actus
2854 1622 3020 1680 adul-

564 1700 711 1774 terii,
744 1719 874 1757 cum
903 1707 1035 1756 actu
1063 1698 1359 1772 castitatiS,
1392 1705 1555 1755 actus
1583 1694 2001 1752 incredulitatis
2019 1714 2149 1752 cum
2171 1705 2303 1753 actu
2323 1696 2476 1770 fidei,
2508 1706 2682 1756 actus
2714 1700 2854 1758 odii
2885 1721 3015 1760 cum

564 1790 696 1839 actu
724 1780 968 1853 amoris;
1015 1778 1117 1835 sed
1144 1797 1260 1835 non
1290 1784 1530 1852 possunt
1558 1783 1750 1832 tamen
1793 1774 2052 1833 habitum
2097 1775 2288 1852 ipsum
2337 1786 2630 1834 excutere.
2727 1779 2837 1838 Ita
2868 1781 3013 1838 nihil

565 1860 758 1917 obstat
784 1858 958 1916 fidem
987 1866 1045 1915 et
1073 1858 1407 1915 charitatem
1458 1873 1690 1911 manere
1736 1855 1797 1910 in
1839 1854 2070 1911 homine
2111 1863 2402 1931 peccante,
2436 1855 2539 1914 sed
2569 1859 2781 1933 quoad
2814 1871 3013 1918 aetum

566 1940 830 2016 primum,
861 1957 977 1995 non
1009 1935 1340 2009 secundum,
1373 1932 1564 2011 quoad
1593 1952 1805 2007 semen,
1828 1953 1945 1991 non
1966 1934 2157 2010 quoad
2185 1933 2452 2009 fructum,
2477 1937 2676 2012 quoad
2707 1938 3009 2012 habitum,

568 2018 670 2077 sed
700 2019 1070 2094 languentem
1095 2026 1153 2075 et
1180 2015 1561 2086 imminutum,
1591 2032 1709 2070 non
1738 2013 1929 2088 quoad
1957 2014 2082 2089 ejus
2103 2014 2444 2072 exercitium
2473 2024 2531 2072 et
2560 2019 2972 2092 operationes,

651 2098 884 2155 XLIV.
932 2098 1052 2154 Nec
1082 2096 1189 2153 hac
1218 2095 1455 2167 ratione,
1486 2101 1550 2152 ut
1579 2092 1925 2151 cavillantur
1954 2093 2311 2168 Adversarii,
2343 2093 2476 2152 idea
2501 2095 2800 2155 virtutum
2834 2100 3010 2175 plane

568 2178 965 2253 corrumpitur,
997 2176 1134 2252 quia
1160 2175 1430 2232 dicuntur
1457 2171 1769 2230 subsistere
1787 2192 1918 2230 cum
1941 2173 2230 2231 atrocibus
2272 2174 2540 2250 peccatiS,
2566 2185 2631 2233 ut
2654 2175 2878 2236 fideles
2908 2179 3009 2236 de·

568 2259 742 2316 beant
760 2256 872 2314 dici
892 2264 1124 2332 propter
1140 2252 1681 2311 inamissibilitatem
1703 2251 1855 2325 fidei,
1870 2253 2040 2311 etiam
2060 2252 2159 2328 qui
2186 2253 2248 2309 in
2266 2252 2665 2312 infidelitatem
2687 2256 3004 2332 labuntur3

562 2337 708 2413 justi
738 2345 796 2394 et
824 2335 1024 2408 sancti,
1055 2335 1155 2409 qui
1185 2333 1360 2391 variis
1389 2331 1687 2409 injustitiae
1736 2340 1795 2390 et
1822 2332 2167 2408 impuritatis
2196 2333 2462 2392 sordibus
2512 2353 2637 2392 sese
2680 2337 3003 2412 polluunt;

566 2416 726 2489 casti,
759 2415 859 2491 qui
907 2422 1042 2472 sunt
1085 2413 1348 2487 adulteri,
1380 2410 1487 2470 Sto.
1573 2411 1723 2485 Quia
1778 2431 1908 2470 cum
1953 2411 2068 2469 duo
2112 2412 2391 2489 principia
2435 2413 2495 2470 in
2544 2415 2788 2474 homine
2840 2416 3003 2475 fideli

570 2515 795 2569 semper
816 2495 1039 2565 dentur,
1068 2492 1212 2550 Caro
1241 2500 1299 2549 et
1331 2492 1594 2568 Spiritus,
1627 2491 1772 2548 nihil
1801 2491 1993 2550 obstat
2020 2492 2325 2567 quominus
2353 2493 2671 2551 secundum
2701 2497 2878 2554 varia
2903 2496 3004 2553 illa

569 2573 850 2649 principia
898 2572 1059 2629 varia
1087 2571 1259 2629 etiam
1290 2570 1560 2630 sortiatur
1587 2571 1837 2647 nomina,
1882 2580 1948 2631 ut
1988 2570 2176 2629 fidelis
2204 2580 2262 2631 et
2282 2572 2476 2649 justus
2505 2573 2739 2632 dicatur
2765 2596 2806 2633 a
2836 2587 3000 2653 parte

574 2653 702 2723 Dei,
733 2652 831 2726 qui
861 2652 1049 2727 ipsum
1077 2651 1254 2726 elegit
1301 2660 1359 2709 et
1403 2650 1662 2725 redemit,
1714 2660 1772 2709 et
1816 2652 2035 2709 ratione
2070 2651 2352 2728 Spiritus;
2398 2652 2735 2712 incredulus
2764 2676 2914 2714 vero
2944 2666 3001 2713 et

572 2731 824 2806 injustus
852 2750 886 2787 a
914 2738 1073 2805 parte
1104 2731 1209 2802 sui,
1242 2740 1300 2788 et
1327 2728 1548 2786 ratione
1578 2730 1783 2787 carnis.
1870 2730 2094 2789 Deinde
2117 2751 2247 2789 cum
2268 2732 2499 2790 habitus
2527 2733 2875 2809 perficiatur
2900 2756 3002 2812 per

572 2819 780 2883 actum,
814 2818 871 2867 et
899 2809 1084 2866 virtus
1122 2808 1645 2866 denominationem
1688 2818 1892 2883 sumat,
1924 2830 2039 2867 non
2068 2818 2186 2868 tarn
2214 2811 2287 2868 ab
2316 2812 2519 2870 habitu
2545 2813 2787 2887 latente,
2823 2836 3003 2891 quam

572 2890 645 2947 ab
674 2899 807 2947 actu
837 2909 963 2947 sese
993 2898 1281 2963 exerente,
1315 2887 1628 2946 absurdum
1659 2897 1747 2947 est
1774 2888 2003 2946 fidelem
2033 2889 2093 2946 in
2121 2890 2464 2949 adulterium
2494 2893 2592 2950 vel
2639 2893 2699 2949 in
2750 2895 3000 2953 homiei·

571 2970 727 3027 dium
753 2969 1058 3043 labentem,
1105 2977 1328 3028 castum
1356 2968 1451 3025 vel
1473 2969 1670 3026 mitem
1700 2988 1922 3042 vocare,
1956 2969 2093 3045 quia
2120 2979 2283 3029 actus
2312 2972 2605 3047 oppositos
2646 2974 2917 3033 castitati
2945 2986 3005 3033 et

571 3050 835 3109 charitati
858 3049 977 3108 edit
997 3054 1030 3124 31
1043 3050 1177 3108 licet
1198 3049 1430 3107 habitus
1453 3048 1766 3120 charitatis,
1794 3047 1895 3105 sed
1923 3048 2184 3107 infirmus
2206 3058 2264 3107 et
2283 3051 2585 3127 languens,
2617 3053 2677 3108 in
2707 3072 2777 3110 eo
2810 3056 3001 3130 possit

571 3131 759 3188 adhuc
789 3150 1105 3206 superesse.
1191 3130 1387 3206 Atque
1416 3129 1525 3186 hoc
1549 3147 1617 3186 eo
1647 3127 1833 3202 magis
1862 3127 1976 3185 dici
2004 3127 2193 3203 debet,
2234 3130 2390 3205 quod
2435 3130 2569 3189 licet
2615 3132 2850 3190 semina
2891 3134 3003 3192 ista

571 3219 630 3269 et
657 3210 889 3269 habitus
918 3211 1196 3268 virtutum
1228 3208 1680 3267 Christianarum
1709 3206 2012 3281 debilitati,
2047 3208 2146 3284 qui
2175 3208 2236 3265 in
2266 3208 2406 3286 ipsis
2434 3219 2684 3284 manent,
2718 3214 2853 3269 veri
2885 3215 3003 3273 sint

570 3290 633 3346 iu
661 3309 765 3346 suo
794 3309 1038 3365 genere3
1082 3309 1198 3346 non
1228 3298 1418 3346 tamen
1447 3295 1690 3363 possunt
1718 3286 1833 3343 dici
1873 3286 2168 3361 salutareS,
2200 3297 2257 3347 et
2290 3290 2414 3347 Deo
2444 3291 2615 3365 grati,
2643 3291 2744 3366 qui
2776 3294 3003 3368 aptitu-

571 3368 765 3424 dinem
820 3368 1141 3442 proximam
1190 3368 1305 3424 illis
1361 3366 1668 3424 concilient
1716 3365 1789 3422 ad
1846 3366 2283 3441 ingrediendum
2326 3369 2386 3426 in
2429 3370 2636 3428 coelum
2660 3392 2674 3444 3
2723 3372 3000 3447 quiahoc

571 3445 834 3501 obtinent
862 3454 1085 3502 tantum
1114 3446 1333 3503 ratione
1363 3455 1594 3504 actuum
1626 3464 1875 3520 suorum,
1923 3465 2040 3502 non
2085 3447 2306 3506 ratione
2355 3449 2671 3523 habituum,
2708 3470 2819 3508 nee
2852 3452 3001 3511 fides

564 3522 861 3598 justificat,
907 3523 1019 3580 nisi
1060 3543 1163 3599 per
1202 3533 1410 3598 actum,
1457 3544 1561 3582 nec
1613 3525 1861 3582 charitas
1903 3534 2070 3600 grata
2111 3537 2199 3585 est
2249 3528 2374 3585 Deo
2417 3528 2528 3585 nisi
2572 3528 2709 3586 dum
2755 3550 2999 3591 exerce·

568 3611 680 3661 tur.

651 3681 847 3741 XLV.
895 3681 1078 3740 Aliud
1097 3691 1185 3741 est
1206 3681 1471 3741 excidere
1501 3703 1536 3740 a
1557 3683 1722 3741 Statu
1744 3685 1964 3760 qratiae,
1986 3693 2270 3760 quatenus
2292 3694 2454 3746 notat
2485 3688 2593 3746 Dei
2621 3689 2997 3765 beneficium,

569 3782 671 3823 seu
700 3763 1087 3822 conditionem
1115 3763 1381 3835 filiorum,
1408 3772 1466 3821 et
1488 3764 1530 3822 J
1534 3784 1602 3821 us
1632 3764 1706 3822 ad
1734 3765 1932 3837 vitam,
1964 3765 2120 3841 quod
2152 3767 2312 3825 Deus
2341 3767 2458 3824 illis
2486 3767 2707 3826 confert
2735 3790 2846 3846 per
2879 3771 2997 3828 Vo-

569 3844 852 3903 cationem
895 3843 1182 3903 efficacem
1233 3851 1290 3902 et
1340 3843 1772 3921 Adoptionem3
1826 3843 2010 3902 Aliud
2039 3865 2194 3920 vero,
2227 3856 2512 3922 quatenus
2534 3857 2695 3906 notat
2740 3850 2998 3908 hominis

568 3925 835 3998 officium,
869 3944 972 3982 seu
1000 3924 1381 4001 aptitudinem
1410 3932 1467 3982 et
1497 3923 1933 4000 dispositionem
1963 3923 2034 3981 ad
2056 3944 2299 4001 regnum
2329 3927 2602 3984 coelorum
2631 3948 2736 4004 per
2765 3932 2998 4004 praxim

566 4004 701 4062 fidei
731 4014 788 4062 et
817 4005 1156 4062 exercitium
1185 4003 1554 4080 poenitentiae,
1587 4002 1799 4079 quibus
1828 4002 1888 4059 in
1926 4023 1994 4060 eo
2038 4013 2195 4063 statu
2236 4006 2472 4081 ponitur
2498 4006 2704 4081 fidelis,
2738 4018 2804 4066 ut
2837 4010 2903 4067 in
2932 4032 2999 4068 eo

565 4084 816 4142 moriens
845 4084 1168 4141 necessario
1199 4084 1514 4142 salvandus
1537 4083 1630 4141 sit.
1718 4082 1843 4155 Quo
1887 4101 2060 4141 sensu
2105 4085 2397 4144 Pontificii
2425 4085 2741 4162 loquuntur
2769 4096 2839 4145 ut
2871 4091 2997 4166 plu·

567 4165 774 4220 rimum
803 4163 874 4220 de
906 4172 1060 4221 statu
1090 4163 1308 4239 gratiae.
1396 4164 1528 4221 Non
1571 4182 1849 4238 negamus
1887 4163 2191 4238 posteriori
2235 4165 2345 4223 hoc
2395 4185 2567 4241 sensu
2611 4165 2851 4225 fidelem
2900 4191 3001 4247 per

563 4252 802 4319 peccata
831 4263 936 4300 sua
964 4243 1244 4318 imprimis
1273 4243 1488 4301 atrocia
1516 4242 1783 4301 excidere
1805 4261 1840 4297 a
1869 4249 2022 4300 statu
2046 4244 2267 4318 gratiae,
2308 4253 2593 4320 quatenus
2635 4247 2860 4306 amittit
2883 4249 3001 4307 dis-

561 4322 909 4398 positionem
940 4321 1015 4379 ad
1044 4342 1285 4398 regnum
1324 4323 1615 4396 coelorum,
1664 4322 1799 4398 quia
1842 4321 1988 4377 nihil
2027 4322 2393 4398 inquinatum
2423 4344 2491 4381 eo
2520 4334 2712 4400 potest
2744 4327 2999 4403 ingredi,

562 4411 620 4459 et
651 4402 893 4459 incurrit
923 4402 981 4457 in
1008 4410 1222 4460 statum
1251 4401 1635 4459 damnationis
1658 4422 1729 4459 ex
1752 4401 1861 4457 Dei
1883 4402 2210 4476 justissimo
2225 4404 2465 4478 judicio,
2498 4424 2615 4480 quo
2646 4406 2877 4482 injusti,
2914 4430 3000 4467 ra-

563 4500 751 4555 paceS,
800 4488 1159 4555 scortatoreS,
1208 4480 1455 4539 adulteri
1504 4490 1767 4539 arcentur
1810 4500 1845 4537 a
1892 4501 2072 4557 regno
2123 4484 2417 4559 coelorum,
2450 4494 2508 4541 et
2535 4486 2724 4559 poenis
2757 4492 2999 4549 aeternis

563 4558 925 4616 addicuntur.
1015 4560 1131 4618 Sed
1159 4559 1334 4636 priori
1376 4568 1529 4617 recte
1569 4560 1779 4619 dicitur
1806 4559 2034 4619 fidelem
2066 4581 2101 4619 a
2130 4570 2285 4620 statu
2315 4563 2518 4638 gratiae
2549 4583 2664 4621 non
2696 4566 2999 4646 excidere,
