3221 5200
274 387 494 438 Qui-:sn
529 365 644 446 m]
970 381 1048 421 nn
1076 380 1307 421 errrore
1336 380 1568 421 emusrr
1601 382 1988 425 namneum.
2568 369 2684 425 363

277 528 499 588 nolunt.
587 525 718 585 Non
746 523 922 600 prius,
958 522 1094 599 quia
1123 520 1205 579 sic
1254 520 1529 581 deberent
1559 523 1755 599 Reges
1783 532 1842 584 et
1876 525 2214 584 Sacerdotes
2243 543 2387 598 esse,
2418 523 2686 604 απάτοςις,

280 610 533 688 κώπῃς,
586 603 981 677 minuamus,
1014 609 1073 661 et
1119 601 1330 659 habere
1384 601 1797 678 Sacerdotium,
1839 613 2178 681 perpetuum
2227 613 2285 662 et
2331 604 2690 684 κηςιίβιιτυ,

280 687 438 764 quod
467 686 541 744 ad
570 685 746 743 alium
775 703 891 741 nen
919 680 1413 756 transmitteretur,
1435 690 1493 739 et
1520 680 1578 738 in
1608 702 1724 759 quo
1752 703 1858 742 nec
1888 684 2234 757 decessores,
2265 703 2369 741 nec
2399 704 2691 743 successe·

282 788 378 826 res
425 766 724 838 haberent,
762 771 821 821 et
866 760 1091 835 similia,
1141 760 1200 816 in
1248 760 1458 836 quibus
1487 760 1629 818 orde
1658 762 1767 821 iste
1816 762 2324 822 Melchisedeeiani
2371 763 2692 822 Sacerdotii

284 845 550 905 consistit
568 864 642 902 ex
661 842 922 919 apostole
948 862 962 915 3
1009 839 1177 913 Quod
1193 859 1362 897 nemo
1382 859 1495 896 nen
1526 840 1688 899 videt
1715 841 1786 899 de
1817 843 1934 900 illis
1954 843 2069 900 dici
2092 861 2206 902 nen
2229 862 2416 919 pesse.
2467 843 2691 901 Rursus

287 926 568 984 deberent
623 921 895 981 constitui
960 939 1091 978 eum
1134 920 1482 995 juramente,
1530 929 1589 978 et
1639 940 1740 997 per
1788 922 1906 979 vim
1953 923 2089 980 vitae
2139 921 2575 997 indissolubilis,
2628 932 2694 981 ut

286 1005 565 1078 ChristuS,
597 1021 724 1061 esse
752 1000 879 1077 puri
907 1007 966 1057 et
994 998 1360 1072 immaculati,
1392 999 1492 1075 qui
1520 1019 1637 1058 nen
1665 1020 1809 1076 epus
1837 1002 2086 1061 habeant
2107 1001 2309 1060 efferre
2337 1022 2441 1078 pre
2470 1002 2691 1078 seipsis,

289 1084 392 1143 sed
419 1092 642 1142 tantum
673 1101 776 1157 pre
805 1079 1036 1156 popule,
1082 1078 1396 1152 quiessent
1443 1079 1553 1154 ipsi
1586 1080 1927 1139 Sacerdotes
1957 1092 2013 1139 et
2061 1081 2330 1156 victimae,
2377 1081 2477 1157 qui
2517 1082 2696 1139 semel

286 1172 509 1221 tantum
540 1160 826 1233 efferrent,
858 1179 974 1217 nen
1003 1156 1278 1233 quotidie,
1309 1157 1410 1233 qui
1431 1177 1533 1234 per
1559 1169 1800 1217 mertem
1832 1181 1945 1218 nen
1974 1160 2416 1236 prohiberentur
2443 1181 2690 1235 manere,

288 1243 388 1318 qui
436 1242 495 1298 iu
543 1260 681 1298 vere
729 1237 1067 1296 Sanctuarie
1113 1235 1251 1293 nim.
1303 1237 1449 1294 eoele
1497 1248 1734 1314 possent
1762 1239 2104 1315 ministrare,
2137 1249 2201 1298 ut
2229 1239 2301 1298 de
2348 1240 2577 1298 Christe
2608 1240 2693 1298 di-

290 1322 456 1395 citur,
502 1319 659 1396 qued
680 1337 851 1395 quam
882 1318 1133 1376 alienum
1157 1316 1232 1374 sit
1260 1316 1334 1374 ab
1363 1316 1518 1392 ipsiS,
1547 1338 1651 1394 per
1678 1337 1738 1377 se
1768 1328 1943 1395 patet.
2016 1323 2071 1377 4.
2108 1319 2171 1377 Si
2199 1338 2314 1376 nen
2344 1319 2559 1378 dantur
2588 1320 2695 1378 sub

289 1401 362 1459 N.
407 1401 660 1459 Testem.
713 1397 1053 1457 Sacerdotes
1096 1395 1355 1473 ejusdem
1384 1396 1685 1471 dignitatis
1742 1408 1800 1457 et
1848 1399 2067 1457 ordinis
2096 1419 2225 1457 cum
2257 1399 2502 1473 Christe,
2561 1400 2698 1476 quia

288 1480 436 1538 ratio
459 1488 691 1556 prepter
718 1496 889 1554 quam
918 1476 1110 1553 plures
1153 1476 1366 1534 fiebant
1395 1477 1502 1535 sub
1557 1477 1713 1553 Lege
1753 1479 1913 1536 nulla
1960 1488 2065 1552 est,
2116 1479 2384 1536 nimirum
2426 1479 2705 1537 moriendi

289 1560 620 1620 necessitas:
692 1558 784 1614 Ita
809 1575 915 1614 nec
938 1556 1131 1632 plures
1173 1555 1297 1613 dari
1325 1566 1567 1632 pessunt
1592 1557 1907 1634 inaequales
1935 1568 1993 1617 et
2021 1557 2360 1632 secundarii,
2391 1559 2528 1634 quia
2556 1559 2702 1617 ratie

291 1649 524 1717 prepter
551 1657 723 1715 quam
751 1637 945 1713 plures
974 1644 1135 1693 erant
1164 1635 1271 1694 sub
1302 1635 1460 1711 Lege
1503 1645 1709 1710 cessat,
1734 1638 2005 1696 nimirum
2033 1639 2343 1716 irfirmitas,
2375 1639 2512 1713 quia
2549 1659 2701 1697 unus

291 1737 407 1777 nen
436 1724 660 1795 peterat
689 1716 944 1775 sufficere
974 1723 1060 1773 tet
1088 1714 1476 1774 functionibus
1494 1716 1792 1776 obeundis.
1881 1717 2022 1776 Idee
2049 1717 2242 1793 plures
2271 1715 2466 1776 debuit
2492 1718 2702 1776 habere

295 1797 708 1874 suffraganeos,
740 1795 840 1872 qui
888 1794 1051 1852 illum
1095 1794 1480 1854 sublevarent.
1571 1796 1688 1854 Sed
1736 1803 1940 1855 neutra
1980 1797 2126 1854 ratio
2167 1796 2358 1854 lecum
2414 1796 2589 1855 habet
2642 1797 2703 1854 in

298 1877 526 1936 Christe
555 1875 880 1948 immortali,
912 1882 970 1932 et
997 1873 1429 1949 perfectissime,
1451 1874 1551 1951 qui
1578 1875 1818 1951 preinde
1848 1895 1953 1933 nec
1981 1895 2084 1951 per
2100 1884 2339 1933 mertem
2369 1875 2704 1951 prehibetur

296 1957 520 2030 durare,
553 1975 657 2014 nee
705 1975 807 2032 per
828 1954 1216 2012 infirmitatem
1267 1953 1449 2029 impar
1494 1963 1582 2013 est
1631 1963 1795 2013 tante
1844 1954 2083 2030 muneri,
2135 1975 2264 2030 quse
2315 1954 2586 2031 Apostoli
2615 1962 2705 2014 est

297 2036 675 2109 ratiocinatie,
722 2034 875 2092 Heb.
905 2032 1005 2091 vii.
1037 2035 1132 2106 23,
1164 2037 1259 2106 24,
1292 2035 1387 2091 28.

381 2115 632 2174 XVIII.
677 2114 799 2172 Nee
845 2112 1192 2171 centrarium
1241 2111 1505 2170 evincere
1549 2122 1740 2189 petest
1767 2112 2059 2187 instantia,
2091 2113 2271 2189 petita
2313 2133 2347 2170 a
2387 2111 2705 2190 Prophetia

301 2195 532 2268 Christi,
604 2213 732 2270 quae
801 2201 991 2269 petest
1045 2191 1346 2250 admittere
1393 2192 1661 2251 Pastores
1690 2201 1748 2252 et
1797 2193 2078 2251 Doctores
2127 2191 2511 2266 secundarios,
2570 2192 2706 2251 lieet

301 2275 564 2332 Christus
592 2281 819 2330 maneat
849 2291 1073 2348 semper
1090 2290 1390 2347 supremus
1422 2271 1628 2330 Pastor
1655 2281 1713 2330 et
1733 2272 1951 2330 Decter
1980 2272 2276 2330 Ecclesiae.
2339 2275 2390 2329 1.
2417 2272 2565 2346 Quia
2592 2272 2706 2329 alia

300 2353 446 2412 ratio
475 2362 564 2411 est
595 2352 934 2428 Prophetiae,
976 2371 1104 2427 quae
1148 2350 1270 2426 agit
1310 2351 1539 2409 nemine
1588 2351 1699 2409 Dei
1748 2351 1902 2428 apud
1928 2351 2207 2426 hemines,
2240 2350 2353 2408 alia
2385 2350 2705 2410 Sacerdotii

302 2432 460 2509 qued
507 2432 735 2490 nemine
797 2431 1092 2490 hominum
1150 2429 1305 2506 apud
1352 2430 1559 2490 deum:
1632 2430 1834 2504 Quoad
1890 2430 2048 2488 illam
2119 2431 2381 2489 Christus
2428 2431 2489 2488 in
2544 2430 2706 2489 coelis

302 2531 541 2570 manens
609 2510 847 2586 requirit
920 2511 1238 2583 MinistrOS,
1323 2510 1424 2586 qui
1492 2510 1856 2585 praesentiam
1939 2530 2099 2569 suam
2171 2530 2501 2587 corpoream
2571 2530 2703 2586 sup-

301 2593 526 2669 plentes
580 2591 840 2649 hemines
889 2589 1196 2650 visibiliter
1239 2590 1620 2668 alloquantur,
1672 2599 1730 2649 et
1787 2590 1996 2667 saepIus
2041 2590 2300 2665 deceant,
2359 2590 2461 2650 sed
2516 2589 2708 2666 quoad

299 2672 463 2746 illud,
517 2691 646 2730 cum
690 2670 952 2730 Christus
997 2690 1222 2747 semper
1276 2670 1427 2729 adsit
1472 2670 1650 2742 Patri,
1707 2678 1765 2730 et
1819 2670 2160 2729 sacrificium
2216 2672 2393 2730 semel
2449 2671 2706 2730 oblatum

301 2752 541 2811 infinitae
587 2752 664 2811 sit
707 2750 955 2824 virtutis,
989 2770 1105 2808 nen
1155 2750 1393 2827 requirit
1443 2750 1762 2825 MinistreS,
1794 2750 1895 2827 qui
1938 2750 2066 2827 ejus
2095 2751 2222 2809 leco
2252 2751 2590 2809 sacrificent.
2649 2755 2705 2808 2.

304 2833 585 2905 ChristuS,
637 2830 738 2907 qui
766 2850 827 2888 se
857 2850 1142 2889 summum
1173 2831 1482 2889 Doctorem
1512 2839 1771 2889 nestrum
1800 2840 1987 2904 vocat,
2023 2830 2338 2906 Apostolos
2360 2831 2609 2889 instituit
2650 2838 2708 2889 et

305 2911 623 2983 Ministres,
663 2909 763 2985 qui
792 2909 1183 2984 praedicarent,
1233 2910 1444 2968 Matth.
1493 2910 1699 2967 xxviii.
1735 2911 1827 2984 19,
1875 2910 2024 2986 Eph.
2076 2910 2153 2967 iv.
2191 2913 2281 2984 11,
2315 2910 2417 2968 sed
2444 2909 2709 2986 nuspiam

309 2988 649 3049 Sacerdotes
677 2987 973 3046 inferiores
994 2987 1310 3046 instituisse
1338 2987 1567 3064 legitur.
1654 2992 1709 3047 3.
1734 2990 2001 3047 Pastores
2029 2989 2324 3046 inferiores
2343 2989 2450 3048 sub
2482 2989 2710 3047 Christe

306 3088 422 3127 nen
452 3073 773 3144 repugnant
820 3066 925 3123 ulli
955 3072 1111 3141 type,
1156 3066 1312 3141 qued
1352 3066 1566 3125 faciant
1610 3066 1949 3124 Sacerdotes
1992 3067 2332 3125 secundarii.
2417 3071 2473 3126 4.
2519 3068 2709 3140 Quum

309 3147 573 3206 Christus
601 3143 804 3203 unicus
851 3145 1070 3202 Deeter
1097 3155 1335 3202 vocatur
1376 3143 1673 3203 exclusive
1696 3144 1771 3201 ad
1799 3145 1943 3202 alies
1981 3164 2181 3202 omnes
2222 3145 2394 3203 debet
2440 3146 2709 3221 intelligi,

307 3227 445 3304 quia
472 3225 641 3283 decet
669 3230 903 3281 externe
927 3231 985 3281 et
1005 3222 1244 3297 interne,
1276 3232 1335 3283 et
1361 3223 1497 3299 quia
1524 3223 1718 3281 attulit
1747 3223 1913 3281 nobis
1942 3224 2327 3299 Evangelium
2357 3224 2599 3298 coelitus,
2633 3224 2714 3282 ita

306 3315 372 3366 ut
414 3305 556 3363 nihil
587 3303 830 3365 deceant
881 3302 1165 3375 Pastores,
1210 3302 1365 3379 qued
1393 3321 1509 3360 nen
1563 3302 1888 3379 acceperint
1929 3302 2003 3360 ab
2030 3302 2173 3378 ipse,
2205 3302 2360 3379 qued
2389 3304 2534 3361 nulli
2561 3322 2710 3361 mer-

308 3387 510 3446 talium
541 3382 849 3442 cenvenire
876 3389 1084 3459 petest.
1132 3381 1248 3441 Sed
1277 3382 1386 3441 hoc
1416 3381 1486 3439 de
1521 3381 1854 3441 Sacerdotie
1876 3381 1989 3440 dici
2018 3381 2233 3457 nequit,
2266 3382 2403 3459 quia
2423 3402 2495 3440 ex
2525 3384 2711 3459 hypo·

312 3466 464 3526 thesi
491 3462 977 3522 Adversarierum
1015 3461 1356 3520 Sacerdotes
1377 3461 1590 3520 debent
1619 3481 1744 3520 esse
1774 3462 2032 3538 ejusdem
2063 3461 2280 3520 ordinis
2302 3482 2430 3521 eum
2463 3463 2711 3521 Christe.

309 3601 340 3645 2
390 3601 502 3646 Non
545 3604 622 3643 est
657 3598 794 3641 insti·
919 3542 1107 3599 XIX.
1157 3540 1440 3616 Secunde,
1474 3540 1623 3616 Quia
1668 3541 2062 3601 Sacerdotium
2084 3541 2240 3600 istud
2262 3541 2527 3620 nuspiam
2550 3543 2714 3601 insti-

345 3664 513 3704 tutum
535 3672 564 3702 a
584 3656 794 3703 christo.
837 3630 1025 3681 tutum
1072 3620 1286 3697 legitur
1325 3622 1386 3678 in
1416 3621 1586 3679 Neve
1608 3621 1995 3696 Testamente,
2027 3641 2134 3681 nec
2162 3642 2196 3679 a
2215 3622 2461 3696 Christe,
2494 3643 2597 3681 nee
2641 3623 2715 3680 ab

839 3701 1156 3778 Apostolis.
1173 3701 1390 3760 Paulus
1410 3700 1643 3777 quidem
1661 3701 1853 3760 varies
1874 3701 2104 3760 ordines
2125 3711 2384 3761 recenset
2407 3702 2714 3761 Munerum

316 3801 624 3855 sacrorum,
648 3788 771 3839 tum
791 3781 1224 3855 ordinariorum,
1258 3790 1379 3840 tum
1409 3781 2009 3856 extraordinariorum,
2033 3781 2200 3840 Rem.
2222 3782 2343 3855 xii„
2379 3785 2407 3838 1
2438 3782 2565 3840 Cer.
2589 3781 2710 3856 xii„
2812 3802 2817 3807 ·

317 3863 466 3938 Eph.
497 3860 575 3917 iv.
610 3859 727 3917 Sed
749 3859 821 3918 de
855 3860 1261 3919 Sacerdotibus
1284 3861 1439 3919 Novi
1460 3861 1618 3921 Test.
1643 3861 1821 3921 altum
1851 3861 2004 3938 apud
2032 3860 2195 3918 illum
2219 3860 2527 3919 silentium.
2614 3860 2714 3916 An

315 3939 587 3999 credibile
637 3946 725 3996 est
774 3938 1037 4013 Paulum,
1089 3941 1188 4016 qui
1233 3948 1348 3999 tam
1397 3950 1660 4000 accurate
1716 3941 1987 4018 exponit-
2014 3959 2369 4016 quaeeunque
2427 3939 2716 4015 pertinent

313 4020 389 4079 ad
419 4037 643 4077 sacrum
687 4016 1071 4077 Ministerium
1100 4020 1271 4079 etiam
1311 4022 1618 4080 minutiora
1635 4029 1693 4079 et
1720 4021 1909 4078 minus
1937 4019 2276 4092 necessaria,
2308 4026 2372 4075 ut
2400 4017 2630 4077 videtur
2656 4018 2717 4075 in

317 4098 598 4177 Epistolis
616 4096 690 4155 ad
711 4096 1077 4157 Timotheum
1101 4107 1159 4158 et
1180 4099 1252 4157 ad
1271 4100 1483 4174 Titum,
1509 4100 1853 4158 emissurum
1882 4098 2057 4156 fuisse
2086 4098 2235 4156 hanc
2259 4097 2520 4155 Muneris
2549 4098 2716 4155 istius

318 4180 567 4257 speeiem
596 4185 654 4236 et
696 4184 935 4253 partem,
967 4196 1095 4253 quae
1139 4180 1428 4257 praecipua
1455 4188 1543 4238 est
1572 4187 1631 4237 et
1657 4178 1942 4255 primaria,
1981 4185 2039 4236 et
2074 4196 2192 4253 prae
2221 4197 2336 4253 qua
2364 4185 2584 4235 caeterae
2614 4196 2714 4234 ex-

316 4260 440 4337 igui
469 4259 741 4317 videntur
769 4257 1091 4315 momenti?
1174 4259 1267 4318 Ita
1296 4259 1558 4318 Christus
1585 4267 1757 4316 vocat
1785 4257 2015 4332 quidem
2046 4276 2181 4314 suos
2209 4256 2282 4314 ad
2307 4256 2714 4332 Apostolatum

315 4350 374 4399 et
403 4336 807 4411 Ministerium,
853 4343 918 4395 ut
944 4336 1204 4413 deceant,
1238 4338 1623 4415 Evangelium
1652 4335 1980 4413 praedicent,
2012 4344 2070 4394 et
2101 4337 2470 4394 Sacramenta
2496 4335 2716 4393 admin-

317 4419 554 4493 istrent;
600 4416 702 4476 sed
742 4423 808 4474 ut
829 4416 1169 4476 sacerdotali
1197 4437 1431 4476 munere
1455 4418 1782 4492 fungantur,
1808 4424 1866 4474 et
1893 4424 1957 4475 ut
1984 4415 2171 4492 ipsum
2199 4414 2455 4492 quetidie
2478 4414 2719 4474 efferant

320 4499 381 4555 iu
412 4497 753 4555 sacrificium
781 4496 1054 4571 ἱλιπιιὶυ,
1095 4517 1377 4574 nusquam
1407 4496 1685 4573 praecipit.
1771 4495 1892 4554 Nec
1923 4515 1990 4553 ee
2017 4496 2301 4571 pertinere
2330 4502 2521 4570 petest
2562 4494 2718 4571 qued

323 4578 382 4634 in
411 4576 773 4634 institutione
805 4576 1184 4636 Eucharistiae
1207 4577 1376 4655 jubet
1405 4576 1718 4653 discipulos
1740 4577 2056 4649 hocfacere
2084 4575 2142 4633 in
2183 4575 2273 4632 sui
2319 4594 2714 4633 commemora-

323 4658 541 4728 tionem,
567 4655 701 4731 quia
730 4654 838 4712 hee
884 4656 958 4714 ad
1000 4676 1198 4716 omnes
1241 4656 1440 4714 fideles
1489 4654 1723 4732 respicit
1781 4656 2099 4732 Interprete
2132 4654 2329 4728 Paulo,
2398 4657 2426 4711 1
2462 4655 2589 4714 Cer.
2634 4656 2714 4713 xi.

283 4916 314 4931 ἱ
