3221 5200
268 363 488 414 QuAEsr.
519 340 635 423 vn]
1148 359 1228 398 ns
1257 358 1507 398 resonas
1538 358 1793 399 naum.
2569 346 2679 402 187

267 513 468 582 spectu
509 502 878 576 adultorum;
926 499 1189 559 Christus
1232 499 1385 557 enim
1427 518 1544 556 non
1587 510 1781 558 servat
1823 499 1934 557 nisi
1976 502 2246 578 cognitus
2275 510 2335 560 et
2377 522 2480 579 per
2506 503 2680 561 fidem

270 585 678 662 apprehensus,
713 581 792 639 Is.
821 581 927 639 liii.
963 583 1053 652 11,
1083 581 1126 639 J
1130 581 1300 638 ohan.
1330 578 1410 636 vi.
1440 580 1536 653 29,
1561 582 1658 652 40,
1690 589 1748 638 et
1776 580 1919 637 xvii.
1943 582 1998 654 3,
2023 581 2167 639 alias
2189 581 2331 657 quid
2360 601 2504 658 opus
2525 593 2680 641 esset

274 663 615 740 Evangelio,
649 662 698 720 si
728 661 851 719 sine
881 660 1209 737 cognitione
1240 658 1455 717 Christi
1495 666 1694 735 posset
1733 660 1901 718 nobis
1929 659 2230 737 obtingere
2269 660 2426 720 salus
2446 665 2475 718 P
2558 662 2679 721 Nec

273 745 514 803 crudum
542 743 653 800 boc
682 740 897 817 dogma
924 739 1237 813 confirmat,
1264 739 1378 796 Vel
1406 738 1736 815 exemplum
1765 738 2089 814 infantium,
2119 740 2219 816 qui
2249 749 2553 799 servantur
2579 762 2682 819 per

275 824 568 883 Christum
599 822 721 880 sine
750 821 880 896 ejus
908 819 1254 895 cognitione,
1287 818 1432 875 Cum
1460 819 1651 894 palam
1681 819 1756 877 sit
1783 839 1882 877 eos
1904 838 2006 896 per
2035 828 2262 879 aetatem
2285 822 2411 898 ejus
2439 841 2680 898 capaces

273 924 388 963 non
418 922 563 976 esse,
595 900 751 978 quod
792 900 864 959 de
908 899 1122 957 adultis
1164 898 1279 956 dici
1321 898 1557 973 nequit;
1602 898 1717 956 Vel
1758 898 2016 957 fidelium
2045 900 2277 959 Veteris
2304 901 2677 975 Testamenti,

273 984 374 1061 qui
414 983 537 1041 sine
576 980 906 1057 cognitione
948 978 1164 1037 Christi
1202 978 1406 1036 saltem
1446 977 1721 1036 distincta
1760 979 1976 1036 servati
2013 988 2165 1038 sunt.
2251 980 2417 1054 Quia,
2447 990 2678 1057 praeter-

275 1083 448 1139 quam
477 1061 634 1138 quod
664 1059 845 1137 gratis
876 1058 1217 1136 supponitur
1244 1077 1343 1115 eos
1373 1057 1702 1132 cognitione
1733 1058 1946 1116 Christi
1975 1059 2244 1132 caruisse,
2269 1060 2436 1136 cujus
2458 1070 2681 1119 contra-

277 1144 426 1202 rium
467 1140 747 1218 superiori
786 1139 1116 1214 Quaestione
1153 1137 1457 1215 probatum
1497 1146 1603 1210 est,
1646 1137 1777 1194 Nou
1817 1137 2132 1196 diffitentur
2170 1139 2298 1196 Viri
2341 1139 2510 1197 Docti
2553 1161 2682 1199 cum

276 1223 489 1300 quibus
527 1221 771 1298 agimuS,
814 1219 1019 1278 saltem
1058 1218 1166 1276 sub
1206 1218 1279 1275 N.
1309 1217 1378 1275 T.
1408 1216 1740 1275 distinctam
1782 1217 1994 1275 Christi
2033 1217 2296 1276 notitiam
2325 1218 2400 1276 ad
2438 1220 2682 1278 salutem

277 1301 660 1361 necessariam
702 1318 846 1372 esse,
878 1317 993 1373 qua
1021 1317 1149 1356 cum
1180 1305 1412 1355 careant
1440 1295 1630 1354 adhuc
1667 1296 1840 1355 hodie
1869 1296 2169 1372 innumeri,
2207 1298 2322 1356 dici
2350 1318 2466 1357 non
2493 1308 2685 1376 potest

279 1401 379 1440 eos
409 1381 515 1439 sub
543 1379 759 1437 foedere
790 1378 1006 1454 gratiae,
1038 1376 1195 1454 quod
1224 1376 1452 1434 Christo
1481 1376 1700 1448 nititur,
1734 1376 1969 1435 includi.

888 1457 1047 1514 XVI
1054 1500 1067 1514 .
1092 1457 1289 1530 Sexto,
1305 1455 1404 1513 Ab
1418 1455 1794 1531 obsignatione
1795 1457 2049 1530 soederis‚
2061 1477 2190 1533 quae
2201 1459 2563 1535 particularis
2575 1469 2681 1535 est,

809 1536 932 1595 sive
961 1546 1195 1594 externa
1235 1536 1576 1611 respiciatur
1616 1555 1719 1611 per
1750 1536 2136 1612 Sacramenta,
2168 1557 2297 1614 quae
2340 1546 2475 1597 sunt
2513 1560 2685 1616 pecu·

807 1616 949 1675 lium
980 1615 1274 1690 Ecclesiae,
1306 1616 1431 1673 sive
1460 1615 1684 1674 interna
1722 1635 1826 1692 per
1868 1616 2162 1693 Spiritum,
2211 1618 2359 1694 Eph.
2389 1619 2427 1675 i.
2463 1621 2553 1694 13,
2585 1620 2686 1695 qui

282 1700 453 1758 datur
479 1705 703 1757 tantum
733 1695 945 1755 Christi
987 1695 1278 1754 membriS.
1364 1695 1486 1753 Nec
1530 1695 1666 1753 inde
1710 1695 1858 1753 bene
1902 1696 2158 1771 colliges,
2194 1697 2351 1772 Ergo
2395 1698 2569 1755 etiam
2612 1698 2686 1755 ad

282 1787 540 1851 vocatOS,
571 1777 672 1854 qui
701 1785 835 1835 sunt
862 1776 923 1832 in
953 1775 1235 1848 Ecclesia,
1264 1774 1550 1851 pertinere
1596 1773 1802 1849 foedus,
1834 1782 1892 1833 et
1936 1794 2051 1832 nou
2094 1783 2319 1833 tantum
2347 1775 2423 1832 ad
2451 1776 2683 1835 eleetos.

283 1859 433 1916 Nam
463 1856 621 1915 aliud
649 1864 738 1915 est
764 1855 981 1914 oblatio
1003 1854 1440 1931 obsignationis,
1461 1853 1621 1912 aliud
1648 1854 1821 1912 realis
1849 1853 2191 1931 applicatio;
2227 1855 2338 1911 Illa
2366 1857 2686 1914 communis

284 1946 373 1997 est
414 1937 682 1995 omnibus
723 1935 983 2009 vocatis3
1032 1935 1177 1993 Haec
1216 1954 1356 1992 vero
1402 1933 1669 2009 specialis
1713 1933 2115 1992 credentibus:
2160 1934 2485 1992 Incredulis
2533 1936 2688 1994 enim

284 2026 510 2076 tantum
538 2016 719 2089 abest,
750 2022 817 2073 ut
844 2014 1186 2090 obsignetur
1212 2013 1400 2072 foedus
1427 2012 1502 2071 ad
1545 2012 1806 2089 salutem,
1838 2020 1904 2071 ut
1947 2021 2148 2070 contra
2189 2013 2528 2089 obsignetur
2557 2035 2687 2092 pro-

285 2097 411 2175 pria
438 2094 860 2169 condemnatio,
893 2094 1029 2169 quia
1057 2093 1238 2152 edunt
1265 2093 1375 2151 sibi
1409 2091 1714 2168 judicium.

288 2215 318 2260 7
343 2214 638 2261 Ababmrdo
663 2213 780 2270 quia
900 2172 1116 2231 XVII.
1163 2172 1439 2248 Septimo,
1474 2170 1538 2228 Si
1565 2170 1869 2229 vocatione
1897 2171 2212 2230 universali
2239 2192 2438 2231 omnes
2477 2182 2535 2231 et
2577 2173 2692 2231 sin-

321 2247 659 2317 'confundituss
696 2285 780 2314 uap
821 2252 944 2328 guli
972 2251 1047 2309 ad
1075 2251 1264 2309 foedus
1292 2251 1627 2322 invitantur,
1661 2251 1883 2308 Natura
1909 2270 2042 2308 cum
2072 2252 2276 2310 Gratia
2304 2252 2689 2328 confunditur,

341 2337 575 2376 ‘mcum
595 2329 771 2388 gratia·
811 2338 867 2391 τὶ
896 2336 1103 2403 syvam»
1131 2350 1259 2388 cum
1288 2334 1362 2406 τᾷ
1390 2334 1569 2406 naarai,
1600 2338 1660 2388 et
1687 2329 2129 2388 adscribendum
2158 2331 2266 2391 erit
2286 2331 2435 2389 libro
2456 2333 2690 2391 Naturae

287 2437 353 2475 ac
383 2417 785 2476 creaturarum
814 2412 963 2487 voci,
998 2409 1358 2469 Praeconium
1399 2409 1806 2468 misericordiae
1846 2409 2058 2467 divinae
2101 2411 2161 2468 in
2207 2411 2330 2469 solo
2361 2411 2589 2470 Christo
2618 2433 2693 2470 cx

292 2495 602 2573 Scripturis
636 2492 954 2571 patefactae.
1000 2491 1079 2549 Et
1119 2510 1250 2549 cum
1280 2509 1431 2547 vana
1472 2489 1548 2547 sit
1588 2497 1647 2547 et
1688 2488 1945 2547 illusoria
1975 2489 2178 2548 Gratia
2220 2490 2563 2549 universalis
2592 2492 2690 2550 ob-

280 2576 502 2654 jectiva
531 2575 654 2634 sine
698 2571 1060 2666 subjectiva3
1105 2569 1221 2629 Vel
1265 2568 1572 2629 dicendum
1617 2577 1707 2628 est
1734 2569 1888 2627 vires
1934 2569 2281 2630 sufficientes
2325 2571 2594 2631 omnibus
2636 2580 2695 2630 et

291 2655 539 2733 singulis
586 2653 831 2727 restitui,
877 2672 982 2729 per
1025 2671 1170 2727 quas
1213 2650 1455 2728 possint,
1502 2650 1550 2707 si
1592 2649 1792 2723 velint,
1828 2650 1954 2707 Deo
1995 2651 2254 2727 obsequi,
2299 2661 2360 2709 et
2403 2652 2463 2708 in
2507 2652 2695 2711 foedus

293 2735 568 2813 cooptari,
600 2733 757 2810 quod
784 2733 931 2790 nihil
958 2732 1119 2791 aliud
1147 2739 1252 2805 est,
1283 2750 1455 2807 quam
1485 2729 1654 2788 liberi
1697 2730 1919 2791 arbitrii
1963 2730 2119 2788 idolo
2147 2731 2331 2804 litare,
2363 2740 2421 2789 et
2450 2732 2695 2807 gratiam

290 2813 800 2885 discriminantem,
832 2821 1033 2870 contra
1063 2811 1326 2884 Paulum,
1357 2810 1587 2887 penitus
1617 2808 1862 2886 abolere,
1895 2811 2060 2886 quasi
2088 2810 2308 2887 aliquid
2339 2811 2415 2869 sit
2442 2811 2539 2869 vel
2567 2832 2695 2870 esse

293 2895 478 2971 possit
505 2893 565 2949 in
593 2891 778 2965 nobis,
810 2890 966 2966 quod
996 2891 1073 2948 sit
1100 2911 1174 2949 ex
1202 2890 1389 2962 nobis,
1413 2891 1588 2966 juxta
1618 2889 1936 2964 Pelagium,
1969 2898 2026 2947 et
2048 2909 2163 2947 non
2192 2910 2268 2948 ex
2296 2890 2554 2949 indebita
2584 2892 2696 2950 Dei

293 2973 498 3047 gratia,
535 2973 564 3026 1
599 2971 728 3028 Cor.
758 2969 838 3027 iv.
870 2974 942 3042 7;
987 2969 1103 3025 Vel
1133 2970 1323 3026 Deum
1365 2967 1588 3043 aliquid
1631 2967 1925 3026 intendere
1964 2970 2072 3027 sub
2115 2969 2443 3027 conditione
2483 2970 2696 3046 impos·

294 3049 470 3183 sillfili,
501 3066 676 3182 quan?
702 3066 810 3104 nec
837 3046 1010 3104 homo
1038 3046 1252 3104 habere
1295 3064 1370 3102 ex
1413 3065 1474 3102 se
1518 3052 1726 3120 potest,
1757 3064 1863 3103 nec
1895 3047 2054 3103 Deus
2082 3046 2168 3103 illi
2197 3048 2325 3105 vult
2350 3048 2567 3123 largiri,
2597 3049 2699 3124 qui

292 3147 357 3186 so
384 3146 452 3185 us
480 3145 555 3202 po
582 3144 644 3182 es
674 3167 687 3181 .

278 1525 321 1571 6.
340 1527 420 1572 Ab
430 1524 765 1580 obsignatione

415 1583 621 1628 foederis.

905 3202 1156 3261 XVIII.
1185 3202 1436 3260 Tantum
1465 3201 1649 3275 abest,
1679 3209 1745 3260 ut
1771 3202 1954 3279 prima
1977 3203 2292 3261 Promissio
2322 3204 2696 3280 Evangelica,

825 3282 1038 3340 Genes.
1068 3282 1149 3340 iii.
1185 3284 1276 3355 15,
1308 3281 1480 3340 fuerit
1506 3280 1867 3355 universalis,
1898 3291 1964 3340 ut
1991 3301 2065 3340 ex
2094 3282 2271 3340 variis
2300 3283 2700 3360 particularem

822 3361 999 3421 fuisse
1022 3380 1137 3419 non
1160 3362 1402 3420 obscure
1425 3360 1747 3436 colligatur.
1798 3364 1849 3418 1.
1871 3361 2018 3436 Quia
2036 3361 2228 3438 agitur
2248 3362 2320 3420 de
2341 3363 2698 3421 Semine‘mu-

299 3446 468 3519 lieris,
493 3462 610 3501 non
640 3442 975 3520 simpliciter
1002 3450 1061 3499 et
1088 3441 1148 3499 in
1177 3450 1299 3500 tota
1327 3459 1431 3498 sua
1457 3439 1780 3514 latitudine,
1801 3460 1916 3517 qua
1934 3460 2105 3500 sensu
2127 3442 2388 3500 homines
2409 3451 2571 3502 notat
2587 3463 2702 3520 qua

298 3525 462 3598 tales,
495 3521 599 3582 sed
628 3530 953 3599 comparate
1002 3530 1060 3579 et
1089 3519 1558 3579 contradistincte
1602 3518 1678 3577 ad
1722 3540 1918 3579 semen
1971 3521 2283 3598 Serpentis,
2314 3523 2417 3581 tali
2462 3523 2698 3598 scilicet,

299 3604 392 3663 cui
422 3601 777 3662 intercedere
804 3602 1015 3660 debeat
1056 3600 1357 3658 inimicitia
1401 3619 1531 3658 cum
1566 3599 1842 3676 Serpeute
1872 3609 1931 3660 et
1958 3602 2087 3678 ejus
2116 3602 2349 3677 semine,
2379 3602 2535 3679 quod
2565 3623 2699 3661 con·

298 3683 566 3742 triturum
596 3681 671 3740 sit
699 3690 871 3758 caput
903 3680 1216 3757 SerpentiS,
1246 3679 1325 3737 id.
1355 3679 1510 3755 quod
1539 3679 1962 3740 destructurum
1993 3689 2146 3739 esset
2172 3701 2416 3758 regnum
2444 3691 2503 3741 et
2530 3703 2705 3759 opera

302 3762 556 3834 Diaboli,
588 3769 647 3819 et
692 3760 1067 3818 liberaturum
1117 3779 1225 3817 nos
1269 3760 1343 3818 ab
1372 3759 1498 3837 ejus
1546 3768 1848 3835 potestate,
1881 3761 2049 3837 cujus
2098 3761 2429 3820 calcaneum
2478 3771 2701 3820 tantum

301 3840 464 3899 laedit
496 3840 763 3916 Serpens.
848 3840 934 3898 At
962 3839 1107 3897 illud
1134 3846 1360 3898 tantum
1401 3839 1476 3896 ad
1510 3840 1809 3912 Christum,
1842 3848 1902 3898 et
1929 3859 2029 3898 eos
2057 3841 2157 3915 qui
2179 3850 2306 3898 sunt
2337 3841 2552 3899 Christi
2575 3861 2701 3915 per-

302 3921 466 3994 tinet,
500 3918 654 3977 Heb.
685 3918 745 3976 ii.
780 3921 871 3992 14,
908 3921 998 3992 15,
1043 3918 1119 3975 ad
1165 3918 1372 3977 Semeu
1422 3917 1644 3976 scilicet
1686 3918 2106 3977 individualiter
2148 3927 2207 3976 et
2252 3920 2704 3977 antonomastice

305 4007 617 4076 sumptum,
664 3997 759 4056 cui
801 3997 1072 4074 primario
1119 3998 1229 4055 hoc
1275 3997 1565 4073 competit,
1623 4007 1682 4056 et
1730 3997 2068 4056 secundario
2112 3997 2185 4054 ad
2234 3997 2381 4056 illud
2436 3998 2707 4056 collective

306 4087 598 4155 sumptum
625 4097 732 4154 pro
762 4078 1011 4153 Corpore
1052 4076 1209 4134 illius
1251 4077 1515 4153 mystico,
1548 4096 1651 4135 seu
1677 4076 1964 4149 fidelibus,
2006 4097 2123 4151 pro
2151 4077 2360 4151 quibus,
2393 4078 2450 4134 in
2494 4077 2705 4152 quibua,

307 4169 368 4218 et
393 4179 433 4216 a
461 4158 656 4235 quibus
686 4164 860 4233 caput
892 4156 1187 4233 Serpentis
1214 4164 1273 4214 et
1299 4164 1430 4232 post
1458 4164 1632 4232 caput
1676 4176 1870 4214 semen
1912 4156 2069 4213 illius
2095 4156 2327 4229 virtute,
2359 4157 2455 4213 vel
2497 4158 2707 4215 contri-

307 4247 432 4297 tum
475 4246 582 4311 est,
613 4236 710 4295 vel
741 4235 1170 4295 conterendum.
1253 4239 1309 4294 2.
1341 4235 1489 4309 Quia
1532 4236 1592 4291 in
1623 4236 1792 4293 Novo
1820 4236 2191 4293 Testameuto
2235 4235 2347 4293 hoc
2388 4236 2712 4313 explicatur

311 4317 383 4375 de
411 4316 683 4376 fidelibus
710 4314 1008 4374 exclusive
1038 4314 1114 4371 ad
1141 4315 1305 4389 alios,
1338 4316 1506 4372 Rom.
1537 4314 1661 4372 xvi.
1692 4316 1787 4388 20,
1825 4318 1852 4371 1
1885 4314 2101 4372 Johan.
2133 4314 2190 4371 ii.
2227 4316 2318 4388 14,
2350 4323 2409 4373 et
2437 4336 2494 4373 v.
2524 4319 2580 4388 4,
2617 4318 2709 4389 18,

314 4400 351 4453 2
385 4397 516 4454 Cor.
547 4395 606 4454 ii.
642 4399 734 4468 14,
785 4394 938 4453 Heb.
982 4393 1042 4452 ii.
1090 4397 1182 4467 14,
1218 4396 1309 4468 15,
1357 4394 1544 4470 Apoc.
1575 4393 1676 4450 xii.
1715 4396 1806 4450 11.
1891 4396 1947 4452 3.
1979 4393 2127 4466 Quia
2170 4394 2331 4471 impii
2376 4415 2479 4471 per
2517 4414 2713 4453 semen

318 4475 615 4551 Serpentis
641 4474 1055 4551 designantur:
1102 4475 1261 4551 Ergo
1289 4493 1405 4531 non
1432 4481 1677 4549 possunt
1704 4472 1812 4530 sub
1841 4472 2057 4531 semine
2099 4473 2356 4531 mulieris
2398 4475 2675 4533 contineri
2700 4498 2715 4551 3

317 4552 472 4612 unde
519 4554 734 4630 passim
782 4555 1078 4631 Scriptura
1124 4573 1225 4612 eos
1253 4562 1424 4612 vocat
1474 4554 1598 4616 υἱοῦς
1650 4558 1865 4632 πονηροῦ,
1895 4553 1938 4611 J
1942 4553 2111 4610 ohan.
2141 4553 2262 4610 viii.
2294 4556 2389 4627 44,
2439 4557 2467 4611 1
2501 4555 2541 4613 J
2547 4555 2716 4614 ohan.

321 4632 403 4691 iii.
434 4634 488 4705 8,
515 4632 650 4691 Act.
680 4633 802 4691 xiii.
832 4636 923 4708 10,
939 4635 1235 4710 proqem'es
1254 4634 1597 4710 viperarum,
1624 4633 1795 4691 Matt.
1825 4632 1905 4691 iii.
1929 4635 1984 4707 7,
2009 4651 2124 4690 non
2153 4632 2384 4709 quidem
2406 4635 2632 4711 proprie
2663 4645 2721 4693 ct

370 3271 552 3316 Fontes
576 3268 712 3314 Solu·

436 3329 643 3374 tionum.
