3221 5200
239 333 447 385 cums-r.
478 313 640 398 xus]
1175 353 1181 360 -
1243 335 1320 376 m:
1351 337 1503 378 Laos
1535 337 1655 379 nst.
2560 320 2637 379 73

240 495 425 535 corum
450 476 575 535 ulla
612 496 860 555 usquam
899 484 1000 536 ant
1028 477 1431 554 Barbarorum,
1475 498 1583 538 nec
1610 480 1733 538 ulla
1761 481 1939 553 Gens,
1971 479 2047 537 ad
2074 497 2247 557 quam
2283 476 2634 556 septimanae,

237 556 295 614 in
319 576 430 634 qua
455 576 749 633 vacamus,
775 557 1132 617 consuetudo
1153 559 1386 617 minime
1408 559 1796 635 pervenerit.''
1867 558 2047 637 Apud
2076 559 2390 634 Tibullum,
2421 559 2521 617 lib.
2552 560 2634 620 iii.

239 637 396 775 {leg
415 640 471 712 3,
485 636 624 773 ldies
656 638 891 697 Saturni
917 646 1161 697 vocatur
1188 639 1307 698 dies
1333 659 1521 699 sacra.
1604 638 1761 698 Vide
1789 638 1957 718 plura
1976 640 2132 717 apud
2148 640 2355 698 Euseb.
2382 639 2633 717 Praepar.

292 737 398 776 van
442 761 455 775 .
513 761 527 775 .
557 717 682 775 xiii.
713 738 763 777 c.
797 720 891 776 13.

315 737 451 855 XI}
498 796 777 870 Quamvis
807 798 968 856 Deus
995 817 1100 875 per
1127 796 1352 857 Mosem
1390 806 1741 892 praeceptum
1769 798 1843 857 de
1875 797 2171 857 Sabbatho
2199 805 2400 857 notum
2428 797 2635 858 fecisse

239 875 451 935 dicatur
476 877 521 935 J
523 876 723 953 udaeis,
755 877 1079 954 emphatica
1106 878 1279 936 etiam
1301 879 1637 950 attentioms
1664 878 2073 955 provocatione
2102 879 2415 955 praemissa,
2441 878 2634 938 Exod.

237 956 350 1013 xvi.
379 958 475 1030 29,
508 964 567 1015 et
595 957 762 1015 xxxi.
797 959 899 1032 13;
947 957 1157 1016 Ezech.
1188 978 1290 1015 xx.
1326 961 1433 1032 123
1481 959 1722 1016 Nehem.
1752 959 1833 1016 ix.
1869 961 1983 1017 14:
2027 958 2160 1016 Non
2210 959 2485 1034 sequitur,
2516 977 2636 1016 non

234 1035 402 1093 fuisse
431 1036 507 1093 ab
534 1036 700 1094 initio
720 1037 843 1113 jam
871 1036 1217 1096 institutum.
1303 1037 1451 1111 Quia
1478 1058 1594 1095 non
1624 1044 1848 1098 tantum
1877 1037 2089 1096 dicitur
2104 1037 2246 1112 dari,
2272 1036 2430 1114 quod
2448 1038 2635 1115 primo

231 1113 562 1189 instituitur,
605 1115 708 1174 sed
736 1116 910 1174 etiam
937 1116 1094 1193 quod
1122 1124 1449 1192 renovatur,
1494 1117 1544 1176 si
1572 1116 1719 1176 forte
1768 1117 2135 1176 obliteratum
2166 1117 2263 1175 vel
2303 1117 2634 1195 neglectum

232 1194 415 1267 fuerit,
445 1195 543 1253 vel
580 1194 736 1271 quod
774 1215 927 1254 novo
964 1205 1023 1254 et
1063 1196 1361 1255 illustriori
1401 1197 1574 1255 modo
1607 1197 1761 1256 clare
1798 1216 1866 1256 ac
1908 1197 2181 1255 distincte
2218 1198 2633 1274 promulgatur.

237 1274 326 1333 Sic
357 1275 513 1332 Psal.
544 1275 743 1333 clxvii.
778 1278 870 1350 19,
904 1276 1066 1334 Deus
1093 1274 1306 1334 dicitur
1332 1275 1561 1335 dedisse
1595 1276 1825 1336 Statuta
1854 1296 1960 1335 sua
1986 1285 2045 1335 et
2072 1277 2116 1335 J
2120 1296 2223 1335 ura
2253 1276 2472 1353 Israe'li,
2517 1297 2635 1336 non

233 1354 312 1412 sic
337 1354 545 1413 fecisse
573 1355 680 1412 ulli
708 1354 887 1432 genti,
917 1374 1037 1413 non
1064 1355 1326 1414 absolute
1354 1363 1414 1414 et
1441 1355 1794 1434 simpliciter,
1827 1357 1965 1434 quia
2005 1364 2209 1433 gentes
2251 1366 2461 1432 gerunt
2488 1376 2635 1436 opus

232 1434 404 1510 Legis
442 1435 721 1510 seriptum
750 1434 811 1491 in
838 1434 1110 1493 cordibus
1147 1435 1285 1509 suis,
1319 1435 1488 1493 Rom.
1517 1435 1576 1494 ii.
1612 1439 1703 1511 15,
1737 1435 1841 1494 sed
1878 1436 2194 1495 secundum
2223 1436 2364 1512 quid
2392 1444 2451 1496 et
2478 1456 2632 1495 com·

228 1523 438 1590 parate,
471 1513 693 1572 ratione
721 1514 1108 1588 revelationis,
1138 1532 1269 1591 quae
1296 1514 1448 1574 facta
1474 1523 1564 1575 est
1590 1516 1651 1572 in
1678 1515 1896 1575 Verbo.
1983 1515 2204 1594 Eodem
2233 1516 2405 1575 modo
2432 1525 2635 1575 notum

227 1592 428 1652 secisse
450 1592 664 1652 dicitur
686 1593 1060 1668 Sabbathum,
1085 1612 1202 1671 quo
1225 1595 1367 1670 Lex,
1393 1603 1451 1654 et
1472 1604 1776 1672 praecepta,
1800 1603 1859 1654 et
1881 1604 2113 1670 statuta,
2134 1614 2264 1672 quoe
2285 1615 2388 1672 per
2408 1596 2636 1655 Mosem

228 1681 513 1750 praecepta
554 1672 867 1750 dicuntur3
921 1673 1047 1732 Ista
1086 1674 1239 1732 enim
1281 1675 1712 1752 conjunguntur
1752 1674 1906 1753 apud
1957 1675 2197 1733 Nehem.
2240 1674 2322 1733 ix.
2370 1678 2463 1733 14.
2548 1674 2636 1734 At

228 1771 392 1811 nemo
418 1772 636 1829 negare
651 1761 856 1833 'potest
885 1753 1103 1831 Legem
1136 1753 1324 1829 istam,
1356 1755 1632 1813 moralem
1670 1754 1813 1827 scil„
1846 1754 2038 1813 datam
2067 1762 2239 1811 antea
2264 1752 2458 1829 fuisse,
2482 1761 2549 1813 ut
2576 1761 2636 1812 et

227 1841 440 1891 statuta
468 1841 528 1890 et
574 1841 862 1910 praecepta
898 1833 1318 1893 caeremonialia
1345 1834 1507 1893 varia
1538 1835 1600 1892 in
1638 1833 2048 1894 sacrificiorum
2085 1840 2146 1892 et
2182 1832 2636 1893 circumcisionis

225 1911 605 1971 institutione.

302 1991 489 2050 XVI.
533 1992 677 2066 Quoe
705 1993 841 2051 data
869 2000 1006 2052 sunt
1032 1993 1413 2052 communiter
1440 1994 1724 2070 omnibus,
1756 1991 1906 2052 nihil
1927 1990 2120 2054 obstat
2141 1993 2486 2071 quibusdam
2509 1991 2636 2050 dari

228 2071 568 2149 specialiter,
613 2092 745 2131 cum
779 2072 1104 2150 emphatica
1144 2073 1531 2149 distinctione,
1577 2081 1636 2132 et
1673 2073 1907 2151 quidem
1949 2074 2010 2130 in
2048 2074 2278 2150 signum
2314 2071 2633 2132 sanctifica-

226 2151 395 2210 tionis
424 2152 720 2228 ipsorum;
767 2152 814 2210 si
844 2172 973 2229 quse
1011 2152 1149 2211 olim
1188 2153 1569 2212 communiter
1605 2153 1743 2211 data
1784 2161 1934 2228 sunt,
1980 2161 2040 2212 et
2078 2172 2183 2230 per
2216 2152 2635 2229 negligentiam

229 2232 454 2305 omissa,
498 2231 597 2290 vel
639 2231 961 2307 obliterata,
1008 2232 1354 2309 quibusdam
1398 2241 1600 2309 postea
1643 2232 2034 2306 restituantur,
2077 2241 2136 2290 et
2174 2232 2521 2309 specialibus
2560 2231 2634 2290 de

228 2311 412 2368 causis
441 2311 951 2387 commendentur-3
981 2311 1137 2388 quod
1164 2312 1261 2369 hic
1288 2311 1529 2370 obtinet.
1615 2310 1782 2369 Licet
1804 2331 1942 2388 ergo
1976 2311 2333 2370 Sabbathum
2362 2312 2421 2368 in
2449 2312 2636 2389 prima

228 2409 328 2447 sua
355 2390 719 2449 institutione
746 2391 1013 2449 habuerit
1039 2410 1180 2449 usus
1209 2409 1541 2449 communes
1571 2389 1854 2465 omnibus,
1886 2398 1944 2448 et
1971 2394 2139 2450 finem
2168 2390 2514 2467 generalem,
2545 2391 2634 2449 ni-

227 2470 432 2528 mirum
463 2469 538 2527 ad
567 2470 901 2529 memoriam
932 2469 1250 2528 Creationis
1279 2468 1699 2543 celebrandam,
1741 2489 1915 2547 opera
1944 2471 2059 2528 Dei
2087 2471 2543 2547 contemplanda,
2576 2480 2636 2531 et

227 2550 443 2608 cultum
475 2549 589 2608 Dei
615 2549 912 2627 publicum
941 2549 1360 2623 exercendum3
1407 2548 1568 2608 Nihil
1587 2557 1766 2624 vetat,
1791 2549 2099 2626 quominus
2122 2549 2515 2609 Israelitarum
2544 2570 2633 2610 re-

227 2638 426 2705 spectu
454 2629 601 2688 fines
629 2630 909 2707 speciales
936 2629 1219 2689 habuerit.
1305 2630 1389 2689 Ut
1412 2629 1542 2705 Iris,
1567 2649 1696 2707 quae
1720 2630 1949 2708 signum
1971 2630 2187 2707 alioqui
2207 2631 2469 2689 naturale
2491 2638 2632 2707 erat,

224 2708 376 2767 facta
412 2709 524 2767 fuit
563 2709 795 2786 signum
840 2709 1252 2767 sacramentale
1289 2709 1390 2783 rei,
1438 2726 1612 2786 quam
1649 2728 1766 2768 non
1800 2718 1970 2768 antea
2005 2710 2335 2785 indicasset,
2367 2710 2636 2787 quamvis

225 2789 552 2863 extitisset;
598 2789 694 2847 Ita
731 2789 887 2865 quod
926 2789 1156 2865 signum
1194 2797 1317 2847 erat
1352 2789 1524 2848 unius
1560 2789 1842 2864 beneficii,
1882 2789 2087 2866 potuit,
2125 2790 2434 2849 accedente
2482 2810 2637 2849 nova

224 2867 627 2949 benedictione
648 2876 707 2927 et
735 2868 1113 2942 institutione,
1147 2868 1194 2926 si
1281 2888 1375 2926 um
1398 2888 1525 2927 esse
1548 2869 1796 2946 speciale
1818 2869 1890 2927 iis
1913 2869 2124 2946 quibus
2146 2870 2481 2948 ampliatum
2510 2878 2635 2929 erat

225 2947 586 3007 beneficium.
673 2948 806 3007 Hoc
844 2967 1019 3007 sensu
1058 2947 1151 3005 Ex
1233 2992 1247 3006 .
1289 2948 1455 3006 xxxi.
1500 2951 1592 3022 13,
1634 2957 1692 3007 et
1730 2948 1943 3007 Ezech.
1983 2969 2086 3007 xx.
2135 2952 2226 3023 12,
2275 2949 2634 3008 Sabbathum

227 3027 438 3087 dicitur
466 3027 666 3087 datum
696 3028 978 3087 Israelitis
1006 3027 1067 3084 in
1106 3027 1337 3104 signum
1366 3027 1632 3104 speciale,
1663 3036 1729 3086 ut
1756 3046 1792 3084 a
1818 3027 2055 3103 reliquis
2094 3028 2365 3103 gentibus
2404 3048 2633 3104 separa·

227 3118 442 3183 rentur,
472 3107 726 3167 maxime
764 3107 838 3166 ab
868 3107 1191 3185 AEgyptiis,
1222 3126 1327 3183 per
1362 3126 1565 3164 verum
1604 3106 1719 3164 Dei
1757 3106 1995 3180 cultum,
2022 3106 2179 3182 quod
2217 3105 2361 3164 alias
2401 3106 2634 3184 signum

226 3196 349 3246 crat
380 3206 705 3246 commune.
1314 3204 1327 3217 ·

305 3266 522 3324 XVII.
570 3266 737 3325 Licet
765 3264 1029 3325 Adamus
1070 3265 1131 3324 in
1169 3272 1325 3325 statu
1363 3262 1706 3324 innocentiae
1738 3263 1935 3341 justus
1972 3271 2031 3323 et
2068 3270 2303 3322 sanctus
2340 3262 2636 3322 debuisset

226 3346 484 3423 quotidie
515 3347 706 3405 Deum
734 3347 940 3421 colere,
980 3355 1039 3405 et
1067 3366 1240 3423 opera
1278 3346 1405 3425 ejus
1443 3344 1853 3423 contemplari3
1900 3343 2032 3403 Non
2061 3343 2253 3402 obstat
2280 3342 2391 3402 hoc
2419 3351 2631 3418 tamen,

226 3427 364 3502 quin
391 3434 609 3485 statum
638 3427 890 3502 aliquem
916 3426 1070 3485 diem
1098 3426 1310 3484 habere
1338 3425 1618 3502 debuerit,
1649 3445 1765 3502 quo
1794 3424 2089 3483 solennem
2118 3424 2336 3482 cultum
2359 3431 2418 3482 et
2444 3423 2634 3501 publi-

227 3526 355 3564 cum
386 3506 517 3564 Deo
554 3504 836 3581 redderet,
882 3505 1180 3580 cessandO,
1223 3525 1340 3563 non
1368 3504 1599 3582 quidem
1640 3505 1715 3563 ab
1753 3503 2023 3581 operibus
2054 3504 2299 3582 justitiae
2327 3513 2385 3564 et
2422 3504 2629 3579 laudis,

224 3604 352 3661 quae
379 3586 660 3644 continua
685 3584 1009 3644 debuerunt
1046 3605 1190 3647 esse.
1233 3584 1337 3644 sed
1363 3605 1399 3643 a
1425 3584 1721 3644 laboribus
1760 3585 1880 3643 suis
1908 3583 2260 3661 quotidianis
2297 3584 2357 3641 in
2387 3585 2632 3643 colendo

225 3665 510 3741 paradiso,
543 3663 755 3742 quibus
782 3685 857 3722 ex
886 3665 998 3723 Dei
1025 3665 1360 3742 praescripto
1386 3664 1559 3723 etiam
1587 3663 1918 3724 incumbere
1936 3664 2152 3739 debuit,
2176 3664 2314 3723 licet
2340 3665 2486 3723 citra
2512 3685 2633 3723 mo-

226 3743 453 3804 lestiam
481 3753 542 3804 et
569 3744 823 3819 taedium,
852 3752 919 3802 ut
944 3753 1148 3821 postea
1174 3764 1278 3821 per
1304 3751 1602 3822 peccatum
1632 3744 1894 3821 contigit.

306 3824 562 3883 XVIII.
606 3823 886 3898 Quamvis
912 3824 975 3881 in
1002 3825 1124 3883 vita
1155 3824 1615 3882 Patriarcharum
1652 3844 1772 3883 non
1798 3824 1901 3881 fiat
1937 3823 2154 3882 mentio
2184 3841 2458 3899 expressa
2488 3822 2633 3881 Sab-

226 3902 386 3963 bathi
414 3904 491 3962 ab
519 3904 663 3982 ipsis
690 3903 983 3962 observati
1005 3925 1020 3978 3
1058 3904 1190 3962 Non
1213 3903 1472 3981 sequitur
1490 3922 1607 3962 non
1629 3903 1806 3962 fnisse
1829 3903 2125 3979 cognitum
2147 3901 2242 3959 vel
2264 3901 2634 3959 observatum

229 3984 461 4042 omnino
497 3983 574 4043 ab
622 3983 781 4061 ipsis,
822 3982 960 4060 quia
1002 3983 1409 4061 compendiosa
1446 3991 1535 4042 est
1572 3982 1841 4055 narrati0,
1879 3982 1940 4039 in
1967 4000 2083 4058 qua
2119 4000 2236 4038 non
2272 3999 2508 4037 necesse
2546 3987 2637 4038 est

231 4064 420 4121 omnia
449 4064 704 4141 reperiri,
769 4084 858 4121 uae
880 4063 956 4121 ad
977 4062 1133 4140 ipsos
1153 4063 1551 4140 pertinebant3
1586 4062 1741 4121 Satis
1761 4061 1871 4119 fuit
1896 4060 2135 4138 Spiritui
2161 4059 2219 4118 S.
2244 4078 2312 4117 ea
2330 4059 2633 4135 attingere,

231 4161 353 4219 quae
382 4143 676 4202 faciebant
696 4084 771 4202 ad
793 4144 920 4221 ejus
937 4162 1191 4220 scopum,
1212 4143 1484 4200 nimirum
1501 4141 1838 4200 confirmare
1854 4139 2264 4218 promissiones
2291 4138 2472 4196 factas
2493 4137 2637 4214 ipsis

230 4221 298 4280 de
328 4223 565 4282 Semina
593 4222 916 4298 benedicto,
947 4229 1006 4281 et
1025 4232 1222 4282 texere
1251 4221 1649 4299 genealogiam
1678 4221 1932 4297 ipsorum
1954 4219 2030 4293 ad
2048 4218 2353 4277 veritatem
2380 4216 2637 4276 historiae

231 4301 710 4380 cognoscendam.
798 4302 894 4361 Sic
920 4303 1082 4360 nulla
1101 4303 1319 4360 mentio
1339 4300 1406 4360 fit
1430 4301 1711 4361 Sabbathi
1738 4299 2028 4358 observati
2056 4306 2313 4374 tempore
2335 4297 2379 4356 J
2380 4297 2632 4373 udicum,

231 4389 287 4440 et
316 4382 606 4441 Samuelis
630 4404 646 4457 ς
689 4381 843 4440 unde
872 4388 1065 4440 tamen
1093 4382 1224 4459 quis
1250 4401 1550 4459 perperam
1579 4380 1880 4457 colligeret
1906 4398 2021 4436 non
2044 4377 2413 4436 observatum
2435 4377 2632 4437 fuisse.

233 4464 285 4517 2.
309 4462 445 4520 Non
471 4461 726 4539 legimus
756 4461 1120 4520 Patriarchas
1146 4461 1268 4519 ulla
1296 4469 1447 4519 stata
1472 4466 1733 4537 tempora
1761 4458 2099 4517 observasse
2127 4456 2204 4514 ad
2242 4457 2461 4516 cultum
2487 4458 2634 4535 pub-

232 4539 406 4599 licum
437 4542 588 4618 Dei;
637 4542 714 4600 Et
751 4548 945 4600 tamen
982 4540 1169 4617 pietas
1206 4542 1461 4618 ipsorum
1499 4559 1606 4598 nos
1645 4538 1909 4598 dubitare
1936 4544 2112 4613 vetat,
2156 4545 2344 4597 certos
2370 4537 2497 4597 dies
2532 4538 2636 4596 ha-

233 4618 431 4681 buisse
470 4641 669 4683 sacros
709 4630 769 4680 et
809 4622 1078 4685 solennes
1118 4621 1300 4682 cultui
1330 4620 1442 4681 Dei
1484 4626 1866 4681 consecratos.
1950 4617 2122 4678 Tales
2149 4626 2341 4679 autem
2367 4618 2494 4678 dies
2520 4637 2638 4676 non
