3221 5200
574 346 693 402 204
1493 353 1676 394 Locus
1705 352 2105 394 nvom-,cums
2592 328 2841 409 [Quaesr.
2870 344 2963 386 vu.

568 522 687 561 non
715 499 887 560 modo
929 496 1161 576 popu10,
1195 495 1298 554 sed
1339 503 1399 554 et
1428 495 1581 553 Mosi
1612 494 1739 572 ipsi,
1771 494 1872 572 qui
1914 493 2125 552 dicitur
2165 492 2298 550 ideo
2335 488 2553 571 ἵηςομος
2596 489 2790 563 fuisse,
2824 487 2962 545 Eeb.

568 582 671 640 xii.
703 586 798 655 21,
844 589 966 639 tum
1021 577 1299 635 mutabilis
1353 584 1412 634 et
1467 576 1769 649 transiens,
1815 583 2014 650 utpote
2068 572 2440 652 ωιςγουμέη
2496 579 2553 629 et
2609 567 2962 645 antiquanda,

568 666 609 799 Ξ
648 661 777 721 Cor.
820 660 901 719 iii.
958 661 1049 733 11,
1094 655 1251 734 quod
1293 654 1558 733 apparuit
1598 655 1661 711 in
1703 653 2006 731 splendore
2049 653 2217 711 faciei
2263 652 2449 710 Mosis
2496 650 2597 727 qui
2639 667 2964 708 evanescere

611 741 787 815 ebuit‚
819 761 877 798 v.
909 744 965 798 7.

567 851 611 896 ²·
626 851 1035 980 {gffifmssffit
1097 809 2965 973 ve}¹5ssss‘sffihffi{uilti'ssffifnidd¹Zfissss551iiiai'neiss1e5r‘iffssssffi

626 973 701 1014 ω*
725 969 1009 1022 Chmtum;
1093 985 1153 1035 et
1193 975 1592 1053 promissionis
1637 974 2010 1050 Evangelicae
2051 973 2317 1049 pertinet.
2404 971 2546 1045 Quae
2595 965 2965 1027 diversimode

568 1055 758 1129 etiam,
790 1061 848 1112 et
875 1074 978 1130 per
1005 1056 1199 1114 varios
1241 1054 1457 1132 gradus
1509 1054 1909 1113 administrata
1952 1052 2079 1112 fuit.
2165 1052 2509 1110 Continebat
2539 1070 2616 1108 ex
2657 1055 2817 1125 parte
2846 1045 2962 1117 Dei,

567 1142 691 1192 tum
738 1134 1023 1194 Christum
1069 1136 1260 1212 ipsum
1308 1134 1543 1193 foederis
1602 1133 2039 1192 fundamentum
2088 1132 2434 1210 promissum
2482 1131 2544 1188 in
2591 1126 2867 1200 Oraculis,
2914 1134 2967 1182 ct

566 1213 842 1272 latentem
871 1213 978 1271 sub
1007 1216 1164 1292 typis
1194 1215 1679 1288 caeremonim,
1711 1214 1953 1291 ejusque
1995 1213 2310 1289 passioneS,
2343 1209 2795 1279 crucifixionem,
2825 1225 2961 1262 mor-

567 1301 702 1367 tem,
747 1301 806 1351 et
849 1293 1110 1370 gloriam,
1157 1294 1457 1354 obscurius
1499 1293 1735 1371 quidem
1779 1301 1837 1351 et
1877 1294 2104 1367 tectius,
2148 1292 2302 1350 unde
2335 1289 2724 1367 Evangelium
2766 1286 2962 1344 dicitur

564 1372 742 1431 fuisse
772 1372 908 1431 olim
936 1375 1274 1451 mysterium
1303 1373 1723 1447 absconditum,
1747 1373 1915 1431 Rom.
1935 1373 2056 1431 xvi.
2077 1375 2171 1446 25,
2186 1372 2322 1449 quia
2349 1372 2591 1430 obscure
2620 1366 2962 1446 propositum

567 1453 675 1511 sub
704 1453 882 1511 variis
924 1452 1240 1531 figurarum
1269 1453 1434 1528 velis,
1480 1452 1583 1512 sed
1612 1462 1803 1511 tamen
1832 1453 1930 1528 ita,
1960 1461 2027 1511 ut
2068 1472 2171 1530 per
2212 1452 2343 1509 illas
2384 1449 2640 1529 potuerit
2682 1444 2958 1522 transpici,

566 1565 634 1612 E,
712 1567 1049 1625 promissiones
1090 1542 1157 1593 ut
1205 1553 1239 1592 a
1270 1533 1436 1591 Mose
1479 1532 1712 1607 factum,
1761 1532 1914 1592 Heb.
1959 1533 2040 1591 xi.
2072 1536 2187 1607 263
2252 1541 2376 1590 tum
2408 1529 2825 1607 promissiones,
2854 1534 2962 1583 tam

624 1627 916 1695 temporales
997 1631 1049 1672 et
1091 1612 1453 1690 temporales,
1484 1632 1658 1690 quam
1686 1612 2031 1688 spirituales,
2062 1632 2208 1690 quas
2234 1611 2295 1669 in
2338 1630 2399 1669 se
2441 1609 2702 1668 includit·
2731 1604 2962 1665 formula

624 1684 917 1742 spintuales.
1091 1693 1340 1768 foederis,
1385 1695 1516 1768 qu
1560 1712 1682 1751 sum
1727 1695 1886 1750 Deus
1934 1702 2074 1767 tuus,
2107 1689 2215 1750 &c.
2299 1689 2674 1767 Temporales
2722 1685 2958 1764 quidem,

564 1771 765 1847 quales
792 1780 955 1830 erant
983 1772 1289 1832 haereditas
1317 1781 1481 1831 terrae
1513 1774 1836 1845 Canaan,et
1865 1772 2296 1831 benedictiones
2317 1778 2576 1844 terrenae,
2602 1789 2734 1845 quse
2751 1765 2959 1843 prolixe

561 1851 901 1926 referuntur,
932 1853 1105 1912 Dent.
1135 1853 1503 1929 xxviii.,quae
1533 1854 1591 1910 in
1621 1873 1692 1912 ea
1713 1853 1980 1911 fidelibus
2002 1852 2111 1910 Dei
2135 1850 2452 1910 cultoribus
2473 1848 2957 1926 promittebantur,

563 1931 753 1989 minus
781 1931 1173 2009 principaliter
1200 1943 1258 1992 et
1285 1932 1626 1992 secundario
1653 1941 1889 2010 propter
1916 1932 2214 2009 ingenium
2244 1930 2441 2007 populi
2462 1927 2770 1988 Israelitici
2787 1925 2960 1984 adhuc

563 2011 800 2069 infantis
849 2020 907 2070 et
955 2014 1282 2072 carnalibus
1330 2013 1516 2089 magis
1555 2012 1732 2087 affixi,
1779 2032 1954 2089 quam
1996 2011 2425 2089 spiritualibu53
2488 2009 2606 2068 Sed
2652 2004 2961 2086 spirituales

562 2090 833 2167 primario
862 2099 921 2150 et
946 2094 1355 2170 principaliter,
1387 2102 1453 2152 ut
1480 2092 1746 2152 absolute
1775 2092 2132 2151 necessarias
2162 2091 2236 2148 ad
2265 2091 2528 2148 salutem.

643 2170 878 2229 XLIV.
924 2173 1203 2246 Quamvis
1233 2193 1370 2232 vero
1398 2173 1664 2231 revelatio
1708 2172 1820 2231 ista
1861 2171 2063 2249 gratiae
2106 2170 2404 2229 obscurior
2445 2169 2620 2228 fuerit
2650 2177 2710 2227 et
2748 2163 2960 2243 parcior

562 2249 756 2326 quoad
783 2254 1023 2326 modum,
1057 2263 1255 2331 utpote
1284 2273 1414 2331 quae
1443 2261 1565 2312 tota
1592 2254 1947 2328 aenz'qmatica
1988 2259 2110 2311 crat
2151 2259 2211 2310 et
2249 2250 2575 2326 specularis,
2609 2258 2670 2309 et
2697 2247 2827 2307 talis
2853 2262 2959 2321 qua

566 2330 830 2422 Cluistus
872 2333 1103 2391 nonnisi
1147 2334 1257 2393 sub
1285 2333 1417 2392 velo
1459 2341 1685 2410 poterat
1714 2333 1986 2411 conspici,
2017 2341 2083 2390 ut
2125 2331 2263 2389 olim
2309 2331 2524 2404 Moses,
2571 2333 2607 2387 2
2642 2330 2771 2388 Cor.
2802 2325 2878 2383 iii.
2908 2327 2956 2397 7,

562 2408 671 2468 fuit
700 2419 890 2470 tamen
920 2412 1206 2471 sufficiens
1235 2412 1426 2489 quoad
1452 2415 1834 2472 substantiam.
1890 2411 2060 2472 Unde
2089 2410 2343 2488 cognitio
2363 2411 2664 2485 Veterum,
2687 2416 2746 2467 et
2772 2422 2955 2465 eorum

561 2488 707 2548 fides
734 2491 836 2548 illa
877 2492 1182 2568 nitebatur,
1215 2502 1343 2551 utut
1384 2493 1615 2551 diversa
1657 2494 1830 2552 fuerit
1871 2491 2064 2569 quoad
2105 2489 2582 2563 circumstantias,
2615 2498 2676 2548 et
2717 2485 2954 2557 modum,

564 2577 623 2628 et
652 2569 932 2647 implicita
958 2572 1069 2631 hoc
1099 2592 1273 2632 sensu
1301 2581 1360 2631 et
1387 2573 1626 2632 confusa
1653 2573 1771 2631 dici
1797 2573 1998 2650 possit,
2042 2591 2145 2649 per
2172 2590 2344 2648 quam
2373 2590 2466 2628 res
2492 2569 2731 2647 quidem
2759 2583 2956 2642 cogno-

566 2649 762 2740 scitur,
795 2651 898 2708 sed
926 2671 1041 2709 non
1070 2652 1151 2710 ita
1179 2660 1244 2710 ut
1272 2652 1587 2710 secundum
1618 2654 1827 2728 omnia,
1858 2654 2069 2730 quibus
2098 2652 2172 2710 ab
2200 2651 2329 2709 aliis
2358 2652 2531 2709 rebus
2573 2646 2955 2725 distinguitur,

563 2738 739 2786 etlam
788 2738 1187 2805 cognoscatur.
1272 2730 1441 2806 Quod
1488 2732 1845 2791 intellectum
1872 2732 2142 2790 volumus
2190 2731 2262 2790 de
2309 2740 2457 2789 statu
2489 2730 2768 2788 Ecclesiae
2797 2727 2867 2783 V.
2896 2723 2956 2780 T.

564 2827 681 2865 non
710 2828 848 2866 vero
880 2809 952 2867 de
1000 2811 1084 2867 lu's
1113 2811 1207 2869 vel
1237 2812 1345 2868 illis
1373 2812 1689 2888 individuis,
1722 2812 2075 2886 Abrahamo,
2110 2812 2296 2885 Mose,
2330 2810 2576 2884 Davide,
2609 2819 2670 2868 et
2698 2808 2839 2880 aliis,
2868 2803 2958 2880 qui

562 2887 815 2980 uberiori
844 2890 1247 2965 mysteriorum
1276 2890 1605 2951 divinorum
1634 2892 1963 2971 cognitione
1992 2891 2223 2949 fuerunt
2249 2889 2494 2968 praediti.
2580 2889 2716 2947 Non
2743 2886 2850 2946 fuit
2875 2893 2950 2941 ta·

563 2988 698 3026 men
724 2967 954 3027 dtversa
982 2970 1175 3047 quoad
1216 2970 1614 3048 substantiam,
1645 2982 1704 3032 et
1744 2992 1860 3030 non
1901 2972 2092 3030 minus
2135 2970 2390 3029 servavit
2430 2970 2578 3043 illos,
2611 2988 2787 3045 quam
2827 2963 2958 3022 fides

564 3049 673 3107 sub
703 3049 871 3108 Novo
902 3050 1059 3109 Test.
1089 3071 1196 3110 nos
1224 3061 1418 3111 servat
1442 3073 1456 3128 3
1501 3053 1639 3130 quia
1668 3052 1932 3112 Christus
1961 3059 2171 3124 servat,
2202 3070 2319 3109 non
2348 3070 2464 3128 qua
2489 3049 2743 3126 perfecte
2773 3042 2956 3121 cogni·

562 3139 674 3205 tua,
706 3138 765 3188 et
794 3130 1110 3190 secundum
1139 3151 1339 3191 omnes
1361 3132 1838 3208 circumstantiae,
1870 3131 1974 3190 sed
2002 3140 2067 3190 ut
2093 3150 2229 3189 vere
2259 3150 2325 3188 ac
2355 3130 2503 3188 serio
2531 3129 2933 3205 apprehensus.

680 3248 849 3298 Qualis
870 3253 991 3295 erat.
1172 3212 1371 3272 XLV.
1403 3213 1504 3271 Ad
1525 3214 1666 3273 istas
1685 3212 2095 3291 promissiones
2118 3210 2444 3286 spirituales
2464 3209 2772 3286 pertinent,
2793 3206 2954 3264 1.Re·

622 3305 664 3350 1.
684 3307 925 3353 Remissio
949 3323 1050 3366 peo-
1090 3294 1276 3352 missio
1309 3303 1672 3368 peccatorum
1714 3302 1773 3352 et
1797 3291 2127 3370 justificatio
2147 3314 2172 3364 ‚·
2213 3310 2342 3366 quae
2384 3297 2450 3347 ut
2483 3289 2798 3364 derogatur
2825 3280 2958 3358 Legi

694 3369 932 3412 catorum.
1088 3373 1412 3448 causaliter,
1445 3382 1502 3431 et
1530 3373 1589 3429 in
1621 3393 1682 3431 se
1710 3372 2120 3445 consideratae3
2164 3369 2246 3428 ita
2273 3369 2410 3427 fidei
2450 3369 2510 3426 in
2539 3368 2831 3427 Christum
2862 3362 2953 3422 tri-

562 3449 778 3541 buitur,
810 3450 943 3508 Act.
977 3451 1111 3542 fiii.
1143 3454 1239 3526 39,
1273 3453 1442 3510 Rom.
1486 3453 1564 3509 iv.
1597 3457 1651 3528 7,
1697 3461 1755 3511 et
1787 3452 2056 3510 Patribus
2097 3449 2453 3523 vendicatur,
2502 3457 2569 3507 ut
2611 3447 2953 3513 AbrahamO,

566 3528 799 3601 Dav1d1,
830 3538 889 3585 et
916 3529 1062 3604 aIuS,
1116 3530 1270 3589 Psal.
1301 3531 1507 3605 xxxii„
1542 3532 1710 3590 Rom.
1742 3532 1838 3606 iv.,
1882 3531 2019 3590 licet
2059 3530 2248 3588 minus
2290 3529 2598 3588 sentiretur
2639 3528 2716 3585 ob
2760 3524 2957 3584 nubem

619 3651 665 3694 2.
697 3650 925 3709 Adoptio.
1085 3608 1234 3686 legis
1262 3610 1658 3686 interpositam
1704 3619 1763 3669 et
1791 3612 2134 3669 solutionem
2178 3609 2434 3667 nondum
2472 3617 2606 3666 actu
2634 3606 2955 3684 praestitam.

1086 3692 1141 3747 2.
1169 3690 1433 3765 Adoptzb,
1466 3710 1594 3766 quae
1638 3691 1910 3750 tribuitur
1951 3690 2250 3763 Israelitis,
2281 3708 2398 3747 non
2444 3696 2669 3746 tantum
2715 3694 2957 3751 externa,

564 3766 734 3825 Rom.
779 3766 860 3859 ix.
907 3771 963 3842 4,
1012 3768 1114 3827 sed
1162 3769 1336 3827 etiam
1386 3770 1631 3846 interna,
1684 3771 1807 3829 sine
1858 3790 1974 3847 qua
2014 3770 2116 3827 illa
2159 3769 2381 3828 inutilis
2422 3769 2586 3841 foret,
2634 3767 2766 3826 Gal.
2807 3764 2881 3821 iv,
2909 3764 2959 3832 2,

562 3867 828 3940 quamius
857 3849 1165 3925 conjuncta
1193 3856 1345 3907 esset
1372 3869 1502 3908 cum
1527 3851 1725 3907 servili
1745 3850 2072 3908 conditione
2095 3857 2329 3926 propter
2347 3856 2560 3907 statum
2578 3847 2958 3904 minorennem

560 3927 845 4004 filiorum3
891 3928 995 3985 filii
1024 3937 1203 4003 erant,
1234 3929 1333 4006 qui
1375 3938 1642 4007 poterant
1683 3939 1740 3989 et
1786 3929 2075 3988 debebant
2105 3930 2294 3987 Deum
2323 3936 2388 3986 ut
2419 3928 2649 3985 Patrem
2679 3927 2953 3992 invocare,

559 4008 603 4067 J
607 4009 698 4066 ob.
729 4008 937 4066 xxxiv.
968 4012 1064 4083 36,
1098 4009 1212 4068 Isa.
1243 4008 1388 4067 lxiii.
1424 4013 1515 4084 16,
1548 4010 1653 4069 sed
1680 4010 1787 4067 filii
1828 4009 2194 4067 minorennes
2239 4028 2274 4066 a
2304 4008 2475 4065 Patre
2507 4005 2955 4082 Paedagogorum

560 4087 758 4147 ferulae
787 4097 846 4146 et
874 4087 1057 4165 virgis
1086 4089 1348 4166 subjecti,
1382 4089 1514 4149 Gal.
1547 4089 1624 4148 iv.
1658 4095 1712 4163 2,
1747 4092 1800 4163 3,
1834 4089 1932 4165 qui
1976 4108 2090 4146 non
2134 4087 2587 4146 admittebantur
2631 4085 2706 4142 ad
2752 4090 2957 4143 tantam

615 4220 970 4268 &sanctificati
1083 4168 1526 4228 familiaritatem
1559 4170 1764 4243 Patris,
1809 4178 1874 4227 ut
1915 4169 2117 4227 intima
2153 4167 2380 4226 consilii
2418 4167 2544 4244 ejus
2585 4166 2956 4241 penetrarent.

971 4238 1014 4268 ⁰⁹
1085 4250 1141 4306 3.
1170 4250 1564 4328 Sanctficatio,
1596 4269 1727 4326 quae
1754 4248 1970 4325 passim
2011 4247 2341 4324 praecipitur
2368 4254 2427 4304 et
2467 4243 2819 4321 promittitur
2858 4236 2956 4296 sub

618 4321 660 4365 4.
676 4320 1011 4423 gffisusszffffi·
1084 4328 1160 4387 V.
1192 4328 1579 4402 Testamento,
1615 4329 1756 4387 Lev.
1788 4328 1972 4402 xxvi„
2006 4327 2121 4385 Isa.
2154 4327 2211 4403 i.,
2243 4324 2352 4385 Sec.
2437 4328 2494 4383 4.
2524 4327 2756 4382 Donum
2783 4316 2954 4396 Spiri-

677 4405 876 4486 xxxv'iJ
913 4409 1014 4480 Jer‘.
1088 4416 1174 4465 tus
1196 4408 1296 4484 qui
1325 4409 1730 4467 includebatur
1757 4407 1817 4465 in
1845 4406 2225 4484 promissione
2255 4406 2406 4464 facta
2435 4404 2807 4474 Abrahamo.,
2834 4394 2954 4456 Gal.

676 4496 829 4562 ¹52¹.ss
922 4492 1016 4541 Isa.
1088 4487 1168 4545 iii.
1196 4490 1286 4561 13,
1315 4491 1409 4563 14,
1443 4498 1501 4547 et
1530 4488 1669 4545 alibi
1699 4507 1815 4545 non
1846 4487 2022 4545 semel
2052 4486 2371 4563 promissus
2398 4483 2629 4560 legitur,
2665 4483 2777 4540 Isa.
2799 4478 2954 4545 xliv„

679 4550 802 4594 ‘¹¹¹¹‘
1090 4567 1301 4625 Ezech.
1322 4569 1549 4642 xxxvi„
1567 4568 1743 4625 Zach.
1765 4567 1866 4625 xii.
1891 4568 1983 4640 10,
2005 4567 2105 4643 qui
2124 4575 2316 4625 tamen
2328 4585 2445 4623 non
2455 4584 2525 4623 ‘se
2543 4562 2746 4621 habuit
2764 4556 2956 4617 eodem

559 4641 746 4718 modo,
778 4662 894 4719 quo
925 4645 1030 4703 sub
1062 4645 1230 4704 Novo
1259 4647 1510 4705 Testem.
1544 4647 1925 4706 communiter
1951 4645 2242 4723 loquendo
2272 4645 2343 4705 de
2374 4652 2526 4705 statu
2559 4642 2734 4702 totius
2764 4634 2954 4697 Eccle-
