3221 5200
291 378 517 428 Qufflsr.
550 359 663 442 nn]
1251 379 1329 420 ns
1359 378 1612 420 renni-:ns
1642 379 1908 421 enum.
2595 363 2708 419 169

298 518 399 578 sed
428 520 601 579 etiam
631 517 879 578 ad'illud
908 519 1352 581 observandum.
1441 521 1572 582 Duo
1600 520 1754 580 enim
1783 520 1908 580 haec
1933 519 2210 598 conjungi
2232 539 2458 598 semper
2479 519 2710 595 debent,

295 600 617 677 acceptatio
644 598 895 673 foederis,
927 608 985 659 et
1013 600 1295 678 acceptati
1324 601 1655 660 observatio
1679 623 1694 677 3
1738 599 1884 660 fides
1905 608 2167 678 acceptat
2194 620 2297 677 per
2324 599 2710 677 receptionem

296 679 759 756 promissionum,
791 678 1121 739 obedientia
1152 681 1424 740 observat
1450 701 1553 758 per
1591 680 1988 759 impletionem
2037 680 2474 739 mandatorum:
2517 679 2714 737 Sancti

297 767 479 833 estote,
508 759 644 836 quia
669 768 894 820 saneim
918 781 1060 820 sum.
1144 760 1267 820 Nec
1308 769 1501 820 tamen
1542 762 1654 821 bac
1698 759 1918 820 ratione
1963 759 2334 819 confunditur
2382 757 2712 818 obedientia

301 838 536 914 Legalis
584 846 643 897 et
688 840 1066 916 Evangelica,
1117 839 1255 917 quia
1304 840 1541 917 Legalis
1587 840 1980 918 praescribitur
2027 840 2103 898 ad
2147 838 2477 898 merendam
2506 838 2707 914 vitam,

302 917 659 995 Evangelica
678 939 818 977 vero
836 928 1060 979 tantum
1089 919 1164 978 ad
1181 940 1306 979 eam
1320 920 1746 997 'possidendam
1770 942 1785 980 ι
1829 920 1930 978 illa
1956 919 2231 997 praecedit
2258 927 2324 979 ut
2351 938 2525 977 causa
2551 917 2706 991 vitae,

298 999 423 1055 Fac
449 1000 551 1057 hoc
577 1008 629 1057 et
654 999 817 1073 vives,
848 999 960 1058 ista
988 999 1249 1077 sequitur
1275 1008 1341 1058 ut
1368 1001 1497 1077 ejus
1524 1000 1764 1075 fructus,
1795 1020 1913 1058 non
1950 1009 2015 1059 ut
2042 1001 2227 1074 vivas,
2260 997 2362 1058 sed
2391 999 2524 1075 quia
2551 998 2710 1070 υίυιέη

304 1077 417 1134 Illa
443 1096 558 1135 non
587 1078 912 1138 admittitur
937 1079 1052 1138 nisi
1080 1078 1332 1155 perfecta
1358 1089 1417 1138 et
1444 1080 1714 1140 absoluta
1741 1080 2008 1139 omnibus
2036 1079 2307 1152 numeris,
2341 1078 2465 1137 Ista
2504 1076 2710 1135 admit-

300 1157 442 1216 titur
469 1157 641 1215 etiam
672 1158 1023 1235 imperfecta,
1054 1157 1226 1218 modo
1270 1159 1345 1218 sit
1374 1159 1635 1235 sincera;
1681 1159 1794 1218 Illa
1823 1168 2045 1219 tantum
2079 1159 2319 1236 jubetur
2360 1165 2424 1217 ut
2466 1156 2713 1216 officium

296 1235 566 1312 hominis,
600 1238 722 1298 Ista
749 1238 922 1298 etiam
951 1238 1305 1316 promittitur
1332 1248 1391 1300 et
1419 1239 1587 1299 datur
1614 1249 1680 1298 ut
1708 1238 1921 1298 donum
1955 1239 2084 1298 Dei.

1235 1477 1622 1553 QUAESTIO
1666 1479 1775 1537 IV.

430 1638 724 1704 Quomodo
752 1637 1080 1697 conveniant
1106 1646 1159 1698 et
1184 1637 1452 1713 differant
1478 1639 1625 1698 inter
1649 1659 1707 1697 se
1735 1640 1944 1698 Foedus
1977 1641 2224 1715 Operum
2254 1645 2306 1696 et
2337 1636 2604 1698 Gratia!

298 1821 471 1866 Foedus
501 1836 698 1880 0P0r¹¹¹¹¹
729 1828 779 1868 et
904 1798 953 1855 Ι.
1000 1797 1217 1856 Foedus
1246 1818 1482 1875 operum
1511 1805 1571 1857 et
1598 1798 1802 1875 gratias
1838 1797 1898 1855 in
1928 1797 2105 1855 variis
2134 1796 2505 1855 conveniunt.
2552 1798 2601 1853 1.
2636 1795 2707 1852 In

356 1880 530 1937 gratim
562 1883 783 1927 couveni-
825 1878 1092 1952 Authore,
1123 1878 1222 1955 qui
1250 1878 1557 1955 utrobique
1588 1879 1750 1937 Deus
1778 1886 1884 1952 est,
1916 1877 2009 1936 cui
2038 1876 2146 1934 soli
2168 1876 2270 1954 jus
2303 1874 2576 1953 competit
2606 1874 2706 1932 foe-

358 1944 461 1982 unt.
504 1963 509 1968 ’
823 1958 933 2016 dus
955 1977 1085 2015 cum
1116 1959 1392 2017 Creatura
1413 1957 1726 2017 sanciendi.
1790 1960 1846 2016 2.
1869 1958 1939 2015 In
1962 1957 2222 2032 partibus
2243 1955 2705 2028 contrahentibus,

299 2053 430 2109 quae
452 2044 587 2094 sunt
610 2036 771 2095 Deus
800 2045 858 2096 et
884 2037 1076 2096 homo.
1161 2039 1217 2096 3.
1250 2038 1319 2095 In
1331 2039 1455 2117 fine
1488 2038 1762 2115 yenerali,
1797 2037 1907 2096 Dei
1937 2037 2140 2114 gloria.
2203 2039 2260 2094 4.
2293 2036 2364 2093 In
2376 2038 2581 2111 forma
2609 2054 2705 2093 ex-

299 2113 555 2189 trinseca,
588 2116 724 2192 quia
752 2117 980 2193 utrique
1022 2137 1251 2176 annexa
1280 2127 1369 2177 est
1397 2117 1780 2196 restipulatio·
1845 2120 1901 2175 5.
1937 2117 2006 2176 In
2026 2116 2416 2192 promissione,
2448 2135 2578 2192 quae
2620 2123 2709 2173 est

300 2193 425 2253 vita
451 2202 509 2253 et
538 2195 781 2255 felicitas
810 2197 1062 2256 coelestis
1096 2206 1154 2256 et
1183 2207 1414 2256 aeterna.

417 2328 429 2340 .
908 2277 993 2334 11.
1042 2276 1158 2336 Sed
1202 2277 1263 2334 in
1290 2277 1474 2336 multo
1517 2276 1781 2353 pluribus
1827 2274 2116 2336 differunt.
2205 2279 2256 2334 1.
2304 2275 2550 2334 Ratione
2593 2275 2708 2332 Au-

302 2326 784 2434 Etfflfffffissjl’Au'
825 2356 1000 2415 thoris
1020 2381 1043 2428 ;
1072 2358 1339 2433 quamvis
1366 2357 1518 2416 enim
1552 2357 1713 2414 Deus
1757 2356 1833 2415 sit
1878 2354 2176 2432 utriusque
2205 2356 2438 2414 foederis
2485 2356 2708 2431 author,

825 2436 934 2495 sub
981 2436 1215 2495 diversa
1261 2445 1453 2496 tamen
1494 2436 1661 2512 σχίσιι
1689 2435 2037 2513 spectandus
2079 2444 2205 2512 est;
2270 2435 2330 2493 in
2371 2435 2555 2512 primo
2599 2454 2715 2511 qua

303 2513 541 2575 Creator
567 2523 625 2574 et
655 2515 957 2593 Dominus,
992 2517 1051 2574 in
1080 2516 1333 2575 secundo
1362 2536 1477 2593 qua
1506 2516 1864 2594 Redemptor
1890 2524 1949 2574 et
1980 2517 2153 2575 Pater
2177 2539 2191 2576 ι
2233 2515 2309 2574 ad
2335 2515 2582 2593 primum
2605 2515 2709 2572 im·

303 2593 506 2671 pulsus
533 2594 643 2655 fuit
668 2617 862 2657 amore
891 2605 950 2657 et
989 2596 1394 2658 benevolentia
1435 2618 1575 2675 erga
1603 2597 1938 2657 Creaturam
1980 2597 2282 2675 integram,
2323 2596 2398 2656 ad
2425 2594 2712 2675 posterius

302 2674 697 2735 misericordia
724 2686 783 2738 et
811 2677 999 2755 gratia
1026 2678 1261 2755 speciali
1290 2698 1430 2756 erga
1459 2679 1791 2737 Creaturam
1821 2678 2106 2737 miseram.

481 2811 492 2823 ,
908 2757 1028 2816 ΙΙΙ.
1072 2762 1129 2816 2.
1161 2758 1407 2818 Ratione
1436 2759 1700 2817 Partium
1741 2758 2198 2834 contrahentium,
2243 2757 2394 2816 inter
2429 2775 2575 2832 quas
2602 2755 2708 2814 ini·

302 2810 346 2854 2.
358 2810 783 2915 Passnfflgtcgntrap
825 2846 947 2896 tum
977 2846 1064 2896 est
1092 2837 1282 2897 foedus
1306 2861 1321 2899 z
1364 2859 1496 2897 nam
1527 2838 1587 2896 in
1616 2837 1800 2915 primo
1830 2837 1960 2897 duae
1998 2846 2223 2898 tantum
2253 2838 2500 2912 fuerunt,
2547 2837 2710 2895 Deus

823 2927 883 2977 et
908 2918 1098 2991 homo,
1129 2937 1236 2977 nec
1264 2918 1387 2977 ullo
1415 2939 1561 2996 opus
1591 2918 1702 2977 fuit
1733 2918 2071 2994 Mediatore,
2102 2918 2241 2995 quia
2267 2917 2489 2976 nullum
2519 2916 2709 2975 adhuc

302 2994 604 3055 dissidium
633 2996 741 3056 fuit
770 2996 918 3058 inter
945 3017 1077 3072 eas;
1108 2997 1167 3056 in
1195 2998 1394 3073 altem,
1419 2998 1574 3075 quod
1604 3006 1738 3075 post
1763 2998 1988 3075 lapsum
2019 2998 2302 3057 sancitum
2321 3004 2425 3070 est,
2458 2996 2708 3072 require·

300 3075 473 3134 batur
500 3077 823 3135 necessario
855 3077 1159 3152 Mediator,
1190 3077 1290 3154 qui
1318 3097 1518 3154 pacem
1549 3076 1778 3150 faceret,
1811 3087 1869 3136 et
1909 3077 2173 3135 homines
2212 3078 2357 3149 De0,
2391 3076 2578 3133 Deum
2609 3076 2710 3133 ho·

303 3154 556 3214 minibus
596 3157 1031 3233 reconciliaret;
1095 3156 1237 3216 Ideo
1266 3156 1410 3215 illud
1421 3160 1616 3232 foedus
1656 3158 1920 3214 amicitiae
1946 3164 2202 3230 vocatur,
2237 3155 2406 3213 Istud
2434 3174 2572 3211 vero
2597 3157 2707 3229 foe-

299 3237 408 3373 gns
433 3237 914 3311 reconciliationis,
946 3236 1103 3313 quod
1133 3236 1406 3314 supponit
1432 3235 1740 3295 dissidium
1768 3235 2100 3313 praecedens
2128 3233 2285 3312 quod
2313 3233 2578 3310 componi
2608 3233 2706 3291 de-

341 3314 444 3375 uit.

329 3439 372 3487 3.
405 3439 511 3487 Fun
514 3441 739 3489 <lamento
908 3396 1020 3455 IV.
1052 3400 1106 3456 3.
1140 3395 1387 3456 Ratione
1399 3396 1772 3471 fundamenti
1789 3420 1808 3454 .·
1838 3395 1997 3472 prius
2031 3394 2322 3454 nitebatur
2347 3392 2577 3471 propria
2603 3393 2704 3451 ho·

743 3474 755 3487 ⁸
825 3476 998 3536 minis
1027 3476 1371 3552 obedientia,
1393 3485 1452 3535 et
1479 3485 1699 3536 naturae
1722 3496 1824 3536 seu
1847 3475 2013 3534 liberi
2031 3475 2252 3534 arbitrii
2272 3474 2509 3550 viribus,
2533 3474 2707 3533 homo

302 3554 514 3632 quippe
541 3557 767 3633 positus
792 3556 902 3616 fuit
930 3556 989 3613 in
1029 3577 1205 3616 manu
1244 3556 1469 3616 consilii
1499 3557 1588 3616 sui
1614 3579 1628 3632 ;
1677 3556 1793 3617 Sed
1834 3556 2119 3635 posterius
2147 3556 2349 3615 nititur
2379 3554 2608 3614 Christo
2651 3563 2709 3613 ct

299 3635 428 3712 ejus
456 3635 821 3696 obedientia:
869 3636 1040 3695 Unde
1070 3646 1309 3697 vocatur
1336 3637 1458 3714 ipse
1485 3640 1679 3713 saedus
1695 3639 1917 3714 populi,
1952 3638 2067 3696 Isa.
2097 3636 2243 3695 xlix,
2283 3638 2320 3695 8
2348 3658 2362 3695 :
2396 3656 2502 3696 nec
2531 3636 2705 3693 homo

300 3715 548 3792 amplius
576 3725 665 3775 est
691 3717 752 3774 in
779 3736 954 3776 manu
996 3717 1221 3776 consilii
1249 3717 1356 3791 sui,
1387 3718 1447 3775 in
1477 3738 1593 3794 qua
1633 3720 1856 3795 positus
1898 3717 2092 3776 statim
2120 3716 2317 3794 lapsus
2362 3725 2466 3790 est,
2500 3715 2602 3774 sed
2644 3715 2704 3772 in

298 3814 472 3854 manu
504 3796 632 3872 Dei,
664 3797 832 3875 cujus
860 3797 1074 3856 virtute
1103 3797 1492 3857 efficacissime
1523 3797 1582 3854 in
1612 3807 1886 3857 aeternum
1916 3796 2255 3871 custoditur,
2291 3798 2320 3853 1
2356 3796 2481 3853 Pet.
2512 3795 2549 3853 i.
2581 3798 2637 3852 5.

342 3921 384 3965 4.
410 3919 732 3969 Promissione
908 3877 985 3937 V.
1029 3881 1085 3937 4.
1118 3877 1363 3936 Ratione
1392 3878 1802 3953 Remis-sioni&
1834 3897 1950 3935 non
1976 3877 2038 3935 in
2071 3896 2158 3950 e0,
2189 3874 2345 3953 quod
2386 3874 2546 3951 prius
2573 3894 2704 3949 pro-

736 3954 748 3966 '
827 3956 1080 4017 mitteret
1123 3966 1348 4016 tantum
1390 3966 1726 4035 perpetuam
1773 3956 2122 4031 felicitatem,
2169 3955 2273 4015 sed
2319 3954 2382 4012 in
2426 3953 2704 4012 Paradiso

300 4032 620 4109 fruendam,
642 4044 707 4095 ut
723 4037 985 4097 nonnulli
1014 4037 1249 4112 vellent,
1279 4057 1396 4096 non
1426 4038 1566 4096 satis
1592 4046 1856 4096 naturam
1886 4035 2118 4095 foederis
2146 4035 2302 4094 illius
2328 4032 2700 4111 pensitantes,

302 4133 435 4173 nam
465 4113 709 4174 felicitas
757 4127 816 4176 ct
845 4117 965 4176 vita
992 4117 1244 4176 coelestis
1286 4137 1403 4176 non
1448 4117 1640 4176 minus
1683 4117 1743 4175 in
1772 4116 1956 4193 primo
1997 4115 2212 4174 foedere
2253 4134 2320 4173 ac
2359 4114 2419 4171 in
2447 4113 2700 4172 secundo

301 4193 585 4270 promissa
613 4194 738 4271 fuit,
770 4206 833 4256 ut
861 4198 1163 4274 probatum
1195 4196 1303 4256 fuit
1333 4197 1503 4256 Parte
1537 4197 1585 4256 Ι.
1619 4197 1722 4255 Lo,
1755 4195 1936 4255 VIII.
1968 4196 2077 4270 Qu.
2110 4198 2181 4269 63
2249 4193 2365 4253 Sed
2392 4193 2453 4251 in
2480 4212 2549 4250 eo
2585 4192 2699 4251 dis-

300 4273 517 4332 crimen
545 4275 795 4351 positum
840 4287 945 4351 est,
976 4277 1132 4354 quod
1180 4278 1239 4335 in
1280 4278 1465 4354 primo
1506 4276 1949 4354 promittebatur
1990 4283 2213 4334 tantum
2241 4275 2372 4350 vita,
2407 4272 2485 4331 id.
2517 4280 2702 4332 status

302 4353 556 4413 omnium
585 4356 867 4415 bonorum
896 4356 1310 4435 aggregatione
1347 4358 1653 4435 perfectus,
1685 4355 1786 4415 sed
1828 4356 1887 4414 in
1915 4356 2026 4414 hoc
2066 4358 2235 4429 salus,
2266 4368 2395 4432 quae
2423 4373 2555 4412 cum
2582 4352 2707 4413 vita

303 4433 575 4510 importat
600 4434 996 4495 liberationem
1026 4458 1061 4496 a
1086 4446 1323 4514 peccato
1352 4447 1411 4495 et
1438 4445 1640 4495 morte.
1725 4434 1983 4494 Primum
2019 4434 2390 4513 promittebat
2417 4432 2598 4492 vitam
2640 4444 2704 4492 ut

300 4513 622 4573 mercedem
644 4516 916 4593 debitam,
942 4517 1110 4576 Rom.
1141 4517 1219 4575 iv.
1250 4520 1286 4575 4
1311 4540 1325 4591 3
1372 4517 1640 4577 Alterum
1665 4535 1803 4575 vero
1825 4525 1889 4575 ut
1908 4514 2125 4574 donum
2149 4513 2278 4589 Dei,
2305 4515 2471 4573 Rom.
2495 4513 2575 4571 vi.
2605 4517 2702 4573 23.

907 4597 1015 4656 VI.
1062 4600 1118 4655 5.
1166 4597 1410 4657 Ratione
1454 4595 1782 4655 conditionis
1824 4595 2207 4673 praescriptae:
2256 4594 2326 4653 In
2355 4594 2456 4653 illo
2497 4594 2701 4672 Opera,

358 4644 402 4688 5.
421 4645 723 4695 0⁰¹¹d¹²¹⁰¹¹⁰'
828 4679 949 4735 Fac
986 4679 1087 4735 hoc
1126 4687 1178 4736 et
1213 4677 1372 4752 vives,
1424 4678 1492 4734 In
1536 4674 1790 4735 secundo
1831 4675 2023 4749 Fides,
2059 4676 2242 4736 Crede
2271 4685 2320 4735 el
2356 4677 2664 4735 servaberis
2688 4699 2705 4733 .·
