3221 5200
539 296 641 357 xiv
1306 307 1638 354 1-:1‘1s'rom
1701 309 2196 356 DEDwAmmA.

637 492 853 569 Atque
904 490 1003 552 hic
1055 488 1425 569 singularem
1472 487 1589 550 Dei
1630 488 1895 568 gratiam
1949 509 2068 550 non
2122 507 2443 567 possumus
2492 490 2638 569 quin
2693 490 2938 556 aetornis

540 588 824 650 laudibus
882 588 1291 659 celebremus3
1346 585 1523 661 Quod
1564 606 1687 647 non
1733 588 1912 647 modo
1953 587 2167 666 primis
2223 586 2517 650 Ecclesiae
2572 587 2936 652 Christianae

537 686 916 764 temporibus
987 691 1131 765 post
1190 683 1525 763 Apostolos
1579 689 1645 745 et
1707 682 2098 762 Apostolicos
2146 683 2337 747 Viros
2393 690 2779 762 ὃεοπνεύστους,
2833 687 2934 766 qui

526 784 815 863 jaciendo
889 784 1029 846 fidei
1111 782 1509 843 fundamento
1561 781 1844 861 gnaviter
1896 781 2324 856 incubuerunt,
2391 783 2543 845 alios
2597 785 2934 863 complures

533 881 793 943 subinde
837 884 1030 944 sortes
1074 879 1305 942 Christi
1349 878 1646 941 Athletas
1690 878 2001 959 excitarit,
2057 879 2159 959 qui
2211 880 2603 943 utilissimam
2660 880 2934 944 Veritati

534 980 982 1060 confirmandae,
1020 986 1084 1041 et
1114 976 1524 1057 oppugnando
1561 976 1782 1039 Errori
1816 997 2063 1056 operam
2092 978 2564 1057 impenderunt;
2617 979 2738 1041 Sed
2773 981 2934 1058 quod

531 1076 878 1139 novissimis
899 1078 1067 1140 hisce
1099 1074 1337 1148 seculiS,
1366 1074 1658 1137 restituta
1682 1074 1998 1153 Evangelii
2030 1075 2183 1148 luce,
2220 1075 2282 1136 in
2318 1076 2613 1139 Ecclesiae
2645 1090 2929 1158 παλιγγε-

534 1184 671 1255 νεσίᾳ
707 1180 805 1237 tot
863 1180 1191 1252 tantosque
1243 1172 1432 1235 Viros
1480 1172 1764 1235 doctrina
1816 1180 1882 1234 et
1929 1172 2165 1252 pietate
2217 1172 2439 1253 insigni
2494 1175 2790 1253 praeditos
2849 1176 2928 1237 ad
3005 1180 3012 1183 Α

528 1272 698 1352 Opus
759 1271 1241 1335 Reformationis
1300 1271 1708 1333 inchoandum
1759 1276 1825 1332 et
1876 1272 2350 1349 promovendum
2420 1272 2748 1351 vocaverit,
2823 1273 2928 1351 qui

527 1370 840 1433 uberrima
869 1369 1104 1433 Rerum
1135 1368 1461 1432 Sacrarum
1494 1367 1753 1430 scientia
1785 1367 2026 1446 imbuti,
2052 1375 2118 1432 et
2139 1369 2383 1431 heroico
2417 1369 2657 1447 Spiritu
2693 1371 2924 1445 donati,

526 1474 818 1547 tanquam
849 1490 994 1529 τηε-,η
1026 1491 1159 1540 -zczs,
1204 1468 1346 1527 Viri
1375 1466 1691 1547 Prodiyii,
1718 1464 1910 1527 Tubae
1949 1466 2334 1546 Evangelicae
2366 1467 2593 1542 sonitu,
2649 1475 2714 1530 et
2744 1467 2926 1531 Veri-

522 1566 674 1628 tatis
728 1566 949 1628 divinae
1001 1566 1259 1645 fulgore,
1293 1565 1577 1626 tenebras
1628 1562 1878 1624 Erroris
1901 1563 2311 1626 crassissimas
2355 1565 2704 1629 felicissime
2746 1568 2926 1647 fuga-

525 1675 691 1737 runt,
752 1663 1179 1726 Anti-Christi
1247 1661 1530 1741 Regnum
1585 1668 2045 1735 concusserunt,
2108 1668 2173 1722 et
2225 1663 2566 1725 Ecclesiam
2626 1685 2665 1725 a
2709 1664 2922 1726 multis

525 1760 744 1822 seculis
774 1761 978 1823 miseri
1011 1761 1334 1841 captivam,
1380 1764 1444 1820 et
1486 1757 1835 1838 tyrannidis
1872 1759 2024 1839 jugo
2071 1758 2393 1840 plusquam
2436 1762 2636 1823 ferreo
2677 1769 2921 1823 tantum

523 1878 643 1919 non
674 1878 1049 1937 oppressam,
1082 1879 1116 1920 e
1151 1857 1465 1937 Babylone
1493 1857 1758 1936 mystica
1784 1854 2044 1935 gloriose
2074 1865 2428 1920 evocarunt.

619 1955 798 2019 Licet
831 1976 975 2018 vero
1004 1957 1082 2017 ab
1114 1976 1187 2017 eo
1214 1962 1509 2033 tempore,
1562 1953 1839 2033 Veritas,
1894 1974 2029 2032 quae
2059 1962 2244 2017 antea
2272 1958 2385 2017 sub
2415 1957 2619 2017 modio
2650 1956 2920 2019 occulta-

520 2054 726 2133 batur,
759 2061 830 2115 ιιι
861 2053 1099 2115 facilius
1133 2051 1518 2115 mendacium
1550 2058 1838 2130 regnaret
1871 2052 1936 2113 in
1971 2052 2264 2129 tenebriS,
2302 2051 2475 2112 illata
2501 2052 2695 2114 Verbi
2727 2054 2918 2116 divini

520 2150 677 2231 luce,
729 2152 793 2212 in
831 2150 1072 2213 sublimi
1118 2151 1436 2230 collocata,
1464 2149 1763 2224 omnibus,
1818 2150 1920 2228 qui
1952 2149 2130 2210 modo
2160 2148 2365 2210 oculos
2400 2149 2639 2227 aperire
2671 2150 2914 2226 vellent,

520 2268 651 2310 sese
687 2249 1175 2328 conspiciendam
1208 2247 1579 2328 praebuerit;
1637 2246 1796 2323 Quia
1824 2257 2029 2308 tamen
2062 2266 2182 2307 non
2213 2246 2458 2309 destitit
2493 2247 2708 2328 Satan,
2746 2249 2914 2311 anti-

518 2365 703 2424 quum
745 2347 1029 2409 obtinens
1060 2367 1136 2409 ex
1169 2345 1373 2424 abyssi
1416 2354 1606 2425 puteo
1655 2344 2080 2407 densissimum
2128 2364 2402 2407 errorum
2434 2353 2497 2407 et
2528 2345 2915 2425 impietatum

514 2446 746 2506 sumum
777 2446 856 2506 ad
886 2465 1019 2506 eam
1050 2444 1517 2521 obscurandam,
1568 2450 1634 2504 et
1666 2444 1717 2503 si
1751 2449 1899 2521 pote
1940 2443 2432 2521 extinguendam,
2457 2442 2749 2517 excitare,
2801 2465 2914 2523 per

512 2542 714 2604 varias
744 2542 1025 2605 exitiales
1055 2542 1337 2615 haereses,
1392 2560 1542 2619 quas
1576 2540 1656 2600 ad
1685 2560 2074 2621 progressum
2110 2539 2428 2621 Evangelii
2460 2539 2912 2619 impediendum

512 2639 741 2718 passim
774 2641 901 2702 fere
933 2639 1386 2710 disseminavit;
1427 2637 1599 2700 Viris
1632 2639 1752 2700 Dei
1785 2639 1996 2701 sedulo
2026 2638 2463 2718 invigilandum
2496 2638 2617 2701 fuit
2650 2658 2906 2719 semper,

512 2756 591 2798 ne
624 2742 835 2798 tantus
867 2737 1218 2799 Thesaurus
1272 2735 1563 2798 Ecclesiae
1613 2736 1973 2816 eriperetur,
2028 2737 2135 2799 sed
2164 2743 2236 2797 ut
2266 2737 2416 2799 fides
2449 2736 2632 2799 semel
2665 2737 2909 2800 Sanctis

512 2835 747 2895 tradita
768 2836 999 2913 absque
1023 2835 1147 2895 ulla
1170 2834 1309 2895 labe
1333 2841 1816 2896 conservaretur.
1884 2833 2066 2897 Unde
2092 2855 2213 2896 non
2238 2835 2417 2897 modo
2442 2855 2544 2897 eos
2570 2840 2907 2904 διδακτικοὸς

508 2951 641 2993 esse
672 2932 969 3010 oportuit,
1008 2932 1110 3011 qui
1144 2931 1489 2994 Veritatem
1528 2930 1793 2993 fideliter
1823 2932 2131 3006 docerent,
2168 2933 2276 2993 sed
2307 2941 2371 2995 et
2403 2938 2766 3013 ἐλεγκτικοῠς,
2800 2933 2902 3011 qui

508 3030 888 3092 mendacium
925 3039 1176 3110 possent
1210 3037 1461 3093 strenue
1490 3050 1764 3110 arguere,
1796 3036 1861 3091 et
1911 3038 2028 3099 ,νοῦς
2073 3035 2455 3112 ἀντιλέγοντας
2508 3035 2774 3112 ἐλέγχειν,
2827 3031 2907 3092 ad

505 3127 704 3190 instar
755 3128 1108 3191 Judaeorum
1142 3149 1219 3191 cx
1250 3128 1615 3209 captivitate
1663 3129 1978 3208 reducum,
2034 3127 2136 3207 qui
2187 3128 2382 3190 altera
2433 3148 2615 3189 manu
2666 3148 2906 3190 murum

505 3227 913 3306 aedificabant,
968 3228 1165 3288 altera
1196 3247 1340 3288 vero
1375 3226 1617 3288 missile
1647 3233 1929 3287 tenentes
1959 3227 2334 3304 pugnabant.
2436 3225 2614 3300 Quod
2651 3226 2907 3306 Augus-

503 3322 672 3383 tinus
703 3322 863 3382 libro
892 3330 1113 3399 quarto
1144 3323 1221 3383 de
1251 3322 1557 3383 Doctrina
1585 3321 1838 3399 Christi,
1893 3342 2026 3399 cap.
2061 3324 2125 3393 4,
2161 3330 2331 3385 recte
2360 3326 2662 3396 observat,
2717 3343 2903 3401 quum

511 3417 801 3479 Ecclesiae
839 3417 1171 3479 Doctorem
1200 3427 1385 3480 rectae
1410 3417 1474 3478 F
1466 3420 1595 3479 idei
1617 3420 2030 3501 defensorem,
2055 3425 2120 3481 et
2149 3419 2423 3483 Error-is
2445 3421 2903 3483 debellatorem

505 3522 700 3588 vocat,
756 3514 1013 3593 quinon
1055 3522 1298 3576 tantum
1342 3523 1459 3598 mg)
1501 3523 1782 3590 ἀληθείας,
1828 3516 1906 3578 de
1953 3517 2256 3596 Vei-itate,
2309 3518 2625 3591 disserere,
2679 3518 2786 3580 sed
2838 3526 2903 3579 et

507 3617 631 3684 ὑπὲρ
668 3620 947 3686 ἀληθείας,
977 3635 1105 3693 pro
1150 3613 1452 3686 Vei-itate,
1488 3633 1764 3692 pugnare
1808 3621 2062 3693 paratus
2104 3614 2205 3689 sit,
2244 3621 2315 3676 ut
2346 3615 2408 3677 in
2439 3615 2744 3694 legatione
2786 3635 2901 3694 pro

504 3708 871 3770 Christianis
924 3709 1197 3789 loquitur
1247 3709 1701 3791 Athenagoras.
1825 3711 2040 3791 Atque
2084 3713 2148 3774 in
2188 3712 2253 3774 id
2292 3713 2645 3775 enitendum
2685 3719 2782 3775 est
2828 3733 2902 3774 eo

502 3806 877 3887 ‹liligentiuS,
932 3808 1094 3886 quod
1125 3807 1317 3869 Satan
1368 3809 1716 3888 tyrannidis
1756 3831 1879 3872 suae
1925 3811 2129 3889 spatia
2170 3810 2450 3873 contrahi
2490 3810 2780 3883 sentienS,
2832 3817 2899 3872 et

502 3905 814 3983 paululum
866 3905 1177 3984 temporis
1220 3905 1335 3967 sibi
1380 3926 1698 3985 superesse
1750 3907 1986 3986 videnS,
2037 3907 2100 3969 in
2154 3908 2270 3970 hac
2324 3907 2695 3970 saeculorum
2750 3909 2899 3970 faecc

500 4011 756 4065 conatus
789 4023 927 4065 suos
971 4002 1149 4082 longe
1193 4005 1511 4083 potentius
1552 4013 1830 4083 renovat,
1884 4012 1954 4065 ut
1994 4005 2247 4084 piorum
2295 4004 2702 4068 constantiam
2751 4024 2897 4082 qua-

500 4110 741 4178 cunque
769 4100 1013 4162 ratione
1041 4102 1305 4180 frangat,
1358 4112 1423 4164 et
1453 4102 1593 4165 fidei
1631 4111 1954 4186 εἱλικςίνειαν
1996 4103 2322 4176 adulteret,
2376 4101 2758 4165 mendacium
2801 4101 2899 4162 in-

498 4197 715 4273 primis
746 4199 949 4277 specie
984 4197 1265 4260 veritatis
1293 4200 1569 4274 fucando,
1618 4206 1690 4260 ut
1724 4199 1960 4263 facilius
1999 4200 2278 4263 incautos
2323 4201 2610 4279 decipiat.
2713 4198 2899 4261 Unde

500 4294 661 4370 quod
693 4315 803 4357 nec
835 4317 1064 4370 cruces,
1118 4317 1229 4357 nec
1263 4297 1417 4376 rogi,
1469 4317 1582 4360 nec
1613 4298 2109 4377 proscriptiones,
2147 4305 2211 4360 et
2244 4298 2519 4370 lanienae,
2553 4315 2665 4358 nec
2697 4295 2900 4357 mina-

498 4409 634 4450 rum
672 4393 984 4467 severitaS,
1039 4403 1103 4456 et
1152 4387 1461 4473 impotens
1512 4395 1952 4457 dominantium
2003 4395 2213 4469 libido,
2265 4395 2485 4473 quibus
2535 4394 2704 4467 fideS,
2758 4413 2895 4471 quae

497 4488 849 4564 persuaderi
886 4491 1087 4565 debet,
1126 4492 1432 4555 violenter
1464 4492 1821 4571 imperatur,
1852 4494 2088 4554 efficere
2129 4497 2484 4571 potuerunt,
2519 4491 2583 4552 id
2614 4489 2895 4569 pessimis
