3221 5200
289 383 514 434 eumer.
546 356 749 442 mm]
1287 379 1365 419 me
1395 380 1548 420 Leon
1581 378 1700 419 um.
2588 363 2700 420 127

294 524 448 584 tione
476 532 536 582 et
562 543 675 582 usu
703 519 980 580 doctrinm
1008 520 1070 579 in
1098 539 1168 580 ea
1193 519 1453 580 traditae:
1483 521 1587 579 illa
1612 517 1823 579 mutari
1852 518 2054 579 debuit
2081 526 2140 579 et
2169 538 2411 596 cessare,
2436 528 2497 579 et
2517 539 2720 579 revera

297 604 583 679 cessavit3
628 603 741 660 ista
784 621 925 659 vero
974 621 1092 659 non
1141 600 1299 659 item.
1386 601 1572 659 Priori
1609 620 1783 659 sensu
1812 601 2077 659 Christus
2115 601 2389 676 loquitur,
2423 600 2565 658 Luc.
2595 602 2718 660 xvi.

303 688 393 759 16,
424 702 603 760 quum
632 682 730 757 ait,
778 685 813 715 ‘⁴
845 681 1063 757 Legem
1108 680 1345 740 durasse
1375 701 1558 757 usque
1581 680 1657 738 ad
1684 681 1727 739 J
1731 681 2074 754 ohannem,”
2124 681 2227 739 sed
2255 700 2370 737 non
2398 680 2719 758 posteriori.

302 764 421 822 Nec
451 762 502 821 si
529 762 851 821 oeconomia
877 761 1118 836 tollitur,
1149 760 1279 819 tolli
1306 760 1479 818 debet
1507 760 1680 818 etiam
1710 761 1866 819 omni
1895 780 1971 818 ex
1998 768 2160 837 parte
2190 761 2451 818 doctrina
2492 780 2720 818 oecono·

298 844 425 901 miae
453 842 552 900 isti
580 841 1028 915 accommodata,
1073 839 1176 898 sed
1203 849 1427 899 tantum
1472 840 1788 899 secundum
1837 841 2135 914 rationem,
2188 840 2505 899 secundum
2546 860 2721 917 quam

296 923 527 1001 propria
553 930 676 980 erat
702 921 790 978 illi
818 919 1170 978 oeconomiae.

377 1003 464 1061 X.
510 1001 694 1059 Aliud
738 1009 828 1059 est
870 1020 987 1058 non
1015 999 1420 1077 imponendam
1451 1018 1577 1057 esse
1608 999 1828 1076 Legem
1860 999 2220 1074 Christianis,
2252 997 2438 1058 Aliud
2464 1019 2582 1057 non
2610 999 2719 1056 im-

296 1081 626 1159 ponendum
648 1082 856 1158 jugum
886 1081 1233 1155 ἇβιίστιυιτοι,
1263 1079 1531 1137 nimirum
1561 1078 2022 1137 observationem
2047 1079 2498 1137 circumcisionis
2526 1088 2585 1137 et
2612 1099 2721 1136 cae-

298 1162 680 1220 remoniarum
709 1161 1003 1237 legalium.
1090 1160 1260 1218 Prius
1287 1179 1404 1217 non
1433 1168 1762 1218 removetur
1789 1178 1824 1216 a
1852 1159 2210 1235 Christiania,
2243 1160 2344 1218 sed
2375 1159 2560 1217 solum
2589 1178 2721 1235 pos-

299 1244 478 1300 terius
502 1262 517 1300 :
576 1239 712 1300 Act.
757 1261 860 1299 xv.
911 1243 1003 1315 10,
1052 1243 1088 1274 ‘⁶
1132 1240 1287 1314 Quid
1329 1239 1566 1297 tentatis
1615 1238 1820 1313 Deum,
1868 1238 2214 1315 imponendo
2250 1240 2461 1317 jugum
2512 1237 2724 1297 cervici

298 1321 727 1398 discipulorum,
758 1320 913 1396 quod
942 1340 1129 1397 neque
1154 1321 1355 1378 Patres
1382 1319 1565 1377 nostri
1594 1337 1783 1395 neque
1810 1339 1918 1377 nos
1958 1328 2187 1395 portare
2214 1319 2565 1377 valuimus.''
2611 1319 2721 1376 Pa·

298 1409 382 1459 tet
429 1420 506 1458 ex
554 1400 854 1458 occasione
903 1400 1141 1459 istorum
1170 1399 1496 1474 verborum,
1527 1418 1657 1475 quae
1700 1407 1932 1457 notatur
1958 1418 2016 1456 v.
2048 1401 2102 1473 5,
2148 1398 2305 1475 quod
2333 1397 2569 1475 quidam
2598 1417 2723 1456 sur-

299 1481 604 1554 rexissent,
636 1480 737 1556 qui
786 1479 1056 1539 dicebant
1104 1488 1367 1556 oportere
1413 1480 1449 1511 “
1478 1477 1887 1538 circumcidere
1917 1478 2293 1554 Christianos,
2325 1487 2383 1537 et
2410 1479 2722 1555 praecipere

299 1569 365 1619 ut
392 1561 704 1620 observent
734 1559 952 1636 Legem
983 1559 1228 1634 Mosis,”
1273 1559 1542 1616 nimirum
1586 1558 2059 1635 caeremonialem,
2103 1569 2170 1617 ut
2208 1559 2503 1636 colligitur
2543 1579 2618 1617 ex
2663 1578 2723 1616 v.

302 1643 399 1714 20,
431 1642 528 1715 28,
561 1642 657 1714 29,
689 1659 818 1715 quae
848 1639 988 1697 alibi
1017 1639 1228 1697 dicitur
1255 1636 1407 1715 ζυγὶς
1436 1635 1673 1714 δουλείας,
1708 1639 1839 1697 Gal.
1863 1659 1922 1696 v.
1956 1641 2007 1713 1,
2038 1639 2135 1697 vel
2162 1638 2436 1697 moralem
2466 1638 2725 1696 indebito

300 1720 431 1795 fine,
483 1720 652 1797 quasi
697 1719 1041 1777 Christianis
1085 1719 1209 1776 vita
1253 1729 1406 1778 esset
1436 1739 1510 1777 ex
1539 1739 1608 1777 ea
1637 1718 1964 1795 quaerenda,
1994 1719 2092 1776 vel
2120 1719 2181 1775 in
2210 1718 2476 1791 solidum,
2508 1718 2605 1775 vel
2647 1738 2724 1775 ex

299 1809 461 1877 parte
492 1800 697 1858 saltem
722 1821 736 1858 τ
782 1800 864 1856 sic
903 1799 1053 1858 bene
1083 1798 1277 1856 vocari
1306 1807 1497 1876 potest
1518 1797 1672 1876 ζυγὶς
1699 1799 2029 1868 asie-ram
2071 1806 2306 1875 propter
2332 1797 2722 1855 infirmitatem

299 1880 507 1955 carnis,
538 1879 676 1955 quia
703 1898 873 1936 nemo
901 1898 1005 1955 per
1031 1898 1158 1936 eam
1187 1888 1379 1956 potest
1398 1879 1723 1955 justificari,
1758 1879 1926 1937 Rom.
1957 1878 2078 1935 viii.
2110 1880 2166 1936 3.
2213 1878 2306 1936 Ita
2326 1878 2535 1953 jugum
2564 1877 2723 1934 istud

300 1968 493 2036 potest
520 1959 647 2017 tolli
677 1958 991 2017 secundum
1020 1958 1083 2016 id
1112 1959 1427 2018 secundum
1457 1958 1616 2035 quod
1642 1967 1731 2018 est
1757 1959 2100 2034 ἀβάστακτον,
2125 1958 2265 2015 nim.
2284 1956 2477 2034 quoad
2497 1961 2552 2013 τὶ
2580 1961 2721 2037 inge·

300 2036 548 2106 βοδίκαιοι
595 2038 760 2116 legis,
813 2038 1167 2097 coactionem
1218 2039 1456 2113 scilicet,
1508 2047 1568 2097 et
1615 2038 2079 2098 maledictionem
2125 2037 2179 2096 ei
2234 2055 2538 2110 annexam,
2583 2037 2722 2095 licet

301 2129 533 2179 maneat
559 2118 752 2194 quoad
779 2118 1180 2176 necessitatem
1210 2117 1571 2177 obedientiae.

386 2199 510 2258 XI.
556 2197 727 2271 Quod
754 2207 843 2257 est
871 2217 1044 2256 causa
1071 2218 1174 2275 per
1203 2217 1264 2256 se
1293 2206 1352 2256 et
1398 2205 1604 2255 natura
1644 2217 1749 2256 sua
1793 2196 2090 2274 augmenti
2139 2204 2196 2254 et
2224 2194 2723 2271 multiplicationis

306 2278 521 2353 delicti,
552 2278 710 2336 illius
737 2297 878 2336 usus
906 2277 1062 2354 apud
1091 2277 1448 2336 Christianos
1477 2277 1711 2335 retineri
1739 2296 1856 2335 non
1885 2277 2076 2335 debet.
2164 2276 2280 2334 Sed
2309 2275 2436 2333 Lex
2458 2275 2567 2333 hoc
2591 2294 2720 2333 sen-

304 2378 372 2417 su
398 2378 516 2417 non
544 2366 721 2434 auget
746 2366 1064 2434 peccatum,
1096 2357 1232 2433 quia
1258 2376 1376 2415 non
1404 2376 1479 2414 ex
1507 2355 1792 2433 positione
1823 2356 2002 2433 Legis
2031 2375 2146 2432 qua
2173 2355 2324 2429 talis,
2367 2353 2470 2412 sed
2496 2363 2723 2412 tantum

304 2458 379 2496 ex
406 2439 533 2515 ejus
561 2438 1021 2514 transgressione
1063 2436 1323 2512 sequitur
1363 2445 1702 2513 peccatum3
1751 2435 1892 2494 Ideo
1934 2455 2146 2512 augere
2176 2434 2387 2492 dicitur
2423 2443 2722 2511 peccatum

301 2537 405 2594 per
431 2517 716 2592 accidenS,
750 2517 995 2574 Roman.
1024 2536 1082 2575 v.
1113 2521 1209 2590 20,
1261 2535 1378 2573 non
1426 2515 1597 2574 modo
1643 2515 1781 2592 quia
1829 2515 2170 2574 declarativa
2199 2514 2345 2572 illud
2371 2513 2720 2588 manifestat,

307 2597 411 2657 sed
438 2598 612 2657 etiam
641 2597 1078 2671 occasionaliter,
1122 2604 1407 2673 quatenus
1448 2604 1747 2674 peccatum
1777 2596 2075 2655 occasione
2106 2604 2334 2671 sumpta
2360 2615 2463 2672 per
2489 2593 2727 2651 manda-

304 2687 427 2737 tum
473 2678 646 2736 efficit
694 2677 1085 2755 cupiditatem,
1139 2677 1308 2734 Rom.
1338 2676 1437 2735 vii.
1482 2679 1538 2751 8,
1589 2696 1718 2735 eam
1767 2677 1989 2736 scilicet
2031 2674 2327 2750 irritandO,
2378 2683 2443 2733 ut
2486 2673 2727 2732 ferociat

304 2758 493 2834 magis
522 2767 721 2816 contra
748 2756 1083 2816 mandatum
1112 2759 1395 2830 co'etcens,
1438 2757 1623 2815 instar
1650 2758 1783 2834 equi
1813 2756 2106 2830 sternacis,
2138 2775 2206 2813 eo
2234 2754 2422 2831 magis
2448 2753 2726 2812 ferocien-

303 2838 379 2896 tis
406 2839 468 2894 in
499 2856 801 2911 sessorem,
827 2856 942 2912 quo
984 2837 1172 2912 magis
1201 2837 1617 2914 constringitur
1643 2837 1888 2896 arctiore
1917 2837 2116 2913 lupato
2139 2857 2154 2910 3
2197 2834 2351 2893 unde
2398 2834 2724 2911 graviorem

303 2926 559 2976 meretur
585 2925 805 2975 reatum
833 2926 985 2974 notae
1015 2917 1192 2993 Legis
1220 2916 1477 2976 violatio.
1894 2936 1909 2951 ²

384 2997 541 3056 XII.
587 2996 830 3070 Quando
873 2996 1000 3054 Lex
1056 3004 1298 3054 vocatur
1354 2999 1390 3028 “
1431 2996 1600 3054 litera
1642 2995 1928 3070 occidens,
1973 3001 2032 3054 et
2084 2993 2467 3052 ministerium
2521 2993 2727 3051 mortis

303 3085 362 3136 et
409 3075 963 3149 condemnationis,''
1017 3080 1052 3133 2
1085 3076 1214 3134 Cor.
1245 3075 1326 3132 iii.
1359 3079 1414 3150 6,
1446 3079 1501 3150 7,
1534 3077 1588 3149 8,
1622 3077 1678 3148 9,
1723 3072 2104 3149 intelligenda
2152 3081 2239 3131 est
2283 3093 2399 3129 non
2443 3092 2546 3149 per
2574 3092 2635 3130 se
2665 3079 2727 3130 et

304 3167 512 3216 natura
557 3176 677 3231 sua,
725 3154 827 3213 sed
874 3176 978 3232 per
1022 3155 1293 3214 accidens
1322 3154 1397 3211 ob
1426 3155 1850 3230 corruptionem
1877 3152 2166 3224 hominis3
2217 3171 2332 3209 non
2362 3150 2623 3209 absolute
2666 3157 2727 3208 et

307 3236 660 3314 simpliciter,
695 3235 796 3293 sed
840 3235 1153 3294 secundum
1185 3232 1344 3309 quid,
1369 3233 1600 3309 quando
1632 3239 1924 3309 spectatur
1949 3240 2016 3289 ut
2043 3230 2232 3287 foedus
2261 3249 2513 3305 operum,
2547 3249 2723 3306 oppo-

309 3317 417 3375 site
467 3316 543 3374 ad
592 3315 781 3373 foedus
830 3315 1031 3391 gratiae
1056 3337 1070 3390 3
1114 3314 1231 3372 Vel
1259 3313 1478 3371 ratione
1508 3312 1842 3371 oeconomiae
1873 3319 1931 3369 et
1958 3309 2315 3388 paedagogia}
2343 3308 2550 3385 legalis
2578 3330 2724 3385 prae-

309 3397 425 3455 cise
453 3397 515 3453 in
545 3416 606 3454 se
648 3394 1040 3470 consideratae,
1083 3393 1322 3452 seorsim
1351 3413 1386 3452 a
1414 3392 1892 3470 promissionibus
1921 3390 2138 3469 gratiae,
2171 3399 2227 3448 et
2257 3388 2728 3448 contradistincte

307 3476 382 3534 ad
426 3475 809 3534 ministerium
840 3474 1279 3551 Evangelicum,
1323 3473 1480 3550 quod
1508 3493 1639 3531 cum
1669 3493 1737 3531 eo
1767 3472 1847 3530 ibi
1877 3471 2098 3530 confert
2126 3469 2448 3547 Apostolus
2472 3492 2486 3546 3
2531 3478 2588 3528 et
2614 3470 2728 3528 hoc

312 3575 484 3614 sensu
532 3555 679 3614 bene
725 3556 890 3612 litera
934 3555 1161 3629 dicitur,
1212 3554 1349 3631 quia
1377 3553 1630 3611 ostendit
1658 3551 1891 3629 quidem
1921 3552 2187 3626 officium,
2218 3551 2322 3610 sed
2349 3570 2465 3609 non
2506 3550 2728 3626 implet,

297 3635 483 3713 jubet,
517 3635 620 3693 sed
645 3653 763 3692 non
803 3636 992 3711 juvat,
1023 3635 1283 3711 imperat,
1333 3633 1436 3692 sed
1463 3653 1579 3691 non
1607 3641 1893 3709 operatur,
1924 3640 1983 3690 et
2011 3632 2222 3690 dicitur
2250 3637 2611 3712 καταςγιΐσθαι
2637 3652 2726 3689 ra-

307 3716 464 3774 tione
491 3715 661 3773 istius
688 3715 1040 3788 oeconomiae,
1065 3714 1201 3790 quia
1227 3722 1459 3790 pactum
1488 3713 1645 3772 istud
1672 3721 1842 3772 vetus
1871 3712 2071 3770 debuit
2098 3712 2381 3789 abrogari.
2469 3710 2585 3770 Sed
2611 3731 2730 3769 non

309 3803 501 3872 potest
527 3795 610 3852 ita
636 3793 834 3852 vocari
862 3794 1124 3852 absolute
1154 3793 1262 3851 sub
1289 3793 1510 3852 ratione
1538 3793 1772 3869 regulae,
1804 3801 1862 3850 et
1889 3812 2124 3849 normae.

325 3910 330 3916 ·
395 3874 587 3932 XIII.
634 3874 898 3933 Libertas
945 3873 1178 3939 Christi,
1226 3873 1402 3931 solvit
1449 3893 1555 3931 nos
1584 3893 1620 3930 a
1639 3873 1786 3949 jugo
1816 3872 1995 3948 Legis
2022 3868 2439 3943 maledicentis,
2471 3889 2504 3926 a
2530 3875 2730 3944 tyran-

311 3954 446 4013 nide
479 3954 731 4029 Diaboli,
764 3963 823 4013 et
865 3974 900 4011 a
929 3954 1206 4012 servitute
1234 3954 1489 4030 peccati3
1523 3951 1627 4012 sed
1655 3972 1772 4010 non
1801 3951 2004 4010 eximit
2032 3972 2066 4008 a
2093 3949 2434 4008 necessitate
2465 3947 2729 4023 obsequii

314 4034 442 4093 Deo
487 4033 817 4111 praestandi,
869 4033 1027 4110 quod
1069 4055 1104 4091 a
1151 4033 1411 4110 qualibet
1453 4041 1715 4092 creatura
1757 4051 1871 4108 qua
1912 4030 2017 4089 tali
2045 4038 2134 4087 est
2160 4027 2625 4105 indispensabile,
2672 4035 2733 4085 et

310 4115 564 4172 maxime
593 4135 628 4171 a
652 4114 790 4172 filiis
817 4114 1165 4190 redemptis:
1196 4114 1311 4171 imo
1339 4113 1637 4172 vinculum
1667 4111 1839 4171 officii
1866 4109 2048 4169 nostri
2071 4129 2140 4167 eo
2168 4108 2373 4167 fortius
2401 4106 2730 4183 adstringit,

312 4214 428 4271 quo
456 4194 720 4271 pluribus
749 4194 1078 4251 nominibus
1109 4194 1236 4251 Deo
1266 4193 1525 4251 obstricti
1556 4213 1754 4251 sumus
1780 4213 1794 4251 ε
1839 4190 1931 4249 Ita
1971 4189 2209 4247 libertas
2236 4208 2271 4246 a
2298 4195 2532 4265 peccato
2560 4186 2735 4246 infert

312 4275 638 4332 necessario
668 4275 1005 4332 servitutem
1035 4273 1274 4349 gratiae3
1325 4273 1554 4331 liberati
1583 4293 1619 4330 a
1646 4279 1900 4349 peccat0,
1932 4270 2084 4328 servi
2126 4269 2296 4326 fimus
2319 4267 2579 4344 justitiae,
2613 4267 2731 4324 Ro-

313 4372 468 4411 man.
499 4355 578 4412 vi.
614 4357 726 4429 183
775 4354 892 4412 imo
920 4354 980 4410 in
1023 4373 1092 4411 eo
1139 4373 1279 4411 vera
1303 4353 1543 4412 libertas
1570 4360 1853 4426 versatur,
1900 4358 1967 4409 ut
1996 4350 2123 4407 Deo
2169 4348 2556 4426 subjiciamur,
2597 4366 2733 4404 nam

314 4434 524 4492 servire
571 4436 701 4492 Deo
748 4454 993 4511 reynarc
1041 4442 1136 4491 est.
1248 4432 1388 4491 Alia
1436 4452 1575 4509 ergo
1626 4441 1715 4491 est
1763 4432 1988 4489 libertas
2027 4429 2274 4506 spiritus,
2319 4426 2459 4485 Alia
2513 4427 2736 4485 licentia

314 4514 505 4572 carnis
526 4537 550 4585 ‚·
594 4514 719 4572 Ista
766 4533 969 4572 revera
1012 4533 1141 4570 cum
1173 4513 1331 4589 Lege
1361 4512 1660 4587 ἇσ-ὒστιτος,
1693 4510 1796 4570 sed
1823 4511 1926 4569 illa
1954 4510 2167 4587 optime
2198 4528 2325 4566 cum
2356 4528 2425 4566 ea
2453 4507 2732 4583 consistit,

245 4662 246 4665 Ἰ
316 4601 376 4650 et
424 4593 498 4650 ab
547 4613 616 4651 ea
659 4602 749 4653 est
792 4592 1210 4670 inseparabilis,
1263 4597 1292 4650 1
1329 4595 1453 4652 Pet.
1500 4594 1558 4651 ii.
1594 4594 1686 4666 16,
1735 4594 1771 4624 “
1801 4591 1978 4665 Quasi
2027 4588 2214 4663 liberi,
2265 4588 2369 4646 sed
2408 4607 2525 4646 non
2566 4587 2736 4664 quasi

317 4673 587 4732 velamen
612 4674 894 4733 habentes
921 4673 1157 4733 malitiae
1186 4674 1528 4749 libertatem,
1560 4672 1664 4732 sed
1691 4672 1859 4750 quasi
1887 4670 2041 4731 servi
2084 4670 2255 4747 Dei,’'
2299 4676 2358 4730 et
2386 4668 2519 4729 Gal.
2548 4689 2606 4728 v.
2642 4671 2735 4743 13,
