3221 5200
499 342 615 400 208
1382 355 1565 398 Locus
1595 351 1993 398 nuonncmus.
2500 337 2750 419 [ouaesr.
2780 360 2909 402 vm.

498 510 623 562 tum
662 500 723 559 in
763 500 950 579 primo
990 499 1189 576 lapsus
1231 505 1487 575 tempore
1531 518 1663 556 cum
1704 498 1973 557 fidelibus
2019 496 2290 558 Patribus
2332 498 2556 577 initum,
2589 502 2913 562 substantia

500 583 627 659 ipsa
655 582 807 640 idem
837 582 913 639 sit
940 599 1070 639 cum
1099 580 1470 638 Testamento
1500 578 1671 636 Novo
1687 579 1753 637 ?''
1827 577 1996 654 Quod
2024 598 2059 636 a
2085 578 2253 638 nobis
2275 580 2471 656 asseri,
2504 581 2579 639 ab
2607 582 2749 660 ipsis
2773 603 2909 642 vero

501 682 574 721 ne
620 662 704 719 ari
732 661 830 719 ait.

578 682 762 802 {⁷1st
808 741 893 800 Ut
911 760 1048 799 vero
1069 739 1236 798 facile
1258 738 1537 814 largimur
1563 738 1707 815 ipsis
1728 738 1805 798 V.
1836 738 1993 797 Test.
2024 746 2084 797 et
2112 738 2331 798 Foedus
2360 740 2687 799 Mosai‘cum
2724 743 2912 802 stricte

502 829 810 900 sumptum,
843 828 902 879 et
929 820 1167 897 praecise
1196 817 1388 896 quoad
1415 817 1582 894 σχίσιν
1609 818 1874 895 legalem,
1897 826 2020 878 tota
2047 820 2370 877 substantia
2397 840 2432 877 a
2461 822 2631 880 Novo
2660 822 2907 899 differre,

499 903 653 961 uncle
695 902 822 960 Lex
852 901 1087 974 Gratiae,
1136 909 1195 959 et
1240 900 1439 957 Moses
1485 899 1716 956 Christ‘o
1761 907 2129 975 opponuntur
2155 919 2190 957 a
2230 899 2519 976 Johanne,
2565 901 2602 959 i.
2651 905 2743 977 17,
2775 911 2833 960 et
2874 924 2910 961 a

501 983 684 1041 Paulo
716 982 912 1039 Litera
940 988 998 1038 et
1031 980 1295 1056 Spiritus,
1342 978 1732 1036 Ministerium
1763 978 2272 1037 Condemnationis
2314 987 2372 1037 et
2399 981 2674 1056 Justitiae‚
2708 986 2744 1040 2
2776 984 2905 1041 Cor.

498 1063 580 1121 iii.
612 1065 666 1137 6,
700 1066 772 1137 73
843 1061 936 1118 Ita
962 1059 1356 1136 pertendimus
1385 1061 1496 1117 late
1530 1066 1822 1136 sumptum
1853 1066 1911 1117 et
1951 1078 2083 1116 eum
2125 1059 2306 1118 altera
2336 1060 2496 1135 σχέο-ιι
2531 1061 2906 1139 Evangelica,

498 1142 773 1200 vestitum
815 1147 955 1216 puta
995 1138 1440 1197 circumstantiis
1482 1139 1603 1197 suis
1644 1139 2036 1216 paedagogicis
2071 1139 2404 1197 oeconomiae
2448 1140 2744 1217 Mosai'cae,
2790 1161 2906 1200 non

498 1221 794 1280 diversum
822 1219 999 1278 fuisse
1028 1218 1219 1296 quoad
1248 1219 1648 1294 substantiam,
1686 1219 1790 1278 sed
1817 1226 2042 1278 tantum
2070 1219 2262 1295 quoad
2291 1219 2739 1298 dispensationis
2783 1242 2904 1280 mo·

496 1301 654 1360 dum.

581 1381 700 1439 IX.
746 1379 944 1439 Gratis
985 1399 1124 1439 vero
1168 1387 1499 1456 supponunt
1530 1380 1722 1438 Vetus
1765 1379 1983 1437 Foedus
2025 1379 2352 1439 Mosai'eum
2394 1380 2477 1439 ita
2518 1381 2789 1459 restringi
2830 1382 2908 1441 ad

500 1461 719 1538 Legem
748 1459 1023 1518 moralem
1054 1468 1112 1518 et
1139 1461 1267 1536 ejus
1309 1461 1678 1518 caeremonias
1707 1468 1768 1518 et
1806 1459 2084 1536 politiam,
2129 1469 2195 1519 ut
2221 1460 2525 1538 promissio
2554 1462 2756 1538 gratiae
2798 1482 2905 1522 nec

496 1549 692 1618 aperte
719 1560 828 1598 nec
869 1548 1020 1598 tecte
1051 1540 1158 1598 sub
1187 1559 1255 1597 eo
1284 1539 1664 1599 contineatur.
1751 1540 1896 1598 Cum
1939 1540 2286 1598 contrarium
2330 1549 2554 1599 constet
2582 1562 2657 1599 ex
2686 1542 2863 1600 variis
2886 1564 2902 1616 ;

504 1624 556 1680 1.
589 1621 685 1678 Ex
711 1621 963 1678 Authore
990 1620 1163 1695 ipsius
1187 1619 1444 1695 findens,
1475 1619 1575 1696 qui
1617 1618 1726 1678 fuit
1756 1619 1917 1677 Deus
1947 1619 2285 1695 Abrahami,
2333 1620 2536 1696 Isaaci,
2568 1622 2612 1681 J
2615 1622 2797 1696 acobi‚
2842 1622 2905 1681 id

497 1709 603 1777 est,
634 1709 700 1760 ut
728 1701 1071 1778 conjunctus
1099 1720 1231 1758 eum
1270 1698 1484 1776 populo
1512 1718 1617 1776 per
1642 1699 1831 1757 foedus
1861 1698 2330 1775 Abrahamicum,
2362 1708 2421 1759 et
2448 1701 2682 1778 quidem
2723 1722 2905 1778 agens

500 1801 576 1840 ex
618 1780 871 1860 gratuita
912 1779 1219 1857 adoptione
1261 1788 1321 1838 et
1361 1779 1672 1838 dilectione
1728 1779 1946 1857 populi,
1995 1781 2167 1838 Deut.
2211 1781 2292 1839 iv,
2337 1782 2392 1855 6,
2425 1785 2479 1855 7,
2512 1783 2567 1857 8,
2613 1791 2673 1841 et
2712 1782 2813 1840 vii.
2845 1786 2902 1856 6,

498 1866 554 1938 7,
587 1865 642 1938 8,
674 1882 802 1938 quae
830 1880 947 1919 non
976 1869 1066 1919 est
1092 1859 1325 1918 foederis
1352 1859 1576 1937 legalis,
1609 1859 1713 1918 sed
1743 1858 2123 1936 Evangelici;
2175 1864 2230 1918 2.
2273 1860 2369 1918 Ex
2390 1862 2635 1919 materia
2676 1863 2900 1939 mplici,

496 1950 620 2001 tum
657 1962 855 2014 ρατιονε
882 1942 1166 2016 doctrinm,
1210 1940 1368 2017 quod
1394 1939 1475 1998 ita
1516 1939 1627 1998 fuit
1669 1939 1886 2016 Legale
1915 1940 1973 1997 in
2011 1939 2312 2017 praeceptis
2353 1960 2595 2017 morum,
2638 1950 2705 2001 ut
2731 1942 2905 2002 fuerit

497 2023 673 2081 etiam
719 2021 1139 2098 Evangelicum
1182 2020 1243 2078 in
1286 2019 1764 2097 promissionibus
1808 2020 1880 2078 de
1926 2020 2154 2078 Christo
2199 2028 2257 2079 et
2301 2021 2488 2097 gratia
2530 2022 2731 2098 ipsius,
2778 2031 2902 2081 tum

478 2105 688 2177 somna
714 2105 905 2176 culm,
938 2101 1039 2179 qui
1066 2107 1222 2159 totus
1249 2099 1574 2160 umbratilis
1601 2099 1713 2158 fuit
1739 2108 1798 2158 et
1823 2099 2054 2176 typicus
2079 2099 2297 2159 relatus
2324 2101 2400 2159 ad
2429 2101 2737 2176 Christum,
2777 2110 2902 2161 tum

495 2185 662 2240 modo
694 2182 926 2258 politice,
958 2202 1087 2259 quae
1116 2188 1175 2239 et
1202 2180 1479 2239 doctrinae
1507 2188 1566 2238 et
1594 2180 1775 2238 cultui
1813 2178 1923 2238 suit
1965 2180 2353 2256 subordinata,
2384 2189 2669 2258 quatenus
2697 2182 2900 2241 distin-

496 2282 674 2340 guere
704 2261 906 2320 debuit
932 2262 1224 2340 populum,
1255 2281 1330 2319 ex
1359 2280 1475 2338 quo
1505 2260 1770 2319 Christus
1799 2268 1922 2319 erat
1949 2260 2244 2335 oriundus,
2276 2270 2335 2320 et
2361 2261 2516 2339 apud
2543 2282 2714 2339 quem
2755 2283 2900 2341 prae-

498 2342 793 2401 dicaturus
816 2351 875 2401 et
904 2361 1179 2419 passurus
1208 2349 1330 2400 erat
1353 2363 1367 2415 ;
1413 2343 1469 2399 3.
1500 2339 1556 2397 A
1570 2343 1777 2415 forma
1806 2343 1922 2416 ejus
1949 2341 2174 2416 duplici,
2205 2343 2489 2416 Externa,
2526 2363 2655 2419 quae
2684 2342 2793 2401 suit
2819 2343 2904 2402 le·

494 2423 647 2499 galis
675 2422 971 2499 obligatio,
1002 2430 1126 2481 tum
1151 2421 1352 2498 populi
1379 2420 1454 2479 ad
1482 2419 1825 2478 servandam
1867 2421 2100 2497 Legem,
2142 2429 2264 2479 tum
2295 2422 2407 2480 Dei
2448 2421 2524 2479 ad
2550 2423 2730 2482 vitam
2760 2423 2901 2481 dan-

495 2501 630 2560 dam
659 2501 709 2560 si
739 2502 865 2560 Lex
894 2510 1236 2575 servaretur,
1280 2509 1339 2559 et
1366 2502 1621 2575 Inter-na,
1667 2500 1725 2557 in
1769 2502 2022 2577 gratuita
2049 2500 2445 2578 promissione,
2491 2522 2566 2560 ex
2594 2523 2711 2580 qua
2739 2503 2902 2564 Deus

494 2582 709 2660 populo
737 2580 965 2641 futurus
994 2590 1115 2640 erat
1143 2580 1204 2638 in
1228 2580 1433 2655 Deum,
1459 2587 1517 2639 et
1543 2580 1793 2657 populus
1812 2580 2072 2640 vicissim
2099 2581 2326 2642 futurus
2348 2591 2472 2642 erat
2497 2582 2608 2661 ipsi
2637 2583 2695 2641 in
2717 2605 2900 2663 popu-

495 2663 634 2737 lum,
682 2661 872 2719 Levit.
903 2661 1068 2719 xxvi.
1116 2662 1207 2735 11,
1242 2663 1335 2735 12,
1380 2664 1416 2718 2
1449 2661 1578 2719 Cor.
1609 2660 1688 2717 vi.
1724 2662 1836 2736 163
1900 2664 1958 2717 4.
2003 2660 2102 2718 Ab
2137 2663 2355 2737 effectis,
2400 2683 2530 2740 quae
2571 2664 2684 2723 tria
2725 2674 2897 2743 sunt;

501 2745 552 2800 1.
600 2740 951 2817 Praeparatio
991 2740 1308 2817 peccatoris
1350 2739 1424 2796 ad
1465 2739 1838 2816 quaerendum
1868 2739 2159 2799 Christum
2199 2762 2303 2819 per
2345 2743 2563 2820 Legem
2603 2745 2897 2819 moralem,

498 2821 667 2879 Rom.
693 2841 750 2879 x.
782 2823 837 2895 4,
871 2820 1002 2878 Gal.
1034 2820 1114 2878 iii.
1145 2824 1250 2894 243
1296 2824 1352 2878 2.
1382 2820 1509 2897 ejus
1536 2819 1877 2877 monstratio
1903 2840 2007 2896 per
2034 2822 2506 2899 caeremonialem,
2534 2824 2687 2884 Heb.
2717 2845 2777 2883 x.
2804 2829 2898 2901 12,

498 2901 621 2960 Col.
646 2901 704 2958 ii.
738 2899 830 2976 16,
860 2903 951 2977 173
983 2909 1042 2960 et
1070 2903 1126 2959 3.
1156 2899 1415 2978 ejusdem
1444 2899 1661 2957 oblatio
1689 2919 1793 2977 per
1818 2900 2255 2978 promissionem
2284 2902 2486 2980 gratiae
2514 2905 2743 2983 utrique
2765 2925 2898 2965 con·

496 2982 767 3042 'unctam.

484 3003 511 3061 J
578 3064 662 3122 X.
708 3064 831 3123 Nec
860 3062 972 3141 ipsi
999 3064 1111 3122 hoc
1139 3082 1352 3141 negare
1381 3069 1641 3141 possunt,
1674 3061 1724 3120 si
1754 3061 1864 3122 sibi
1892 3071 2154 3124 constare
2183 3064 2405 3141 volunt,
2430 3065 2566 3142 quia
2593 3075 2659 3126 ut
2681 3066 2898 3126 Broch-

493 3164 738 3204 mannus
767 3144 983 3204 ibidem
1011 3144 1237 3219 fatetur,
1284 3151 1607 3222 agnoscunt
1642 3151 1773 3202 ante
1801 3144 2124 3204 exhibitum
2154 3145 2444 3205 Christum
2475 3146 2535 3203 in
2574 3167 2765 3223 earne,
2808 3148 2898 3205 vi-

494 3226 691 3303 guisse
714 3227 837 3302 jam
866 3226 927 3283 in
957 3226 1221 3285 Ecclesia.
1250 3226 1362 3284 Dei
1391 3225 1711 3285 doctrinam
1741 3224 1812 3283 de
1838 3225 2085 3300 Christo,
2116 3235 2175 3285 et
2202 3227 2455 3302 gratuita
2481 3245 2585 3304 per
2605 3227 2898 3285 Christum

494 3305 977 3380 reconciliatione,
1008 3325 1115 3364 nec
1146 3305 1349 3364 Patres
1366 3305 1598 3364 Veteris
1618 3305 1776 3364 Test.
1806 3304 1923 3362 alia
1941 3306 2053 3378 via,
2075 3325 2248 3382 quam
2267 3306 2455 3381 gratia
2483 3305 2664 3365 solius
2683 3308 2897 3366 Christi

495 3394 755 3443 servatos
784 3405 909 3442 esse
934 3407 948 3459 3
995 3385 1126 3442 Non
1166 3393 1384 3461 negant
1417 3385 1590 3444 etiam
1620 3393 1924 3459 utrumque
1953 3383 2141 3442 foedus
2171 3383 2278 3442 sub
2307 3385 2384 3443 V.
2415 3392 2474 3441 et
2504 3384 2575 3441 N.
2606 3386 2794 3461 egisse
2823 3386 2898 3445 de

494 3465 725 3521 Christo
744 3463 1032 3542 θιιιθςύπῃ
1056 3484 1069 3537 ;
1106 3462 1222 3521 Sed
1243 3464 1448 3521 volunt
1468 3463 1684 3539 dispari
1712 3462 1882 3520 modo
1905 3462 1976 3520 de
1999 3481 2067 3520 eo
2096 3463 2304 3538 egisse.
2367 3463 2498 3520 Hoc
2518 3482 2659 3521 vero
2686 3465 2896 3540 posit0,

492 3542 625 3619 quis
651 3562 767 3599 non
796 3542 958 3600 videt
985 3542 1292 3599 discrimen
1322 3562 1448 3600 esse
1492 3549 1715 3600 tantum
1742 3541 1802 3598 in
1830 3541 2003 3599 modo
2031 3541 2493 3617 dispensationis,
2538 3561 2653 3599 non
2681 3542 2741 3599 in
2772 3542 2900 3622 ipsa

489 3620 765 3680 doctrinae
795 3620 1117 3679 substantia
1137 3623 1164 3678 P

575 3701 696 3760 XI.
743 3701 984 3760 Frustra
1003 3720 1145 3759 vero
1166 3700 1328 3760 addit
1350 3701 1585 3760 Author
1606 3700 1838 3774 ibidem,
1872 3702 1909 3733 ‘⁴
1926 3700 2171 3759 Tantam
2195 3720 2321 3761 esse
2344 3701 2725 3763 differentiam
2747 3704 2899 3766 inter

491 3782 744 3861 priscum
774 3780 963 3839 foedus
992 3780 1227 3853 Gratiae,
1260 3790 1319 3840 et
1354 3782 1425 3840 N.
1456 3782 1614 3840 Test.
1644 3789 1859 3858 quanta
1885 3791 1974 3841 est
2001 3782 2152 3841 inter
2190 3782 2645 3861 promissionem,
2677 3795 2736 3846 et
2763 3806 2893 3865 pro-

492 3862 654 3922 missi
682 3860 1126 3940 praestationem,
1158 3861 1307 3920 inter
1336 3862 1815 3940 significationem
1843 3870 1901 3921 et
1928 3862 2362 3939 exhibitionem,
2394 3864 2544 3924 inter
2569 3865 2814 3944 figuram
2836 3876 2897 3926 et

491 3944 681 4022 ipsum
724 3961 949 4021 corpus,
979 3942 1130 4001 inter
1156 3942 1466 4019 imaginem
1496 3951 1556 4001 et
1580 3962 1703 4001 rem
1731 3943 1983 4020 imagine
2012 3943 2372 4022 designatam
2398 3966 2412 4021 ς
2458 3946 2646 4006 Vetus
2674 3947 2895 4006 seilicet

491 4024 722 4083 nonnisi
764 4024 823 4081 in
864 4023 1241 4100 promissione
1284 4032 1344 4081 et
1383 4023 1540 4101 typis
1576 4023 1754 4081 variis
1796 4024 2129 4083 exhibuisse
2158 4025 2487 4102 Christum3
2533 4027 2620 4086 At
2662 4027 2893 4086 Novum

493 4106 716 4183 Corpus
745 4104 951 4181 ipsum,
978 4112 1037 4162 et
1063 4123 1184 4162 rem
1209 4103 1478 4162 Patribus
1499 4104 1858 4181 promissam,
1879 4113 1937 4164 et
1953 4105 2110 4182 typis
2131 4104 2529 4165 adumbratam
2558 4107 2892 4166 exhibere.'’

493 4186 642 4260 Quia
679 4185 816 4244 licet
858 4184 1239 4243 concedamus
1278 4185 1387 4243 hoe
1425 4184 1615 4242 locum
1655 4184 1868 4242 habere
1904 4193 2171 4263 respectu
2209 4186 2613 4264 complementi
2651 4186 2892 4265 promis·

493 4266 688 4340 sionis,
720 4285 849 4343 quae
890 4264 1234 4341 respiciebat
1275 4264 1690 4323 exhibitionem
1721 4264 1934 4324 Christi
1964 4266 2022 4322 in
2065 4285 2252 4339 carne,
2298 4276 2356 4325 et
2383 4268 2668 4325 actualem
2696 4267 2891 4344 expia-

490 4347 707 4405 tionem
734 4345 972 4423 peceati,
1005 4353 1063 4404 et
1091 4345 1527 4422 acquisitionem
1557 4345 1777 4420 salutm,
1803 4365 1932 4422 quae
1961 4345 2162 4405 debuit
2189 4354 2412 4405 tantum
2440 4347 2564 4406 fieri
2593 4348 2702 4406 sub
2725 4348 2893 4406 Novo

491 4425 862 4485 Testamento
885 4448 900 4500 3
947 4426 1243 4503 Negamus
1271 4425 1386 4485 dici
1413 4445 1583 4503 posse
1621 4434 1886 4503 respectu
1914 4425 2317 4503 applicationis
2344 4428 2549 4486 salutis
2577 4436 2636 4486 et
2662 4427 2891 4505 partici-

487 4505 735 4580 pationis
762 4504 1170 4564 beneficiorum
1200 4506 1432 4582 Christi,
1476 4514 1534 4565 et
1562 4506 1782 4565 fructus
1822 4506 2024 4564 mortis
2052 4515 2111 4565 et
2151 4506 2557 4566 satisfactionis
2590 4508 2733 4585 ejus,
2765 4527 2893 4585 quae

493 4584 762 4643 Patribus
789 4606 904 4643 non
935 4594 1069 4645 sunt
1097 4586 1418 4664 denegata3
1463 4607 1579 4664 quo
1609 4607 1781 4646 sensu
1823 4594 1977 4645 recte
2007 4585 2276 4645 dicuntur
2302 4587 2574 4646 habuisse
2615 4607 2736 4646 rem
2775 4588 2891 4664 sig-

487 4662 776 4722 nificatam
804 4673 863 4723 et
890 4666 1245 4742 promissam,
1292 4675 1350 4726 et
1391 4687 1599 4746 corpus
1642 4668 1829 4745 ipsum
1873 4687 1940 4726 ac
1967 4666 2163 4725 vivam
2206 4666 2517 4744 imaginem
2558 4668 2888 4727 umbrarum
