3221 5200
507 330 622 386 486
1319 354 1500 394 Locus
1543 354 1802 394 Dnemus
1846 354 2117 402 Qumrus.
2553 330 2803 412 [Quffisr.
2844 349 2933 386 w.

509 507 866 562 consequens
911 510 1024 548 non
1077 493 1438 567 antecedens,
1484 515 1613 571 quae
1642 496 1769 571 ipsa
1797 514 2024 570 quoque
2055 494 2165 551 hoc
2193 493 2321 549 loco
2350 491 2702 568 promittitur
2732 489 2935 565 potius

510 585 682 641 quam
732 570 1070 642 postulatur.
1158 573 1212 630 N
1215 594 1278 631 ec
1308 575 1452 632 ratio
1496 575 1740 633 obseura
1782 583 1903 650 est3
1956 574 2104 648 Quia
2148 574 2270 630 haec
2317 571 2619 648 promissio
2666 569 2934 627 continet

512 646 854 721 principium
897 652 1083 709 omnis
1124 652 1261 710 boni
1290 654 1349 710 in
1377 654 1625 730 homine,
1658 663 1715 711 et
1744 674 1976 712 eausam
2018 673 2214 710 eorum
2254 652 2508 709 omnium
2552 669 2681 726 quae
2717 649 2790 706 ab
2821 649 2931 704 ho·

515 725 666 783 mine
708 729 1086 804 postulantur,
1132 732 1269 789 nim.
1319 733 1594 809 Spiritum
1636 735 1927 808 Sanctum,
1973 732 2217 809 quinon
2246 731 2469 808 perficit
2498 731 2700 805 solum,
2735 727 2839 786 sed
2872 737 2932 785 et

515 804 716 882 incipit
763 807 821 864 in
866 810 1033 868 nobis
1079 831 1245 869 omne
1295 813 1507 870 bonum
1558 834 1721 891 opus,
1824 818 1878 871 4.
1940 816 1975 846 ‘⁴
2005 814 2171 870 Hanc
2219 810 2656 888 promissionem
2714 808 2927 865 factam

516 883 693 943 fuisse
739 888 846 945 toti
889 891 1120 967 populo,
1152 900 1430 950 ettamen
1465 893 1524 949 in
1559 894 1757 951 multis
1802 914 1917 950 non
1962 893 2255 969 impletam
2302 891 2497 962 fuisse,
2543 909 2674 947 eum
2710 887 2929 944 ‘Isra'eli

517 964 822 1024 obduratio
872 970 1237 1047 contigerit.’'
1323 971 1471 1045 Quia
1500 973 1549 1030 si
1576 992 1693 1030 non
1722 972 1958 1049 impleta
1986 983 2074 1031 est
2103 972 2160 1028 in
2195 971 2405 1028 Isra'ele
2446 969 2761 1027 secundum
2802 987 2927 1023 ear>

518 1062 667 1117 nem,
699 1046 836 1121 quia
877 1068 992 1105 non
1034 1070 1233 1108 omnes
1261 1052 1359 1126 qui
1389 1061 1523 1109 sunt
1551 1072 1627 1110 ex
1658 1053 1873 1110 Israele
1904 1059 2038 1110 sunt
2075 1052 2273 1125 Israel,
2306 1050 2473 1106 Rom.
2506 1048 2585 1106 ix.
2612 1052 2665 1123 6,
2693 1047 2933 1122 impleta

519 1132 711 1181 tamen
741 1136 829 1183 est
857 1128 1171 1187 certissime
1201 1139 1260 1188 et
1289 1131 1684 1207 infallibiliter,
1716 1141 1774 1190 et
1807 1132 2076 1208 impletur
2093 1129 2350 1207 quotidie
2380 1129 2440 1185 in
2471 1129 2682 1186 Israele
2725 1145 2929 1184 secun·

523 1201 659 1260 dum
700 1205 991 1282 Spiritum,
1024 1210 1124 1285 qui
1151 1230 1324 1269 verus
1354 1220 1440 1269 est
1469 1212 1716 1288 populus
1745 1213 1837 1270 cui
1866 1211 2170 1288 promissio
2212 1211 2363 1267 facta
2404 1217 2508 1282 est,
2555 1227 2725 1283 quem
2772 1206 2936 1263 Deus

521 1287 934 1361 praecognovit,
980 1288 1148 1346 Rom.
1180 1290 1260 1348 xi.
1291 1294 1346 1365 2,
1385 1295 1412 1348 l
1449 1291 1573 1349 Pet.
1605 1292 1662 1347 ii.
1696 1294 1750 1349 9.

1128 1369 1308 1428 XVI.
1361 1371 1595 1445 Quart0‚
1642 1371 1792 1445 Quia
1822 1371 1981 1428 Deus
2010 1390 2125 1428 non
2154 1376 2377 1426 tantum
2405 1367 2719 1444 potentiam
2749 1366 2935 1442 ipsam

523 1439 566 1484 4
599 1440 728 1523 9ῑῷ
757 1443 890 1488 Dens
921 1446 1006 1490 dat
1048 1448 1319 1506 credendi
1362 1450 1456 1507 vel
1497 1451 1645 1508 bene
1689 1450 1980 1527 operandi,
2014 1449 2116 1508 sed
2157 1448 2345 1524 ipsum
2387 1456 2578 1504 actum
2608 1446 2707 1504 dat
2735 1445 2933 1518 nobis;

600 1509 1004 1610 {ffissffihacmm
1051 1527 1201 1586 Phil.
1250 1529 1286 1586 i.
1338 1532 1432 1602 29,
1492 1532 1528 1562 ‘⁴
1551 1530 1739 1588 Vobis
1803 1530 1999 1587 datum
2072 1537 2159 1587 est
2228 1547 2343 1584 non
2400 1527 2585 1585 solum
2622 1536 2674 1580 urz
2706 1534 2763 1584 εἰς
2799 1532 2936 1578 κὸς-ὲ.

1051 1615 1282 1675 τιατ-εὕων,
1317 1618 1453 1663 ἀλλὰ
1477 1619 1556 1664 καὶ
1582 1619 1634 1664 ¹:⁶3
1660 1618 1766 1682 ὑπ’ὶς
1790 1617 1931 1663 atvero?
1953 1618 2168 1677 ‘rio-zur,
2194 1607 2252 1663 ln
2277 1607 2462 1682 ipsum
2485 1606 2733 1678 credere,
2757 1603 2860 1662 sed
2879 1614 2938 1662 et

528 1701 630 1757 PI‘O
674 1683 799 1760 ipSO
841 1686 960 1762 pati
985 1687 1040 1761 3„
1090 1688 1165 1746 Et
1195 1708 1317 1765 cap.
1350 1689 1407 1748 li.
1443 1692 1534 1763 13,
1570 1693 1604 1722 ‘⁶
1632 1690 1791 1747 DGUS
1820 1698 1908 1746 est
1941 1697 1961 1742 ὅ
1984 1697 2161 1762 ἱνιςγὸν
2185 1695 2236 1741 τί
2260 1696 2411 1741 siam
2436 1694 2515 1739 καὶ
2541 1695 2593 1740 vs
2619 1694 2813 1757 ἶνιςγεῖν,
2837 1684 2938 1758 qni

529 1773 797 1837 operatur
837 1766 989 1824 velle
1018 1774 1077 1824 et
1103 1767 1374 1844 perficere
1424 1770 1484 1825 in
1511 1769 1681 1826 vobis
1703 1769 1760 1842 ;'’
1809 1769 1886 1825 Et
1917 1768 2068 1825 Heb.
2099 1766 2224 1824 xiii.
2255 1768 2350 1837 21,
2386 1768 2421 1796 ‘⁴
2446 1766 2606 1822 Deus
2634 1783 2739 1821 vos
2768 1762 2939 1839 perfi-

529 1843 643 1900 ciat
672 1843 729 1899 in
760 1846 915 1903 omni
938 1866 1108 1922 opere
1131 1848 1299 1921 bono,
1330 1858 1395 1906 ut
1423 1848 1646 1906 faciatis
1676 1849 1803 1925 ejus
1830 1849 2206 1921 voluntatem,
2252 1845 2467 1902 faciens
2496 1844 2556 1900 in
2585 1843 2752 1901 vobis
2781 1842 2941 1918 quod

531 1931 619 1979 est
664 1932 890 1998 gratum
937 1946 1127 1984 coram
1174 1928 1294 1985 se.'’
1382 1928 1468 1986 Eo
1511 1929 1800 2004 pertinent
1828 1936 1885 1986 et
1913 1927 2027 1984 alia
2058 1928 2204 2000 loca,
2249 1924 2350 1982 ubi
2391 1923 2535 1980 fides
2577 1924 2696 1980 Dei
2731 1925 2941 1979 donum

532 2000 758 2077 dicitur,
794 2005 943 2080 Eph.
975 2006 1033 2063 ii.
1071 2009 1125 2078 8,
1158 2016 1215 2065 et
1265 2010 1423 2064 Deus
1473 2011 1615 2065 dare
1654 2008 2053 2083 paenitentiam,
2085 2006 2221 2063 Act.
2251 2004 2332 2061 xi.
2369 2005 2460 2061 18.
2532 2003 2671 2062 Jam
2701 2002 2746 2059 si
2780 2002 2945 2058 Deus

531 2100 646 2138 non
689 2084 892 2143 suadet
933 2094 1155 2144 tantum
1186 2096 1244 2145 et
1271 2088 1548 2161 hortatur,
1586 2088 1689 2146 sed
1727 2087 1847 2163 ipse
1884 2095 2058 2159 ἰυιςγιῐ,
2095 2105 2201 2142 nee
2242 2083 2575 2161 potentiam,
2618 2080 2720 2140 sed
2748 2089 2943 2138 actum

533 2160 721 2235 ipsum
769 2164 1001 2222 volendi
1050 2175 1109 2224 et
1163 2166 1432 2224 credendi
1480 2175 1762 2244 operatur,
1808 2166 1950 2239 Quis
1994 2184 2111 2222 non
2153 2164 2315 2221 videt
2357 2162 2772 2220 irresistibilem
2812 2180 2944 2218 esse

533 2241 659 2317 ejus
705 2244 1005 2320 actionem,
1051 2265 1179 2321 quae
1225 2247 1491 2305 effectum
1538 2266 1704 2305 suum
1752 2244 2073 2302 necessario
2117 2243 2430 2320 producit?
2513 2243 2661 2299 Nam
2692 2241 2738 2298 si
2768 2241 2947 2298 homo

533 2330 730 2395 posset
774 2342 998 2401 semper
1043 2326 1322 2400 resistere,
1368 2327 1463 2385 vel
1506 2335 1639 2384 actu
1686 2326 1991 2399 resisteret,
2024 2324 2085 2381 id
2112 2323 2311 2399 procul
2350 2321 2526 2379 dubio
2567 2322 2746 2393 fieret,
2792 2320 2943 2393 ideo,

534 2399 671 2475 quia
700 2404 968 2462 voluntas
995 2404 1260 2464 resistere
1282 2406 1492 2479 vellet;
1540 2407 1625 2464 At
1654 2404 1941 2483 quomodo
1970 2413 2159 2480 potest
2182 2403 2450 2460 voluntas
2477 2402 2631 2459 velle
2659 2401 2946 2469 resistere,

535 2479 613 2537 id.
646 2482 798 2540 nolle
829 2482 1129 2542 admittere
1160 2486 1421 2561 gratiam,
1453 2486 1512 2543 in
1542 2506 1657 2562 qua
1690 2487 1849 2542 Deus
1885 2491 1937 2538 τὸ
1971 2484 2121 2541 velle
2153 2490 2420 2559 operatur
2436 2480 2785 2539 efficaciter?
2856 2480 2949 2536 ‘Et

536 2559 662 2617 lucc
696 2571 783 2620 est
825 2563 1038 2621 eximia
1081 2563 1179 2621 illa
1221 2564 1407 2640 gratia
1450 2565 1717 2643 specialis
1761 2563 1981 2623 Electis
2008 2564 2069 2622 in
2100 2561 2343 2620 Foedere
2388 2560 2605 2620 Gratiae
2649 2578 2942 2630 concessa,

536 2658 651 2713 qua
691 2660 805 2697 non
847 2642 1018 2699 modo
1059 2653 1303 2720 possunt
1343 2646 1574 2703 credere
1605 2646 1655 2702 si
1683 2645 1882 2718 velint,
1929 2644 2032 2702 sed
2059 2644 2264 2701 volunt
2293 2662 2422 2699 cum
2452 2641 2692 2717 possint.
2778 2638 2947 2712 Quod

541 2719 820 2776 Catholici
870 2729 1070 2778 contra
1123 2722 1464 2799 Pelagianos
1494 2733 1823 2782 constanter
1870 2732 2119 2796 tuentur,
2164 2724 2225 2779 in
2269 2721 2454 2797 Epist.
2502 2719 2721 2796 Synod.
2762 2718 2945 2775 Afric.

541 2797 810 2873 Episcop.
859 2802 893 2830 “
914 2801 1086 2858 Jubet
1112 2804 1268 2859 Deus
1310 2804 1532 2878 homini,
1563 2813 1627 2860 ut
1650 2804 1781 2861 velit
1792 2828 1816 2874 ,·
1856 2806 1958 2860 sed
1982 2802 2260 2861 Dominus
2289 2802 2345 2858 in
2366 2800 2581 2858 homine
2599 2808 2869 2876 operatur
2898 2808 2951 2856 et

539 2879 673 2934 velle
691 2900 709 2933 .·
736 2880 901 2950 jubet
927 2880 1205 2954 utsacz'at,
1229 2883 1331 2939 sed
1355 2893 1629 2957 operatur
1657 2892 1708 2940 et
1718 2883 1978 2955 facere.’'

621 2956 835 3016 XVII.
882 2958 1001 3017 Nec
1025 2960 1330 3020 dicendum
1361 2962 1483 3022 hic:
1507 2963 1638 3037 Vel,
1669 2967 1721 3020 1.
1754 2962 2023 3020 “Actum
2049 2960 2163 3018 diei
2182 2960 2321 3033 dari,
2343 2979 2518 3036 quum
2539 2958 2710 3016 datur
2730 2967 2795 3015 ut
2815 2976 2947 3014 eum

539 3037 826 3114 possimus
853 3043 1182 3116 praestare.''
1229 3042 1375 3117 Quia
1403 3053 1603 3102 contra
1631 3063 1706 3100 ex
1737 3042 1967 3099 Canone
1990 3040 2485 3117 Philosophorum,
2510 3042 2561 3096 A
2598 3038 2848 3113 potentia
2870 3040 2958 3095 ad

539 3127 724 3176 actum
753 3141 864 3178 non
892 3124 1040 3179 valet
1065 3124 1468 3199 consequentia.
1556 3124 1718 3181 Deus
1766 3122 1994 3179 Adamo
2044 3119 2204 3178 dedit
2234 3129 2285 3174 τε
2328 3139 2497 3196 posse
2527 3138 2642 3176 non
2691 3136 2949 3194 peecare,

543 3199 788 3258 sednon
818 3200 947 3259 ideo
977 3201 1137 3262 dedit
1185 3212 1377 3262 aetum
1405 3223 1521 3261 non
1570 3202 1865 3280 peccandi,
1918 3202 2060 3258 alias
2098 3219 2391 3275 nunquam
2439 3207 2750 3275 peccasset.
2834 3196 2952 3255 Vel

540 3282 595 3335 2.
643 3281 677 3311 “
700 3280 1004 3338 Actionem
1037 3282 1204 3339 istam
1237 3284 1347 3341 Dei
1375 3304 1490 3341 non
1519 3304 1645 3342 esse
1669 3280 2100 3353 irresistibilem,
2132 3279 2269 3356 quia
2287 3278 2559 3357 conjungi
2583 3277 2791 3335 debeat
2819 3296 2951 3334 cum

541 3359 868 3433 operatione
898 3361 1163 3431 hominis,
1197 3364 1296 3439 qui
1327 3364 1498 3420 debet
1526 3363 1699 3420 etiam
1730 3360 1952 3438 operari
1995 3359 2238 3417 salutem
2281 3378 2441 3416 suam
2472 3367 2530 3416 et
2557 3357 2789 3434 quidem
2819 3376 2953 3414 cum

543 3446 789 3495 tremore
819 3447 877 3495 et
905 3439 1167 3497 timore.”
1254 3443 1402 3514 Quia
1432 3443 1685 3499 studium
1717 3451 1773 3499 et
1818 3439 2158 3515 obsequium
2214 3438 2463 3496 hominis
2510 3456 2626 3495 non
2670 3435 2951 3508 excludit,

543 3514 644 3571 sed
674 3517 959 3590 supponit,
993 3520 1390 3577 necessitatem
1422 3523 1623 3596 gratiae
1653 3520 2043 3593 irresistibilis,
2075 3529 2140 3575 ut
2165 3519 2337 3574 homo
2365 3537 2483 3575 non
2519 3525 2741 3575 tantum
2770 3516 2957 3593 possit

543 3591 689 3650 illud
717 3594 1005 3669 perficere,
1039 3596 1140 3654 sed
1169 3610 1232 3655 ut
1261 3609 1394 3657 actu
1441 3599 1585 3656 illud
1636 3600 1893 3676 perficiat
1941 3619 2016 3657 ex
2060 3598 2199 3655 novi
2246 3596 2507 3655 Foederis
2554 3595 2954 3673 promissione.

544 3670 741 3730 Timor
768 3693 906 3731 vero
936 3684 994 3732 et
1021 3683 1249 3750 tremor,
1275 3697 1390 3735 non
1419 3679 1605 3754 magis
1635 3688 1895 3755 pugnant
1923 3698 2054 3736 cum
2071 3675 2536 3735 irresistibilitate
2554 3695 2760 3750 causae,
2780 3694 2956 3750 quam

545 3771 674 3809 cum
705 3762 947 3812 eventus
976 3757 1317 3816 certitudine
1347 3767 1404 3817 et
1433 3758 1841 3817 infallibilitate
1884 3758 2053 3815 nobis
2100 3764 2437 3833 perspecta3
2481 3775 2610 3813 cum
2641 3775 2756 3831 qua
2783 3773 2955 3830 posse

544 3834 856 3894 consistere
887 3838 1211 3913 exemplum
1244 3838 1431 3916 ipsum
1452 3838 1666 3897 Christi
1695 3838 1879 3914 docet,
1911 3837 2011 3913 qui
2036 3836 2175 3895 licet
2203 3836 2274 3894 de
2294 3835 2534 3894 victoria
2563 3854 2815 3906 securae,
2837 3853 2956 3890 me-

545 3921 608 3971 tu
639 3924 826 3973 tamen
859 3926 1153 3994 correptus
1181 3917 1411 3996 legitur,
1463 3918 1615 3976 Heb.
1662 3938 1717 3978 v.
1764 3923 1818 3991 7,
1851 3920 1906 3976 8.
1993 3916 2191 3992 Atque
2233 3935 2301 3973 eo
2331 3916 2534 3992 magis,
2579 3914 2736 3991 quod
2784 3914 2958 3970 timor

547 3993 654 4052 iste
683 4015 798 4052 non
828 4004 916 4054 est
959 3996 1191 4056 incertae
1220 3999 1597 4058 dubitationis
1621 4007 1679 4056 et
1707 3996 2061 4071 diffidentiae,
2108 3995 2209 4053 sed
2238 3995 2563 4053 humilitatis
2591 4004 2643 4053 et
2659 3995 2777 4069 pioe
2801 3994 2955 4051 solli·

545 4074 818 4148 citudinis,
851 4096 979 4152 quae
1009 4085 1099 4135 est
1125 4098 1200 4135 ex
1229 4079 1449 4153 mediis,
1483 4079 1693 4154 quibus
1725 4079 1884 4135 Deus
1929 4075 2193 4153 producit
2241 4074 2301 4132 in
2346 4075 2515 4133 nobis
2563 4073 2956 4133 efficacissime

544 4152 702 4212 istud
729 4156 880 4213 velle
904 4165 962 4214 et
988 4157 1277 4233 perficere.
1362 4159 1494 4233 Vel,
1521 4161 1575 4216 3.
1601 4161 1637 4191 “
1658 4158 1871 4215 Actum
1902 4156 2088 4231 ipsum
2118 4154 2253 4212 fidei
2282 4174 2398 4212 non
2424 4174 2596 4231 posse
2624 4152 2955 4211 irresistibi-

544 4232 677 4291 liter
704 4233 867 4309 effici,
900 4236 1035 4312 quia
1063 4237 1145 4294 sic
1173 4258 1288 4295 non
1318 4247 1470 4296 esset
1498 4238 1665 4310 acti0,
1691 4237 1794 4295 sed
1810 4235 2061 4313 passi0.'’
2135 4233 2285 4307 Quia
2306 4233 2503 4292 divina
2519 4234 2643 4292 haec
2666 4234 2816 4291 actio
2838 4251 2958 4289 non

544 4311 706 4371 laedit
734 4316 1049 4373 voluntatis
1077 4315 1419 4394 libertatem,
1446 4317 1546 4376 sed
1568 4317 1815 4390 roborat,
1848 4323 1905 4372 et
1926 4314 2071 4371 nihil
2093 4314 2286 4372 obstat
2312 4313 2595 4372 actionem
2615 4312 2854 4372 eandem
2885 4311 2957 4368 li·

544 4391 697 4467 bere,
730 4392 806 4450 id.
840 4404 1040 4470 sponte
1070 4396 1143 4453 ab
1171 4398 1400 4455 homine
1430 4397 1593 4471 effici,
1627 4404 1686 4455 et
1712 4395 1834 4454 fieri
1857 4403 2047 4453 tamen
2074 4413 2176 4470 per
2220 4393 2496 4452 invictam
2533 4393 2640 4453 Dei
2690 4391 2959 4469 gratiam,

546 4490 674 4545 quae
729 4471 1196 4535 infallibilitatem
1252 4489 1495 4534 eventus
1550 4497 1680 4535 cum
1724 4476 1990 4533 libertate
2034 4472 2350 4533 voluntatis
2399 4473 2611 4550 optime
2658 4471 2964 4532 conciliat:

546 4551 682 4626 quia
711 4551 792 4607 sic
826 4554 982 4610 Deus
1011 4557 1131 4631 agit
1160 4557 1218 4613 in
1248 4556 1432 4631 nobis,
1465 4565 1529 4614 ut
1556 4576 1671 4614 non
1702 4561 1921 4614 evertat
1952 4552 2299 4629 singularem
2329 4574 2517 4612 rerum
2547 4561 2828 4625 naturam,
2855 4552 2964 4611 sed
