3221 5200
553 333 668 388 242
1416 345 1596 386 Locus
1628 345 1884 386 naeuius
1913 345 2179 385 'rsn‘rms-
2628 320 2884 402 [Quffisr.
2915 341 2955 381 1.

554 497 620 547 ut
645 485 903 564 loquitur
930 487 1088 563 Aug.
1158 486 1417 562 Reliquit
1448 487 1608 545 Deus
1635 487 1925 545 hominem
1955 486 2029 544 ad
2068 485 2302 561 longam
2333 484 2541 542 suimet
2569 483 2749 560 ipsius
2777 503 2952 560 expe·

554 567 835 641 rientiam,
866 575 931 625 ιιι
960 567 1199 639 videret,
1231 586 1305 623 an
1346 566 1449 643 qui
1488 566 1709 624 malitia
1749 586 1855 624 sua
1894 565 2194 639 ceciderat,
2225 573 2420 640 posset
2468 583 2529 621 se
2571 563 2792 621 viribus
2835 563 2957 622 suis

555 647 794 723 erigere.
880 645 1022 704 Ideo
1050 666 1256 722 passus
1298 654 1387 704 est
1430 646 1589 703 Deus
1629 654 1750 704 toto
1783 646 1885 705 illo
1913 646 2092 722 ἀνοχῖς
2134 665 2251 702 suae
2294 652 2566 720 tempore,
2611 662 2865 701 crescere
2894 651 2953 702 et

555 726 979 802 quodammodo
1007 725 1299 783 abundare
1329 734 1644 802 peccatum,
1674 735 1739 783 ut
1766 725 2119 784 abundantia
2147 724 2347 800 gratiae
2389 743 2456 782 eo
2485 723 2761 780 illustrior
2788 722 2954 781 foret.

557 805 758 864 Noluit
786 814 978 864 tamen
1007 805 1346 863 Adventum
1385 805 1560 863 istum
1597 805 1814 863 differri
1841 826 2024 882 usque
2062 805 2138 862 ad
2164 803 2336 861 finem
2366 803 2561 877 seculi,
2606 822 2677 860 ne
2704 822 2808 879 per
2834 812 2955 860 tam

551 885 757 962 longas
786 905 975 944 moras
1003 885 1189 943 omnis
1220 885 1331 942 Dei
1367 885 1573 944 notitia
1609 894 1668 943 et
1708 886 2029 943 reverentia
2069 905 2144 943 ex
2186 883 2391 941 animis
2420 882 2714 940 hominum
2744 902 2952 939 evane-

552 975 753 1040 sceret,
799 976 857 1023 et
898 964 1220 1040 desperatio
1275 964 1443 1022 fidem
1503 964 1837 1023 absorberet
1861 987 1875 1023 ε
1941 963 2113 1022 Adde
2169 962 2327 1039 quod
2381 960 2790 1036 distinguenda
2844 961 2952 1020 fuit

552 1043 906 1121 dispensatio
930 1045 1142 1102 Gratiae
1171 1054 1229 1101 et
1247 1044 1475 1120 Gloriae,
1500 1065 1607 1103 nec
1636 1046 1971 1120 contiguum
2001 1043 2201 1101 debuit
2238 1061 2363 1100 esse
2392 1061 2534 1117 opus
2553 1040 2952 1116 Reparationis

554 1123 936 1192 Perfectioni3
990 1143 1095 1181 sua
1114 1124 1321 1199 cuique
1344 1124 1516 1200 Operi
1554 1133 1712 1199 aetaS,
1753 1134 1811 1183 et
1846 1129 2028 1204 αιςὸς,
2061 1143 2162 1181 seu
2192 1122 2611 1198 tempestivitas
2631 1120 2742 1178 fuit
2769 1120 2952 1198 assig-

549 1202 757 1280 nanda,
788 1223 895 1262 nec
922 1204 1206 1262 adventus
1232 1204 1451 1280 primus
1480 1205 1694 1262 Christi
1722 1225 1852 1262 cum
1881 1202 2132 1262 secundo
2159 1201 2268 1259 fuit
2296 1199 2750 1259 confundendus.

624 1301 793 1347 Status
826 1302 986 1352 Quaes-
1164 1283 1239 1340 V.
1285 1284 1572 1357 Quaeritur
1591 1285 1685 1342 hic
1714 1292 1904 1342 autem
1928 1285 2000 1341 de
2018 1281 2187 1359 primi
2210 1280 2519 1338 Adventus
2556 1281 2856 1356 Tempore,
2881 1278 2953 1337 de

714 1361 880 1406 tionis.
1081 1382 1197 1438 quo
1218 1382 1334 1419 non
1352 1363 1522 1422 modo
1542 1364 1679 1422 licet
1700 1363 2158 1439 disquisitionem
2180 1361 2494 1434 instituere,
2520 1359 2623 1418 sed
2644 1368 2701 1417 et
2721 1379 2958 1418 necesse

552 1446 642 1497 est
663 1439 739 1496 ad
758 1439 897 1497 fidei
916 1450 1127 1499 nestrae
1162 1444 1461 1513 secata-m.
1547 1443 1676 1516 Qua
1695 1443 1767 1501 de
1789 1462 1964 1500 causa
1988 1442 2236 1518 Spiritus
2262 1441 2320 1498 S.
2352 1440 2411 1497 in
2432 1441 2506 1498 V.
2530 1440 2597 1497 T.
2619 1438 2957 1496 indubitatis

551 1518 897 1595 quibusdam
925 1521 1077 1579 notis
1104 1522 1249 1581 illud
1278 1523 1505 1599 signare
1534 1523 1735 1598 voluit,
1768 1532 1832 1581 ut
1871 1522 2072 1580 fideles
2099 1522 2263 1579 illum
2291 1521 2617 1578 venientem
2648 1538 2951 1595 agnoscer-

550 1609 666 1675 ent,
681 1620 786 1658 nec
798 1599 952 1658 ullus
965 1601 1274 1660 incredulis
1293 1611 1622 1679 suppeteret
1639 1603 1978 1680 ignorantiae
1998 1609 2311 1678 praetextus
2323 1599 2396 1657 ad
2409 1619 2539 1658 eum
2552 1599 2951 1657 recusandum.

551 1679 673 1738 Nec
701 1679 974 1738 audiendi
1015 1692 1149 1741 sunt
1187 1681 1451 1740 hodierni
1490 1682 1763 1757 Rabbini‚
1795 1682 1896 1759 qui
1935 1691 2001 1740 ut
2028 1681 2253 1738 facilius
2283 1700 2343 1738 se
2373 1679 2656 1738 extricent
2684 1679 2756 1735 ab
2779 1698 2947 1754 argu·

547 1761 773 1834 mentia,
805 1761 1017 1836 quibus
1064 1762 1279 1820 invicte
1328 1761 1788 1820 demonstramus
1834 1781 1909 1818 ex
1963 1761 2257 1837 Scriptura
2303 1760 2413 1817 hoc
2463 1769 2687 1835 tempus
2723 1758 2949 1834 jamdiu

546 1840 907 1916 praeteriisse,
939 1841 1049 1899 boc
1078 1841 1353 1918 effugium
1395 1842 1825 1917 quaesiverunt:
1871 1841 2109 1897 Nullum
2150 1847 2370 1897 certum
2411 1838 2685 1897 adventui
2717 1838 2948 1896 Messiae

545 1919 890 1997 praefinitum
920 1940 1044 1979 esse
1073 1931 1299 1997 tempus
1326 1921 1387 1978 in
1421 1921 1730 1997 Scriptura,
1763 1919 1865 1978 sed
1888 1920 2076 1977 Deum
2105 1918 2165 1976 id
2194 1938 2464 1975 arcanum
2493 1918 2603 1976 sibi
2632 1918 2742 1975 soli
2767 1937 2946 1978 reser-

546 2019 733 2074 vasse,
766 2007 830 2057 ut
873 2000 1147 2058 Messiam
1185 2002 1377 2059 mittat
1418 1999 1877 2077 quandocunque
1914 1999 2090 2057 volet.
2136 1998 2294 2056 Hinc
2321 1997 2402 2071 fit,
2435 2007 2498 2056 ut
2527 2017 2725 2055 severe
2753 1996 2944 2073 prohi-

545 2079 736 2153 beant,
782 2099 854 2138 ne
891 2080 953 2137 in
992 2089 1219 2157 tempus
1258 2079 1491 2139 Messiae
1528 2079 1866 2155 inquiratur,
1904 2088 1962 2137 et
2002 2078 2364 2136 anathemate
2402 2078 2725 2153 percutiant
2762 2076 2941 2152 illum,

545 2159 646 2237 qui
689 2159 923 2217 Messiae
962 2169 1188 2237 tempus
1230 2169 1560 2236 computare
1598 2159 1849 2218 voluerit
1891 2159 1950 2215 in
1992 2157 2160 2216 Thal.
2211 2156 2354 2215 cod.
2402 2156 2650 2216 Sanhed.
2697 2175 2820 2232 cap.
2861 2157 2942 2215 xi.

548 2239 583 2271 ‘⁴
604 2238 814 2296 Inflata
836 2252 1175 2317 rumpantur
1195 2260 1327 2298 ossa
1349 2259 1563 2313 eorum,
1584 2239 1686 2316 qui
1700 2237 1968 2316 periodos
1986 2237 2306 2315 temporum
2328 2236 2720 2313 computant.'’
2779 2235 2949 2309 Quod

544 2339 699 2393 sane,
732 2319 782 2377 si
809 2319 991 2378 ullum
1029 2318 1204 2393 aliud,
1235 2320 1551 2396 desperatae
1580 2338 1769 2378 causae
1791 2328 1879 2378 est
1913 2325 2310 2395 argumentum
2340 2339 2354 2375 ε
2399 2316 2541 2391 Quis
2569 2315 2722 2373 enim
2751 2314 2948 2376 credat

541 2398 668 2457 fieri
694 2418 881 2476 posse,
913 2408 978 2457 ut
1004 2399 1155 2457 inter
1190 2400 1347 2476 ipsos
1384 2399 1757 2476 reperiantur,
1789 2399 1888 2475 qui
1917 2418 2035 2457 rem
2064 2406 2183 2456 tam
2211 2396 2441 2472 claram,
2472 2404 2589 2453 tam
2618 2403 2950 2454 constanter

541 2478 602 2535 in
629 2478 843 2556 populo
874 2479 946 2535 ab
990 2480 1145 2536 omni
1187 2488 1340 2536 retro
1384 2500 1509 2537 aevo
1553 2479 1847 2553 creditam,
1878 2487 1997 2536 tam
2040 2476 2421 2535 desideratam
2464 2485 2522 2535 et
2546 2482 2944 2553 expectatam,

542 2577 754 2634 negare
804 2558 1142 2631 sustineant,
1194 2558 1305 2615 nisi
1353 2559 1456 2636 qui
1503 2578 1655 2617 caeco
1697 2558 1907 2617 mentis
1956 2576 2145 2616 errore
2188 2564 2247 2615 et
2286 2555 2619 2634 praejudicio
2664 2555 2945 2631 fascinati,

542 2637 747 2713 spiritu
775 2637 1245 2695 contradictionis
1274 2638 1355 2696 ita
1382 2645 1751 2714 occupantur,
1783 2648 1848 2696 ut
1883 2638 2108 2696 nullum
2136 2645 2521 2695 commentum
2549 2645 2666 2693 tam
2696 2635 2949 2694 alienum

541 2724 763 2793 putent,
795 2715 951 2793 quod
1000 2716 1290 2773 mordicus
1339 2736 1454 2773 non
1503 2717 1952 2794 apprehendant,
2007 2718 2056 2774 si
2100 2716 2273 2775 modo
2322 2715 2659 2793 longissime
2708 2715 2877 2773 abeat
2914 2734 2952 2773 a

542 2815 732 2869 sensu,
763 2795 864 2871 qui
904 2796 946 2853 J
951 2815 1052 2853 esu
1082 2804 1278 2853 nostro
1307 2795 1497 2854 favere
1527 2816 1696 2873 posse
1725 2796 1955 2853 videtur
1974 2799 2002 2853 ⁶?

620 2874 731 2932 VI.
778 2875 968 2949 Quum
1009 2894 1148 2933 vero
1177 2874 1248 2932 de
1277 2876 1557 2951 Tempore
1579 2875 1864 2933 adventus
1902 2876 2134 2934 Messiae
2172 2875 2547 2952 disputamus,
2591 2874 2908 2932 notandum
2935 2887 2978 2933 z·

546 2957 597 3012 1.
645 2955 766 3013 Nos
794 2974 910 3013 non
948 2974 1118 3031 agere
1147 2954 1218 3013 de
1261 2955 1365 3013 tali
1406 2955 1705 3032 Tempore,
1732 2965 1831 3015 aut
1859 2955 2072 3013 talibus
2101 2956 2226 3032 ejus
2267 2955 2482 3013 indicitis
2523 2964 2576 3012 et
2614 2955 2771 3029 notis,
2816 2973 2947 3029 quae

539 3035 707 3093 nobis
735 3056 851 3094 non
880 3035 1268 3112 cogitantibus
1285 3036 1345 3093 in
1375 3055 1578 3094 sensus
1607 3036 1922 3110 incurrunt,
1954 3054 2196 3111 quaeque
2224 3055 2260 3092 a
2286 3034 2511 3092 nemine
2529 3053 2763 3110 prorsus
2781 3034 2949 3109 igno-

539 3115 649 3173 rari
679 3124 938 3192 possunt,
959 3116 1159 3192 quales
1176 3116 1395 3174 vellent
1415 3117 1458 3175 J
1462 3116 1632 3190 udaei,
1657 3135 1785 3192 quae
1806 3116 2220 3173 Mathematicae
2237 3124 2290 3173 et
2308 3115 2559 3190 Physicae
2587 3113 2701 3171 dici
2724 3113 2911 3171 solent
2931 3134 2947 3187 3

539 3195 704 3254 verbi
746 3196 948 3273 gratia,
995 3196 1242 3255 Messias
1269 3196 1464 3256 veniet
1509 3196 1645 3255 Sole
1674 3205 1861 3255 stante
1903 3196 1962 3251 in
2003 3194 2257 3268 meridie,
2289 3196 2385 3251 vel
2429 3193 2648 3269 Eclipsi
2694 3192 2845 3251 Solis
2888 3192 2948 3249 in

538 3274 873 3351 pleniluni0,
904 3276 1000 3334 vel
1041 3285 1234 3335 monte
1279 3276 1391 3334 Dei
1434 3296 1606 3353 supra
1649 3276 1794 3333 alios
1834 3283 2058 3333 montes
2088 3274 2331 3349 elevatO,
2364 3272 2471 3331 Sto.
2546 3272 2662 3332 Sed
2691 3272 2762 3329 de
2792 3271 2946 3330 notis

538 3356 828 3430 temporis,
861 3375 1006 3432 quas
1046 3355 1365 3413 Historicas
1391 3365 1622 3429 vocant,
1654 3375 1782 3431 quae
1815 3375 1919 3431 per
1958 3354 2109 3412 facta
2153 3361 2211 3411 et
2243 3362 2485 3412 eventus
2513 3351 2784 3429 cognosci
2812 3370 2944 3427 pos·

541 3442 691 3508 sunt,
724 3442 781 3492 et
823 3453 951 3509 quae
993 3434 1139 3491 tales
1188 3442 1338 3506 sunt,
1370 3443 1435 3492 ut
1476 3455 1607 3493 cum
1650 3435 1964 3493 attentione
2000 3432 2310 3506 observari,
2342 3442 2400 3492 et
2439 3432 2552 3489 fide
2596 3429 2948 3508 apprehendi

539 3509 804 3569 debeant.
889 3517 944 3570 2.
993 3512 1114 3569 Nos
1132 3532 1249 3570 non
1268 3512 1327 3568 id
1349 3533 1537 3589 agere,
1561 3522 1628 3572 ut
1654 3514 1962 3590 probemus
2029 3513 2292 3571 raecisum
2320 3512 2593 3588 temporis
2621 3511 2788 3569 istius
2810 3510 2944 3567 arti·

540 3590 679 3664 lum,
713 3589 879 3668 (puta
927 3610 1156 3666 annum,
1187 3611 1460 3667 mensem,
1492 3592 1928 3667 hebdomadam,
1961 3534 2097 3669 Spe.)
2129 3592 2228 3668 qui
2262 3592 2608 3650 constitutus
2637 3591 2713 3650 sit
2740 3611 2775 3649 a
2800 3589 2947 3665 Dec,

540 3678 598 3728 et
626 3670 756 3745 quis
784 3669 882 3728 ille
912 3669 1118 3745 fuerit;
1167 3671 1287 3728 Nec
1317 3672 1469 3729 enim
1512 3692 1657 3748 opus
1685 3681 1774 3729 est
1801 3692 1869 3730 eo
1897 3672 2102 3749 redigi.
2190 3670 2307 3729 Sed
2333 3680 2554 3730 tantum
2585 3680 2652 3730 ut
2679 3696 2720 3729 ιν
2758 3670 2950 3729 πλάτει

538 3748 863 3826 probemuS,
896 3758 1114 3807 certum
1142 3758 1368 3827 tempus
1413 3750 1690 3809 adventui
1719 3751 1951 3809 Messiae
1998 3750 2384 3829 praestitutum
2432 3771 2576 3826 esse,
2608 3751 2781 3826 idque
2809 3750 2944 3825 tale,

538 3829 694 3906 quod
723 3850 797 3887 ex
826 3829 992 3887 factis
1021 3837 1077 3887 et
1105 3830 1409 3888 eventibus
1443 3830 1918 3890 luculentissimis
1944 3830 2209 3907 dignosci
2244 3831 2443 3907 possit,
2473 3831 2584 3888 hoc
2613 3831 2765 3889 enim
2794 3849 2949 3887 nunc

539 3908 764 3984 sufficit,
794 3918 1099 3987 postquam
1142 3929 1340 3967 omnes
1369 3910 1465 3968 isti
1507 3918 1749 3969 eventus
1788 3911 2170 3988 contigerunt.
2255 3913 2310 3969 3.
2357 3911 2478 3969 Nos
2506 3931 2624 3968 non
2672 3930 2842 3986 agere
2872 3908 2947 3967 de
3035 3938 3038 3941 ·

534 3989 689 4049 notis
716 3990 1228 4067 qualibuscunque,
1260 4009 1503 4066 quarum
1531 3989 1589 4047 in
1625 3990 1920 4067 Scriptura
1959 3991 2174 4049 mentio
2201 3990 2284 4065 fit,
2317 3990 2420 4048 sed
2448 3990 2520 4048 de
2547 3990 2620 4049 iis
2649 4010 2778 4067 quae
2807 4009 2943 4048 con-

537 4069 839 4127 vincendis
866 4069 909 4127 J
914 4068 1095 4127 udaeis
1134 4069 1411 4144 serviunt,
1442 4078 1501 4129 et
1541 4089 1670 4146 quae
1701 4070 2063 4128 essentialem
2093 4091 2223 4129 cum
2254 4069 2506 4129 adventu
2547 4070 2780 4128 Messiae
2808 4089 2943 4128 con·

535 4148 844 4208 nexionem
885 4148 1114 4223 habent,
1147 4148 1292 4207 adeo
1332 4158 1399 4207 ut
1439 4169 1556 4207 non
1584 4150 1916 4224 existerent,
1947 4149 2061 4208 nisi
2109 4150 2358 4208 Messias
2399 4150 2670 4225 venisset,
2712 4157 2771 4207 et
2807 4149 2948 4227 quia

535 4228 795 4287 existunt
822 4226 953 4285 ideo
984 4228 1258 4286 Messiam
1288 4229 1516 4287 venisse
1546 4228 1894 4287 credendum
1925 4229 2016 4287 sit.

617 4307 764 4365 VII.
798 4307 891 4365 Ita
920 4306 1266 4381 Quaestionis
1300 4309 1497 4368 Status
1525 4308 1808 4385 redigitur
1835 4306 1911 4365 ad
1930 4309 2038 4366 hos
2065 4308 2340 4367 terminos
2364 4331 2378 4368 t
2410 4308 2509 4366 An
2539 4309 2788 4366 Messias
2815 4328 2947 4384 pro·

535 4387 745 4445 missus
781 4388 904 4463 jam
933 4387 1171 4462 venerit,
1219 4387 1319 4445 An
1347 4409 1485 4448 vero
1527 4388 1601 4446 sit
1631 4387 1818 4445 adhuc
1847 4397 2125 4447 venturus
2154 4397 2212 4446 et
2251 4408 2286 4446 a
2317 4388 2486 4447 nobis
2514 4386 2945 4465 expectandus;

537 4465 637 4523 An
666 4466 918 4543 Tempus
947 4467 1114 4525 istius
1142 4466 1428 4526 adventus
1469 4488 1504 4525 a
1534 4467 1660 4526 Deo
1702 4466 2048 4543 praefinitum
2069 4468 2194 4546 jam
2234 4469 2573 4545 praeterierit
2599 4476 2658 4527 et
2686 4467 2950 4544 elapsum

536 4545 628 4617 sit,
688 4545 785 4603 An
813 4564 954 4604 vero
982 4546 1237 4607 nondum
1266 4547 1588 4607 accesserit.
1674 4547 1716 4606 J
1719 4545 1871 4605 udaei
1911 4548 2196 4624 posterius
2233 4567 2445 4625 magna
2473 4568 2604 4608 eum
2630 4546 2951 4626 pertinacia

534 4628 802 4683 tuentur:
848 4625 969 4683 Nos
997 4646 1135 4684 vero
1163 4627 1324 4703 prius
1351 4626 1661 4685 asserimus
1688 4626 2007 4685 rationibus
2035 4626 2266 4687 invictis
2294 4628 2437 4685 nixi.
