<?xml version="1.0" encoding="UTF-8"?>
<!DOCTYPE html PUBLIC "-//W3C//DTD XHTML 1.0 Transitional//EN"
    "http://www.w3.org/TR/xhtml1/DTD/xhtml1-transitional.dtd">
<html xmlns="http://www.w3.org/1999/xhtml" xml:lang="en" lang="en">
 <head>
  <title>
</title>
<meta http-equiv="Content-Type" content="text/html;charset=utf-8" />
  <meta name='ocr-system' content='tesseract 3.04.00' />
  <meta name='ocr-capabilities' content='ocr_page ocr_carea ocr_par ocr_line ocrx_word'/>
</head>
<body>
  <div class='ocr_page' id='page_1' title='image "./institutiotheol01turrgoog_0442.png"; bbox 0 0 3221 5200; ppageno 0'>
   <div class='ocr_carea' id='block_1_1' title="bbox 484 356 2894 439">
    <p class='ocr_par' dir='ltr' id='par_1_1' title="bbox 484 356 2894 439">
     <span class='ocr_line' id='line_1_1' title="bbox 484 356 2894 439; baseline -0.001 -17"><span class='ocrx_word' id='word_1_1' title='bbox 484 367 601 423; x_wconf 83' lang='lat'>414</span> <span class='ocrx_word' id='word_1_2' title='bbox 1308 381 1490 421; x_wconf 72' lang='lat' dir='ltr'>Locus</span> <span class='ocrx_word' id='word_1_3' title='bbox 1523 381 1779 421; x_wconf 57' lang='lat' dir='ltr'>maenius</span> <span class='ocrx_word' id='word_1_4' title='bbox 1810 379 2098 428; x_wconf 71' lang='lat' dir='ltr'>Qqurus.</span> <span class='ocrx_word' id='word_1_5' title='bbox 2480 356 2730 439; x_wconf 58' lang='lat' dir='ltr'>[ocats‘r.</span> <span class='ocrx_word' id='word_1_6' title='bbox 2767 380 2894 419; x_wconf 78' lang='lat' dir='ltr'>xiv.</span> 
     </span>
    </p>
   </div>
   <div class='ocr_carea' id='block_1_2' title="bbox 424 520 2919 4749">
    <p class='ocr_par' dir='ltr' id='par_1_2' title="bbox 478 520 2900 1559">
     <span class='ocr_line' id='line_1_2' title="bbox 478 520 2896 600; baseline -0.001 -19"><span class='ocrx_word' id='word_1_7' title='bbox 478 545 633 581; x_wconf 90' lang='lat' dir='ltr'>mors</span> <span class='ocrx_word' id='word_1_8' title='bbox 663 525 789 600; x_wconf 87' lang='lat' dir='ltr'>ejus</span> <span class='ocrx_word' id='word_1_9' title='bbox 817 543 1071 599; x_wconf 85' lang='lat' dir='ltr'>unquam</span> <span class='ocrx_word' id='word_1_10' title='bbox 1101 522 1364 598; x_wconf 86' lang='lat' dir='ltr'>innotuit,</span> <span class='ocrx_word' id='word_1_11' title='bbox 1397 523 1607 599; x_wconf 79' lang='lat' dir='ltr'>quique</span> <span class='ocrx_word' id='word_1_12' title='bbox 1638 522 1768 580; x_wconf 90' lang='lat' dir='ltr'>ideo</span> <span class='ocrx_word' id='word_1_13' title='bbox 1791 520 2021 580; x_wconf 89' lang='lat' dir='ltr'>credere</span> <span class='ocrx_word' id='word_1_14' title='bbox 2068 540 2182 578; x_wconf 90' lang='lat' dir='ltr'>non</span> <span class='ocrx_word' id='word_1_15' title='bbox 2211 529 2539 596; x_wconf 86' lang='lat' dir='ltr'>potuerunt.</span> <span class='ocrx_word' id='word_1_16' title='bbox 2610 524 2665 578; x_wconf 85' lang='lat'>2.</span> <span class='ocrx_word' id='word_1_17' title='bbox 2728 520 2896 595; x_wconf 84' lang='lat' dir='ltr'>Quod</span> 
     </span>
     <span class='ocr_line' id='line_1_3' title="bbox 480 599 2897 679; baseline -0.002 -17"><span class='ocrx_word' id='word_1_18' title='bbox 480 614 741 662; x_wconf 87' lang='lat' dir='ltr'>mortuus</span> <span class='ocrx_word' id='word_1_19' title='bbox 771 603 846 660; x_wconf 89' lang='lat' dir='ltr'>sit</span> <span class='ocrx_word' id='word_1_20' title='bbox 874 623 977 679; x_wconf 91' lang='lat' dir='ltr'>pro</span> <span class='ocrx_word' id='word_1_21' title='bbox 1008 602 1095 677; x_wconf 83' lang='lat' dir='ltr'>iis,</span> <span class='ocrx_word' id='word_1_22' title='bbox 1120 622 1266 679; x_wconf 89' lang='lat' dir='ltr'>quos</span> <span class='ocrx_word' id='word_1_23' title='bbox 1295 613 1535 661; x_wconf 88' lang='lat' dir='ltr'>noverat</span> <span class='ocrx_word' id='word_1_24' title='bbox 1565 603 1829 661; x_wconf 81' lang='lat' dir='ltr'>Christus</span> <span class='ocrx_word' id='word_1_25' title='bbox 1857 601 2006 659; x_wconf 86' lang='lat' dir='ltr'>filios</span> <span class='ocrx_word' id='word_1_26' title='bbox 2036 621 2161 658; x_wconf 89' lang='lat' dir='ltr'>esse</span> <span class='ocrx_word' id='word_1_27' title='bbox 2190 599 2547 676; x_wconf 79' lang='lat' dir='ltr'>perditioniS‚</span> <span class='ocrx_word' id='word_1_28' title='bbox 2578 601 2897 676; x_wconf 81' lang='lat' dir='ltr'>praeteritos</span> 
     </span>
     <span class='ocr_line' id='line_1_4' title="bbox 483 681 2894 757; baseline -0.002 -16"><span class='ocrx_word' id='word_1_29' title='bbox 483 705 517 741; x_wconf 91' lang='lat' dir='ltr'>a</span> <span class='ocrx_word' id='word_1_30' title='bbox 550 685 692 757; x_wconf 84' lang='lat' dir='ltr'>Dec,</span> <span class='ocrx_word' id='word_1_31' title='bbox 723 704 830 742; x_wconf 88' lang='lat' dir='ltr'>nec</span> <span class='ocrx_word' id='word_1_32' title='bbox 858 683 917 739; x_wconf 90' lang='lat' dir='ltr'>in</span> <span class='ocrx_word' id='word_1_33' title='bbox 949 693 1223 740; x_wconf 84' lang='lat' dir='ltr'>aeternum</span> <span class='ocrx_word' id='word_1_34' title='bbox 1254 682 1500 740; x_wconf 87' lang='lat' dir='ltr'>fructum</span> <span class='ocrx_word' id='word_1_35' title='bbox 1530 683 1711 740; x_wconf 91' lang='lat' dir='ltr'>ullum</span> <span class='ocrx_word' id='word_1_36' title='bbox 1742 681 1944 739; x_wconf 85' lang='lat' dir='ltr'>mortis</span> <span class='ocrx_word' id='word_1_37' title='bbox 1973 701 2091 739; x_wconf 84' lang='lat' dir='ltr'>suae</span> <span class='ocrx_word' id='word_1_38' title='bbox 2121 689 2508 757; x_wconf 89' lang='lat' dir='ltr'>percepturos,</span> <span class='ocrx_word' id='word_1_39' title='bbox 2540 690 2604 738; x_wconf 91' lang='lat' dir='ltr'>ut</span> <span class='ocrx_word' id='word_1_40' title='bbox 2633 681 2714 738; x_wconf 84' lang='lat' dir='ltr'>ita</span> <span class='ocrx_word' id='word_1_41' title='bbox 2744 700 2894 738; x_wconf 89' lang='lat' dir='ltr'>sum-</span> 
     </span>
     <span class='ocr_line' id='line_1_5' title="bbox 483 760 2898 840; baseline -0.001 -20"><span class='ocrx_word' id='word_1_42' title='bbox 483 784 577 822; x_wconf 87' lang='lat' dir='ltr'>ma</span> <span class='ocrx_word' id='word_1_43' title='bbox 605 764 912 822; x_wconf 81' lang='lat' dir='ltr'>dilectione</span> <span class='ocrx_word' id='word_1_44' title='bbox 954 772 1291 840; x_wconf 88' lang='lat' dir='ltr'>prosecutus</span> <span class='ocrx_word' id='word_1_45' title='bbox 1335 762 1409 819; x_wconf 88' lang='lat' dir='ltr'>sit</span> <span class='ocrx_word' id='word_1_46' title='bbox 1450 782 1567 836; x_wconf 77' lang='lat' dir='ltr'>eOS,</span> <span class='ocrx_word' id='word_1_47' title='bbox 1598 782 1745 837; x_wconf 90' lang='lat' dir='ltr'>quos</span> <span class='ocrx_word' id='word_1_48' title='bbox 1788 781 2009 819; x_wconf 89' lang='lat' dir='ltr'>summo</span> <span class='ocrx_word' id='word_1_49' title='bbox 2053 761 2186 818; x_wconf 82' lang='lat' dir='ltr'>odio</span> <span class='ocrx_word' id='word_1_50' title='bbox 2242 760 2364 836; x_wconf 90' lang='lat' dir='ltr'>ipse</span> <span class='ocrx_word' id='word_1_51' title='bbox 2407 780 2536 817; x_wconf 87' lang='lat' dir='ltr'>cum</span> <span class='ocrx_word' id='word_1_52' title='bbox 2584 761 2753 818; x_wconf 88' lang='lat' dir='ltr'>Patre</span> <span class='ocrx_word' id='word_1_53' title='bbox 2796 780 2898 837; x_wconf 87' lang='lat' dir='ltr'>per</span> 
     </span>
     <span class='ocr_line' id='line_1_6' title="bbox 481 840 2896 920; baseline -0.002 -18"><span class='ocrx_word' id='word_1_54' title='bbox 481 853 751 902; x_wconf 82' lang='lat' dir='ltr'>aeternam</span> <span class='ocrx_word' id='word_1_55' title='bbox 783 842 1229 920; x_wconf 73' lang='lat' dir='ltr'>praeteritionem</span> <span class='ocrx_word' id='word_1_56' title='bbox 1252 851 1309 900; x_wconf 90' lang='lat' dir='ltr'>et</span> <span class='ocrx_word' id='word_1_57' title='bbox 1338 842 1798 918; x_wconf 82' lang='lat' dir='ltr'>reprobationem</span> <span class='ocrx_word' id='word_1_58' title='bbox 1827 840 2298 918; x_wconf 83' lang='lat' dir='ltr'>prosequebatur.</span> <span class='ocrx_word' id='word_1_59' title='bbox 2344 843 2399 898; x_wconf 88' lang='lat'>3.</span> <span class='ocrx_word' id='word_1_60' title='bbox 2445 840 2612 913; x_wconf 87' lang='lat' dir='ltr'>Quod</span> <span class='ocrx_word' id='word_1_61' title='bbox 2636 851 2896 899; x_wconf 88' lang='lat' dir='ltr'>mortuus</span> 
     </span>
     <span class='ocr_line' id='line_1_7' title="bbox 482 919 2894 1001; baseline -0.002 -19"><span class='ocrx_word' id='word_1_62' title='bbox 482 925 558 982; x_wconf 89' lang='lat' dir='ltr'>sit</span> <span class='ocrx_word' id='word_1_63' title='bbox 586 944 687 1001; x_wconf 88' lang='lat' dir='ltr'>pro</span> <span class='ocrx_word' id='word_1_64' title='bbox 718 925 805 996; x_wconf 79' lang='lat' dir='ltr'>iis,</span> <span class='ocrx_word' id='word_1_65' title='bbox 831 923 930 998; x_wconf 89' lang='lat' dir='ltr'>qui</span> <span class='ocrx_word' id='word_1_66' title='bbox 954 923 1079 998; x_wconf 91' lang='lat' dir='ltr'>jam</span> <span class='ocrx_word' id='word_1_67' title='bbox 1101 923 1517 998; x_wconf 82' lang='lat' dir='ltr'>torquebantur</span> <span class='ocrx_word' id='word_1_68' title='bbox 1545 922 1606 979; x_wconf 90' lang='lat' dir='ltr'>in</span> <span class='ocrx_word' id='word_1_69' title='bbox 1637 921 1874 995; x_wconf 90' lang='lat' dir='ltr'>infern0,</span> <span class='ocrx_word' id='word_1_70' title='bbox 1908 930 1966 979; x_wconf 92' lang='lat' dir='ltr'>et</span> <span class='ocrx_word' id='word_1_71' title='bbox 1986 922 2109 998; x_wconf 89' lang='lat' dir='ltr'>jam</span> <span class='ocrx_word' id='word_1_72' title='bbox 2133 929 2266 977; x_wconf 90' lang='lat' dir='ltr'>actu</span> <span class='ocrx_word' id='word_1_73' title='bbox 2295 919 2550 977; x_wconf 85' lang='lat' dir='ltr'>damnati</span> <span class='ocrx_word' id='word_1_74' title='bbox 2579 930 2742 979; x_wconf 88' lang='lat' dir='ltr'>erant</span> <span class='ocrx_word' id='word_1_75' title='bbox 2770 921 2894 978; x_wconf 90' lang='lat' dir='ltr'>sine</span> 
     </span>
     <span class='ocr_line' id='line_1_8' title="bbox 484 999 2895 1080; baseline -0.003 -18"><span class='ocrx_word' id='word_1_76' title='bbox 484 1006 603 1062; x_wconf 88' lang='lat' dir='ltr'>ulla</span> <span class='ocrx_word' id='word_1_77' title='bbox 633 1024 731 1080; x_wconf 86' lang='lat' dir='ltr'>spe</span> <span class='ocrx_word' id='word_1_78' title='bbox 763 1002 981 1075; x_wconf 73' lang='lat' dir='ltr'>salutiS,</span> <span class='ocrx_word' id='word_1_79' title='bbox 1012 1012 1184 1077; x_wconf 87' lang='lat' dir='ltr'>atque</span> <span class='ocrx_word' id='word_1_80' title='bbox 1228 1003 1307 1058; x_wconf 85' lang='lat' dir='ltr'>ita</span> <span class='ocrx_word' id='word_1_81' title='bbox 1353 1021 1553 1079; x_wconf 85' lang='lat' dir='ltr'>poenas</span> <span class='ocrx_word' id='word_1_82' title='bbox 1581 1002 1780 1060; x_wconf 90' lang='lat' dir='ltr'>tulerit</span> <span class='ocrx_word' id='word_1_83' title='bbox 1810 1011 1872 1059; x_wconf 91' lang='lat' dir='ltr'>ut</span> <span class='ocrx_word' id='word_1_84' title='bbox 1910 1002 2181 1077; x_wconf 82' lang='lat' dir='ltr'>Sponsor,</span> <span class='ocrx_word' id='word_1_85' title='bbox 2234 1019 2427 1057; x_wconf 87' lang='lat' dir='ltr'>eorum</span> <span class='ocrx_word' id='word_1_86' title='bbox 2450 999 2595 1073; x_wconf 78' lang='lat'>1000,</span> <span class='ocrx_word' id='word_1_87' title='bbox 2647 1000 2745 1075; x_wconf 91' lang='lat' dir='ltr'>qui</span> <span class='ocrx_word' id='word_1_88' title='bbox 2771 1001 2895 1078; x_wconf 89' lang='lat' dir='ltr'>jam</span> 
     </span>
     <span class='ocr_line' id='line_1_9' title="bbox 482 1080 2898 1154; baseline -0.001 -13"><span class='ocrx_word' id='word_1_89' title='bbox 482 1104 581 1141; x_wconf 86' lang='lat' dir='ltr'>eas</span> <span class='ocrx_word' id='word_1_90' title='bbox 611 1083 844 1154; x_wconf 85' lang='lat' dir='ltr'>ferebat,</span> <span class='ocrx_word' id='word_1_91' title='bbox 877 1090 935 1139; x_wconf 88' lang='lat' dir='ltr'>et</span> <span class='ocrx_word' id='word_1_92' title='bbox 963 1081 1108 1139; x_wconf 84' lang='lat' dir='ltr'>ferre</span> <span class='ocrx_word' id='word_1_93' title='bbox 1158 1081 1371 1140; x_wconf 89' lang='lat' dir='ltr'>debent</span> <span class='ocrx_word' id='word_1_94' title='bbox 1419 1082 1479 1139; x_wconf 90' lang='lat' dir='ltr'>in</span> <span class='ocrx_word' id='word_1_95' title='bbox 1529 1092 1825 1140; x_wconf 85' lang='lat' dir='ltr'>aeternum.</span> <span class='ocrx_word' id='word_1_96' title='bbox 1871 1086 1926 1139; x_wconf 88' lang='lat'>4.</span> <span class='ocrx_word' id='word_1_97' title='bbox 1973 1080 2235 1139; x_wconf 85' lang='lat' dir='ltr'>Christus</span> <span class='ocrx_word' id='word_1_98' title='bbox 2287 1080 2559 1138; x_wconf 86' lang='lat' dir='ltr'>Servator</span> <span class='ocrx_word' id='word_1_99' title='bbox 2596 1099 2792 1138; x_wconf 89' lang='lat' dir='ltr'>eorum</span> <span class='ocrx_word' id='word_1_100' title='bbox 2839 1087 2898 1138; x_wconf 90' lang='lat' dir='ltr'>et</span> 
     </span>
     <span class='ocr_line' id='line_1_10' title="bbox 487 1159 2899 1238; baseline -0.002 -17"><span class='ocrx_word' id='word_1_101' title='bbox 487 1163 839 1238; x_wconf 84' lang='lat' dir='ltr'>Redemptor</span> <span class='ocrx_word' id='word_1_102' title='bbox 880 1161 1118 1234; x_wconf 88' lang='lat' dir='ltr'>dicetur,</span> <span class='ocrx_word' id='word_1_103' title='bbox 1146 1181 1260 1218; x_wconf 90' lang='lat' dir='ltr'>non</span> <span class='ocrx_word' id='word_1_104' title='bbox 1290 1161 1461 1219; x_wconf 89' lang='lat' dir='ltr'>modo</span> <span class='ocrx_word' id='word_1_105' title='bbox 1491 1161 1590 1237; x_wconf 89' lang='lat' dir='ltr'>qui</span> <span class='ocrx_word' id='word_1_106' title='bbox 1620 1182 1914 1238; x_wconf 86' lang='lat' dir='ltr'>nunquam</span> <span class='ocrx_word' id='word_1_107' title='bbox 1972 1168 2289 1234; x_wconf 85' lang='lat' dir='ltr'>servantur,</span> <span class='ocrx_word' id='word_1_108' title='bbox 2313 1159 2413 1217; x_wconf 89' lang='lat' dir='ltr'>sed</span> <span class='ocrx_word' id='word_1_109' title='bbox 2442 1160 2541 1235; x_wconf 92' lang='lat' dir='ltr'>qui</span> <span class='ocrx_word' id='word_1_110' title='bbox 2590 1160 2899 1235; x_wconf 87' lang='lat' dir='ltr'>nequidem</span> 
     </span>
     <span class='ocr_line' id='line_1_11' title="bbox 483 1240 2895 1317; baseline -0.001 -17"><span class='ocrx_word' id='word_1_111' title='bbox 483 1242 699 1300; x_wconf 82' lang='lat' dir='ltr'>servari</span> <span class='ocrx_word' id='word_1_112' title='bbox 728 1261 980 1316; x_wconf 89' lang='lat' dir='ltr'>unquam</span> <span class='ocrx_word' id='word_1_113' title='bbox 1037 1249 1294 1317; x_wconf 83' lang='lat' dir='ltr'>possunt,</span> <span class='ocrx_word' id='word_1_114' title='bbox 1355 1241 1468 1298; x_wconf 90' lang='lat' dir='ltr'>Vel</span> <span class='ocrx_word' id='word_1_115' title='bbox 1519 1244 1794 1299; x_wconf 80' lang='lat' dir='ltr'>Servator</span> <span class='ocrx_word' id='word_1_116' title='bbox 1841 1240 2207 1317; x_wconf 86' lang='lat' dir='ltr'>imperfectus</span> <span class='ocrx_word' id='word_1_117' title='bbox 2253 1249 2311 1297; x_wconf 93' lang='lat' dir='ltr'>et</span> <span class='ocrx_word' id='word_1_118' title='bbox 2358 1240 2635 1316; x_wconf 88' lang='lat' dir='ltr'>partialis,</span> <span class='ocrx_word' id='word_1_119' title='bbox 2667 1241 2768 1316; x_wconf 90' lang='lat' dir='ltr'>qui</span> <span class='ocrx_word' id='word_1_120' title='bbox 2794 1240 2895 1297; x_wconf 84' lang='lat' dir='ltr'>Sa·</span> 
     </span>
     <span class='ocr_line' id='line_1_12' title="bbox 485 1319 2900 1398; baseline -0.001 -18"><span class='ocrx_word' id='word_1_121' title='bbox 485 1322 808 1380; x_wconf 86' lang='lat' dir='ltr'>tisfactione</span> <span class='ocrx_word' id='word_1_122' title='bbox 838 1321 1071 1396; x_wconf 88' lang='lat' dir='ltr'>quidem</span> <span class='ocrx_word' id='word_1_123' title='bbox 1115 1341 1218 1378; x_wconf 88' lang='lat' dir='ltr'>sua</span> <span class='ocrx_word' id='word_1_124' title='bbox 1247 1321 1454 1378; x_wconf 86' lang='lat' dir='ltr'>author</span> <span class='ocrx_word' id='word_1_125' title='bbox 1483 1322 1558 1379; x_wconf 90' lang='lat' dir='ltr'>sit</span> <span class='ocrx_word' id='word_1_126' title='bbox 1586 1321 2022 1398; x_wconf 79' lang='lat' dir='ltr'>impetrationiS,</span> <span class='ocrx_word' id='word_1_127' title='bbox 2056 1319 2157 1378; x_wconf 89' lang='lat' dir='ltr'>sed</span> <span class='ocrx_word' id='word_1_128' title='bbox 2187 1340 2301 1377; x_wconf 91' lang='lat' dir='ltr'>non</span> <span class='ocrx_word' id='word_1_129' title='bbox 2323 1319 2742 1396; x_wconf 74' lang='lat' dir='ltr'>applicationiS,</span> <span class='ocrx_word' id='word_1_130' title='bbox 2769 1339 2900 1377; x_wconf 87' lang='lat' dir='ltr'>cum</span> 
     </span>
     <span class='ocr_line' id='line_1_13' title="bbox 482 1399 2898 1477; baseline -0.002 -16"><span class='ocrx_word' id='word_1_131' title='bbox 482 1412 676 1461; x_wconf 87' lang='lat' dir='ltr'>tamen</span> <span class='ocrx_word' id='word_1_132' title='bbox 709 1402 982 1458; x_wconf 86' lang='lat' dir='ltr'>Servator</span> <span class='ocrx_word' id='word_1_133' title='bbox 1010 1419 1143 1457; x_wconf 86' lang='lat' dir='ltr'>vere</span> <span class='ocrx_word' id='word_1_134' title='bbox 1173 1400 1286 1458; x_wconf 91' lang='lat' dir='ltr'>dici</span> <span class='ocrx_word' id='word_1_135' title='bbox 1316 1420 1430 1458; x_wconf 92' lang='lat' dir='ltr'>non</span> <span class='ocrx_word' id='word_1_136' title='bbox 1459 1401 1659 1477; x_wconf 89' lang='lat' dir='ltr'>possit,</span> <span class='ocrx_word' id='word_1_137' title='bbox 1691 1401 1802 1458; x_wconf 88' lang='lat' dir='ltr'>nisi</span> <span class='ocrx_word' id='word_1_138' title='bbox 1841 1420 2038 1459; x_wconf 88' lang='lat' dir='ltr'>eorum</span> <span class='ocrx_word' id='word_1_139' title='bbox 2088 1420 2233 1476; x_wconf 91' lang='lat' dir='ltr'>quos</span> <span class='ocrx_word' id='word_1_140' title='bbox 2262 1399 2397 1457; x_wconf 89' lang='lat' dir='ltr'>facit</span> <span class='ocrx_word' id='word_1_141' title='bbox 2439 1400 2642 1457; x_wconf 88' lang='lat' dir='ltr'>salutis</span> <span class='ocrx_word' id='word_1_142' title='bbox 2670 1400 2898 1476; x_wconf 87' lang='lat' dir='ltr'>partici-</span> 
     </span>
     <span class='ocr_line' id='line_1_14' title="bbox 481 1480 1329 1559; baseline -0.002 -20"><span class='ocrx_word' id='word_1_143' title='bbox 481 1502 601 1559; x_wconf 74' lang='lat' dir='ltr'>peS,</span> <span class='ocrx_word' id='word_1_144' title='bbox 634 1489 692 1539; x_wconf 89' lang='lat' dir='ltr'>et</span> <span class='ocrx_word' id='word_1_145' title='bbox 720 1480 819 1557; x_wconf 88' lang='lat' dir='ltr'>qui</span> <span class='ocrx_word' id='word_1_146' title='bbox 849 1490 981 1537; x_wconf 90' lang='lat' dir='ltr'>actu</span> <span class='ocrx_word' id='word_1_147' title='bbox 1011 1489 1329 1538; x_wconf 84' lang='lat' dir='ltr'>servantur.</span> 
     </span>
    </p>

    <p class='ocr_par' dir='ltr' id='par_1_3' title="bbox 478 1559 2915 4351">
     <span class='ocr_line' id='line_1_15' title="bbox 1086 1559 2901 1636; baseline 0.001 -21"><span class='ocrx_word' id='word_1_148' title='bbox 1086 1559 1406 1617; x_wconf 84' lang='lat' dir='ltr'>XXXVI.</span> <span class='ocrx_word' id='word_1_149' title='bbox 1453 1559 1731 1636; x_wconf 86' lang='lat' dir='ltr'>Nuspiam</span> <span class='ocrx_word' id='word_1_150' title='bbox 1778 1559 2042 1617; x_wconf 88' lang='lat' dir='ltr'>Christus</span> <span class='ocrx_word' id='word_1_151' title='bbox 2084 1559 2295 1617; x_wconf 88' lang='lat' dir='ltr'>dicitur</span> <span class='ocrx_word' id='word_1_152' title='bbox 2345 1559 2402 1615; x_wconf 89' lang='lat' dir='ltr'>in</span> <span class='ocrx_word' id='word_1_153' title='bbox 2456 1559 2751 1636; x_wconf 80' lang='lat' dir='ltr'>Scriptura</span> <span class='ocrx_word' id='word_1_154' title='bbox 2797 1578 2901 1636; x_wconf 91' lang='lat' dir='ltr'>pro</span> 
     </span>
     <span class='ocr_line' id='line_1_16' title="bbox 1002 1638 2903 1715; baseline -0.001 -18"><span class='ocrx_word' id='word_1_155' title='bbox 1002 1640 1271 1698; x_wconf 89' lang='lat' dir='ltr'>omnibus</span> <span class='ocrx_word' id='word_1_156' title='bbox 1298 1648 1575 1713; x_wconf 79' lang='lat' dir='ltr'>mortuuS,</span> <span class='ocrx_word' id='word_1_157' title='bbox 1608 1639 1749 1715; x_wconf 90' lang='lat' dir='ltr'>quin</span> <span class='ocrx_word' id='word_1_158' title='bbox 1794 1639 2008 1697; x_wconf 87' lang='lat' dir='ltr'>ibidem</span> <span class='ocrx_word' id='word_1_159' title='bbox 2059 1638 2306 1697; x_wconf 81' lang='lat' dir='ltr'>addatur</span> <span class='ocrx_word' id='word_1_160' title='bbox 2348 1638 2632 1715; x_wconf 85' lang='lat' dir='ltr'>limitatio,</span> <span class='ocrx_word' id='word_1_161' title='bbox 2665 1660 2740 1695; x_wconf 84' lang='lat' dir='ltr'>ex</span> <span class='ocrx_word' id='word_1_162' title='bbox 2788 1659 2903 1715; x_wconf 87' lang='lat' dir='ltr'>qua</span> 
     </span>
     <span class='ocr_line' id='line_1_17' title="bbox 1004 1719 2902 1796; baseline 0 -19"><span class='ocrx_word' id='word_1_163' title='bbox 1004 1719 1298 1796; x_wconf 83' lang='lat' dir='ltr'>colligitur</span> <span class='ocrx_word' id='word_1_164' title='bbox 1324 1720 1432 1777; x_wconf 91' lang='lat' dir='ltr'>hoc</span> <span class='ocrx_word' id='word_1_165' title='bbox 1461 1739 1576 1776; x_wconf 92' lang='lat' dir='ltr'>non</span> <span class='ocrx_word' id='word_1_166' title='bbox 1608 1719 2011 1777; x_wconf 83' lang='lat' dir='ltr'>universaliter</span> <span class='ocrx_word' id='word_1_167' title='bbox 2037 1719 2108 1777; x_wconf 89' lang='lat' dir='ltr'>de</span> <span class='ocrx_word' id='word_1_168' title='bbox 2140 1719 2405 1776; x_wconf 87' lang='lat' dir='ltr'>omnibus</span> <span class='ocrx_word' id='word_1_169' title='bbox 2434 1727 2491 1777; x_wconf 91' lang='lat' dir='ltr'>et</span> <span class='ocrx_word' id='word_1_170' title='bbox 2510 1720 2755 1795; x_wconf 83' lang='lat' dir='ltr'>singulis</span> <span class='ocrx_word' id='word_1_171' title='bbox 2777 1738 2902 1777; x_wconf 85' lang='lat' dir='ltr'>csse</span> 
     </span>
     <span class='ocr_line' id='line_1_18' title="bbox 481 1797 2902 1877; baseline -0 -21"><span class='ocrx_word' id='word_1_172' title='bbox 481 1797 941 1875; x_wconf 88' lang='lat' dir='ltr'>intelligendum,</span> <span class='ocrx_word' id='word_1_173' title='bbox 975 1799 1076 1857; x_wconf 91' lang='lat' dir='ltr'>sed</span> <span class='ocrx_word' id='word_1_174' title='bbox 1106 1800 1364 1858; x_wconf 79' lang='lat' dir='ltr'>restricte</span> <span class='ocrx_word' id='word_1_175' title='bbox 1392 1820 1495 1876; x_wconf 90' lang='lat' dir='ltr'>pro</span> <span class='ocrx_word' id='word_1_176' title='bbox 1525 1800 1786 1877; x_wconf 88' lang='lat' dir='ltr'>subjecta</span> <span class='ocrx_word' id='word_1_177' title='bbox 1813 1800 2068 1857; x_wconf 87' lang='lat' dir='ltr'>materia.</span> <span class='ocrx_word' id='word_1_178' title='bbox 2114 1798 2448 1875; x_wconf 84' lang='lat' dir='ltr'>Aliquando</span> <span class='ocrx_word' id='word_1_179' title='bbox 2477 1799 2548 1856; x_wconf 90' lang='lat' dir='ltr'>de</span> <span class='ocrx_word' id='word_1_180' title='bbox 2576 1800 2902 1857; x_wconf 81' lang='lat' dir='ltr'>Electorum</span> 
     </span>
     <span class='ocr_line' id='line_1_19' title="bbox 483 1878 2900 1955; baseline 0 -19"><span class='ocrx_word' id='word_1_181' title='bbox 483 1878 871 1952; x_wconf 89' lang='lat' dir='ltr'>multitudiue,</span> <span class='ocrx_word' id='word_1_182' title='bbox 904 1899 1033 1955; x_wconf 86' lang='lat' dir='ltr'>quae</span> <span class='ocrx_word' id='word_1_183' title='bbox 1065 1880 1498 1937; x_wconf 83' lang='lat' dir='ltr'>universitatem</span> <span class='ocrx_word' id='word_1_184' title='bbox 1529 1899 1690 1938; x_wconf 85' lang='lat' dir='ltr'>suam</span> <span class='ocrx_word' id='word_1_185' title='bbox 1719 1880 1912 1938; x_wconf 88' lang='lat' dir='ltr'>habet.</span> <span class='ocrx_word' id='word_1_186' title='bbox 1962 1880 2024 1937; x_wconf 84' lang='lat' dir='ltr'>Si</span> <span class='ocrx_word' id='word_1_187' title='bbox 2042 1900 2159 1955; x_wconf 81' lang='lat' dir='ltr'>pro</span> <span class='ocrx_word' id='word_1_188' title='bbox 2188 1880 2436 1936; x_wconf 80' lang='lat' dir='ltr'>omnibus</span> <span class='ocrx_word' id='word_1_189' title='bbox 2483 1889 2733 1936; x_wconf 82' lang='lat' dir='ltr'>mortuus</span> <span class='ocrx_word' id='word_1_190' title='bbox 2761 1879 2900 1936; x_wconf 91' lang='lat' dir='ltr'>dici·</span> 
     </span>
     <span class='ocr_line' id='line_1_20' title="bbox 482 1959 2901 2036; baseline -0.001 -18"><span class='ocrx_word' id='word_1_191' title='bbox 482 1968 592 2033; x_wconf 89' lang='lat' dir='ltr'>tur,</span> <span class='ocrx_word' id='word_1_192' title='bbox 639 1962 674 2016; x_wconf 81' lang='lat'><strong>2</strong></span> <span class='ocrx_word' id='word_1_193' title='bbox 721 1960 849 2017; x_wconf 88' lang='lat' dir='ltr'>Cor.</span> <span class='ocrx_word' id='word_1_194' title='bbox 882 1979 939 2016; x_wconf 82' lang='lat' dir='ltr'>v.</span> <span class='ocrx_word' id='word_1_195' title='bbox 974 1962 1065 2033; x_wconf 85' lang='lat'>15,</span> <span class='ocrx_word' id='word_1_196' title='bbox 1096 1960 1179 2017; x_wconf 92' lang='lat' dir='ltr'>illi</span> <span class='ocrx_word' id='word_1_197' title='bbox 1228 1959 1458 2017; x_wconf 88' lang='lat' dir='ltr'>demum</span> <span class='ocrx_word' id='word_1_198' title='bbox 1497 1960 1901 2036; x_wconf 88' lang='lat' dir='ltr'>intelliguntur</span> <span class='ocrx_word' id='word_1_199' title='bbox 1937 1960 2036 2035; x_wconf 92' lang='lat' dir='ltr'>qui</span> <span class='ocrx_word' id='word_1_200' title='bbox 2080 1969 2209 2018; x_wconf 77' lang='lat' dir='ltr'>sunt</span> <span class='ocrx_word' id='word_1_201' title='bbox 2255 1978 2471 2035; x_wconf 81' lang='lat' dir='ltr'>quoque</span> <span class='ocrx_word' id='word_1_202' title='bbox 2518 1960 2739 2033; x_wconf 82' lang='lat' dir='ltr'>mortui,</span> <span class='ocrx_word' id='word_1_203' title='bbox 2787 1979 2901 2017; x_wconf 89' lang='lat' dir='ltr'>non</span> 
     </span>
     <span class='ocr_line' id='line_1_21' title="bbox 478 2039 2903 2116; baseline 0 -19"><span class='ocrx_word' id='word_1_204' title='bbox 478 2048 663 2097; x_wconf 86' lang='lat' dir='ltr'>morte</span> <span class='ocrx_word' id='word_1_205' title='bbox 693 2040 749 2096; x_wconf 84' lang='lat' dir='ltr'>in</span> <span class='ocrx_word' id='word_1_206' title='bbox 767 2040 1033 2114; x_wconf 79' lang='lat' dir='ltr'>peccatis,</span> <span class='ocrx_word' id='word_1_207' title='bbox 1067 2039 1168 2097; x_wconf 87' lang='lat' dir='ltr'>sed</span> <span class='ocrx_word' id='word_1_208' title='bbox 1198 2040 1481 2116; x_wconf 83' lang='lat' dir='ltr'>spirituali</span> <span class='ocrx_word' id='word_1_209' title='bbox 1500 2050 1753 2114; x_wconf 80' lang='lat' dir='ltr'>peccato,</span> <span class='ocrx_word' id='word_1_210' title='bbox 1785 2040 1921 2115; x_wconf 87' lang='lat' dir='ltr'>quia</span> <span class='ocrx_word' id='word_1_211' title='bbox 1948 2059 2111 2097; x_wconf 91' lang='lat' dir='ltr'>mens</span> <span class='ocrx_word' id='word_1_212' title='bbox 2135 2039 2405 2115; x_wconf 85' lang='lat' dir='ltr'>Apostoli</span> <span class='ocrx_word' id='word_1_213' title='bbox 2424 2059 2537 2096; x_wconf 88' lang='lat' dir='ltr'>non</span> <span class='ocrx_word' id='word_1_214' title='bbox 2558 2049 2646 2097; x_wconf 90' lang='lat' dir='ltr'>est</span> <span class='ocrx_word' id='word_1_215' title='bbox 2663 2040 2903 2116; x_wconf 87' lang='lat' dir='ltr'>probare</span> 
     </span>
     <span class='ocr_line' id='line_1_22' title="bbox 481 2118 2899 2196; baseline -0 -19"><span class='ocrx_word' id='word_1_216' title='bbox 481 2119 841 2195; x_wconf 87' lang='lat' dir='ltr'>singulorum</span> <span class='ocrx_word' id='word_1_217' title='bbox 884 2120 1325 2196; x_wconf 85' lang='lat' dir='ltr'>corruptionem,</span> <span class='ocrx_word' id='word_1_218' title='bbox 1353 2119 1455 2177; x_wconf 89' lang='lat' dir='ltr'>sed</span> <span class='ocrx_word' id='word_1_219' title='bbox 1483 2120 1875 2179; x_wconf 87' lang='lat' dir='ltr'>demonstrare</span> <span class='ocrx_word' id='word_1_220' title='bbox 1904 2139 2019 2196; x_wconf 92' lang='lat' dir='ltr'>quo</span> <span class='ocrx_word' id='word_1_221' title='bbox 2042 2119 2276 2177; x_wconf 83' lang='lat' dir='ltr'>vinculo</span> <span class='ocrx_word' id='word_1_222' title='bbox 2317 2118 2518 2176; x_wconf 87' lang='lat' dir='ltr'>fideles</span> <span class='ocrx_word' id='word_1_223' title='bbox 2541 2119 2899 2195; x_wconf 84' lang='lat' dir='ltr'>obstringan-</span> 
     </span>
     <span class='ocr_line' id='line_1_23' title="bbox 480 2198 2905 2277; baseline -0 -21"><span class='ocrx_word' id='word_1_224' title='bbox 480 2207 575 2257; x_wconf 91' lang='lat' dir='ltr'>tur</span> <span class='ocrx_word' id='word_1_225' title='bbox 601 2198 676 2256; x_wconf 83' lang='lat' dir='ltr'>ad</span> <span class='ocrx_word' id='word_1_226' title='bbox 706 2219 873 2257; x_wconf 90' lang='lat' dir='ltr'>suum</span> <span class='ocrx_word' id='word_1_227' title='bbox 902 2199 1167 2272; x_wconf 88' lang='lat' dir='ltr'>officium,</span> <span class='ocrx_word' id='word_1_228' title='bbox 1201 2200 1324 2258; x_wconf 87' lang='lat' dir='ltr'>sive</span> <span class='ocrx_word' id='word_1_229' title='bbox 1355 2199 1546 2275; x_wconf 90' lang='lat' dir='ltr'>quoad</span> <span class='ocrx_word' id='word_1_230' title='bbox 1581 2200 2057 2277; x_wconf 85' lang='lat' dir='ltr'>justificationem</span> <span class='ocrx_word' id='word_1_231' title='bbox 2102 2220 2205 2276; x_wconf 88' lang='lat' dir='ltr'>per</span> <span class='ocrx_word' id='word_1_232' title='bbox 2252 2198 2686 2274; x_wconf 86' lang='lat' dir='ltr'>imputationem</span> <span class='ocrx_word' id='word_1_233' title='bbox 2717 2199 2905 2257; x_wconf 89' lang='lat' dir='ltr'>meriti</span> 
     </span>
     <span class='ocr_line' id='line_1_24' title="bbox 478 2279 2903 2357; baseline 0 -23"><span class='ocrx_word' id='word_1_234' title='bbox 478 2279 682 2335; x_wconf 88' lang='lat' dir='ltr'>mortis</span> <span class='ocrx_word' id='word_1_235' title='bbox 713 2279 943 2354; x_wconf 87' lang='lat' dir='ltr'>Christi,</span> <span class='ocrx_word' id='word_1_236' title='bbox 976 2300 1042 2337; x_wconf 89' lang='lat' dir='ltr'>ac</span> <span class='ocrx_word' id='word_1_237' title='bbox 1068 2280 1113 2337; x_wconf 90' lang='lat' dir='ltr'>si</span> <span class='ocrx_word' id='word_1_238' title='bbox 1147 2280 1253 2356; x_wconf 90' lang='lat' dir='ltr'>ipsi</span> <span class='ocrx_word' id='word_1_239' title='bbox 1285 2280 1342 2336; x_wconf 92' lang='lat' dir='ltr'>in</span> <span class='ocrx_word' id='word_1_240' title='bbox 1372 2280 1602 2356; x_wconf 86' lang='lat' dir='ltr'>propria</span> <span class='ocrx_word' id='word_1_241' title='bbox 1630 2299 1874 2357; x_wconf 88' lang='lat' dir='ltr'>persona</span> <span class='ocrx_word' id='word_1_242' title='bbox 1903 2299 2027 2337; x_wconf 83' lang='lat' dir='ltr'>eam</span> <span class='ocrx_word' id='word_1_243' title='bbox 2047 2280 2306 2353; x_wconf 88' lang='lat' dir='ltr'>luissent,</span> <span class='ocrx_word' id='word_1_244' title='bbox 2330 2279 2451 2336; x_wconf 87' lang='lat' dir='ltr'>sive</span> <span class='ocrx_word' id='word_1_245' title='bbox 2481 2279 2672 2355; x_wconf 88' lang='lat' dir='ltr'>quoad</span> <span class='ocrx_word' id='word_1_246' title='bbox 2695 2279 2903 2337; x_wconf 88' lang='lat' dir='ltr'>sancti-</span> 
     </span>
     <span class='ocr_line' id='line_1_25' title="bbox 478 2358 2904 2435; baseline 0 -20"><span class='ocrx_word' id='word_1_247' title='bbox 478 2358 802 2416; x_wconf 86' lang='lat' dir='ltr'>ficationem</span> <span class='ocrx_word' id='word_1_248' title='bbox 833 2379 935 2435; x_wconf 86' lang='lat' dir='ltr'>per</span> <span class='ocrx_word' id='word_1_249' title='bbox 963 2360 1195 2417; x_wconf 89' lang='lat' dir='ltr'>Veteris</span> <span class='ocrx_word' id='word_1_250' title='bbox 1225 2360 1473 2417; x_wconf 86' lang='lat' dir='ltr'>hominis</span> <span class='ocrx_word' id='word_1_251' title='bbox 1500 2360 1711 2418; x_wconf 85' lang='lat' dir='ltr'>virtute</span> <span class='ocrx_word' id='word_1_252' title='bbox 1741 2360 1927 2418; x_wconf 89' lang='lat' dir='ltr'>crucis</span> <span class='ocrx_word' id='word_1_253' title='bbox 1951 2359 2164 2417; x_wconf 87' lang='lat' dir='ltr'>Christi</span> <span class='ocrx_word' id='word_1_254' title='bbox 2188 2358 2636 2435; x_wconf 81' lang='lat' dir='ltr'>crucifixionem,</span> <span class='ocrx_word' id='word_1_255' title='bbox 2662 2360 2761 2434; x_wconf 90' lang='lat' dir='ltr'>qui</span> <span class='ocrx_word' id='word_1_256' title='bbox 2788 2378 2904 2416; x_wconf 88' lang='lat' dir='ltr'>non</span> 
     </span>
     <span class='ocr_line' id='line_1_26' title="bbox 478 2437 2905 2516; baseline 0 -21"><span class='ocrx_word' id='word_1_257' title='bbox 478 2438 605 2510; x_wconf 89' lang='lat' dir='ltr'>sibi,</span> <span class='ocrx_word' id='word_1_258' title='bbox 640 2437 742 2496; x_wconf 92' lang='lat' dir='ltr'>sed</span> <span class='ocrx_word' id='word_1_259' title='bbox 775 2439 996 2498; x_wconf 74' lang='lat' dir='ltr'>Christo</span> <span class='ocrx_word' id='word_1_260' title='bbox 1024 2440 1225 2511; x_wconf 79' lang='lat' dir='ltr'>vivunt,</span> <span class='ocrx_word' id='word_1_261' title='bbox 1258 2449 1315 2497; x_wconf 91' lang='lat' dir='ltr'>et</span> <span class='ocrx_word' id='word_1_262' title='bbox 1344 2439 1575 2515; x_wconf 91' lang='lat' dir='ltr'>quidem</span> <span class='ocrx_word' id='word_1_263' title='bbox 1604 2460 1708 2516; x_wconf 91' lang='lat' dir='ltr'>pro</span> <span class='ocrx_word' id='word_1_264' title='bbox 1738 2439 1894 2516; x_wconf 77' lang='lat' dir='ltr'>ipsiS,</span> <span class='ocrx_word' id='word_1_265' title='bbox 1926 2459 2043 2497; x_wconf 87' lang='lat' dir='ltr'>non</span> <span class='ocrx_word' id='word_1_266' title='bbox 2069 2448 2294 2498; x_wconf 86' lang='lat' dir='ltr'>tantum</span> <span class='ocrx_word' id='word_1_267' title='bbox 2323 2448 2559 2515; x_wconf 84' lang='lat' dir='ltr'>mortuo,</span> <span class='ocrx_word' id='word_1_268' title='bbox 2603 2439 2703 2497; x_wconf 90' lang='lat' dir='ltr'>sed</span> <span class='ocrx_word' id='word_1_269' title='bbox 2733 2439 2905 2497; x_wconf 86' lang='lat' dir='ltr'>etiam</span> 
     </span>
     <span class='ocr_line' id='line_1_27' title="bbox 478 2518 2906 2596; baseline 0 -21"><span class='ocrx_word' id='word_1_270' title='bbox 478 2519 758 2590; x_wconf 79' lang='lat' dir='ltr'>suscitata,</span> <span class='ocrx_word' id='word_1_271' title='bbox 792 2539 937 2595; x_wconf 87' lang='lat' dir='ltr'>quos</span> <span class='ocrx_word' id='word_1_272' title='bbox 965 2519 1214 2576; x_wconf 76' lang='lat' dir='ltr'>charitas</span> <span class='ocrx_word' id='word_1_273' title='bbox 1246 2519 1460 2577; x_wconf 73' lang='lat' dir='ltr'>Christi</span> <span class='ocrx_word' id='word_1_274' title='bbox 1485 2521 1826 2595; x_wconf 75' lang='lat' dir='ltr'>constrinyit,</span> <span class='ocrx_word' id='word_1_275' title='bbox 1878 2540 2007 2596; x_wconf 88' lang='lat' dir='ltr'>quae</span> <span class='ocrx_word' id='word_1_276' title='bbox 2058 2520 2196 2577; x_wconf 86' lang='lat' dir='ltr'>talia</span> <span class='ocrx_word' id='word_1_277' title='bbox 2245 2528 2394 2592; x_wconf 87' lang='lat' dir='ltr'>sunt,</span> <span class='ocrx_word' id='word_1_278' title='bbox 2449 2526 2512 2577; x_wconf 90' lang='lat' dir='ltr'>ut</span> <span class='ocrx_word' id='word_1_279' title='bbox 2556 2519 2731 2576; x_wconf 83' lang='lat' dir='ltr'>nullis</span> <span class='ocrx_word' id='word_1_280' title='bbox 2777 2518 2906 2576; x_wconf 88' lang='lat' dir='ltr'>aliis</span> 
     </span>
     <span class='ocr_line' id='line_1_28' title="bbox 479 2598 2906 2676; baseline -0.001 -19"><span class='ocrx_word' id='word_1_281' title='bbox 479 2619 652 2674; x_wconf 87' lang='lat' dir='ltr'>quam</span> <span class='ocrx_word' id='word_1_282' title='bbox 680 2598 898 2657; x_wconf 87' lang='lat' dir='ltr'>Electis</span> <span class='ocrx_word' id='word_1_283' title='bbox 927 2608 985 2656; x_wconf 89' lang='lat' dir='ltr'>et</span> <span class='ocrx_word' id='word_1_284' title='bbox 1014 2598 1282 2656; x_wconf 86' lang='lat' dir='ltr'>fidelibus</span> <span class='ocrx_word' id='word_1_285' title='bbox 1325 2609 1648 2675; x_wconf 88' lang='lat' dir='ltr'>competere</span> <span class='ocrx_word' id='word_1_286' title='bbox 1671 2600 1910 2675; x_wconf 87' lang='lat' dir='ltr'>possint,</span> <span class='ocrx_word' id='word_1_287' title='bbox 1962 2620 2204 2676; x_wconf 88' lang='lat' dir='ltr'>quorum</span> <span class='ocrx_word' id='word_1_288' title='bbox 2252 2599 2502 2657; x_wconf 90' lang='lat' dir='ltr'>solorum</span> <span class='ocrx_word' id='word_1_289' title='bbox 2549 2609 2636 2657; x_wconf 84' lang='lat' dir='ltr'>cst</span> <span class='ocrx_word' id='word_1_290' title='bbox 2673 2598 2816 2656; x_wconf 88' lang='lat' dir='ltr'>mori</span> <span class='ocrx_word' id='word_1_291' title='bbox 2847 2599 2906 2655; x_wconf 89' lang='lat' dir='ltr'>in</span> 
     </span>
     <span class='ocr_line' id='line_1_29' title="bbox 481 2678 2906 2754; baseline 0 -18"><span class='ocrx_word' id='word_1_292' title='bbox 481 2678 710 2736; x_wconf 83' lang='lat' dir='ltr'>Christo</span> <span class='ocrx_word' id='word_1_293' title='bbox 740 2687 949 2735; x_wconf 86' lang='lat' dir='ltr'>etcum</span> <span class='ocrx_word' id='word_1_294' title='bbox 980 2698 1065 2750; x_wconf 90' lang='lat' dir='ltr'>c0,</span> <span class='ocrx_word' id='word_1_295' title='bbox 1102 2679 1268 2736; x_wconf 84' lang='lat' dir='ltr'>Rom.</span> <span class='ocrx_word' id='word_1_296' title='bbox 1302 2679 1377 2736; x_wconf 85' lang='lat' dir='ltr'>vi.</span> <span class='ocrx_word' id='word_1_297' title='bbox 1404 2683 1458 2751; x_wconf 88' lang='lat'>6,</span> <span class='ocrx_word' id='word_1_298' title='bbox 1492 2682 1547 2736; x_wconf 89' lang='grc'>8.</span> <span class='ocrx_word' id='word_1_299' title='bbox 1575 2679 1671 2737; x_wconf 76' lang='lat' dir='ltr'>Sic</span> <span class='ocrx_word' id='word_1_300' title='bbox 1702 2700 1818 2737; x_wconf 87' lang='lat' dir='ltr'>ver.</span> <span class='ocrx_word' id='word_1_301' title='bbox 1857 2682 1946 2754; x_wconf 89' lang='grc'>19,</span> <span class='ocrx_word' id='word_1_302' title='bbox 2016 2681 2078 2738; x_wconf 78' lang='lat' dir='ltr'>Si</span> <span class='ocrx_word' id='word_1_303' title='bbox 2127 2683 2286 2738; x_wconf 76' lang='lat' dir='ltr'>Deus</span> <span class='ocrx_word' id='word_1_304' title='bbox 2331 2680 2536 2738; x_wconf 80' lang='lat' dir='ltr'>dicitur</span> <span class='ocrx_word' id='word_1_305' title='bbox 2580 2681 2636 2736; x_wconf 83' lang='lat' dir='ltr'>in</span> <span class='ocrx_word' id='word_1_306' title='bbox 2683 2678 2906 2737; x_wconf 78' lang='lat' dir='ltr'>Christo</span> 
     </span>
     <span class='ocr_line' id='line_1_30' title="bbox 481 2758 2905 2836; baseline 0.001 -22"><span class='ocrx_word' id='word_1_307' title='bbox 481 2759 763 2814; x_wconf 60' lang='lat' dir='ltr'>hiandum</span> <span class='ocrx_word' id='word_1_308' title='bbox 792 2758 1157 2814; x_wconf 82' lang='lat' dir='ltr'>reconcilians</span> <span class='ocrx_word' id='word_1_309' title='bbox 1202 2758 1318 2832; x_wconf 80' lang='lat' dir='ltr'>sibi,</span> <span class='ocrx_word' id='word_1_310' title='bbox 1374 2779 1485 2816; x_wconf 80' lang='lat' dir='ltr'>non</span> <span class='ocrx_word' id='word_1_311' title='bbox 1536 2759 1818 2834; x_wconf 76' lang='lat' dir='ltr'>imputans</span> <span class='ocrx_word' id='word_1_312' title='bbox 1867 2760 1999 2834; x_wconf 80' lang='lat' dir='ltr'>ipsis</span> <span class='ocrx_word' id='word_1_313' title='bbox 2048 2780 2240 2818; x_wconf 83' lang='lat' dir='ltr'>eorum</span> <span class='ocrx_word' id='word_1_314' title='bbox 2274 2769 2546 2836; x_wconf 81' lang='lat' dir='ltr'>peccata;</span> <span class='ocrx_word' id='word_1_315' title='bbox 2591 2780 2706 2817; x_wconf 89' lang='lat' dir='ltr'>non</span> <span class='ocrx_word' id='word_1_316' title='bbox 2756 2759 2905 2817; x_wconf 90' lang='lat' dir='ltr'>alius</span> 
     </span>
     <span class='ocr_line' id='line_1_31' title="bbox 483 2835 2907 2916; baseline 0.002 -23"><span class='ocrx_word' id='word_1_317' title='bbox 483 2835 742 2894; x_wconf 87' lang='lat' dir='ltr'>Mundus</span> <span class='ocrx_word' id='word_1_318' title='bbox 771 2845 961 2912; x_wconf 86' lang='lat' dir='ltr'>potest</span> <span class='ocrx_word' id='word_1_319' title='bbox 991 2837 1254 2913; x_wconf 84' lang='lat' dir='ltr'>intelligi,</span> <span class='ocrx_word' id='word_1_320' title='bbox 1286 2857 1459 2914; x_wconf 89' lang='lat' dir='ltr'>quam</span> <span class='ocrx_word' id='word_1_321' title='bbox 1490 2858 1687 2896; x_wconf 89' lang='lat' dir='ltr'>eorum</span> <span class='ocrx_word' id='word_1_322' title='bbox 1718 2839 1817 2916; x_wconf 90' lang='lat' dir='ltr'>qui</span> <span class='ocrx_word' id='word_1_323' title='bbox 1844 2840 1968 2897; x_wconf 91' lang='lat' dir='ltr'>Deo</span> <span class='ocrx_word' id='word_1_324' title='bbox 2019 2859 2216 2916; x_wconf 87' lang='lat' dir='ltr'>reapse</span> <span class='ocrx_word' id='word_1_325' title='bbox 2264 2849 2398 2899; x_wconf 85' lang='lat' dir='ltr'>sunt</span> <span class='ocrx_word' id='word_1_326' title='bbox 2444 2839 2816 2914; x_wconf 85' lang='lat' dir='ltr'>reconciliati,</span> <span class='ocrx_word' id='word_1_327' title='bbox 2849 2847 2907 2897; x_wconf 87' lang='lat' dir='ltr'>et</span> 
     </span>
     <span class='ocr_line' id='line_1_32' title="bbox 482 2916 2908 2998; baseline 0.002 -25"><span class='ocrx_word' id='word_1_328' title='bbox 482 2916 693 2993; x_wconf 89' lang='lat' dir='ltr'>quibus</span> <span class='ocrx_word' id='word_1_329' title='bbox 722 2926 855 2974; x_wconf 88' lang='lat' dir='ltr'>actu</span> <span class='ocrx_word' id='word_1_330' title='bbox 884 2938 1001 2974; x_wconf 89' lang='lat' dir='ltr'>non</span> <span class='ocrx_word' id='word_1_331' title='bbox 1031 2917 1274 2994; x_wconf 82' lang='lat' dir='ltr'>imputat</span> <span class='ocrx_word' id='word_1_332' title='bbox 1301 2927 1577 2994; x_wconf 85' lang='lat' dir='ltr'>peccata:</span> <span class='ocrx_word' id='word_1_333' title='bbox 1622 2919 1778 2995; x_wconf 90' lang='lat' dir='ltr'>quod</span> <span class='ocrx_word' id='word_1_334' title='bbox 1808 2919 1877 2976; x_wconf 89' lang='lat' dir='ltr'>de</span> <span class='ocrx_word' id='word_1_335' title='bbox 1909 2920 2048 2978; x_wconf 88' lang='lat' dir='ltr'>solis</span> <span class='ocrx_word' id='word_1_336' title='bbox 2095 2920 2365 2980; x_wconf 86' lang='lat' dir='ltr'>fidelibus</span> <span class='ocrx_word' id='word_1_337' title='bbox 2412 2921 2525 2978; x_wconf 90' lang='lat' dir='ltr'>dici</span> <span class='ocrx_word' id='word_1_338' title='bbox 2575 2940 2762 2998; x_wconf 91' lang='lat' dir='ltr'>posse,</span> <span class='ocrx_word' id='word_1_339' title='bbox 2815 2939 2908 2977; x_wconf 88' lang='lat' dir='ltr'>res</span> 
     </span>
     <span class='ocr_line' id='line_1_33' title="bbox 484 2997 2908 3078; baseline 0.001 -24"><span class='ocrx_word' id='word_1_340' title='bbox 484 2998 610 3073; x_wconf 84' lang='lat' dir='ltr'>ipsa</span> <span class='ocrx_word' id='word_1_341' title='bbox 638 2997 865 3055; x_wconf 85' lang='lat' dir='ltr'>clamat.</span> <span class='ocrx_word' id='word_1_342' title='bbox 913 2998 1101 3073; x_wconf 82' lang='lat' dir='ltr'>Unde,</span> <span class='ocrx_word' id='word_1_343' title='bbox 1140 2998 1290 3055; x_wconf 86' lang='lat' dir='ltr'>Psal.</span> <span class='ocrx_word' id='word_1_344' title='bbox 1323 2999 1509 3057; x_wconf 85' lang='lat' dir='ltr'>xxxii.</span> <span class='ocrx_word' id='word_1_345' title='bbox 1542 3003 1596 3072; x_wconf 84' lang='lat'>2,</span> <span class='ocrx_word' id='word_1_346' title='bbox 1631 2999 1784 3058; x_wconf 88' lang='lat' dir='ltr'>beati</span> <span class='ocrx_word' id='word_1_347' title='bbox 1829 3000 2296 3076; x_wconf 86' lang='lat' dir='ltr'>pronunciantur,</span> <span class='ocrx_word' id='word_1_348' title='bbox 2345 3001 2556 3078; x_wconf 87' lang='lat' dir='ltr'>quibus</span> <span class='ocrx_word' id='word_1_349' title='bbox 2604 3002 2765 3059; x_wconf 85' lang='lat' dir='ltr'>Deus</span> <span class='ocrx_word' id='word_1_350' title='bbox 2792 3019 2908 3057; x_wconf 89' lang='lat' dir='ltr'>non</span> 
     </span>
     <span class='ocr_line' id='line_1_34' title="bbox 483 3077 2908 3158; baseline 0.002 -24"><span class='ocrx_word' id='word_1_351' title='bbox 483 3078 728 3154; x_wconf 86' lang='lat' dir='ltr'>imputat</span> <span class='ocrx_word' id='word_1_352' title='bbox 749 3089 1066 3155; x_wconf 85' lang='lat' dir='ltr'>peccatum.</span> <span class='ocrx_word' id='word_1_353' title='bbox 1112 3077 1339 3137; x_wconf 88' lang='lat' dir='ltr'>Eodum</span> <span class='ocrx_word' id='word_1_354' title='bbox 1362 3099 1532 3138; x_wconf 87' lang='lat' dir='ltr'>seusu</span> <span class='ocrx_word' id='word_1_355' title='bbox 1557 3081 1827 3138; x_wconf 88' lang='lat' dir='ltr'>dicuntur</span> <span class='ocrx_word' id='word_1_356' title='bbox 1848 3101 2034 3138; x_wconf 82' lang='lat' dir='ltr'>omnes</span> <span class='ocrx_word' id='word_1_357' title='bbox 2061 3082 2317 3139; x_wconf 77' lang='lat' dir='ltr'>constitui</span> <span class='ocrx_word' id='word_1_358' title='bbox 2325 3082 2474 3156; x_wconf 79' lang='lat' dir='ltr'>justi</span> <span class='ocrx_word' id='word_1_359' title='bbox 2481 3102 2593 3158; x_wconf 81' lang='lat' dir='ltr'>per</span> <span class='ocrx_word' id='word_1_360' title='bbox 2614 3081 2776 3139; x_wconf 74' lang='lat' dir='ltr'>unius</span> <span class='ocrx_word' id='word_1_361' title='bbox 2783 3084 2908 3157; x_wconf 86' lang='lat' dir='ltr'>jus-</span> 
     </span>
     <span class='ocr_line' id='line_1_35' title="bbox 484 3159 2907 3238; baseline 0 -22"><span class='ocrx_word' id='word_1_362' title='bbox 484 3159 663 3216; x_wconf 79' lang='lat' dir='ltr'>titiam</span> <span class='ocrx_word' id='word_1_363' title='bbox 692 3168 745 3216; x_wconf 81' lang='lat' dir='ltr'>et</span> <span class='ocrx_word' id='word_1_364' title='bbox 772 3160 1151 3232; x_wconf 81' lang='lat' dir='ltr'>obedientiam,</span> <span class='ocrx_word' id='word_1_365' title='bbox 1173 3160 1461 3236; x_wconf 89' lang='lat' dir='ltr'>quomodo</span> <span class='ocrx_word' id='word_1_366' title='bbox 1481 3181 1680 3218; x_wconf 82' lang='lat' dir='ltr'>omnes</span> <span class='ocrx_word' id='word_1_367' title='bbox 1700 3161 2126 3219; x_wconf 88' lang='lat' dir='ltr'>constituuntur</span> <span class='ocrx_word' id='word_1_368' title='bbox 2146 3162 2229 3218; x_wconf 90' lang='lat' dir='ltr'>rei</span> <span class='ocrx_word' id='word_1_369' title='bbox 2259 3181 2360 3238; x_wconf 91' lang='lat' dir='ltr'>per</span> <span class='ocrx_word' id='word_1_370' title='bbox 2388 3163 2557 3220; x_wconf 88' lang='lat' dir='ltr'>unius</span> <span class='ocrx_word' id='word_1_371' title='bbox 2590 3172 2907 3236; x_wconf 84' lang='lat' dir='ltr'>transgres-</span> 
     </span>
     <span class='ocr_line' id='line_1_36' title="bbox 486 3239 2907 3319; baseline 0 -23"><span class='ocrx_word' id='word_1_372' title='bbox 486 3239 723 3309; x_wconf 86' lang='lat' dir='ltr'>sionem,</span> <span class='ocrx_word' id='word_1_373' title='bbox 760 3240 925 3297; x_wconf 84' lang='lat' dir='ltr'>Rom.</span> <span class='ocrx_word' id='word_1_374' title='bbox 958 3261 1013 3298; x_wconf 89' lang='lat' dir='ltr'>v.</span> <span class='ocrx_word' id='word_1_375' title='bbox 1080 3240 1168 3309; x_wconf 88' lang='lat'>18,</span> <span class='ocrx_word' id='word_1_376' title='bbox 1208 3243 1295 3315; x_wconf 86' lang='lat'>19,</span> <span class='ocrx_word' id='word_1_377' title='bbox 1345 3240 1624 3308; x_wconf 58' lang='lat' dir='ltr'>,nimirum</span> <span class='ocrx_word' id='word_1_378' title='bbox 1656 3241 1739 3297; x_wconf 89' lang='lat' dir='ltr'>illi</span> <span class='ocrx_word' id='word_1_379' title='bbox 1771 3261 1969 3298; x_wconf 87' lang='lat' dir='ltr'>omncs</span> <span class='ocrx_word' id='word_1_380' title='bbox 2026 3242 2127 3316; x_wconf 87' lang='lat' dir='ltr'>qui</span> <span class='ocrx_word' id='word_1_381' title='bbox 2176 3241 2468 3316; x_wconf 87' lang='lat' dir='ltr'>accipiunt</span> <span class='ocrx_word' id='word_1_382' title='bbox 2511 3245 2591 3302; x_wconf 69' lang='grc' dir='ltr'>τὸν</span> <span class='ocrx_word' id='word_1_383' title='bbox 2636 3242 2907 3319; x_wconf 60' lang='lat' dir='ltr'>mgna-axla»</span> 
     </span>
     <span class='ocr_line' id='line_1_37' title="bbox 485 3317 2908 3398; baseline 0.001 -24"><span class='ocrx_word' id='word_1_384' title='bbox 485 3325 568 3383; x_wconf 67' lang='grc' dir='ltr'>τῖς</span> <span class='ocrx_word' id='word_1_385' title='bbox 624 3319 835 3398; x_wconf 54' lang='grc' dir='ltr'>χόρτος</span> <span class='ocrx_word' id='word_1_386' title='bbox 878 3325 968 3377; x_wconf 67' lang='grc' dir='ltr'>καὶ</span> <span class='ocrx_word' id='word_1_387' title='bbox 1016 3325 1098 3384; x_wconf 76' lang='grc' dir='ltr'>τ’ἧς</span> <span class='ocrx_word' id='word_1_388' title='bbox 1147 3317 1466 3393; x_wconf 46' lang='lat' dir='ltr'>&amp;interfinia</span> <span class='ocrx_word' id='word_1_389' title='bbox 1507 3340 1620 3377; x_wconf 82' lang='lat' dir='ltr'>ver.</span> <span class='ocrx_word' id='word_1_390' title='bbox 1685 3324 1773 3391; x_wconf 86' lang='lat'>17,</span> <span class='ocrx_word' id='word_1_391' title='bbox 1833 3329 1890 3377; x_wconf 87' lang='lat' dir='ltr'>et</span> <span class='ocrx_word' id='word_1_392' title='bbox 1967 3321 2065 3394; x_wconf 93' lang='lat' dir='ltr'>qui</span> <span class='ocrx_word' id='word_1_393' title='bbox 2116 3320 2304 3394; x_wconf 85' lang='lat' dir='ltr'>reipsa</span> <span class='ocrx_word' id='word_1_394' title='bbox 2345 3321 2739 3396; x_wconf 76' lang='lat' dir='ltr'>justificantur</span> <span class='ocrx_word' id='word_1_395' title='bbox 2790 3340 2908 3378; x_wconf 77' lang='lat' dir='ltr'>ver.</span> 
     </span>
     <span class='ocr_line' id='line_1_38' title="bbox 492 3399 2910 3473; baseline -0 -17"><span class='ocrx_word' id='word_1_396' title='bbox 492 3401 583 3471; x_wconf 91' lang='grc'>19,</span> <span class='ocrx_word' id='word_1_397' title='bbox 608 3399 709 3473; x_wconf 88' lang='lat' dir='ltr'>qui</span> <span class='ocrx_word' id='word_1_398' title='bbox 737 3418 853 3454; x_wconf 86' lang='lat' dir='ltr'>non</span> <span class='ocrx_word' id='word_1_399' title='bbox 882 3399 980 3455; x_wconf 87' lang='lat' dir='ltr'>alii</span> <span class='ocrx_word' id='word_1_400' title='bbox 1011 3406 1145 3456; x_wconf 89' lang='lat' dir='ltr'>sunt</span> <span class='ocrx_word' id='word_1_401' title='bbox 1173 3419 1343 3473; x_wconf 88' lang='lat' dir='ltr'>quam</span> <span class='ocrx_word' id='word_1_402' title='bbox 1376 3399 1561 3456; x_wconf 85' lang='lat' dir='ltr'>Electi</span> <span class='ocrx_word' id='word_1_403' title='bbox 1591 3408 1650 3456; x_wconf 92' lang='lat' dir='ltr'>et</span> <span class='ocrx_word' id='word_1_404' title='bbox 1677 3399 1895 3471; x_wconf 86' lang='lat' dir='ltr'>fideles,</span> <span class='ocrx_word' id='word_1_405' title='bbox 1927 3399 2026 3472; x_wconf 89' lang='lat' dir='ltr'>qui</span> <span class='ocrx_word' id='word_1_406' title='bbox 2057 3400 2343 3473; x_wconf 85' lang='lat' dir='ltr'>pertinent</span> <span class='ocrx_word' id='word_1_407' title='bbox 2371 3399 2444 3455; x_wconf 87' lang='lat' dir='ltr'>ad</span> <span class='ocrx_word' id='word_1_408' title='bbox 2473 3400 2910 3457; x_wconf 83' lang='lat' dir='ltr'>universitatem</span> 
     </span>
     <span class='ocr_line' id='line_1_39' title="bbox 492 3475 2911 3552; baseline 0.001 -18"><span class='ocrx_word' id='word_1_409' title='bbox 492 3476 761 3550; x_wconf 84' lang='lat' dir='ltr'>Corporis</span> <span class='ocrx_word' id='word_1_410' title='bbox 792 3476 1044 3535; x_wconf 86' lang='lat' dir='ltr'>Christi:</span> <span class='ocrx_word' id='word_1_411' title='bbox 1094 3477 1176 3535; x_wconf 88' lang='lat' dir='ltr'>Ut</span> <span class='ocrx_word' id='word_1_412' title='bbox 1205 3477 1287 3533; x_wconf 90' lang='lat' dir='ltr'>sic</span> <span class='ocrx_word' id='word_1_413' title='bbox 1316 3485 1638 3552; x_wconf 89' lang='lat' dir='ltr'>opponatur</span> <span class='ocrx_word' id='word_1_414' title='bbox 1665 3475 1858 3532; x_wconf 88' lang='lat' dir='ltr'>Adam</span> <span class='ocrx_word' id='word_1_415' title='bbox 1903 3476 2147 3550; x_wconf 87' lang='lat' dir='ltr'>Christo,</span> <span class='ocrx_word' id='word_1_416' title='bbox 2199 3477 2384 3551; x_wconf 88' lang='lat' dir='ltr'>Caput</span> <span class='ocrx_word' id='word_1_417' title='bbox 2435 3478 2640 3551; x_wconf 90' lang='lat' dir='ltr'>Capiti,</span> <span class='ocrx_word' id='word_1_418' title='bbox 2690 3479 2911 3536; x_wconf 89' lang='lat' dir='ltr'>scilicet</span> 
     </span>
     <span class='ocr_line' id='line_1_40' title="bbox 491 3554 2912 3630; baseline 0.001 -18"><span class='ocrx_word' id='word_1_419' title='bbox 491 3554 635 3612; x_wconf 89' lang='lat' dir='ltr'>utin</span> <span class='ocrx_word' id='word_1_420' title='bbox 666 3573 864 3610; x_wconf 90' lang='lat' dir='ltr'>omnes</span> <span class='ocrx_word' id='word_1_421' title='bbox 919 3555 1018 3628; x_wconf 92' lang='lat' dir='ltr'>qui</span> <span class='ocrx_word' id='word_1_422' title='bbox 1075 3575 1149 3611; x_wconf 84' lang='lat' dir='ltr'>ex</span> <span class='ocrx_word' id='word_1_423' title='bbox 1182 3554 1410 3611; x_wconf 87' lang='lat' dir='ltr'>Adamo</span> <span class='ocrx_word' id='word_1_424' title='bbox 1456 3554 1684 3612; x_wconf 89' lang='lat' dir='ltr'>oriundi</span> <span class='ocrx_word' id='word_1_425' title='bbox 1731 3563 1866 3612; x_wconf 90' lang='lat' dir='ltr'>sunt</span> <span class='ocrx_word' id='word_1_426' title='bbox 1904 3554 2108 3612; x_wconf 87' lang='lat' dir='ltr'>transit</span> <span class='ocrx_word' id='word_1_427' title='bbox 2146 3564 2445 3630; x_wconf 84' lang='lat' dir='ltr'>peccatum</span> <span class='ocrx_word' id='word_1_428' title='bbox 2492 3565 2548 3612; x_wconf 91' lang='lat' dir='ltr'>ct</span> <span class='ocrx_word' id='word_1_429' title='bbox 2591 3575 2782 3628; x_wconf 88' lang='lat' dir='ltr'>mors;</span> <span class='ocrx_word' id='word_1_430' title='bbox 2830 3558 2912 3615; x_wconf 86' lang='lat' dir='ltr'>ita</span> 
     </span>
     <span class='ocr_line' id='line_1_41' title="bbox 492 3631 2909 3710; baseline 0 -19"><span class='ocrx_word' id='word_1_431' title='bbox 492 3652 690 3691; x_wconf 90' lang='lat' dir='ltr'>omnes</span> <span class='ocrx_word' id='word_1_432' title='bbox 713 3631 811 3707; x_wconf 90' lang='lat' dir='ltr'>qui</span> <span class='ocrx_word' id='word_1_433' title='bbox 841 3632 914 3688; x_wconf 88' lang='lat' dir='ltr'>ad</span> <span class='ocrx_word' id='word_1_434' title='bbox 938 3632 1252 3691; x_wconf 90' lang='lat' dir='ltr'>secundum</span> <span class='ocrx_word' id='word_1_435' title='bbox 1284 3632 1576 3690; x_wconf 88' lang='lat' dir='ltr'>Adamum</span> <span class='ocrx_word' id='word_1_436' title='bbox 1606 3634 1893 3709; x_wconf 87' lang='lat' dir='ltr'>pertinent</span> <span class='ocrx_word' id='word_1_437' title='bbox 1921 3633 2127 3690; x_wconf 86' lang='lat' dir='ltr'>transit</span> <span class='ocrx_word' id='word_1_438' title='bbox 2139 3633 2366 3709; x_wconf 86' lang='lat' dir='ltr'>justitia</span> <span class='ocrx_word' id='word_1_439' title='bbox 2386 3645 2442 3692; x_wconf 90' lang='lat' dir='ltr'>et</span> <span class='ocrx_word' id='word_1_440' title='bbox 2472 3634 2608 3708; x_wconf 86' lang='lat' dir='ltr'>vita,</span> <span class='ocrx_word' id='word_1_441' title='bbox 2630 3635 2786 3710; x_wconf 89' lang='lat' dir='ltr'>quod</span> <span class='ocrx_word' id='word_1_442' title='bbox 2805 3637 2909 3692; x_wconf 86' lang='lat' dir='ltr'>ali-</span> 
     </span>
     <span class='ocr_line' id='line_1_42' title="bbox 490 3712 2911 3790; baseline 0.001 -20"><span class='ocrx_word' id='word_1_443' title='bbox 490 3713 568 3787; x_wconf 90' lang='lat' dir='ltr'>bi,</span> <span class='ocrx_word' id='word_1_444' title='bbox 605 3716 633 3769; x_wconf 96' lang='lat'>1</span> <span class='ocrx_word' id='word_1_445' title='bbox 683 3712 811 3770; x_wconf 91' lang='lat' dir='ltr'>Cor.</span> <span class='ocrx_word' id='word_1_446' title='bbox 863 3732 962 3769; x_wconf 86' lang='lat' dir='ltr'>xv.</span> <span class='ocrx_word' id='word_1_447' title='bbox 1007 3717 1102 3785; x_wconf 80' lang='lat'>22,</span> <span class='ocrx_word' id='word_1_448' title='bbox 1148 3712 1490 3788; x_wconf 84' lang='lat' dir='ltr'>exprimitur</span> <span class='ocrx_word' id='word_1_449' title='bbox 1533 3734 1568 3770; x_wconf 88' lang='lat' dir='ltr'>a</span> <span class='ocrx_word' id='word_1_450' title='bbox 1618 3712 1801 3770; x_wconf 89' lang='lat' dir='ltr'>Paulo</span> <span class='ocrx_word' id='word_1_451' title='bbox 1839 3732 1941 3790; x_wconf 89' lang='lat' dir='ltr'>per</span> <span class='ocrx_word' id='word_1_452' title='bbox 1988 3712 2132 3770; x_wconf 90' lang='lat' dir='ltr'>mori</span> <span class='ocrx_word' id='word_1_453' title='bbox 2183 3722 2240 3771; x_wconf 90' lang='lat' dir='ltr'>et</span> <span class='ocrx_word' id='word_1_454' title='bbox 2288 3712 2587 3789; x_wconf 84' lang='lat' dir='ltr'>vivificari,</span> <span class='ocrx_word' id='word_1_455' title='bbox 2619 3735 2805 3773; x_wconf 76' lang='lat' dir='ltr'>omnes</span> <span class='ocrx_word' id='word_1_456' title='bbox 2854 3716 2911 3773; x_wconf 82' lang='lat' dir='ltr'>in</span> 
     </span>
     <span class='ocr_line' id='line_1_43' title="bbox 491 3792 2914 3873; baseline 0 -21"><span class='ocrx_word' id='word_1_457' title='bbox 491 3794 717 3852; x_wconf 81' lang='lat' dir='ltr'>Adamo</span> <span class='ocrx_word' id='word_1_458' title='bbox 746 3793 1077 3867; x_wconf 80' lang='lat' dir='ltr'>moriuntur,</span> <span class='ocrx_word' id='word_1_459' title='bbox 1110 3792 1186 3850; x_wconf 92' lang='lat' dir='ltr'>id.</span> <span class='ocrx_word' id='word_1_460' title='bbox 1218 3801 1501 3869; x_wconf 90' lang='lat' dir='ltr'>quotquot</span> <span class='ocrx_word' id='word_1_461' title='bbox 1537 3792 1875 3866; x_wconf 88' lang='lat' dir='ltr'>moriuntur,</span> <span class='ocrx_word' id='word_1_462' title='bbox 1907 3792 2228 3852; x_wconf 89' lang='lat' dir='ltr'>moriuntur</span> <span class='ocrx_word' id='word_1_463' title='bbox 2254 3793 2312 3850; x_wconf 92' lang='lat' dir='ltr'>in</span> <span class='ocrx_word' id='word_1_464' title='bbox 2335 3793 2581 3869; x_wconf 85' lang='lat' dir='ltr'>Adamo,</span> <span class='ocrx_word' id='word_1_465' title='bbox 2607 3804 2663 3853; x_wconf 88' lang='lat' dir='ltr'>et</span> <span class='ocrx_word' id='word_1_466' title='bbox 2683 3805 2914 3873; x_wconf 89' lang='lat' dir='ltr'>propter</span> 
     </span>
     <span class='ocr_line' id='line_1_44' title="bbox 494 3872 2912 3952; baseline 0.001 -20"><span class='ocrx_word' id='word_1_467' title='bbox 494 3874 620 3951; x_wconf 88' lang='lat' dir='ltr'>ejus</span> <span class='ocrx_word' id='word_1_468' title='bbox 649 3883 963 3950; x_wconf 90' lang='lat' dir='ltr'>peccatum,</span> <span class='ocrx_word' id='word_1_469' title='bbox 996 3883 1054 3932; x_wconf 88' lang='lat' dir='ltr'>et</span> <span class='ocrx_word' id='word_1_470' title='bbox 1081 3894 1267 3931; x_wconf 80' lang='lat' dir='ltr'>omnes</span> <span class='ocrx_word' id='word_1_471' title='bbox 1300 3874 1358 3930; x_wconf 82' lang='lat' dir='ltr'>in</span> <span class='ocrx_word' id='word_1_472' title='bbox 1390 3873 1614 3932; x_wconf 72' lang='lat' dir='ltr'>Christo</span> <span class='ocrx_word' id='word_1_473' title='bbox 1641 3872 2075 3952; x_wconf 66' lang='lat' dir='ltr'>vivificabuntur,</span> <span class='ocrx_word' id='word_1_474' title='bbox 2108 3874 2186 3932; x_wconf 89' lang='lat' dir='ltr'>id.</span> <span class='ocrx_word' id='word_1_475' title='bbox 2237 3883 2522 3952; x_wconf 79' lang='lat' dir='ltr'>quotquot</span> <span class='ocrx_word' id='word_1_476' title='bbox 2577 3875 2912 3935; x_wconf 82' lang='lat' dir='ltr'>vivificandi</span> 
     </span>
     <span class='ocr_line' id='line_1_45' title="bbox 495 3953 2915 4034; baseline 0.001 -20"><span class='ocrx_word' id='word_1_477' title='bbox 495 3963 631 4014; x_wconf 89' lang='lat' dir='ltr'>sunt</span> <span class='ocrx_word' id='word_1_478' title='bbox 660 3953 754 4011; x_wconf 86' lang='lat' dir='ltr'>vel</span> <span class='ocrx_word' id='word_1_479' title='bbox 778 3954 837 4010; x_wconf 87' lang='lat' dir='ltr'>in</span> <span class='ocrx_word' id='word_1_480' title='bbox 865 3953 1067 4030; x_wconf 83' lang='lat' dir='ltr'>gratia,</span> <span class='ocrx_word' id='word_1_481' title='bbox 1116 3954 1208 4011; x_wconf 85' lang='lat' dir='ltr'>vel</span> <span class='ocrx_word' id='word_1_482' title='bbox 1240 3954 1300 4011; x_wconf 91' lang='lat' dir='ltr'>in</span> <span class='ocrx_word' id='word_1_483' title='bbox 1348 3953 1549 4030; x_wconf 87' lang='lat' dir='ltr'>gloria,</span> <span class='ocrx_word' id='word_1_484' title='bbox 1603 3973 1719 4011; x_wconf 90' lang='lat' dir='ltr'>non</span> <span class='ocrx_word' id='word_1_485' title='bbox 1765 3953 1932 4013; x_wconf 88' lang='lat' dir='ltr'>aliter</span> <span class='ocrx_word' id='word_1_486' title='bbox 1976 3974 2147 4031; x_wconf 89' lang='lat' dir='ltr'>quam</span> <span class='ocrx_word' id='word_1_487' title='bbox 2194 3954 2253 4012; x_wconf 92' lang='lat' dir='ltr'>in</span> <span class='ocrx_word' id='word_1_488' title='bbox 2301 3955 2530 4014; x_wconf 88' lang='lat' dir='ltr'>Christo</span> <span class='ocrx_word' id='word_1_489' title='bbox 2576 3964 2635 4014; x_wconf 89' lang='lat' dir='ltr'>et</span> <span class='ocrx_word' id='word_1_490' title='bbox 2682 3967 2915 4034; x_wconf 89' lang='lat' dir='ltr'>propter</span> 
     </span>
     <span class='ocr_line' id='line_1_46' title="bbox 495 4034 2911 4112; baseline 0.001 -20"><span class='ocrx_word' id='word_1_491' title='bbox 495 4035 788 4093; x_wconf 88' lang='lat' dir='ltr'>Christum</span> <span class='ocrx_word' id='word_1_492' title='bbox 818 4042 953 4091; x_wconf 91' lang='lat' dir='ltr'>sunt</span> <span class='ocrx_word' id='word_1_493' title='bbox 982 4034 1333 4092; x_wconf 86' lang='lat' dir='ltr'>vivificandi.</span> <span class='ocrx_word' id='word_1_494' title='bbox 1381 4034 1477 4092; x_wconf 92' lang='lat' dir='ltr'>Illi</span> <span class='ocrx_word' id='word_1_495' title='bbox 1507 4053 1706 4091; x_wconf 87' lang='lat' dir='ltr'>omnes</span> <span class='ocrx_word' id='word_1_496' title='bbox 1736 4055 1838 4111; x_wconf 91' lang='lat' dir='ltr'>pro</span> <span class='ocrx_word' id='word_1_497' title='bbox 1867 4035 2077 4111; x_wconf 91' lang='lat' dir='ltr'>quibus</span> <span class='ocrx_word' id='word_1_498' title='bbox 2101 4035 2364 4093; x_wconf 87' lang='lat' dir='ltr'>Christus</span> <span class='ocrx_word' id='word_1_499' title='bbox 2382 4045 2623 4094; x_wconf 89' lang='lat' dir='ltr'>mortem</span> <span class='ocrx_word' id='word_1_500' title='bbox 2647 4046 2911 4112; x_wconf 81' lang='lat' dir='ltr'>gustasse</span> 
     </span>
     <span class='ocr_line' id='line_1_47' title="bbox 494 4114 2910 4192; baseline 0 -20"><span class='ocrx_word' id='word_1_501' title='bbox 494 4115 721 4188; x_wconf 90' lang='lat' dir='ltr'>dicitur,</span> <span class='ocrx_word' id='word_1_502' title='bbox 756 4114 907 4171; x_wconf 91' lang='lat' dir='ltr'>Heb.</span> <span class='ocrx_word' id='word_1_503' title='bbox 939 4114 996 4170; x_wconf 89' lang='lat' dir='ltr'>ii.</span> <span class='ocrx_word' id='word_1_504' title='bbox 1030 4117 1084 4189; x_wconf 89' lang='grc'>9,</span> <span class='ocrx_word' id='word_1_505' title='bbox 1117 4124 1252 4172; x_wconf 86' lang='lat' dir='ltr'>suut</span> <span class='ocrx_word' id='word_1_506' title='bbox 1280 4114 1421 4172; x_wconf 84' lang='lat' dir='ltr'>Filii</span> <span class='ocrx_word' id='word_1_507' title='bbox 1467 4114 1525 4171; x_wconf 91' lang='lat' dir='ltr'>in</span> <span class='ocrx_word' id='word_1_508' title='bbox 1569 4114 1813 4192; x_wconf 83' lang='lat' dir='ltr'>gloriam</span> <span class='ocrx_word' id='word_1_509' title='bbox 1855 4114 2088 4173; x_wconf 89' lang='lat' dir='ltr'>adducti</span> <span class='ocrx_word' id='word_1_510' title='bbox 2134 4115 2230 4173; x_wconf 86' lang='lat' dir='ltr'>vel</span> <span class='ocrx_word' id='word_1_511' title='bbox 2278 4115 2618 4189; x_wconf 87' lang='lat' dir='ltr'>adducendi,</span> <span class='ocrx_word' id='word_1_512' title='bbox 2669 4135 2910 4190; x_wconf 90' lang='lat' dir='ltr'>quorum</span> 
     </span>
     <span class='ocr_line' id='line_1_48' title="bbox 491 4194 2911 4273; baseline -0 -21"><span class='ocrx_word' id='word_1_513' title='bbox 491 4195 764 4269; x_wconf 79' lang='lat' dir='ltr'>Princeps</span> <span class='ocrx_word' id='word_1_514' title='bbox 790 4194 985 4251; x_wconf 80' lang='lat' dir='ltr'>salutis</span> <span class='ocrx_word' id='word_1_515' title='bbox 1009 4195 1272 4253; x_wconf 87' lang='lat' dir='ltr'>Christus</span> <span class='ocrx_word' id='word_1_516' title='bbox 1294 4203 1397 4270; x_wconf 89' lang='lat' dir='ltr'>est,</span> <span class='ocrx_word' id='word_1_517' title='bbox 1430 4195 1531 4271; x_wconf 87' lang='lat' dir='ltr'>qui</span> <span class='ocrx_word' id='word_1_518' title='bbox 1557 4196 1992 4273; x_wconf 71' lang='lat' dir='ltr'>sanctificantur,</span> <span class='ocrx_word' id='word_1_519' title='bbox 2051 4215 2197 4272; x_wconf 89' lang='lat' dir='ltr'>quos</span> <span class='ocrx_word' id='word_1_520' title='bbox 2209 4199 2436 4270; x_wconf 73' lang='lat' dir='ltr'>fratres</span> <span class='ocrx_word' id='word_1_521' title='bbox 2481 4215 2608 4253; x_wconf 78' lang='lat' dir='ltr'>suos</span> <span class='ocrx_word' id='word_1_522' title='bbox 2656 4203 2825 4251; x_wconf 85' lang='lat' dir='ltr'>vocat</span> <span class='ocrx_word' id='word_1_523' title='bbox 2853 4202 2911 4251; x_wconf 88' lang='lat' dir='ltr'>et</span> 
     </span>
     <span class='ocr_line' id='line_1_49' title="bbox 492 4274 1525 4351; baseline 0 -19"><span class='ocrx_word' id='word_1_524' title='bbox 492 4294 630 4351; x_wconf 80' lang='lat' dir='ltr'>quos</span> <span class='ocrx_word' id='word_1_525' title='bbox 659 4274 744 4330; x_wconf 81' lang='lat' dir='ltr'>illi</span> <span class='ocrx_word' id='word_1_526' title='bbox 767 4276 925 4331; x_wconf 81' lang='lat' dir='ltr'>Deus</span> <span class='ocrx_word' id='word_1_527' title='bbox 954 4274 1121 4347; x_wconf 84' lang='lat' dir='ltr'>dedit,</span> <span class='ocrx_word' id='word_1_528' title='bbox 1153 4295 1272 4332; x_wconf 89' lang='lat' dir='ltr'>ver.</span> <span class='ocrx_word' id='word_1_529' title='bbox 1307 4277 1398 4349; x_wconf 88' lang='lat'>10,</span> <span class='ocrx_word' id='word_1_530' title='bbox 1434 4278 1525 4332; x_wconf 93' lang='lat'>11.</span> 
     </span>
    </p>

    <p class='ocr_par' dir='ltr' id='par_1_4' title="bbox 424 4351 2919 4749">
     <span class='ocr_line' id='line_1_50' title="bbox 578 4351 2909 4431; baseline -0 -22"><span class='ocrx_word' id='word_1_531' title='bbox 578 4353 933 4410; x_wconf 87' lang='lat' dir='ltr'>XXXVII.</span> <span class='ocrx_word' id='word_1_532' title='bbox 980 4353 1317 4429; x_wconf 84' lang='lat' dir='ltr'>Aliquando</span> <span class='ocrx_word' id='word_1_533' title='bbox 1340 4362 1816 4431; x_wconf 82' lang='lat' dir='ltr'>syncategorema</span> <span class='ocrx_word' id='word_1_534' title='bbox 1837 4355 2012 4412; x_wconf 76' lang='lat' dir='ltr'>omnis</span> <span class='ocrx_word' id='word_1_535' title='bbox 2023 4353 2317 4414; x_wconf 89' lang='lat' dir='ltr'>indefinite</span> <span class='ocrx_word' id='word_1_536' title='bbox 2341 4363 2398 4413; x_wconf 92' lang='lat' dir='ltr'>et</span> <span class='ocrx_word' id='word_1_537' title='bbox 2414 4351 2909 4411; x_wconf 89' lang='lat' dir='ltr'>indiscriminatim</span> 
     </span>
     <span class='ocr_line' id='line_1_51' title="bbox 497 4429 2908 4508; baseline -0.001 -17"><span class='ocrx_word' id='word_1_538' title='bbox 497 4433 743 4491; x_wconf 85' lang='lat' dir='ltr'>sumitur</span> <span class='ocrx_word' id='word_1_539' title='bbox 771 4432 913 4489; x_wconf 88' lang='lat' dir='ltr'>citra</span> <span class='ocrx_word' id='word_1_540' title='bbox 933 4429 1196 4493; x_wconf 62' lang='grc' dir='ltr'>διαστολὴν</span> <span class='ocrx_word' id='word_1_541' title='bbox 1251 4453 1352 4491; x_wconf 87' lang='lat' dir='ltr'>seu</span> <span class='ocrx_word' id='word_1_542' title='bbox 1409 4434 1835 4492; x_wconf 87' lang='lat' dir='ltr'>distinctionem</span> <span class='ocrx_word' id='word_1_543' title='bbox 1868 4433 2160 4507; x_wconf 88' lang='lat' dir='ltr'>Gentium,</span> <span class='ocrx_word' id='word_1_544' title='bbox 2207 4434 2615 4508; x_wconf 88' lang='lat' dir='ltr'>conditionum,</span> <span class='ocrx_word' id='word_1_545' title='bbox 2648 4451 2908 4507; x_wconf 88' lang='lat' dir='ltr'>sexuum,</span> 
     </span>
     <span class='ocr_line' id='line_1_52' title="bbox 498 4512 2910 4589; baseline -0 -20"><span class='ocrx_word' id='word_1_546' title='bbox 498 4512 841 4587; x_wconf 87' lang='lat' dir='ltr'>qualitatum</span> <span class='ocrx_word' id='word_1_547' title='bbox 871 4522 928 4570; x_wconf 90' lang='lat' dir='ltr'>et</span> <span class='ocrx_word' id='word_1_548' title='bbox 950 4512 1192 4570; x_wconf 89' lang='lat' dir='ltr'>aliarum</span> <span class='ocrx_word' id='word_1_549' title='bbox 1222 4512 1693 4587; x_wconf 88' lang='lat' dir='ltr'>differentiarum,</span> <span class='ocrx_word' id='word_1_550' title='bbox 1720 4512 1930 4589; x_wconf 90' lang='lat' dir='ltr'>quibus</span> <span class='ocrx_word' id='word_1_551' title='bbox 1959 4513 2221 4571; x_wconf 89' lang='lat' dir='ltr'>homines</span> <span class='ocrx_word' id='word_1_552' title='bbox 2250 4514 2399 4571; x_wconf 89' lang='lat' dir='ltr'>inter</span> <span class='ocrx_word' id='word_1_553' title='bbox 2429 4534 2489 4572; x_wconf 88' lang='lat' dir='ltr'>se</span> <span class='ocrx_word' id='word_1_554' title='bbox 2512 4513 2910 4571; x_wconf 87' lang='lat' dir='ltr'>discriminan-</span> 
     </span>
     <span class='ocr_line' id='line_1_53' title="bbox 424 4591 2912 4670; baseline 0.001 -23"><span class='ocrx_word' id='word_1_555' title='bbox 424 4653 429 4662; x_wconf 48' lang='grc'><strong>,</strong></span> <span class='ocrx_word' id='word_1_556' title='bbox 497 4598 608 4663; x_wconf 89' lang='lat' dir='ltr'>tur,</span> <span class='ocrx_word' id='word_1_557' title='bbox 641 4591 745 4648; x_wconf 87' lang='lat' dir='ltr'>sed</span> <span class='ocrx_word' id='word_1_558' title='bbox 772 4610 887 4648; x_wconf 89' lang='lat' dir='ltr'>non</span> <span class='ocrx_word' id='word_1_559' title='bbox 917 4592 1061 4649; x_wconf 87' lang='lat' dir='ltr'>citra</span> <span class='ocrx_word' id='word_1_560' title='bbox 1089 4611 1315 4649; x_wconf 89' lang='lat' dir='ltr'>omnem</span> <span class='ocrx_word' id='word_1_561' title='bbox 1346 4593 1765 4668; x_wconf 84' lang='lat' dir='ltr'>exceptionem.</span> <span class='ocrx_word' id='word_1_562' title='bbox 1841 4591 1936 4650; x_wconf 90' lang='lat' dir='ltr'>Sic</span> <span class='ocrx_word' id='word_1_563' title='bbox 1970 4592 2186 4650; x_wconf 87' lang='lat' dir='ltr'>Paulus</span> <span class='ocrx_word' id='word_1_564' title='bbox 2236 4594 2491 4670; x_wconf 87' lang='lat' dir='ltr'>exponit,</span> <span class='ocrx_word' id='word_1_565' title='bbox 2527 4594 2693 4650; x_wconf 85' lang='lat' dir='ltr'>Rom.</span> <span class='ocrx_word' id='word_1_566' title='bbox 2725 4613 2783 4650; x_wconf 84' lang='lat' dir='ltr'>x.</span> <span class='ocrx_word' id='word_1_567' title='bbox 2820 4595 2912 4649; x_wconf 91' lang='lat'>11.</span> 
     </span>
     <span class='ocr_line' id='line_1_54' title="bbox 499 4668 2919 4749; baseline 0.001 -23"><span class='ocrx_word' id='word_1_568' title='bbox 499 4671 536 4700; x_wconf 90' lang='lat'>“</span> <span class='ocrx_word' id='word_1_569' title='bbox 564 4670 827 4743; x_wconf 74' lang='lat' dir='ltr'>Quisquis</span> <span class='ocrx_word' id='word_1_570' title='bbox 848 4672 1027 4727; x_wconf 81' lang='lat' dir='ltr'>credit</span> <span class='ocrx_word' id='word_1_571' title='bbox 1047 4672 1103 4727; x_wconf 83' lang='lat' dir='ltr'>in</span> <span class='ocrx_word' id='word_1_572' title='bbox 1127 4672 1308 4745; x_wconf 77' lang='lat' dir='ltr'>ipsum</span> <span class='ocrx_word' id='word_1_573' title='bbox 1338 4691 1447 4729; x_wconf 84' lang='lat' dir='ltr'>non</span> <span class='ocrx_word' id='word_1_574' title='bbox 1462 4673 1725 4749; x_wconf 82' lang='lat' dir='ltr'>pudefiet,</span> <span class='ocrx_word' id='word_1_575' title='bbox 1747 4691 1858 4728; x_wconf 76' lang='lat' dir='ltr'>non</span> <span class='ocrx_word' id='word_1_576' title='bbox 1880 4671 2021 4729; x_wconf 84' lang='lat' dir='ltr'>enim</span> <span class='ocrx_word' id='word_1_577' title='bbox 2052 4681 2131 4730; x_wconf 80' lang='lat' dir='ltr'>est</span> <span class='ocrx_word' id='word_1_578' title='bbox 2155 4668 2394 4734; x_wconf 63' lang='grc' dir='ltr'>διαστολὺ</span> <span class='ocrx_word' id='word_1_579' title='bbox 2416 4673 2693 4730; x_wconf 60' lang='lat' dir='ltr'>distinctio</span> <span class='ocrx_word' id='word_1_580' title='bbox 2722 4672 2919 4729; x_wconf 81' lang='lat' dir='ltr'>Judoei</span> 
     </span>
    </p>
   </div>
   <div class='ocr_carea' id='block_1_3' title="bbox 542 1620 903 1722">
    <p class='ocr_par' dir='ltr' id='par_1_5' title="bbox 542 1620 903 1722">
     <span class='ocr_line' id='line_1_55' title="bbox 542 1620 903 1664; baseline 0 0"><span class='ocrx_word' id='word_1_581' title='bbox 542 1620 727 1664; x_wconf 81' lang='lat' dir='ltr'>Fontes</span> <span class='ocrx_word' id='word_1_582' title='bbox 760 1620 903 1664; x_wconf 88' lang='lat' dir='ltr'>Solu·</span> 
     </span>
     <span class='ocr_line' id='line_1_56' title="bbox 636 1679 844 1722; baseline -0.005 0"><span class='ocrx_word' id='word_1_583' title='bbox 636 1679 844 1722; x_wconf 80' lang='lat' dir='ltr'>tionum.</span> 
     </span>
    </p>
   </div>
  </div>
 </body>
</html>
