3221 5200
558 369 675 433 530
1363 389 1546 430 Locus
1575 387 1835 427 DECIMUS
1874 386 2145 434 omnum.
2583 367 2833 449 [qums-r.
2865 386 3001 427 xvi.

563 533 698 589 hinc
728 531 1129 589 certitudinem
1158 529 1360 588 salutis
1389 537 1446 588 et
1472 527 1915 606 perseverantiae
1940 526 2210 605 colligat;
2254 528 2366 587 nisi
2390 528 2637 587 velimus
2658 527 2841 586 fallax
2862 547 2996 585 esse

569 611 816 686 Spiritus
850 611 1045 668 Sancti
1073 610 1481 683 testimonium,
1530 617 1588 666 et
1636 609 1856 665 irritam
1894 606 2373 684 obsignationem‚
2405 608 2563 686 quod
2590 608 2687 666 vel
2732 608 2998 684 cogitare

565 690 805 766 impium
825 693 854 748 Ῥ
899 689 1070 750 Unde
1118 691 1319 747 Patres
1367 696 1580 747 vocant
1609 687 1865 763 sigillum
1900 685 2057 743 istud
2080 698 2398 755 anau-damon,
2429 689 2586 764 quod
2614 687 2746 745 ideo
2776 687 2999 745 dicitur

565 769 733 828 nobis
760 770 1026 846 imprimi,
1057 790 1174 827 non
1202 768 1276 826 ad
1299 768 1589 845 quoddam
1606 774 1835 844 tempus
1858 773 2097 841 tantum,
2132 766 2234 824 sed
2261 767 2336 825 ad
2358 769 2502 826 diem
2527 769 2707 844 ipsum
2730 770 2995 842 redemp-

568 851 744 923 ἰίοηῐε,
778 849 854 908 id.
885 850 959 908 ad
985 851 1159 907 finem
1187 868 1388 924 usque.
1474 847 1673 924 Atque
1716 867 1784 905 eo
1808 845 1993 921 magis
2023 845 2256 922 stringit
2303 857 2723 924 argumentum,
2756 847 2997 923 quando

565 929 772 988 modus
814 929 982 987 istius
1031 927 1451 1004 obsignationis
1500 925 1834 999 attenditur,
1886 925 1986 1001 qui
2034 945 2150 982 non
2198 936 2287 984 est
2310 936 2584 985 externus
2631 935 2858 985 tantum
2890 947 2997 1002 per

571 1011 955 1082 Sacramenta,
1009 1007 1110 1065 sed
1140 1016 1199 1065 et
1244 1007 1504 1065 internus
1533 1026 1638 1083 per
1685 1003 2134 1064 consolationem
2178 1014 2237 1063 et
2285 1006 2815 1079 sanctificationem,
2859 1026 2993 1082 quae

567 1089 747 1165 sigilli
776 1089 941 1146 istius
970 1086 1210 1145 totidem
1241 1096 1375 1146 sunt
1397 1086 1560 1144 velut
1586 1093 1797 1162 partes»,
1829 1104 1958 1161 quae
1987 1083 2061 1141 ab
2090 1104 2202 1142 una
2229 1095 2390 1160 parte
2422 1086 2800 1143 aeternitatem
2830 1105 2992 1143 amo·

565 1168 645 1225 ris
672 1169 780 1225 Dei
810 1169 868 1224 in
896 1166 1063 1224 nobis
1093 1168 1448 1241 confirmant,
1480 1166 1554 1223 ab
1583 1164 1764 1223 altera
1792 1164 1863 1221 de
1893 1165 2215 1222 constantia
2240 1165 2376 1223 fidei
2405 1173 2464 1223 et
2511 1165 2775 1242 obsequii
2804 1166 2989 1223 nostri

567 1267 642 1304 ex
673 1247 859 1322 gratia
891 1247 998 1304 Dei
1027 1266 1133 1303 nos
1160 1246 1525 1322 persuadent.
1614 1244 1784 1303 Unde
1805 1251 1966 1319 patet
2002 1241 2215 1301 frustra
2260 1245 2447 1321 regeri
2492 1245 2566 1302 ab
2615 1244 2993 1301 Adversariis

566 1326 664 1400 agi
693 1325 764 1382 de
794 1324 1195 1400 obsignatione
1221 1325 1295 1384 ad
1318 1326 1578 1399 salutem,
1610 1343 1727 1381 non
1747 1322 1821 1380 ad
1836 1321 2030 1379 fidem.
2063 1324 2211 1381 Nam
2240 1344 2307 1381 eo
2338 1325 2462 1401 ipso
2476 1344 2592 1401 quo
2614 1322 2994 1399 obsignamur

566 1404 641 1461 ad
670 1404 912 1461 salutem
942 1412 1097 1461 certo
1126 1404 1513 1479 obtinendam,
1544 1403 1920 1479 obsignamur
1946 1401 2116 1460 etiam
2146 1402 2220 1460 ad
2245 1404 2417 1462 fidem
2448 1411 2778 1462 constanter
2800 1403 2856 1459 in
2890 1422 2994 1460 no-

567 1483 658 1540 bis
688 1482 1036 1556 duraturam,
1068 1502 1196 1559 quae
1226 1483 1478 1540 medium
1509 1491 1597 1540 est
1628 1482 1847 1539 salutis,
1934 1482 2054 1540 Nec
2105 1483 2151 1540 si
2196 1483 2342 1541 fides
2389 1484 2733 1560 supponitur
2773 1484 2899 1558 jam
2932 1483 2990 1538 in

567 1561 904 1638 obsignatiS,
930 1559 1123 1639 (nemo
1141 1562 1293 1619 enim
1311 1562 1423 1620 nisi
1444 1561 1685 1619 credens
1707 1560 2090 1640 obsignatur‚)
2114 1562 2386 1620 continuo
2404 1562 2706 1639 promissio
2718 1562 2994 1619 statuitur

567 1641 973 1716 conditionata,
1006 1662 1135 1718 quae
1165 1641 1410 1717 pendeat
1438 1642 1511 1699 ab
1533 1641 1783 1698 hominis
1820 1640 2074 1716 arbitrio,
2120 1661 2237 1699 non
2282 1643 2564 1701 absoluta.
2649 1642 2801 1698 Nam
2828 1641 2991 1699 aliud

568 1730 657 1780 est
682 1721 856 1780 fidem
886 1721 1131 1798 supponi
1158 1721 1219 1777 in
1248 1723 1525 1800 subject0,
1557 1721 1716 1778 aliud
1744 1719 1917 1777 fidem
1946 1730 2428 1798 perseverantem,
2452 1743 2581 1798 quae
2616 1721 2725 1780 sub
2744 1721 2993 1797 promis-

569 1802 788 1860 sionem
817 1801 988 1860 cadit.

1156 1878 1338 1936 XXI.
1370 1879 1423 1935 5.
1455 1877 1769 1935 Bonorum
1790 1879 2185 1953 perspiritum
2206 1880 2363 1936 nobis
2389 1879 2725 1938 collatorum
2744 1890 2987 1936 natura.

565 1939 610 1984 ⁵·
639 1941 687 1986 Δ
709 1941 948 2043 ‹legg-um
964 1954 1048 1986 ¹¹³·
1092 1957 1245 2024 Quae
1273 1975 1411 2014 cum
1440 1966 1783 2025 ἁμιημίληη
1811 1963 1872 2013 et
1898 1963 2122 2014 aeterna
2148 1957 2282 2028 sint,
2306 1976 2429 2014 non
2444 1960 2756 2034 patiuntur
2776 1959 2987 2015 fideles

1077 2035 1150 2092 iis
1177 2041 1440 2105 ornatos,
1459 2037 1556 2093 vel
1584 2034 1849 2093 totaliter
1868 2035 1967 2089 vel
1985 2034 2242 2092 finaliter
2262 2037 2548 2107 excidere,
2580 2037 2752 2093 Rom.
2778 2036 2857 2092 xi.
2883 2036 2985 2107 29,

570 2111 749 2172 Dona
761 2113 884 2172 Dei
897 2125 951 2172 et
969 2111 1200 2172 Vocatio
1216 2124 1352 2170 sunt
1379 2123 1738 2182 ἀμιταμίληη.
1779 2111 1821 2168 J
1826 2129 1924 2168 am
1940 2130 2082 2169 vero
2104 2113 2155 2169 si
2178 2115 2321 2172 talia
2339 2122 2494 2185 sunt,
2515 2131 2776 2190 quorum
2799 2115 2986 2171 semel

567 2210 980 2250 concessorum
1019 2191 1218 2249 Deum
1258 2209 1569 2266 nunquam
1602 2190 1903 2266 poeniteat,
1932 2190 1995 2246 id
2033 2198 2140 2261 est,
2169 2210 2481 2267 nunquam
2522 2211 2595 2249 ea
2622 2201 2878 2259 revocet,
2909 2210 2987 2249 ea

565 2288 806 2328 manere
853 2271 916 2328 in
946 2270 1114 2328 nobis
1135 2287 1367 2327 necesse
1395 2276 1501 2327 est.
1582 2268 1905 2337 Quomodo
1928 2275 2129 2325 autem
2150 2278 2349 2328 essent
2376 2271 2503 2328 sine
2531 2270 2899 2344 poenitentia,
2918 2271 2983 2326 id

568 2354 673 2419 est,
703 2347 1105 2405 immutabilia
1132 2354 1193 2405 et
1219 2348 1571 2418 constantia,
1594 2348 1645 2404 si
1671 2349 1852 2403 homo
1879 2353 2073 2421 potest
2100 2365 2172 2405 ea
2199 2347 2485 2419 amittere,
2514 2349 2612 2405 vel
2639 2348 2877 2421 penitus
2906 2349 2988 2404 ab

565 2425 689 2483 illis
716 2428 961 2484 deficere
985 2429 1008 2484 ἓ
1079 2426 1248 2483 Licet
1267 2444 1407 2482 vero
1435 2425 1533 2482 hic
1559 2425 1753 2501 primo
1778 2423 1992 2498 Apost.
2016 2426 2293 2500 respiciat
2319 2428 2395 2483 ad
2423 2426 2465 2483 J
2470 2428 2785 2484 udaeorum
2806 2445 2986 2483 voca-

566 2505 808 2575 tionem,
837 2521 1094 2579 quorum
1134 2503 1286 2560 varii
1326 2504 1667 2560 ceciderunt
1708 2508 1768 2560 et
1807 2502 2095 2561 confracti
2137 2511 2309 2575 sunt;
2351 2503 2414 2561 N
2418 2523 2495 2561 on
2536 2504 2737 2561 minus
2777 2511 2981 2561 tamen

567 2582 838 2639 validum
892 2588 1096 2638 manet
1148 2587 1572 2654 argumentum
1620 2580 1942 2655 Apostoli3
1983 2581 2310 2653 Nimirum,
2365 2582 2640 2658 quamvis
2695 2582 2846 2640 varii
2900 2599 2981 2640 ex

568 2658 610 2715 J
616 2661 826 2716 udaeis‘
846 2659 906 2715 in
952 2658 1370 2716 incredulitate
1418 2666 1717 2728 maneant,
1759 2676 1881 2714 non
1929 2678 2100 2735 posse
2149 2661 2347 2718 Deum
2394 2662 2635 2736 rejicere
2682 2662 2981 2735 populum

568 2754 746 2810 quem
774 2735 1086 2809 praescivit,
1109 2736 1394 2792 dilectum
1410 2754 1641 2810 semper
1667 2753 1791 2792 esse
1818 2747 2061 2812 propter
2083 2737 2305 2809 Patre&
2335 2757 2529 2814 neque
2554 2739 2683 2795 fieri
2712 2757 2880 2813 posse
2911 2746 2986 2795 ut

565 2812 804 2888 penitus
832 2796 1082 2882 deficiat,
1112 2812 1233 2868 imo
1261 2812 1765 2886 fore'aliquando,
1794 2819 1864 2869 ut
1904 2823 2066 2875 totus
2102 2818 2165 2874 in
2195 2817 2523 2875 Ecclesiam
2553 2816 2773 2874 Christi
2810 2817 2986 2874 colli-

567 2896 764 2963 gatur,
794 2888 937 2964 quia
965 2888 1140 2946 Dona
1173 2889 1287 2946 Dei
1327 2896 1387 2948 et
1417 2890 1673 2948 Vocatio
1707 2889 1826 2947 sint
1852 2905 2211 2963 ἀμιημίληη.
2246 2958 2252 2963 ,
2299 2895 2481 2963 Quod
2522 2913 2663 2969 ergo
2703 2902 2983 2968 respectu

572 2967 787 3026 Gentis
814 2965 858 3024 J
863 2968 1093 3025 udai'cae
1130 2967 1330 3025 locum
1367 2968 1563 3041 habet,
1594 2969 1753 3031 idem
1794 2981 1855 3032 et
1892 2977 2164 3047 respectu
2193 2972 2471 3031 Ecclesiae
2500 2982 2561 3030 et
2600 2973 2982 3045 singulorum

567 3046 838 3104 fidelium
866 3046 1133 3104 obtinere
1174 3046 1367 3116 debet,
1397 3053 1468 3104 ut
1494 3048 1728 3110 vocatio
1768 3060 1830 3111 et
1868 3053 2029 3109 dona
2057 3049 2172 3107 Dei
2212 3051 2393 3108 semel
2434 3050 2552 3108 illis
2589 3050 2827 3119 collata,
2857 3050 2981 3106 sint

568 3133 913 3194 ὰμιημίληα
940 3131 1001 3181 et
1036 3124 1463 3196 irrevocabilia,
1493 3125 1786 3201 siquidem
1827 3146 1935 3205 par
1963 3136 2050 3185 est
2089 3130 2409 3202 utrobique
2445 3129 2616 3186 rati0.
2700 3126 2761 3183 N
2765 3147 2833 3185 ec
2872 3129 2984 3184 ad-

565 3204 850 3274 dendum,
888 3204 1023 3261 Etsi
1050 3203 1184 3261 doni
1202 3204 1295 3259 sui
1322 3202 1518 3261 Deum
1536 3226 1652 3263 non
1675 3209 1971 3284 paeniteat,
1994 3207 2273 3264 hominem
2302 3217 2493 3265 tamen
2513 3205 2790 3281 poenitere
2812 3225 2985 3281 posse

568 3282 710 3337 dom·
736 3283 950 3358 accepti
997 3282 1084 3338 vel
1129 3282 1354 3339 retenti.
1440 3281 1601 3348 Quia
1632 3286 1887 3344 vocatio
1915 3293 1976 3342 et
2003 3285 2183 3342 Dona
2208 3285 2323 3342 ista
2363 3293 2708 3353 ammam-a
2747 3305 2819 3343 eo
2848 3294 2983 3342 ten-

567 3360 723 3415 dunt
764 3365 834 3415 ut
860 3360 1208 3416 confirment
1244 3360 1421 3415 fldem
1461 3359 1523 3415 in
1562 3363 1819 3436 homine,
1849 3371 1909 3420 et
1950 3362 2172 3420 saciant
2218 3369 2288 3419 ut
2335 3381 2646 3437 nunquam
2691 3364 2983 3438 poeniteat

567 3436 782 3508 ipsum,
812 3437 1023 3493 saltem
1049 3437 1304 3508 penitus,
1335 3436 1479 3492 doni
1516 3441 1756 3514 accepti.
1843 3441 1992 3497 Ideo
2021 3441 2345 3498 virtutibus
2375 3440 2726 3498 Christianis
2766 3459 2979 3515 perpe-

568 3511 753 3567 tuitas
792 3513 1163 3581 adscribitur,
1206 3521 1277 3570 ut
1306 3513 1489 3583 Fidei,
1531 3535 1722 3589 quum
1762 3519 1981 3577 dicitur
2022 3518 2271 3575 victoria
2311 3526 2515 3576 nostra
2554 3538 2688 3592 quae
2731 3526 2979 3593 superat

569 3588 883 3675 mundum,
931 3589 960 3644 1
1005 3587 1047 3644 J
1052 3590 1146 3645 oh.
1177 3608 1232 3646 v.
1263 3590 1340 3659 4;
1393 3590 1704 3666 charitati,
1734 3596 1879 3671 quia
1904 3617 2019 3654 non
2060 3596 2283 3668 excidit,
2317 3597 2347 3654 1
2381 3596 2513 3655 Cor.
2543 3597 2665 3654 xiii.
2694 3596 2771 3669 ὃς
2817 3597 2977 3671 Spei,

569 3681 711 3737 qula
739 3683 856 3721 non
895 3666 1209 3739 confindit,
1242 3667 1414 3723 Rom.
1446 3688 1500 3726 v,
1535 3670 1590 3728 5.

567 3780 635 3825 Et
655 3783 756 3827 vita
787 3782 1044 3838 spirituali.
1168 3743 1392 3801 XXII.
1435 3745 1573 3805 Hoc
1599 3768 1741 3808 vero
1770 3751 2022 3809 ulterius
2061 3753 2446 3810 confirmatur
2473 3771 2548 3809 ex
2576 3763 2795 3810 natura
2833 3750 2978 3811 Vitoe

1083 3821 1421 3898 spir-stuata,
1453 3844 1587 3901 quae
1616 3846 1720 3902 per
1750 3828 2037 3903 Spiritum
2065 3830 2236 3887 nobis
2262 3830 2662 3904 ingeneratur,
2685 3850 2818 3905 quae
2847 3848 2972 3888 non

569 3904 658 3955 est
684 3898 950 3957 interitui
977 3899 1073 3957 vel
1107 3902 1454 3960 extinctioni
1494 3906 1770 3977 obnoxia,
1800 3906 1986 3965 instar
2012 3907 2303 3978 animalia,
2335 3910 2437 3966 sed
2477 3915 2767 3983 perpetua
2792 3914 2881 3965 est
2907 3916 2975 3967 et

567 3982 808 4034 aeterna.
894 3975 1042 4035 Ideo
1063 3981 1268 4038 fideles
1294 3980 1357 4036 in
1386 3984 1582 4055 gratia
1607 3983 1892 4041 dicuntur
1909 3985 2042 4060 jam
2068 3986 2284 4042 habere
2313 3986 2497 4043 vitam
2516 3993 2796 4044 aeternam
2822 4008 2837 4045 z
2866 3988 2975 4060 qui

568 4055 753 4111 credit
779 4055 842 4110 in
869 4075 955 4112 me
976 4058 1140 4115 habet
1157 4058 1334 4115 vitam
1350 4069 1641 4131 aeternam,
1664 4058 1708 4119 J
1711 4063 1808 4119 oh.
1827 4081 1883 4120 v.
1903 4063 1999 4132 24,
2017 4070 2075 4119 et
2094 4063 2169 4121 vi.
2189 4064 2271 4120 40
2293 4084 2307 4133 ;
2327 4082 2451 4121 non
2471 4064 2632 4131 dicit,
2656 4065 2975 4122 habiturus

565 4137 655 4189 est
697 4132 758 4188 in
798 4132 1022 4204 futuro,
1054 4137 1155 4192 sed
1177 4137 1357 4194 habet
1371 4138 1501 4212 jam
1529 4138 1590 4195 in
1620 4140 1927 4212 praesenti3
1958 4147 2017 4197 et
2042 4140 2086 4197 J
2090 4143 2185 4198 oh.
2221 4141 2310 4198 loe.
2339 4160 2396 4198 v,
2420 4142 2512 4213 13,
2544 4147 2578 4175 “
2599 4141 2749 4199 Haec
2775 4142 2972 4199 scribo

565 4210 737 4266 vobis
782 4211 888 4282 qui
928 4212 1164 4269 creditis
1206 4214 1270 4270 in
1315 4215 1555 4273 Nomen
1604 4215 1747 4274 Filii
1786 4216 1916 4288 Dei,
1961 4226 2029 4275 ut
2072 4218 2267 4275 sciatis
2305 4237 2412 4277 vos
2452 4221 2639 4277 vitam
2683 4228 2971 4278 aeternam

565 4287 842 4344 habere.”
926 4288 1016 4346 At
1051 4290 1098 4346 si
1128 4290 1267 4360 vita,
1298 4311 1478 4366 quam
1517 4293 1615 4351 hic
1655 4295 1946 4353 habemus
1984 4314 2091 4370 per
2126 4296 2399 4369 gratiam,
2439 4305 2527 4355 est
2549 4304 2787 4368 aeterna,
2817 4316 2974 4372 quo·

564 4365 744 4421 modo
774 4364 1043 4439 extingui
1082 4368 1177 4424 vel
1214 4370 1459 4427 deficere
1493 4373 1730 4445 potest?
1813 4371 1915 4428 An
1943 4373 2069 4429 fieri
2104 4381 2300 4448 potest
2326 4383 2396 4433 ut
2423 4394 2460 4433 a
2486 4375 2613 4432 vita
2639 4383 2864 4432 aeterna
2902 4375 2972 4433 in

564 4460 748 4514 quam
782 4460 889 4516 per
924 4445 1102 4501 fidem
1146 4448 1415 4503 translati
1458 4467 1682 4518 sumus,
1725 4448 1787 4504 in
1836 4457 2087 4507 mortem
2128 4459 2410 4509 aeternam
2452 4471 2489 4509 a
2529 4470 2651 4528 qua
2692 4454 2976 4510 translati

563 4537 770 4576 sumus
811 4520 1008 4577 denuo
1053 4522 1422 4583 recidamus?
1504 4525 1643 4583 “At
1682 4526 1898 4597 beati,’'
1940 4527 2135 4602 inquit
2176 4528 2319 4587 Joh.
2352 4530 2543 4604 Apoc.
2574 4549 2674 4587 xx.
2705 4531 2760 4600 6,
2804 4539 2841 4564 ‘⁶
2865 4532 2977 4605 qui

560 4603 792 4666 partem
818 4598 1041 4655 habent
1067 4599 1128 4655 in
1157 4603 1580 4660 resurrectione
1608 4603 1829 4677 prima3
1876 4604 1953 4661 In
1979 4607 2087 4663 hos
2115 4607 2272 4663 enim
2301 4610 2562 4665 secunda
2588 4627 2747 4665 mors
2774 4618 2980 4683 potes-

560 4677 745 4731 tatem
771 4690 894 4732 non
922 4676 1158 4734 habet.’'
1242 4679 1408 4737 Licet
1437 4698 1576 4738 vero
1592 4681 1729 4761 *vita
1755 4682 1870 4741 ista
1897 4683 2220 4757 spiritualis
2248 4702 2370 4744 non
2387 4686 2585 4745 minus
2604 4704 2674 4744 ac
2691 4686 2979 4745 animalis
