3221 5200
343 394 567 444 Quaesr.
599 372 712 455 x1.]
1065 392 1143 431 m:
1172 391 1438 432 ransom
1469 392 1544 433 m*
1572 391 1761 433 s‘rA'ru
1791 393 2045 434 cnam-1.
2637 380 2754 436 303

342 555 481 612 ergo
527 540 816 593 constaret
863 532 1009 590 nihil
1045 532 1208 592 illum
1254 533 1467 591 habere
1512 553 1814 593 commune
1843 553 1974 592 cum
2004 539 2255 610 peccato,
2287 534 2445 609 quod
2472 534 2761 594 ordinaria

344 614 715 692 generatione
745 613 804 670 in
831 633 937 670 nos
960 612 1269 689 derivatur,
1299 612 1473 670 modo
1495 613 1950 671 extraordinario
1973 612 2173 671 debuit
2192 613 2369 671 nasci.

425 694 579 751 XX.
629 694 692 752 Si
712 713 850 750 vero
873 693 1108 766 Quaeras
1129 714 1259 752 cum
1282 693 1543 770 Virgine,
1572 693 1873 767 Quomodo
1894 693 2004 751 hoc
2025 692 2148 750 fieri
2170 693 2455 769 potuerit?
2498 693 2757 770 Respon-

343 773 430 833 sio
460 773 678 851 Angeli
705 773 873 831 nobis
902 772 1158 831 sufficere
1198 772 1386 847 debet,
1421 775 1456 805 ‘⁴
1475 772 1631 849 apud
1662 773 1850 831 Deum
1878 772 2102 830 nullum
2131 771 2371 830 verbum
2390 793 2517 831 esse
2546 772 2756 850 impos·

345 854 575 928 sibile,''
611 854 732 912 Luc
761 853 798 911 i.
830 856 926 911 37.
959 854 996 885 ‘⁴
1024 853 1086 910 Si
1104 852 1251 910 ratio
1270 852 1602 929 quaeritur‚’'
1636 852 1823 929 inquit
1852 852 2107 929 August.
2140 852 2306 929 epist.
2341 855 2396 910 3.
2428 853 2501 911 ad
2530 853 2757 911 Volusi.

346 938 383 966 ‘⁴
405 954 521 991 non
566 932 675 991 erit
709 932 970 990 mirabile
1002 954 1016 1007 3
1063 933 1112 991 si
1140 932 1469 1008 exemplum
1517 933 1791 1009 poscitur,
1837 951 1954 988 non
2003 932 2111 989 erit
2145 932 2454 1007 singulare.
2540 933 2761 991 Demus

345 1014 534 1072 Deum
576 1012 796 1089 aliquid
837 1032 1025 1089 posse,
1056 1011 1213 1088 quod
1250 1032 1356 1069 nos
1398 1012 1680 1070 fateamur
1717 1011 2067 1087 investigare
2096 1031 2211 1068 non
2242 1031 2427 1087 posse,
2458 1012 2518 1069 in
2547 1012 2761 1071 talibus

341 1094 532 1167 rebus,
564 1101 686 1151 tota
713 1093 860 1150 ratio
889 1091 1025 1149 facti
1054 1100 1143 1149 est
1170 1091 1428 1167 potentia
1448 1091 1770 1149 facientis.”
1817 1091 1939 1148 Nec
1967 1091 2075 1148 hoc
2106 1090 2415 1149 absurdum
2446 1091 2630 1150 videri
2661 1091 2759 1149 de-

340 1173 456 1246 bet,
488 1172 584 1229 vel
612 1172 654 1230 J
659 1170 841 1229 udaeis
867 1171 965 1229 vel
986 1170 1224 1244 GraeciS‚
1246 1190 1377 1228 cum
1399 1170 1553 1247 apud
1573 1171 1731 1246 ipsos
1751 1170 1914 1228 varia
1934 1190 2049 1227 non
2071 1171 2261 1228 minus
2282 1171 2487 1228 rationi
2512 1170 2763 1229 absurda

342 1261 402 1311 et
442 1250 824 1328 impossibilia
862 1258 1273 1328 proponantur,
1319 1250 1476 1326 quod
1514 1249 1726 1308 eximie
1767 1250 2130 1327 persequitur
2159 1250 2358 1326 Cyrill.
2392 1251 2622 1309 Hieros.
2655 1251 2761 1309 Ca-

340 1339 451 1391 tec.
496 1335 588 1389 12.

341 1450 422 1495 An
450 1449 609 1495 Maria
639 1462 827 1506 semper
949 1408 1138 1467 XXI.
1183 1407 1283 1466 Ad
1307 1407 1618 1467 secundam
1642 1408 2029 1483 Quaestionem
2050 1409 2121 1466 de
2142 1408 2495 1485 Virginitate
2525 1409 2758 1484 Mariae3

336 1511 360 1568 ⁸.
380 1507 533 1566 virgo
547 1508 712 1556 fuerit.
724 1511 826 1550 tam
871 1488 1002 1547 Non
1030 1488 1306 1564 quaeritur
1333 1488 1405 1547 de
1433 1497 1691 1565 tempore
1726 1498 1941 1565 partus,
1973 1488 2068 1546 vel
2106 1497 2333 1564 partum
2362 1489 2757 1548 antecedente.

385 1570 494 1624 90⁸⁶
553 1569 747 1624 partum
868 1569 1196 1627 Consensus
1225 1568 1377 1626 enim
1407 1574 1495 1626 est
1523 1568 1675 1626 inter
1705 1568 2061 1626 Christianos
2090 1568 2396 1644 Virginem
2424 1569 2601 1628 fuisse
2630 1577 2764 1627 ante

384 1639 528 1684 ‘¹⁰⁸¹‘
552 1623 706 1668 anto?
862 1655 1106 1725 partum,
1138 1656 1197 1706 et
1243 1648 1303 1705 in
1349 1655 1533 1724 partu.
1624 1647 1740 1705 Sed
1768 1648 1959 1722 agitur
1987 1647 2059 1705 de
2087 1657 2342 1723 tempore
2371 1657 2598 1724 partum
2628 1669 2761 1706 con-

342 1737 635 1804 sequente,
668 1727 765 1785 An
793 1737 925 1806 post
951 1736 1177 1805 partum
1208 1746 1432 1804 semper
1461 1727 1646 1802 Virgo
1676 1728 1996 1786 manserit?
2036 1726 2191 1803 quod
2220 1746 2336 1785 non
2364 1747 2635 1803 expresse
2665 1728 2762 1785 de-

341 1806 539 1866 finitur
581 1809 642 1865 in
675 1808 985 1884 Scriptura,
1012 1807 1116 1865 sed
1158 1807 1249 1883 pie
1278 1817 1472 1865 tamen
1501 1805 1756 1864 creditur
1782 1806 1893 1864 fide
1922 1807 2189 1879 humana,
2215 1825 2289 1863 ex
2319 1807 2532 1864 veteris
2562 1807 2763 1864 Eccle-

342 1887 443 1945 siae
467 1907 767 1962 consensu,
791 1907 898 1946 nec
926 1887 1001 1945 ad
1027 1886 1198 1945 fidem
1225 1887 1377 1945 ultra
1405 1905 1641 1944 necesse
1670 1894 1775 1944 est.
1822 1885 2128 1943 Probabile
2159 1885 2370 1962 quippe
2399 1894 2505 1955 est,
2535 1893 2763 1944 uterum

342 1967 505 2025 illum
523 2013 538 2042 ‚
597 1968 657 2025 in
713 1987 828 2044 quo
889 1969 1162 2025 Servator
1213 1975 1411 2024 noster
1464 1965 1602 2022 vitae
1659 1964 1915 2040 auspicia
1969 1964 2191 2041 accepit
2209 2009 2223 2038 ,
2280 1964 2433 2023 unde
2489 1973 2763 2042 tanquam

341 2067 417 2105 ex
446 2047 686 2124 Templo
715 2047 775 2104 in
804 2046 1091 2105 Mundum
1134 2046 1289 2104 hunc
1319 2047 1616 2121 ingressus
1645 2052 1750 2118 est,
1781 2052 1943 2102 tanto
1974 2045 2223 2121 Hospite
2261 2044 2341 2102 ita
2370 2054 2763 2103 consecratum

341 2134 400 2184 et
428 2126 846 2185 sanctificatum
879 2126 1073 2201 fuisse,
1104 2133 1171 2185 ut
1196 2126 1412 2184 intacta
1440 2123 1584 2182 Viro
1615 2142 1842 2200 semper
1877 2125 2167 2198 manserit,
2201 2144 2306 2181 nec
2334 2123 2378 2183 J
2381 2124 2630 2201 osephus
2656 2144 2763 2182 un-

342 2226 516 2281 quam
545 2225 671 2263 eam
702 2205 1056 2282 cognoverit.

426 2285 651 2342 XXII.
697 2284 869 2343 Unde
919 2284 1122 2341 merito
1173 2281 1513 2356 HelvidiuS,
1558 2291 1618 2341 et
1668 2281 2284 2356 Antidicomarianitae,
2316 2282 2398 2340 ita
2440 2281 2578 2341 dicti
2608 2284 2767 2359 quod

342 2374 537 2422 essent
556 2361 796 2421 ἀντίδικοι
821 2364 1039 2438 Mariae,
1071 2383 1106 2420 a
1137 2363 1407 2421 Patribus
1436 2362 1947 2439 reprehenduntur,
1979 2362 2137 2438 quod
2166 2362 2412 2419 Mariam
2442 2367 2516 2420 αἱαὶ
2544 2363 2768 2444 παίζουσι

340 2445 700 2520 negaverint,
733 2451 1050 2502 statuentes
1078 2461 1206 2500 eam
1250 2449 1383 2519 post
1423 2451 1652 2519 partum
1682 2442 1724 2500 J
1729 2443 1947 2518 osepho
1977 2441 2302 2519 copulatam
2333 2441 2527 2516 fuisse,
2560 2443 2677 2501 imo
2707 2453 2767 2502 et

340 2542 416 2581 ex
439 2544 508 2582 eo
536 2524 748 2582 liberos
778 2522 1118 2599 suscepisse,
1158 2530 1224 2579 ut
1250 2530 1414 2580 notat
1452 2520 1707 2599 August.
1739 2521 1810 2579 de
1838 2522 2062 2596 haeres„
2093 2522 2407 2579 levissimis
2436 2522 2563 2580 nixi
2592 2542 2763 2600 argu-

339 2604 567 2663 mentis.
657 2608 709 2662 1.
757 2607 792 2637 ‘⁴
816 2604 964 2677 Quia
1009 2602 1274 2661 Christus
1301 2603 1711 2679 primoqenitus
1741 2602 1944 2660 Mariae
1974 2602 2244 2661 dicitur.''
2330 2602 2480 2660 Nam
2513 2611 2581 2662 ut
2618 2604 2765 2662 bene

341 2683 540 2742 Hiero.
575 2692 753 2759 notat,
785 2684 866 2741 ita
894 2692 1150 2757 vocatur,
1176 2683 1312 2759 quia
1333 2692 1465 2741 ante
1495 2702 1627 2740 eum
1657 2702 1827 2741 nemo
1856 2683 2087 2759 genitus
2117 2690 2222 2757 est,
2268 2702 2387 2740 non
2435 2683 2593 2758 quod
2633 2692 2767 2760 post

338 2783 469 2821 eum
500 2764 648 2822 alius
677 2764 846 2823 detur
868 2785 882 2839 ;
936 2762 1102 2822 Unde
1125 2761 1280 2839 apud
1301 2762 1343 2820 J
1349 2763 1784 2836 urisconsultos,
1817 2765 1928 2819 Est
1937 2764 2162 2837 primus
2183 2783 2344 2839 quem
2366 2783 2525 2820 nemo
2544 2784 2760 2839 praece·

339 2844 435 2918 dit,
468 2853 548 2903 est
573 2845 813 2918 ultimus,
846 2864 1007 2919 quem
1034 2863 1193 2900 nemo
1221 2843 1488 2917 sequitur.
1521 2842 1760 2899 Hebraei
1788 2842 2205 2919 primogenitos
2234 2844 2407 2900 etiam
2429 2843 2764 2919 unigenitos

340 2924 529 2981 solent
556 2943 781 2996 vocare,
816 2921 1004 2980 Exod.
1034 2922 1114 2978 iv.
1146 2926 1242 2977 22.
1292 2920 1475 2979 Israel
1520 2929 1764 2979 vocatur
1800 2922 2212 2996 primoyenitus
2254 2922 2384 2995 Dei,
2425 2922 2561 2981 licet
2607 2924 2766 2981 solus

339 3010 494 3059 esset
535 3002 782 3078 populus
822 3021 858 3058 a
908 3002 1034 3058 Deo
1079 2999 1314 3057 electus.
1404 2999 1500 3056 Sic
1531 3000 1722 3057 Exod.
1752 2999 1877 3056 xiii.
1909 3004 1965 3074 2,
1999 3004 2033 3032 “
2058 3001 2486 3076 Primogenitus
2531 3010 2765 3060 sanctus

343 3080 508 3138 Deo''
540 3080 767 3153 dicitur,
792 3079 892 3155 qui
921 3078 1104 3153 primo
1133 3078 1322 3135 editur
1348 3086 1534 3153 partu,
1580 3078 1703 3134 sive
1734 3078 1833 3133 alii
1876 3087 2203 3152 sequantur,
2251 3079 2373 3135 sive
2416 3098 2531 3136 non
2562 3102 2575 3152 3
2621 3082 2764 3138 alias

338 3159 723 3235 primogenita
749 3177 867 3215 non
894 3157 1141 3213 fuissent
1169 3155 1520 3229 redimenda,
1552 3156 1664 3212 nisi
1694 3165 1826 3231 post
1864 3156 2036 3212 aliam
2083 3156 2340 3213 sobolem
2388 3167 2760 3233 procreatam,

340 3238 498 3313 quod
526 3238 734 3296 falsum
762 3255 890 3294 esse
921 3236 1048 3293 Lex
1077 3233 1347 3308 ostendit,
1379 3254 1510 3309 quae
1539 3234 1668 3293 vult
1696 3255 1764 3292 ea
1791 3233 1995 3291 redimi
2037 3234 2220 3310 primo
2262 3254 2298 3291 a
2332 3243 2500 3311 partu
2546 3256 2761 3311 mense,

339 3318 514 3376 Num.
545 3317 710 3374 xviii.
746 3319 838 3375 16.
909 3346 924 3359 x

422 3397 682 3455 XXIII.
727 3400 783 3454 2.
830 3396 961 3454 Non
992 3393 1233 3451 solidius
1260 3393 1370 3450 hoc
1400 3392 1737 3469 exsculpere
1766 3400 2090 3469 potuerunt,
2124 3414 2196 3451 ex
2227 3413 2295 3451 eo
2333 3394 2489 3469 quod
2517 3396 2766 3453 Fratres

342 3478 556 3537 CVzristi
579 3476 814 3554 quidam
842 3482 1125 3533 vocantur
1152 3473 1212 3530 in
1242 3472 1315 3530 N.
1346 3473 1504 3531 Test.
1535 3472 1685 3546 Quia
1710 3472 2050 3531 tralatitium
2093 3482 2181 3531 est
2220 3472 2281 3530 in
2314 3473 2609 3550 Scriptura
2652 3475 2761 3533 hoc

337 3558 568 3617 nomine
598 3555 907 3633 designari,
939 3573 1056 3613 non
1084 3552 1257 3612 modo
1285 3552 1488 3611 fratres
1517 3553 1779 3630 proprios
1807 3561 1865 3610 et
1894 3573 2197 3629 germanos
2219 3573 2322 3630 per
2345 3562 2624 3629 naturam,
2658 3555 2760 3614 sed

338 3638 510 3696 etiam
539 3637 1002 3713 consanguineos
1031 3642 1090 3692 et
1118 3632 1508 3706 consobrinos,
1534 3641 1600 3690 ut
1623 3632 1921 3690 Abraham
1952 3640 2010 3691 et
2040 3633 2208 3708 Loth,
2241 3633 2430 3692 Jacob
2460 3643 2517 3693 et
2538 3634 2755 3711 Laban,

340 3718 420 3774 sic
450 3718 492 3775 J
496 3717 709 3775 acobus
738 3725 796 3774 et
823 3715 867 3775 J
871 3734 1015 3789 oses,
1054 3714 1253 3771 Simon
1281 3721 1340 3770 et
1366 3712 1408 3770 J
1413 3711 1557 3771 udas
1585 3711 1790 3770 fratres
1820 3712 2032 3770 Christi
2072 3712 2357 3788 dicuntur,
2393 3714 2601 3771 Matth.
2633 3716 2757 3773 xiii.

340 3798 435 3867 55,
468 3795 827 3870 cognatione.
912 3794 1061 3851 Nam
1092 3792 1281 3850 Maria
1309 3812 1438 3867 quae
1468 3811 1666 3849 eorum
1689 3800 1871 3849 mater
1899 3791 2108 3850 dicitur
2140 3793 2418 3851 Matthaeo
2448 3803 2504 3851 et
2536 3794 2756 3867 Marce,

339 3873 596 3931 Johanni
626 3873 836 3930 dicitur
888 3872 1061 3930 Soror
1110 3871 1319 3929 Matris
1366 3870 1619 3928 Domini.
1706 3869 1873 3943 Quod
1903 3879 2110 3944 autem,
2143 3872 2185 3929 J
2190 3871 2282 3928 oh.
2308 3872 2407 3929 vii.
2441 3874 2494 3941 5,
2527 3872 2754 3946 dicitur,

338 3953 495 4029 quod
526 3955 561 3985 “
579 3971 649 4009 ne
679 3951 911 4028 quidem
941 3950 1143 4008 fratres
1171 3951 1298 4026 ejus
1324 3949 1386 4007 in
1414 3969 1544 4008 eum
1568 3948 1970 4024 crediderint,''
1994 3951 2065 4007 de
2086 3949 2484 4007 remotioribus
2514 3971 2754 4007 consan—

337 4030 564 4109 guineis
593 4039 682 4089 est
709 4028 1166 4105 intelligendum.

417 4111 667 4169 XXIV.
713 4112 768 4167 3.
814 4108 936 4166 Nec
962 4108 1170 4166 melius
1197 4106 1489 4182 colligitur
1509 4128 1584 4164 ex
1606 4126 1692 4182 e0,
1718 4105 1873 4183 quod
1894 4107 1937 4164 J
1940 4107 2190 4183 osephus
2212 4106 2421 4164 dicitur
2452 4107 2751 4165 “Mariam

335 4212 451 4250 non
481 4189 841 4268 cognovisse,
875 4187 1057 4245 donec
1078 4186 1393 4263 peperisset
1411 4187 1626 4244 Filium
1650 4206 1814 4243 suum
1836 4185 2339 4261 primogenitum,’'
2366 4186 2575 4244 Matth.
2596 4187 2634 4243 i.
2655 4191 2751 4246 25.

339 4271 488 4345 Quia
514 4268 811 4348 particulae
840 4270 1014 4326 donec
1041 4276 1094 4324 et
1119 4286 1304 4341 usque,
1350 4265 1426 4322 ad
1453 4265 1803 4340 praeteritum
1833 4283 1984 4341 saepe
2014 4274 2236 4322 tantum
2264 4264 2603 4339 reseruntur,
2636 4285 2753 4323 non

337 4350 413 4407 ad
466 4350 739 4422 futurum,
783 4348 881 4414 id„
913 4347 995 4405 ita
1042 4345 1373 4422 praecedens
1413 4353 1642 4419 tempus
1680 4352 2009 4417 connotant,
2059 4343 2129 4401 de
2176 4363 2291 4419 quo
2337 4343 2575 4401 dubium
2625 4365 2751 4404 esse

334 4437 576 4505 poterat,
608 4429 705 4487 vel
733 4427 890 4505 quod
916 4425 1168 4483 maxime
1199 4424 1342 4482 scire
1373 4424 1662 4495 intererat,
1707 4429 1772 4480 ut
1808 4420 2061 4480 futurum
2091 4443 2208 4480 non
2238 4422 2580 4499 respiciant:
2624 4423 2752 4482 loca

339 4514 474 4565 sunt
501 4507 678 4581 varia,
710 4508 858 4565 Gen.
889 4505 1097 4563 xxviii.
1138 4505 1230 4578 15,
1263 4503 1418 4561 Psal.
1466 4501 1665 4559 cxxiii.
1698 4505 1752 4575 2,
1805 4509 1863 4558 et
1907 4521 1999 4559 cx.
2049 4504 2099 4575 1,
2145 4501 2356 4559 Matth.
2405 4502 2610 4559 xxviii.
2652 4506 2747 4578 20,

338 4584 447 4643 Sco.
512 4584 605 4644 Ita
633 4585 954 4644 ostenditur
980 4583 1213 4661 quidem
1242 4582 1386 4658 quid
1405 4589 1538 4639 ante
1565 4580 1927 4638 nativitatem
1951 4581 2165 4639 Christi
2193 4601 2227 4639 a
2255 4582 2299 4639 J
2302 4580 2514 4657 osepho
2537 4581 2750 4641 factum

337 4664 525 4741 fuerit,
558 4664 776 4723 scilicet
804 4665 961 4741 quod
988 4662 1330 4722 abstinuerit
1357 4660 1431 4718 ab
1454 4680 1554 4735 ea;
1600 4659 1703 4717 sed
1732 4679 1847 4717 non
1876 4660 2133 4719 innuitur
2160 4661 2273 4719 alio
2303 4660 2473 4718 modo
2503 4680 2564 4718 se
2594 4682 2746 4720 com-
