3221 5200
537 350 651 407 106
1419 362 1604 404 Locus
1633 361 1994 404 monemus
2481 341 2740 426 [01111181.
2772 364 2946 408 xvm.

534 509 810 565 honestas
837 503 1085 581 nuptiae,
1119 501 1226 562 sub
1254 521 1370 581 quo
1400 503 1715 564 includitur
1740 505 1926 582 primo
1954 504 2311 562 Adulterium
2337 505 2566 582 proprie
2595 506 2677 566 ita
2704 505 2941 581 dictum,

533 586 692 665 quod
735 594 823 645 est
864 585 1039 644 alieni
1076 584 1227 642 thori
1260 584 1504 659 violatio,
1551 585 1675 643 sive
1715 586 1895 643 altera
1922 604 2168 661 persona
2206 585 2281 643 sit
2311 584 2514 660 soluta,
2548 586 2673 644 sive
2701 596 2944 664 utraque

535 668 863 744 conjugata,
887 664 1176 742 quomodo
1214 664 1541 741 duplicatur
1577 665 1941 738 adulterium,
1972 684 2075 741 per
2101 664 2349 742 duplicis
2376 665 2530 724 thori
2550 666 2942 725 violationem.

642 791 884 839 scortatio
1059 748 1115 802 2.
1158 745 1441 803 Scortatio
1488 745 1763 822 quaelibet
1804 753 1863 803 et
1910 745 2210 803 fornicatio
2261 744 2508 821 simplex
2558 746 2761 805 solutae
2810 766 2942 804 cum

887 824 899 837 ⁸
1057 824 1262 899 soluta,
1294 844 1440 901 quae,
1471 834 1536 883 ut
1563 825 1637 882 ab
1668 824 1933 883 Ethnicis
1975 825 2303 902 cognitione
2333 825 2444 882 Dei
2486 825 2780 884 destitutis
2819 826 2942 902 ple·

532 925 757 982 runque
794 923 899 982 pro
926 923 987 962 re
1025 903 1233 979 media,
1275 912 1377 963 aut
1413 905 1735 963 leviuscula
1772 904 1942 981 culpa
1977 904 2177 982 habita
2216 904 2308 980 811,
2348 913 2415 963 111
2450 913 2510 964 61
2537 925 2573 963 a
2601 905 2940 982 Pontificiis,

536 1004 808 1063 expresse
837 993 1031 1042 tamen
1056 985 1273 1060 passim
1300 994 1577 1060 tanquam
1605 1004 1786 1062 grave
1827 993 2127 1061 peccatum
2154 983 2460 1043 damnatur
2487 994 2603 1043 tam
2632 985 2693 1042 in
2721 986 2941 1060 Veteri,

536 1086 710 1143 quam
751 1065 922 1122 Novo
944 1062 1342 1140 Testament03
1390 1065 1703 1124 Deuteron.
1736 1065 1882 1122 xxii.
1914 1067 2008 1140 28,
2041 1072 2100 1123 et
2139 1065 2305 1123 xxiii.
2342 1068 2433 1139 17,
2463 1067 2576 1135 18;
2623 1069 2652 1123 1
2681 1065 2941 1124 Corinth.

534 1146 616 1204 vi.
651 1147 762 1217 18;
810 1143 963 1202 Η61).
993 1144 1117 1203 xiii.
1149 1147 1225 1220 4;
1268 1144 1514 1221 Apocal.
1555 1145 1678 1201 xxi.
1711 1146 1767 1203 8.
1851 1144 2173 1222 Apostolus
2211 1145 2556 1221 gravitatem
2596 1145 2721 1222 ejus
2758 1154 2940 1221 notat,

538 1228 569 1284 1
598 1225 814 1284 Corint.
833 1223 932 1297 vi.,
963 1224 1100 1301 quia
1127 1225 1226 1300 qui
1257 1232 1540 1283 scortatur
1565 1224 1703 1283 facit
1731 1244 1939 1301 corpus
1961 1245 2129 1283 suum
2150 1245 2330 1284 unum
2359 1245 2490 1283 cum
2513 1232 2719 1299 scort0,
2740 1234 2944 1301 peccat

535 1305 596 1363 in
626 1324 832 1382 corpus
861 1323 1045 1378 suum,
1066 1304 1329 1381 profanat
1346 1304 1651 1381 Templum
1683 1304 1948 1381 Spiritus,
1979 1313 2038 1362 et
2057 1324 2200 1363 vasa
2228 1304 2428 1382 gratiae
2455 1304 2681 1381 polluit.
2768 1304 2943 1364 Unde

536 1386 832 1462 colligitur
857 1392 1073 1460 quanto
1103 1384 1339 1442 crimine
1370 1404 1431 1443 se
1460 1385 1780 1459 involvant,
1812 1385 1913 1460 qui
1939 1385 2313 1461 lupanaribus
2341 1384 2590 1460 publicis
2619 1393 2818 1443 contra
2839 1387 2942 1461 jus

535 1474 594 1525 et
620 1466 710 1525 fas
736 1463 1181 1542 patrocinantur,
1211 1472 1278 1523 ut
1304 1464 1370 1523 fit
1396 1465 1458 1524 in
1488 1465 1730 1542 Papatu,
1775 1465 1875 1523 ubi
1906 1464 2236 1523 Prostibula
2263 1473 2323 1523 61
2351 1465 2678 1541 Lupanaria
2710 1465 2941 1542 publice

535 1546 869 1619 tolerantur,
913 1544 1030 1602 imo
1059 1551 1117 1603 et
1144 1544 1453 1621 vectigalia
1494 1552 1553 1603 et
1593 1545 1810 1603 tributa
1850 1565 1926 1602 ex
1967 1545 2039 1603 iis
2080 1552 2388 1621 petuntur;
2431 1545 2570 1603 licet
2599 1545 2760 1604 Deus
2802 1545 2941 1603 olim

533 1625 858 1685 mercedem
887 1623 1078 1699 scorti,
1109 1632 1168 1683 et
1194 1625 1442 1701 pretium
1471 1625 1631 1683 canis
1659 1625 1719 1682 in
1730 1625 2034 1701 Templum
2063 1624 2258 1684 inferri
2278 1624 2545 1700 vetuerit,
2573 1625 2747 1683 Deut.
2770 1625 2940 1684 xxiii.

539 1710 642 1782 18;
688 1707 760 1765 de
789 1724 904 1783 quo
932 1704 1191 1782 queritur
1217 1707 1568 1782 Espensaeus,
1599 1705 1702 1763 lib.
1733 1708 1788 1779 3,
1821 1705 1893 1763 de
1922 1704 2096 1764 conti.
2126 1726 2175 1763 6.
2205 1708 2262 1780 4,
2307 1704 2437 1762 61118
2479 1704 2749 1764 infamem
2789 1705 2941 1764 hanc

535 1808 767 1846 causam
795 1785 1311 1863 propugnantibuS‚
1333 1794 1398 1844 ut
1414 1787 1731 1844 Emanuele
1747 1786 1847 1860 Sa,
1877 1787 2082 1860 Tolet0,
2104 1793 2162 1843 et
2179 1784 2355 1844 variis
2379 1784 2659 1843 Casuistis
2688 1805 2762 1842 ex
2787 1785 2940 1843 Pon—

534 1868 767 1948 tificiis:
813 1865 1202 1924 Bellarminus
1247 1865 1460 1924 fatetur
1498 1865 1822 1943 prostibula
1858 1885 1985 1924 6886
2019 1865 2170 1923 mala
2206 1864 2531 1923 necessaria
2572 1864 2648 1922 ad
2680 1864 2945 1924 cavenda

533 1949 789 2025 majora;
823 1945 925 2004 sed
951 1945 1047 2002 hic
1076 1945 1337 2003 obtinere
1365 1945 1538 2004 debet
1565 1945 1769 2022 regula
1797 1945 2085 2022 Apostoli,
2116 1964 2234 2003 non
2262 1964 2388 2003 6886
2415 1942 2679 2003 facienda
2705 1945 2859 2003 mala
2878 1953 2945 2004 ut

531 2027 805 2087 eveniant
842 2025 1011 2084 bona.
1098 2023 1220 2082 Nec
1259 2024 1308 2082 si
1346 2024 1406 2082 in
1435 2025 1511 2084 V.
1552 2025 1620 2083 T.
1660 2025 1837 2083 fuisse
1876 2025 2146 2083 dicuntur
2188 2024 2533 2099 meretrices,
2573 2033 2640 2084 ut
2682 2033 2942 2101 tempore

535 2107 998 2166 Patriarcharum
1027 2111 1086 2162 61
1118 2104 1459 2179 salomonia,
1499 2105 1633 2163 ideo
1661 2106 2053 2182 approbantur
2078 2105 2173 2163 vel
2203 2104 2278 2163 ad
2325 2105 2704 2164 imitationem
2731 2124 2940 2183 propo·

531 2196 764 2246 nuntur.
852 2184 1201 2261 Exemplum
1233 2184 1559 2243 Salomonis
1585 2185 1850 2264 plurimis
1889 2185 2229 2244 libidinibus
2257 2184 2441 2243 dediti
2468 2205 2585 2243 non
2614 2194 2702 2244 est
2730 2205 2940 2261 urgen-

532 2268 688 2342 dum,
719 2274 786 2326 ut
811 2266 1087 2325 vitiosum
1111 2287 1125 2341 ;
1172 2264 1274 2323 sed
1311 2265 1626 2325 imitandus
1654 2265 1813 2325 zelus
1841 2265 1885 2325 J
1888 2265 2024 2324 osiae
2053 2264 2416 2324 reformantis
2458 2265 2678 2325 cultum
2708 2265 2837 2340 Dei,
2884 2274 2944 2326 et

529 2347 848 2424 praesertim
888 2344 1188 2421 lupanaria
1228 2345 1595 2420 destruentis,
1629 2350 1664 2405 2
1698 2346 1845 2424 Reg.
1875 2345 2042 2404 xxiii.
2075 2350 2129 2421 7,
2161 2354 2220 2404 61
2249 2344 2536 2403 Ludovici
2566 2345 2705 2423 IX.,
2742 2345 2943 2405 Sancti

529 2427 688 2504 dicti,
720 2426 822 2504 qui
852 2426 1059 2502 Regno
1088 2444 1194 2483 suo
1220 2425 1531 2485 histriones
1560 2426 1801 2503 expulit,
1833 2433 1892 2485 et
1917 2425 2217 2503 lupanaria
2244 2424 2550 2485 destruxit.

1136 2504 1258 2562 III.
1317 2504 1531 2579 Terti0,
1555 2508 1820 2581 Incestus,
1842 2506 1940 2584 qui
1986 2505 2311 2564 admittitur
2346 2526 2479 2564 611111
2516 2505 2777 2583 personis
2806 2526 2943 2564 con-

1052 2583 1442 2660 sanguinitate
1486 2585 1583 2644 vel
1631 2585 1906 2645 affinitate
1946 2586 2184 2664 junctis,
2238 2585 2287 2644 si
2331 2585 2546 2663 gradus
2595 2586 2655 2644 in
2696 2594 2943 2664 utroque

529 2663 976 2744 propinquitatis
1005 2683 1215 2740 genere
1244 2664 1534 2741 prohibiti,
1566 2685 1642 2724 ex
1672 2666 1785 2724 Dei
1812 2667 1959 2742 lege,
1990 2687 2108 2724 non
2147 2666 2445 2724 hominum
2483 2667 2711 2743 placitis
2739 2666 2942 2725 defini-

671 2790 747 2835 Ra
780 2792 858 2833 tus
1052 2751 1239 2801 antur.
1323 2747 1379 2801 4.
1410 2746 1654 2821 Raptus,
1674 2765 1853 2821 quum
1874 2747 2068 2823 puella
2089 2767 2120 2805 6
2140 2746 2310 2804 domo
2332 2747 2512 2823 patris
2539 2746 2616 2805 ad
2640 2746 2942 2805 libidinem

749 2805 778 2847 Ρ
865 2819 878 2833 ’
1049 2822 1113 2879 vi
1140 2822 1506 2899 abstrahitur,
1528 2825 1652 2883 sive
1679 2825 1959 2885 renitatur
1978 2826 2173 2903 puella
2189 2825 2395 2903 raptui,
2418 2827 2541 2886 sive
2559 2826 2905 2885 assentiatur
2925 2849 2941 2904 3

1050 2910 1175 2961 tum
1204 2903 1355 2960 enim
1387 2904 1591 2963 saltem
1624 2905 1783 2963 Patri
1810 2906 1903 2965 vis
1947 2906 2029 2981 fit,
2070 2905 2163 2964 cui
2190 2906 2376 2965 invito
2418 2926 2510 2965 res
2539 2926 2643 2965 sua
2684 2906 2941 2983 eripitur.

1052 2985 1109 3041 5.
1142 2983 1566 3060 Concubz'natus,
1597 3005 1777 3062 quum
1805 2986 1936 3062 quis
1966 2986 2290 3045 consuescit
2333 3006 2465 3046 611111
2493 2986 2728 3044 foemina
2767 3005 2943 3064 quam

528 3063 687 3122 domi
713 3063 905 3138 habet,
937 3082 1051 3121 non
1080 3063 1272 3123 mariti
1300 3063 1525 3141 affectu,
1558 3066 1663 3124 sed
1704 3065 2137 3125 consuetudinis
2165 3073 2389 3124 tantum
2434 3085 2623 3141 causa,
2653 3087 2782 3144 quae
2810 3086 2941 3144 pro-

528 3144 661 3204 inde
692 3144 905 3204 dimitti
933 3153 1140 3222 potest,
1172 3152 1238 3203 111
1264 3152 1323 3204 61
1349 3144 1455 3203 filii
1481 3146 1727 3224 legitimi
1757 3166 1872 3206 non
1902 3153 2208 3204 censentur
2234 3166 2341 3205 nec
2370 3145 2645 3220 haeredes,
2675 3146 2813 3222 quia
2853 3155 2945 3206 681

529 3225 753 3302 species
782 3225 1163 3300 scortationis,
1195 3225 1310 3284 imo
1339 3225 1502 3285 addit
1528 3226 1749 3303 aliquid
1778 3226 2032 3304 gravius,
2064 3225 2336 3284 scortatio
2365 3226 2518 3284 enim
2547 3225 2689 3283 dicit
2717 3234 2943 3284 tantum

527 3314 721 3364 actum
749 3314 1159 3378 transeuntem,
1191 3305 1294 3363 sed
1322 3306 1739 3365 concubinatus
1767 3306 1930 3365 addit
1956 3306 2406 3383 permanentiam
2435 3313 2493 3363 et
2520 3312 2750 3363 statum.
2783 3305 2944 3363 Hinc

529 3385 740 3460 Apost,
774 3384 927 3441 Heb.
960 3383 1083 3441 xiii.
1114 3386 1169 3455 4,
1201 3384 1590 3444 immediatam
1620 3384 1757 3444 facit
1784 3385 2117 3444 antithesim
2159 3385 2308 3443 inter
2335 3383 2670 3460 conjugium
2698 3392 2757 3441 61
2785 3402 2941 3441 8601-

525 3463 820 3535 tationem,
852 3462 988 3537 quia
1015 3462 1202 3519 omnis
1229 3464 1569 3522 concubitus
1597 3473 1764 3522 extra
1788 3465 2112 3541 legitimum
2140 3464 2565 3524 matrimonium
2606 3471 2695 3521 est
2724 3473 2942 3523 scorta·

527 3542 631 3599 tio.
715 3540 994 3613 Quamvis
1021 3560 1161 3598 vero
1189 3541 1502 3601 obtinuerit
1530 3544 1639 3601 sub
1667 3544 1804 3603 Vet.
1835 3545 1991 3604 Test.
2023 3545 2173 3603 inter
2201 3544 2584 3620 Patriarchas,
2613 3562 2730 3601 non
2771 3564 2942 3622 prop·

529 3629 689 3678 terea
713 3619 1007 3678 honestari
1035 3628 1241 3696 potest,
1272 3621 1367 3679 vel
1396 3623 1472 3680 ad
1500 3622 1877 3682 imitationem
1904 3624 2075 3699 trahi,
2105 3625 2244 3702 quia
2268 3625 2489 3701 regulis
2516 3638 2632 3683 no'n
2659 3625 2945 3701 exemplis

530 3700 766 3775 vivitur,
799 3719 905 3758 nec
933 3699 1192 3759 defectus
1220 3708 1279 3759 et
1325 3702 1478 3759 naevi
1520 3711 1867 3778 sanctorum,
1898 3705 1999 3782 qui
2038 3704 2364 3763 referuntur
2407 3724 2443 3761 a
2480 3704 2657 3763 sacris
2688 3703 2941 3782 Scripto-

529 3782 706 3856 ribus,
740 3800 808 3839 eo
857 3779 983 3857 ipso
1026 3780 1378 3857 probantur3
1439 3801 1545 3841 nec
1591 3783 1642 3840 si
1683 3783 1743 3841 in
1784 3784 1828 3843 J
1832 3803 1931 3843 ure
1979 3783 2269 3842 Canonico
2298 3793 2627 3862 excusatur,
2672 3784 2945 3843 continuo

528 3862 573 3923 J
577 3882 677 3921 ure
707 3860 906 3920 divino
935 3860 1201 3920 excusari
1228 3868 1437 3938 potest.

1136 3940 1247 4000 IV.
1293 3944 1349 4001 6.
1378 3943 1680 4000 Peccatum
1707 3952 1907 4001 contra
1934 3953 2220 4019 naturam,
2252 3951 2311 4002 61
2346 3942 2597 4002 nefanda
2625 3943 2727 4001 illa
2753 3943 2941 4002 crimi-

1049 4041 1141 4096 na,
1172 4042 1302 4098 quae
1348 4021 1622 4080 sodomiae
1651 4031 1710 4081 et
1756 4023 2124 4082 bestialitatis
2172 4023 2405 4082 nomine
2447 4023 2635 4081 solent
2677 4023 2939 4100 exprimi,

1050 4121 1294 4178 quorum
1322 4102 1388 4160 fit
1429 4102 1645 4161 mentio
1675 4103 1818 4161 Lev.
1849 4123 1950 4160 xx.
1988 4106 2078 4177 13,
2112 4104 2281 4162 Rom.
2311 4103 2350 4161 i.
2381 4107 2477 4171 27,
2521 4122 2651 4180 quae
2692 4122 2765 4160 ne
2794 4103 2945 4161 inter

531 4183 889 4241 Christianos
917 4180 1151 4259 quidem
1178 4181 1531 4249 nominanda
1558 4190 1769 4255 essent,
1800 4182 1938 4241 licet
1963 4182 2095 4260 plus
2116 4183 2289 4241 nimis
2316 4182 2490 4241 hodie
2512 4182 2690 4241 variis
2718 4183 2778 4239 in
2800 4181 2944 4240 locis

527 4263 590 4320 in
618 4262 984 4342 opprobrium
1016 4260 1265 4320 nominis
1295 4262 1603 4320 Christiani
1634 4262 1950 4320 obtineant.

1134 4341 1211 4399 V.
1273 4345 1328 4399 7.
1358 4342 1628 4399 Luxuria
1671 4342 1848 4399 omnis
1892 4342 2192 4417 impudica,
2223 4350 2343 4400 tam
2381 4361 2511 4418 quae
2540 4341 2599 4399 in
2630 4339 2801 4400 corde
2841 4360 2947 4417 per

1053 4420 1236 4478 malas
1273 4420 1653 4497 cogitationes
1695 4429 1753 4479 et
1794 4422 2318 4497 concupiscentiam
2360 4423 2722 4480 inhonestam
2751 4420 2945 4477 locum

529 4498 721 4571 habet,
754 4499 1083 4559 damnatam
1112 4521 1146 4558 a
1175 4499 1404 4559 Christo
1455 4501 1626 4559 Matt.
1655 4519 1713 4559 V.
1744 4501 1840 4574 28,
1871 4520 2044 4576 quam
2093 4521 2222 4576 quoe
2271 4520 2375 4578 per
2402 4519 2694 4560 sermones
2721 4499 2945 4557 0118616-

528 4596 653 4650 1108,
686 4585 744 4635 61
771 4587 971 4654 gestus
1000 4578 1320 4657 impudicos
1361 4599 1487 4639 sese
1515 4579 1720 4639 exerit.
1808 4579 1929 4638 Sub
1970 4600 2086 4657 qua
2130 4580 2412 4640 contineri
2455 4600 2571 4639 non
2613 4578 2946 4638 dubitamus

527 4656 721 4716 fucum
767 4656 950 4732 faciei,
982 4667 1040 4716 et
1083 4659 1316 4717 mollem
1360 4678 1428 4717 ac
1473 4660 1753 4718 lascivum
1800 4660 2056 4737 corporis
2097 4660 2337 4733 cultum,
2370 4680 2498 4718 cum
2546 4659 2620 4716 ab
2648 4658 2844 4716 animo
2885 4658 2947 4715 in

655 2553 892 2598 Incestus.

588 2949 963 2995 Concubinatus·

528 3996 788 4044 Peccatum
837 3999 1010 4042 contra

646 4062 889 4101 naturam.

657 4388 893 4432 Luxuria.
