3221 5200
302 342 521 395 Quaes‘r.
556 320 669 401 11.]
1177 344 1255 383 ns
1285 344 1535 384 sennenn
1564 345 1823 386 nnn-12..
2612 333 2728 389 227

670 408 681 429 ,
1108 405 1115 414 .

1245 564 1634 640 QUAEs'rio
1679 565 1798 624 XI.

1212 742 1291 782 m:
1333 743 1512 783 Lumo
1556 743 1815 784 PATRUM.

301 887 395 945 An
423 888 627 944 Patres
666 887 784 943 Vet.
819 884 1157 943 Testamenti
1179 893 1314 959 post
1351 884 1556 942 obitum
1591 885 1780 942 statim
1807 885 2017 959 recepti
2038 885 2261 961 ficet-int
2292 889 2487 961 quoad
2509 888 2730 945 animas

381 968 438 1024 in
471 967 681 1025 Coelum
703 967 732 1023 ,²
812 964 907 1022 An
931 983 1064 1022 vero
1108 964 1166 1021 in
1209 964 1466 1023 Limbum
1495 964 1712 1023 deti-tasi
1728 967 1755 1021 ἕ
1840 964 2009 1023 Prius
2056 962 2301 1041 Affirm.,
2352 965 2510 1025 Post.
2557 966 2726 1044 Neg.,

384 1057 584 1106 contra
613 1043 967 1104 Pontificios.

876 1203 924 1260 Ι.
972 1201 1227 1276 Quaestio
1255 1203 1380 1261 haec
1410 1202 1595 1262 Nobis
1624 1202 1929 1262 intercedit
1969 1221 2100 1261 cum
2131 1202 2469 1279 Pontificiis,
2521 1206 2621 1282 qui
2662 1214 2729 1266 ut

790 1280 1019 1341 facilius
1047 1291 1317 1342 tueantur
1344 1282 1713 1360 hypothesim
1743 1302 1906 1342 suam
1936 1282 2007 1341 de
2036 1282 2465 1360 imperfectione
2495 1285 2730 1345 Veteris

788 1362 1162 1437 Testamenti,
1212 1361 1562 1440 pertendunt
1591 1362 1810 1438 Patres,
1864 1363 1965 1440 qui
2009 1363 2118 1421 sub
2160 1362 2261 1422 illo
2289 1363 2580 1439 vixerunt,
2611 1385 2731 1424 non

306 1441 590 1501 admissos
618 1439 796 1500 fuisse
826 1442 1022 1502 statim
1050 1442 1112 1499 in
1154 1442 1411 1517 Coelnm;
1473 1442 1577 1501 sed
1606 1442 1871 1501 detentos
1901 1442 1960 1500 in
1988 1443 2186 1501 Limbo
2214 1463 2397 1520 usque
2426 1444 2502 1502 ad
2529 1465 2729 1504 ascen-

306 1522 526 1582 sionem
583 1520 817 1580 Christi.
939 1521 1127 1580 Limbi
1177 1530 1370 1581 autem
1425 1523 1657 1581 nomine
1721 1521 2058 1600 intelligunt
2114 1524 2466 1600 superiorem
2521 1525 2729 1584 inferni

304 1610 544 1679 partem,
569 1608 628 1659 et
665 1600 848 1661 veluti
877 1602 1316 1678 extremitatem,
1349 1601 1523 1661 ducta
1551 1603 1888 1679 metaphora
1923 1623 1959 1661 a
1985 1612 2165 1678 veste,
2198 1603 2366 1680 cujus
2393 1606 2731 1663 extremitas

307 1700 411 1818 Ἐξ
438 1680 631 1818 fagei}
662 1700 792 1758 quae
833 1682 1263 1760 ambit.partem
1312 1690 1647 1756 extremam,
1680 1690 1922 1741 vocatur
1963 1683 2173 1757 limbus,
2220 1691 2287 1741 ut
2334 1684 2488 1760 apud
2517 1684 2729 1760 Virgil.

397 1781 491 1819 nei
534 1803 549 1818 .
620 1804 653 1836 .,

350 1271 519 1318 Status
564 1270 731 1320 Quaes-

433 1328 595 1374 tionis.

803 1920 1097 1979 Sidoniam
1114 1920 1270 1997 picto
1298 1921 1645 1996 chlamydem
1685 1921 2034 1980 circumdata
2063 1920 2244 1980 limbo.

389 2081 472 2140 II.
521 2078 810 2138 Pontificii
838 2079 1273 2157 quadruplicem
1303 2078 1521 2138 faciunt
1549 2079 1831 2154 infimum
1847 2103 1871 2152 ,·
1930 2081 2190 2138 Primum
2217 2079 2519 2157 assignant
2546 2098 2732 2158 poenas

309 2169 536 2220 aeternae
585 2158 783 2218 damni
827 2168 887 2218 et
935 2179 1139 2218 sensus
1187 2158 1511 2236 impiorum,
1541 2159 1644 2236 qui
1682 2160 1803 2218 κατ’
1849 2160 2013 2236 ἰξοχὸυ
2040 2160 2297 2218 infernus
2337 2160 2456 2219 illis
2504 2159 2732 2220 dicitur.

305 2242 621 2300 Secundum
669 2238 888 2297 faciunt
934 2259 1122 2316 poenae
1162 2239 1497 2315 temporalis
1538 2238 1734 2297 damni
1762 2247 1822 2298 et
1850 2258 2070 2313 sensus,
2115 2259 2286 2317 quem
2327 2240 2735 2317 Paryatom'um

305 2330 534 2381 vocant.
642 2317 887 2376 Duobus
935 2318 1066 2376 aliis
1114 2338 1416 2376 commune
1463 2338 1676 2377 nomen
1718 2318 1912 2378 Limbi
1960 2319 2392 2396 imposuerunt;
2457 2327 2734 2378 aeternum

307 2401 551 2462 alterum
580 2405 846 2458 asserunt
874 2396 949 2455 ad
977 2417 1205 2474 poenam
1235 2417 1450 2455 meram
1489 2397 1702 2473 damni,
1733 2418 1838 2476 pro
1879 2397 2197 2458 infantibus
2224 2407 2355 2458 ante
2384 2399 2735 2477 baptismum

305 2480 702 2551 morientibuS‚
727 2497 899 2555 quem
922 2477 1179 2536 Lz‘mbum
1207 2478 1482 2552 infantum
1504 2477 1721 2553 dicunt,
1746 2479 1989 2537 alterum
2011 2479 2088 2536 ad
2103 2498 2333 2556 poenam
2361 2479 2736 2556 temporalem

307 2561 519 2637 damni,
550 2580 655 2638 pro
686 2556 958 2617 Patribus
985 2557 1227 2617 mortuis
1255 2565 1388 2617 ante
1408 2558 1622 2617 Christi
1641 2568 1901 2635 mortem,
1925 2559 2068 2637 ipsis
2096 2558 2314 2620 dictum
2342 2560 2601 2619 Limbum
2618 2560 2735 2620 Pa-

309 2652 475 2701 trum.
542 2641 639 2701 Sic
658 2637 1011 2716 Altenstaig.
1042 2638 1118 2697 ad
1138 2639 1288 2698 hanc
1316 2659 1519 2698 vocem
1552 2638 1861 2716 “Limbus,
1883 2639 2199 2700 secundum
2235 2641 2574 2715 Gersonem,
2598 2660 2656 2718 p.
2677 2645 2734 2717 2,

308 2722 370 2780 in
398 2741 598 2799 expos.
629 2722 684 2795 5,
716 2719 876 2778 artic.
900 2718 1054 2795 fidei,
1091 2728 1180 2777 est
1205 2739 1340 2797 pars
1358 2719 1620 2798 superior
1639 2718 1865 2795 inferni,
1891 2740 2007 2799 qua
2026 2720 2432 2781 detinebantur
2453 2720 2739 2797 salvandi,

306 2819 608 2879 quousque
657 2799 916 2858 debitum
943 2799 1113 2877 primi
1144 2799 1407 2860 Parentis
1447 2820 1552 2879 per
1591 2808 1833 2859 mortem
1879 2800 2095 2860 Christi
2122 2800 2501 2861 solveretur.'’
2585 2801 2743 2861 Vide

311 2881 458 2939 Tho.
487 2880 550 2937 in
578 2883 634 2953 4,
666 2887 811 2938 sent.
842 2878 977 2937 dist.
1007 2882 1104 2954 45,
1134 2899 1191 2957 q.
1212 2882 1269 2937 2.
1299 2889 1405 2940 art.
1436 2884 1492 2954 2,
1523 2879 1599 2937 ad
1628 2883 1684 2938 2.
1731 2880 1881 2939 Bell.
1913 2881 2079 2939 Cont.
2110 2884 2167 2939 2.
2196 2881 2297 2939 lib.
2327 2882 2407 2940 iv.
2437 2901 2488 2939 c.
2523 2882 2616 2939 11.

395 2959 516 3016 111.
561 2956 886 3016 Orthodoxi
914 2966 1131 3030 contra,
1179 2958 1384 3017 Patres
1434 2958 1629 3018 statim
1655 2966 1790 3035 post
1816 2959 2038 3018 obitum
2065 2959 2127 3017 in
2156 2960 2365 3019 coelum
2395 2959 2589 3036 quoad
2615 2959 2739 3019 ani-

313 3055 440 3095 mas
468 3035 750 3094 admissos
796 3042 1078 3109 asserunt,
1108 3035 1211 3094 ubi
1237 3035 1505 3096 fruuntur
1531 3036 1824 3111 felicitate,
1855 3044 1915 3095 et
1942 3046 2140 3096 carent
2164 3046 2411 3115 utroque
2438 3057 2741 3115 poenarum

314 3134 545 3194 genere,
575 3122 701 3172 tum
729 3112 940 3187 damni,
973 3121 1097 3172 tum
1120 3132 1340 3172 sensus.

318 3233 578 3339 mee·
596 3234 768 3317 eoem
801 3190 1761 3330 ..23201323353512222125‘3223’
1784 3190 2747 3352 Qutfzzfflaffsssffiffi

230 3360 233 3365 ’
311 3351 355 3398 1.
397 3305 736 3436 Εκωῖοιῖῑὲᾥδ
803 3350 907 3410 sed
931 3290 1191 3429 (postulat
1231 3357 1298 3409 ut
1338 3350 1398 3408 in
1448 3314 1674 3408 coel’um
1710 3289 1950 3409 agmissi
1977 3350 2110 3411 sint.
2195 3352 2340 3411 Cum
2379 3352 2534 3412 enim
2584 3353 2746 3414 Deus

446 3411 669 3465 ‘⁰²⁶⁰m’
803 3430 1132 3509 promiserit
1160 3449 1222 3489 se
1251 3429 1371 3490 fore
1415 3429 1605 3489 Deum
1635 3430 1907 3508 ipsorum,
1957 3450 2075 3489 non
2102 3431 2177 3490 ad
2225 3439 2453 3510 tempus
2499 3441 2743 3511 tantum,

316 3510 420 3571 sed
447 3509 509 3568 in
536 3516 853 3586 aeternum;
898 3531 1005 3570 nec
1034 3510 1110 3570 sit
1160 3510 1322 3571 Deus
1349 3518 1706 3569 mortuorum
1758 3509 1859 3570 sed
1887 3511 2226 3588 viventium,
2257 3532 2494 3574 necesse
2543 3521 2633 3574 est
2678 3524 2747 3577 ut

319 3590 524 3649 Patres
551 3590 724 3650 etiam
752 3597 886 3671 post
912 3598 1156 3650 mortem
1184 3590 1374 3650 adhuc
1402 3590 1610 3649 vivant
1657 3589 1852 3669 aliqua
1879 3592 2083 3651 saltem
2112 3593 2204 3653 sui
2231 3601 2410 3671 parte,
2441 3594 2521 3653 id.
2552 3596 2747 3672 quoad

318 3671 586 3746 animam,
616 3690 733 3730 non
762 3671 1148 3748 qualicunque
1178 3671 1316 3747 vita,
1349 3671 1452 3730 sed
1477 3671 1651 3729 beata
1677 3680 1736 3731 et
1764 3671 2003 3748 coelesti,
2034 3693 2165 3751 quae
2193 3675 2518 3734 necessario
2547 3674 2610 3733 in
2634 3675 2746 3735 hac

316 3750 693 3828 promissione
722 3750 1053 3826 includitur,
1085 3758 1152 3810 ut
1188 3758 1357 3810 antea
1398 3751 1703 3828 probatum
1740 3751 1867 3829 fuit,
1921 3752 1989 3827 Q.
2020 3757 2076 3812 2.
2148 3754 2318 3829 Quod
2347 3755 2613 3814 Christus
2641 3774 2742 3813 ex·

320 3848 516 3906 presse
544 3830 737 3905 tradit,
791 3830 932 3890 Luc.
979 3851 1082 3889 xx.
1135 3832 1232 3906 38,
1286 3850 1464 3907 quum
1513 3830 1759 3909 loquens
1808 3832 1882 3890 de
1929 3831 2201 3892 Patribus
2243 3834 2505 3908 mortuis,
2564 3834 2746 3899 rainu

322 3912 463 3986 ιιῦτᾷ
502 3909 638 3985 ζὸτι-ι,
683 3930 868 3969 omnes
896 3911 982 3969 illi
1024 3911 1213 3970 vivunt
1246 3910 1452 3987 inquit,
1502 3930 1621 3969 non
1647 3919 1872 3971 tantum
1923 3910 1986 3968 in
2020 3919 2211 3970 mente
2239 3919 2299 3971 et
2324 3911 2585 3988 potentia
2614 3912 2743 3988 Dei,

322 3989 462 4067 quia
487 3996 680 4066 potest
706 3990 766 4047 in
813 3990 992 4048 vitam
1022 4009 1122 4048 eos
1170 4009 1460 4065 revocare,
1508 3998 1568 4049 et
1593 3990 1706 4049 hoc
1734 4009 1939 4049 revera
1986 3988 2244 4049 facturus
2290 3999 2381 4049 est
2409 4008 2484 4049 ex
2513 3989 2746 4051 decreto

323 4089 462 4146 suo;
509 4068 612 4128 sed
639 4070 848 4149 viyunt
874 4069 1003 4147 ipsi,
1034 4070 1172 4146 quia
1190 4077 1325 4129 sunt
1352 4089 1545 4128 coram
1572 4069 1700 4147 ipso
1729 4088 1971 4145 semper,
1993 4076 2052 4127 et
2071 4069 2195 4128 vita
2213 4068 2412 4127 divina
2439 4068 2745 4148 fruuntur;

321 4170 451 4224 quae
480 4157 539 4208 et
565 4150 637 4208 ab
666 4150 786 4226 ipso
807 4157 897 4209 est
924 4158 989 4208 ut
1008 4149 1306 4227 principi0,
1328 4152 1486 4210 etad
1502 4149 1683 4226 ipsum
1701 4148 2040 4207 terminatur
2059 4155 2124 4206 ut
2146 4148 2437 4224 objectum
2466 4156 2527 4207 et
2551 4148 2744 4210 finem.

325 4229 468 4303 Quis
512 4229 728 4289 dixerit
754 4238 946 4288 autem
978 4230 1104 4288 Deo
1134 4229 1333 4288 vivere
1363 4249 1480 4304 eos,
1528 4228 1631 4306 qui
1678 4228 1738 4285 in
1785 4226 2072 4285 infernum
2121 4227 2358 4303 detrusi,
2391 4237 2589 4288 carent
2634 4229 2749 4290 Dei

322 4308 563 4385 visione,
595 4317 655 4368 et
679 4329 910 4388 poenam
940 4309 1135 4367 damni
1171 4310 1379 4369 saltem
1405 4307 1780 4386 temporalem
1809 4306 2107 4366 sentiunt?

889 4389 967 4448 V.
1014 4388 1298 4465 Secundo,
1331 4388 1481 4463 Quia
1527 4388 1775 4447 Veteres
1823 4386 2017 4446 statim
2058 4406 2093 4444 a
2136 4393 2321 4445 morte
2348 4384 2588 4446 admissi
2615 4398 2752 4451 sunt

370 4453 753 4558 ἎΕῇαξζξῖῗΡῙΟ
809 4468 870 4527 in
898 4469 1088 4528 sinum
1116 4468 1390 4545 Abrahae,
1413 4475 1480 4528 ut
1493 4473 1657 4545 patet
1681 4466 1948 4544 exemplo
1968 4465 2188 4544 Lazari,
2213 4467 2354 4525 Luc.
2376 4465 2498 4525 xvi.
2519 4470 2614 4544 22,
2636 4472 2713 4530 23
2735 4493 2751 4531 :

652 4548 663 4568 ’
814 4548 974 4627 Ergo
1002 4556 1061 4608 et
1105 4548 1166 4607 in
1194 4548 1471 4644 gaudium
1500 4547 1753 4606 coeleste.
1838 4546 1987 4606 Nam
2027 4548 2179 4605 sinus
2215 4548 2464 4605 Abrahae
2489 4567 2605 4607 non
2633 4550 2749 4611 alio

330 4623 529 4685 referri
576 4636 785 4706 potest,
836 4649 1011 4707 quam
1038 4629 1114 4687 ad
1161 4638 1343 4690 vitam
1392 4635 1682 4703 aeternam,
1714 4646 1843 4705 quse
1884 4627 2054 4688 nobis
2095 4627 2203 4688 sub
2233 4626 2501 4687 Convivii
2531 4629 2752 4708 opipari
