3221 5200
287 379 506 428 ottstsr.
537 357 652 439 ιι]
1182 379 1259 418 ns·
1289 378 1539 418 resonas
1568 378 1826 418 GnArm.
2580 369 2693 425 217

297 520 557 597 sequitur
579 519 783 578 Patres
804 518 879 577 ad
900 539 1027 578 eam
1049 519 1238 579 adhuc
1255 519 1337 578 ita
1365 519 1656 596 obligatos
1684 518 1879 594 fuisse,
1902 527 1969 578 ut
1988 521 2240 597 potuerit
2266 521 2340 580 ab
2362 522 2504 600 ipsis
2526 526 2704 603 exigi.

297 601 447 676 Quia
488 599 700 659 solutio
743 599 935 658 danda
973 599 1083 658 fuit
1121 607 1345 659 tantum
1374 619 1410 657 a
1442 601 1747 676 Sponsore,
1779 618 1815 657 a
1840 618 1957 675 quo
1999 599 2124 658 solo
2165 602 2478 678 repetenda
2510 613 2571 664 et
2602 626 2702 664 ex-

298 679 580 758 pectanda
607 678 732 754 fuit,
756 680 932 756 juxta
959 679 1251 738 decretum
1280 687 1556 738 aeternum
1586 687 1645 737 et
1673 678 1861 737 foedus
1891 678 2020 737 Dei.
2065 679 2344 754 Quamvis
2366 702 2505 742 vero
2532 704 2702 763 prop-

296 770 386 820 ter
411 760 700 833 unionem,
745 779 875 836 quae
915 759 1084 818 nobis
1124 759 1430 818 intercedit
1468 778 1601 818 cum
1632 758 1878 834 Christe,
1919 759 2057 817 dum
2087 759 2351 819 Christus
2391 782 2495 839 pro
2537 766 2706 826 nobis

299 839 594 914 satisfecit,
624 837 965 897 tantundem
992 848 1083 897 est
1110 859 1177 897 ac
1199 837 1256 897 'si
1282 846 1510 898 nosmet
1546 858 1649 916 per
1675 838 1864 915 ipsum
1893 837 2386 917 satisfecissemus,
2419 847 2454 900 2
2486 844 2616 904 Cor.
2646 867 2705 906 V.

302 921 393 995 15,
426 921 522 993 21,
553 919 744 977 minus
783 928 1048 977 accurate
1085 926 1279 977 tamen
1315 918 1517 977 fideles
1546 918 1780 977 Veteris
1808 916 2163 977 Testamenti
2202 919 2530 981 dicerentur
2557 926 2701 984 obli·

298 999 421 1076 gati
448 998 626 1058 fuisse
655 998 731 1056 ad
767 998 1110 1057 solutionem
1139 1019 1242 1075 per
1270 998 1651 1057 Mediatorem
1679 998 2063 1074 praestandam
2087 1022 2101 1073 ;
2147 999 2250 1058 sed
2279 1001 2541 1062 Christus
2569 1025 2705 1063 con-

296 1088 402 1152 tra,
446 1087 513 1137 ut
553 1078 627 1136 ab
670 1087 884 1136 aeterno
927 1078 1275 1137 constitutus
1314 1086 1681 1155 peccatorum
1716 1078 1986 1154 Sponsor,
2032 1079 2324 1156 obligatus
2352 1081 2477 1158 fuit,
2509 1092 2575 1141 ut
2601 1105 2706 1162 pro

300 1158 443 1236 ipsis
471 1178 547 1216 ex
574 1157 636 1214 vi
669 1158 1008 1235 Sponsionis
1050 1177 1169 1216 suae
1210 1158 1583 1216 satisfaceret.
1671 1158 1822 1217 Sane
1850 1158 2008 1235 quod
2034 1159 2164 1236 quis
2205 1180 2308 1236 per
2348 1162 2525 1220 alium
2554 1164 2708 1240 facit,

375 1258 405 1295 r
432 1238 685 1314 seipsum
713 1237 917 1297 fecisse
947 1237 1237 1314 putandus
1265 1246 1370 1310 est,
1416 1237 1466 1296 si
1494 1237 1717 1296 seilicet
1745 1258 1893 1311 eum,
1938 1258 2039 1315 per
2067 1257 2237 1315 quem
2266 1240 2478 1299 dicitur
2518 1263 2708 1320 agere,

300 1258 430 1376 iiico
460 1337 566 1375 suo
595 1317 908 1393 substituit,
939 1327 998 1376 et
1027 1317 1111 1374 illi
1140 1317 1545 1376 authoritatem
1575 1325 1636 1376 et
1655 1317 1809 1376 vires
1836 1317 2055 1394 aliquid
2082 1338 2186 1395 per
2206 1339 2266 1377 se
2295 1322 2509 1396 agendi
2530 1323 2708 1384 dedit.

311 1397 428 1455 Sed
471 1397 567 1455 hic
611 1416 705 1455 res
747 1397 917 1475 plane
962 1397 1129 1455 aliter
1173 1417 1233 1455 se
1279 1397 1471 1456 habet.
1557 1397 1707 1455 Nam
1748 1417 1856 1455 nec
1886 1398 2175 1456 Christum
2219 1399 2549 1461 suffecimus
2582 1403 2713 1463 loco

302 1484 516 1553 nostro,
548 1477 664 1534 imo
693 1497 800 1536 nec
828 1477 899 1536 de
928 1497 997 1536 eo
1026 1477 1410 1554 cogitavimus
1438 1477 1691 1554 quidem,
1728 1477 1832 1535 sed
1859 1477 2026 1535 nobis
2055 1480 2236 1554 gratis
2264 1479 2436 1538 datus
2464 1490 2568 1558 est,
2601 1504 2707 1543 nec

302 1558 479 1616 ullam
518 1565 861 1634 potestatem
901 1566 1002 1616 aut
1039 1558 1156 1615 vim
1196 1557 1445 1616 faciendi
1484 1577 1615 1634 quae
1662 1576 1765 1634 pro
1803 1557 1972 1616 nobis
1999 1559 2282 1635 praestitit,
2322 1560 2409 1618 illi
2438 1561 2574 1621 dare
2603 1584 2707 1641 po-

302 1637 536 1696 tuimus.
2431 1695 2436 1702 ,

386 1716 533 1774 XV.
579 1716 664 1775 Ut
705 1716 932 1776 Christo
971 1717 1262 1798 θτανθςάπρ
1291 1737 1408 1774 non
1450 1725 1540 1776 est
1579 1717 1853 1792 injurium
1884 1715 1998 1774 dici
2031 1727 2326 1792 peccatum
2360 1729 2413 1776 et
2448 1724 2710 1781 maledic-

307 1795 511 1854 tionem
541 1795 599 1852 in
626 1804 920 1873 tempore;
968 1798 1050 1855 sic
1092 1818 1208 1855 non
1250 1804 1535 1873 repugnat
1562 1796 1636 1853 ab
1665 1806 1878 1854 aeterno
1920 1796 1995 1853 ad
2022 1798 2303 1854 actualem
2349 1799 2504 1856 illius
2539 1803 2714 1860 male·

307 1875 577 1933 dictionis
617 1876 1042 1954 perpessionem
1072 1877 1132 1934 in
1159 1884 1364 1934 natura
1405 1875 1752 1934 assumenda
1779 1875 2042 1950 obligari,
2079 1876 2236 1951 quod
2264 1885 2352 1934 est
2378 1887 2599 1937 reatum
2630 1883 2692 1938 vi

311 1955 527 2014 carium
568 1955 881 2015 electorum
919 1956 979 2013 in
1021 1976 1082 2014 se
1122 1956 1428 2032 suscipere.
1536 1955 1596 2012 Si
1634 1974 1750 2012 non
1789 1954 2058 2013 dedecuit
2097 1957 2390 2015 Christum
2429 1958 2715 2018 Mediato-

310 2054 429 2092 rem
471 2044 729 2093 nostrum
769 2036 927 2111 fieri;
975 2036 1098 2094 Nee
1138 2036 1352 2113 pariter
1379 2034 1658 2092 dedecere
1700 2034 1887 2110 potuit
1920 2055 1989 2092 ea
2029 2036 2221 2092 omnia
2258 2056 2550 2112 peragere,
2588 2059 2718 2116 quae

241 2166 244 2169 ,
309 2115 454 2173 ratio
497 2115 750 2174 muneris
778 2123 837 2174 et
866 2116 1068 2174 salutis
1109 2115 1425 2189 hominum,
1454 2134 1559 2190 pro
1594 2115 1806 2191 quibus
1832 2113 1992 2172 vices
2021 2115 2126 2171 has
2155 2115 2368 2190 obibat,
2401 2117 2674 2192 exigebat
2698 2145 2712 2198 3

312 2194 434 2252 Nec
476 2195 570 2253 hic
601 2195 866 2254 Christus
909 2195 1255 2273 spectandus
1298 2202 1387 2252 est
1431 2194 1619 2271 simpl.
1650 2202 1714 2252 ut
1743 2194 1908 2268 λόγος,
1954 2192 2057 2252 sed
2084 2196 2435 2254 oeconomice
2463 2207 2530 2255 ut
2567 2200 2718 2257 θυίν-

310 2281 334 2330 0
362 2300 489 2338 υπος
517 2275 761 2334 futurus

334 2301 359 2354 e
390 2354 570 2413 XVI.
616 2356 668 2412 N
674 2375 749 2413 on
777 2355 977 2413 eadem
1007 2362 1096 2412 est
1124 2353 1269 2412 ratio
1298 2351 1690 2412 translationis
1713 2352 1891 2410 debiti
1921 2353 2233 2429 pecuniarii
2264 2354 2322 2411 in
2349 2356 2714 2436 Sponsorem,

310 2441 368 2492 et
395 2433 577 2493 debiti
603 2435 868 2512 poenalis.
955 2434 1067 2491 Illa
1107 2441 1297 2511 potest
1338 2451 1465 2490 esse
1507 2431 1774 2491 absoluta
1814 2442 1873 2491 et
1912 2433 2083 2510 plena
2124 2434 2316 2509 quoad
2358 2455 2585 2494 omnem
2628 2459 2715 2496 ra-

307 2513 521 2572 tionem
550 2514 749 2589 debiti,
782 2514 918 2591 quia
959 2534 1075 2571 non
1118 2512 1433 2573 attenditur
1459 2511 1589 2588 quis
1620 2512 1826 2587 solvat,
1873 2513 1975 2570 sed
2003 2521 2224 2572 tantum
2254 2515 2397 2591 quid
2439 2516 2715 2594 solvatur,

309 2614 424 2652 non
452 2615 713 2671 persona,
747 2593 850 2654 sed
877 2593 1139 2672 pecunia.
1229 2592 1344 2653 Sed
1371 2592 1433 2650 in
1461 2592 1855 2651 criminalibus
1883 2592 1985 2651 ubi
2026 2593 2329 2671 respicitur
2368 2616 2629 2673 persona,
2661 2611 2720 2659 et

310 2693 427 2733 non
454 2683 675 2733 tantum
705 2695 893 2752 poena,
927 2675 1205 2751 obligatio
1232 2673 1434 2750 nequit
1461 2672 1652 2749 quoad
1682 2692 1882 2731 omnes
1909 2681 2100 2750 partes
2127 2674 2425 2733 transferri
2449 2677 2505 2733 in
2534 2678 2717 2755 Spon-

311 2773 515 2828 sorem,
561 2754 663 2813 sed
704 2764 930 2814 tantum
972 2755 1164 2830 quoad
1204 2755 1474 2830 aliquam,
1519 2752 1788 2810 nimirum
1832 2753 2024 2828 quoad
2064 2763 2276 2812 certam
2306 2775 2533 2831 poenam
2564 2759 2722 2817 Vadi

310 2833 683 2908 infligendam
704 2834 832 2892 loco
853 2834 978 2906 Rei,
1003 2854 1119 2892 non
1141 2854 1280 2892 vero
1302 2832 1495 2909 quoad
1516 2832 1928 2909 obligationem
1957 2833 2333 2909 personalem,
2360 2856 2461 2894 seu
2490 2858 2719 2913 poenam

315 2912 374 2968 in
404 2911 634 2986 propria
659 2931 905 2988 persona
932 2913 1244 2970 ferendam.
1332 2913 1580 2970 Peccata
1606 2921 1805 2969 nostra
1833 2912 2103 2970 dicuntur
2129 2911 2190 2969 in
2213 2914 2503 2972 Christum
2533 2926 2717 2977 trans-

314 2990 435 3046 lata
463 2990 681 3046 ratione
710 2990 933 3065 prioriS,
963 3010 1080 3047 non
1108 3010 1247 3047 vero
1288 2989 1622 3066 posterioris
1647 3012 1660 3063 ;
1705 3010 1811 3046 nec
1853 2991 2173 3064 personalis
2215 3002 2411 3050 nostra
2439 2995 2719 3072 obligatio

315 3074 404 3124 est
422 3066 483 3122 in
512 3066 801 3123 Christum
823 3068 1117 3139 translata,
1140 3068 1243 3124 sed
1265 3068 1515 3142 gratiose
1539 3068 1838 3124 dissoluta.
1887 3068 2059 3124 Unde
2088 3068 2225 3124 licet
2253 3081 2488 3143 peccata
2522 3084 2719 3134 nostra

314 3144 540 3224 possint
569 3144 686 3202 dici
712 3144 941 3217 Christi,
986 3144 1207 3202 ratione
1236 3144 1628 3220 imputationis
1670 3154 1882 3217 reatuS,
1912 3164 2030 3201 non
2057 3145 2328 3203 desinunt
2356 3168 2451 3206 ese
2494 3162 2720 3212 nostras

312 3225 535 3284 ratione
562 3223 945 3301 proprietatis,
977 3233 1035 3281 et
1062 3223 1500 3282 commissionis.
1584 3224 1662 3281 Et
1691 3232 1755 3280 ut
1782 3223 1843 3279 in
1883 3223 2074 3280 locum
2115 3234 2373 3281 nostrum
2418 3246 2479 3284 se
2510 3231 2719 3289 substi-

310 3305 459 3381 tuit;
507 3304 601 3362 Ita
638 3302 914 3380 quicquid
954 3303 1146 3377 solvit,
1187 3323 1291 3380 pro
1331 3302 1497 3360 nobis
1525 3311 1583 3359 et
1621 3302 1851 3359 nomine
1881 3310 2076 3360 nostro
2116 3302 2359 3363 solvisse
2402 3304 2550 3365 bene
2577 3309 2721 3367 dici·

311 3394 422 3445 tur.
509 3384 656 3441 Nam
687 3381 788 3441 ubi
829 3383 959 3458 quis
989 3402 1050 3442 se
1094 3383 1316 3460 obligat
1357 3390 1627 3457 tanquam
1672 3379 1952 3457 ἐέντιψνχος
1991 3382 2064 3439 ad
2091 3383 2418 3459 passionem
2446 3406 2550 3463 pro
2578 3390 2718 3448 alte-

310 3466 431 3523 rius
460 3463 704 3537 delietis,
748 3481 984 3521 necesse
1027 3471 1116 3521 est
1154 3481 1381 3540 semper
1406 3470 1472 3520 ut
1497 3463 1750 3538 patiatur
1778 3463 1905 3521 viee
1947 3461 2104 3520 illius
2132 3463 2208 3520 ad
2249 3465 2715 3547 satisfactionem,

315 3564 422 3604 nec
449 3545 544 3602 hic
573 3543 687 3601 alia
716 3542 939 3619 concipi
966 3550 1175 3620 potest,
1207 3561 1380 3620 quam
1410 3541 1627 3600 vicaria
1653 3562 1727 3601 ex
1757 3542 2013 3618 gratiosa
2040 3545 2432 3620 acceptatione
2462 3548 2691 3610 soluti0.

393 3623 609 3682 XVII.
655 3622 933 3696 Quamvis
953 3623 1245 3682 Christum
1265 3621 1768 3699 Expromissorem
1797 3623 2056 3681 dicamus
2080 3645 2093 3699 ;
2140 3624 2270 3682 Non
2295 3625 2426 3687 ideo
2445 3629 2717 3690 volumus

312 3723 439 3761 esse
481 3722 702 3761 merum
751 3703 1267 3778 Expromissorem,
1312 3702 1410 3760 vel
1444 3701 1753 3776 juridicam
1795 3702 1890 3761 hic
1931 3702 2141 3763 factam
2183 3724 2310 3764 esse
2351 3711 2715 3788 novationem,

316 3803 445 3860 quae
474 3782 534 3839 in
561 3782 737 3840 variis
765 3781 957 3840 differt
984 3803 1019 3840 a
1051 3783 1371 3860 Sponsione
1402 3781 1632 3856 Christi,
1669 3783 2032 3859 potissimum
2061 3804 2199 3841 vero
2228 3786 2287 3842 in
2316 3806 2403 3860 eo,
2434 3790 2589 3865 quod
2618 3811 2722 3867 per

316 3882 444 3920 eam
473 3862 750 3938 obligatio
778 3871 971 3938 potest
998 3862 1189 3939 quoad
1217 3881 1417 3920 omnes
1458 3870 1651 3937 partes
1692 3862 1931 3920 alterius
1957 3862 2097 3936 fieri,
2143 3865 2280 3938 quia
2312 3865 2508 3924 debita
2548 3889 2719 3944 pecu-

315 3941 499 3998 niaria
524 3949 766 4017 possunt
803 3942 973 4017 plene
1001 3943 1059 3999 in
1091 3943 1267 4000 alium
1311 3941 1622 4014 transferri,
1666 3961 1773 3999 nec
1801 3961 2035 3999 necesse
2064 3949 2151 3999 est
2178 3952 2244 3999 ut
2272 3945 2482 4003 solutio
2525 3966 2719 4006 eorum

317 4020 553 4079 alterius
574 4020 702 4078 loco
725 4020 847 4078 fieri
870 4021 1110 4094 dicatur,
1135 4021 1292 4097 quod
1315 4021 1373 4078 in
1397 4020 1791 4078 criminalibus
1813 4021 2004 4078 locum
2026 4040 2141 4077 non
2168 4021 2361 4095 habet,
2394 4031 2457 4082 ut
2476 4025 2718 4103 jamjam

315 4100 552 4159 dictum.
636 4101 785 4158 Tum
814 4099 875 4157 in
903 4120 972 4159 eo
1002 4102 1157 4177 quod
1186 4100 1282 4159 ubi
1326 4120 1429 4177 per
1456 4099 1827 4157 novationem
1868 4099 2170 4174 delegatus
2198 4099 2425 4159 debitor
2451 4103 2525 4160 ad
2569 4107 2721 4165 solu-

316 4180 532 4238 tionem
573 4179 881 4256 obligatur,
925 4181 1088 4238 nulla
1127 4180 1194 4238 fit
1232 4180 1513 4253 remissie,
1557 4188 1826 4236 manente
1868 4178 2221 4253 obligatione
2263 4180 2337 4237 ad
2380 4181 2722 4244 solutionem

318 4258 576 4336 ejusdem
604 4260 686 4317 rei
715 4279 843 4335 quae
873 4259 1131 4334 debetur,
1162 4259 1318 4336 quod
1347 4259 1408 4316 in
1440 4260 1550 4317 hoc
1578 4258 1814 4333 negotio
1842 4277 1958 4315 non
1986 4259 2251 4332 occurrit,
2296 4260 2397 4318 ubi
2424 4281 2596 4337 poena
2635 4267 2723 4323 vi-

318 4340 472 4397 caria
512 4347 736 4397 tantum
776 4358 882 4414 pro
910 4339 1094 4413 nobis,
1138 4359 1256 4398 non
1298 4359 1436 4396 vero
1479 4339 1709 4415 propria
1743 4345 1803 4395 et
1842 4336 2161 4414 personalis
2187 4337 2383 4397 luitur.
2472 4342 2587 4400 Sed
2617 4345 2725 4405 hoc

318 4426 542 4478 tantum
579 4438 872 4495 urgemuS,
902 4427 968 4477 ut
994 4419 1403 4496 perfectionem
1431 4426 1490 4476 et
1517 4417 1828 4475 efficaciam
1863 4416 2199 4492 Sponsionis
2229 4419 2442 4478 Christi
2476 4424 2726 4500 explice-

318 4518 466 4573 muS,
497 4512 625 4575 quae
654 4518 757 4574 per
785 4499 966 4556 solam
994 4497 1424 4575 fidejussionem
1455 4517 1570 4556 non
1613 4505 1805 4574 potest
1846 4495 2193 4556 sufficienter
2218 4498 2483 4577 intelligi,
2529 4513 2594 4562 ut
2633 4507 2728 4568 hic

320 4598 546 4655 semper
577 4578 823 4654 Sponsio
853 4579 1068 4638 Christi
1096 4580 1267 4657 longe
1296 4578 1604 4656 perfectior
1632 4585 1691 4636 et
1734 4576 2102 4654 praestantior
2140 4577 2384 4637 dicenda
2415 4582 2488 4641 sit
2522 4589 2728 4661 quavis

319 4657 774 4740 expromissione
805 4658 979 4717 civili.
