3221 5200
541 398 624 454 28
1468 405 1650 449 Locus
1680 407 2040 447 uxum-mes.
2598 387 2850 468 [QUAEST.
2883 410 2964 449 η’.

553 554 678 612 xix.
713 556 804 628 ll,
836 560 895 611 et
937 570 1039 628 per
1068 548 1416 626 Apostolum
1445 547 1723 625 praecipit,
1755 556 1820 606 ut
1848 548 1948 625 qui
1991 568 2051 606 se
2094 568 2210 606 non
2253 548 2511 607 continet
2537 550 2966 609 matrimonium

542 634 872 708 contrahat,
892 629 1049 708 quod
1077 628 1284 687 melius
1327 628 1401 687 sit
1443 628 1658 687 nubere
1702 648 1873 704 quam
1904 628 2009 703 uri,
2045 630 2075 685 1
2109 629 2240 687 Cor.
2270 629 2369 686 vii.
2404 631 2471 706 93
2516 631 2845 705 Paupertas
2871 652 2966 689 vo·

551 714 820 787 Iuncaria,
852 712 1041 788 qualis
1082 708 1514 767 commendatur
1541 728 1575 765 a
1604 707 1942 782 Pontificiis,
1972 708 2109 784 quia
2148 728 2318 767 nemo
2361 708 2485 767 sine
2528 710 2766 786 speciali
2793 730 2963 769 voea-

546 793 708 852 -tione
751 801 851 851 aut
891 790 1233 849 necessitate
1275 788 1578 846 facultates
1618 807 1752 846 suas
1779 786 1953 846 debet
1980 788 2247 865 abjicere,
2280 789 2450 848 Matt.
2480 790 2605 847 xix.
2638 793 2732 864 21,
2760 793 2857 866 27,
2890 810 2961 849 ne

551 881 735 931 tentet
766 873 973 947 Deum,
1001 871 1170 928 Matt.
1200 868 1278 927 iv.
1304 871 1357 944 7,
1383 876 1484 926 aut
1504 867 1841 927 charitatem
1863 887 2001 944 erga
2027 868 2356 944 proximum
2377 869 2674 947 negligere
2696 878 2956 946 cogatur,

555 953 606 1010 E
649 953 706 1010 h.
737 952 816 1010 iv.
847 953 945 1010 28.

608 973 647 1030 Ρ
1152 1028 1229 1087 V.
1275 1026 1618 1085 Mandatum
1659 1025 1871 1085 factum
1914 1046 1951 1085 a
1979 1027 2208 1085 Christo
2229 1027 2436 1105 juveni
2464 1028 2715 1105 turgido,
2746 1037 2805 1087 et
2832 1049 2960 1105 per·

628 1096 974 1202 F‘ffiffilfflu·
1073 1108 1280 1167 sectam
1312 1108 1489 1184 Legis
1518 1107 1981 1165 observationem
2012 1107 2344 1166 Pharisa'ice
2379 1108 2641 1185 jactanti,
2691 1112 2727 1141 ‘⁴
2762 1109 2825 1166 Si
2869 1109 2963 1166 vis

880 1188 893 1201 “
1070 1187 1356 1265 perfectus
1385 1207 1529 1262 esse,
1561 1187 1673 1261 abi,
1698 1195 1757 1245 et
1773 1185 1961 1245 vende
1979 1206 2107 1264 quae
2134 1187 2332 1262 habes,
2364 1196 2423 1245 et
2449 1187 2525 1245 da
2551 1188 2962 1264 pauperibus,”

548 1267 677 1346 &c.,
724 1268 934 1327 Matth.
979 1268 1102 1326 xix.
1147 1271 1243 1343 21,
1292 1288 1408 1325 non
1453 1267 1562 1326 fuit
1609 1267 1914 1324 consilium
1959 1265 2344 1344 perfectionis,
2396 1266 2499 1326 sed
2543 1271 2578 1300 ‘⁶
2607 1276 2960 1345 praeceptum

545 1349 849 1427 personale
894 1357 953 1407 et
980 1347 1467 1424 exploratorium'’
1519 1346 1595 1404 ad
1644 1346 1801 1404 illius
1829 1345 2040 1405 fastum
2068 1346 2490 1406 retundendum
2520 1354 2578 1406 et
2604 1348 2962 1424 hypocrisim

547 1429 929 1507 detegendam
951 1451 964 1502 ;
998 1428 1120 1486 Nec
1140 1448 1243 1504 per
1271 1427 1504 1485 modum
1527 1426 1754 1484 consilii
1782 1427 2135 1503 proponitur,
2156 1426 2313 1503 quod
2334 1426 2498 1503 sequi
2526 1428 2622 1484 vel
2649 1447 2766 1484 non
2795 1427 2962 1504 sequi

544 1510 796 1587 positum
825 1508 998 1566 fuerit
1025 1508 1085 1564 in
1113 1510 1239 1585 ejus
1267 1507 1520 1581 arbitrio,
1553 1505 1656 1564 sed
1684 1526 1786 1582 per
1813 1506 2047 1564 modum
2075 1507 2348 1583 praecepti
2383 1506 2463 1563 ad
2490 1508 2658 1582 cujus
2686 1507 2959 1564 observa-

545 1589 761 1647 tionem
810 1588 1131 1647 tenebatur.
1214 1591 1270 1644 2.
1317 1585 1600 1644 Perfectio
1650 1606 1779 1662 quae
1826 1586 1921 1644 hic
1971 1586 2324 1663 proponitur,
2376 1606 2491 1645 non
2548 1596 2637 1645 est
2683 1586 2961 1663 perfectio

542 1668 762 1745 gloriae,
793 1687 966 1745 quam
1014 1687 1131 1743 prae
1161 1665 1381 1725 caeteris
1410 1674 1822 1724 consecuturus
1849 1665 2069 1740 fuisset,
2122 1666 2224 1724 sed
2262 1668 2535 1742 perfectio
2548 1667 2799 1742 justitiae,
2830 1686 2961 1742 que

543 1748 737 1807 studio
765 1748 1046 1806 bonorum
1085 1766 1321 1823 operum
1351 1745 1410 1802 in
1452 1746 1560 1803 hac
1602 1745 1727 1802 vita
1774 1745 2081 1821 obtinetur,
2135 1766 2190 1822 q.
2221 1745 2297 1821 d.,
2348 1746 2409 1804 Si
2438 1746 2530 1803 vis
2557 1756 2614 1804 te
2643 1744 2960 1822 perfectum

543 1828 863 1901 ostendere,
916 1826 1144 1904 qualem
1194 1834 1251 1884 te
1288 1826 1497 1901 jactas,
1546 1823 1723 1884 debes
1767 1826 1876 1883 hoc
1921 1825 2319 1901 experimento
2367 1825 2514 1884 illud
2568 1826 2959 1902 comprobare,

541 1910 736 1965 omnia
762 1906 1102 1981 vendend03
1155 1904 1311 1981 quod
1355 1924 1430 1963 ex
1478 1904 1795 1981 quaestione
1825 1906 1866 1964 J
1872 1906 2093 1980 uvenis,
2137 1914 2197 1963 et
2226 1905 2438 1963 Christi
2467 1904 2541 1962 ad
2570 1926 2695 1964 eam
2723 1925 2958 1982 respon·

542 1988 702 2046 sione
746 1994 922 2063 patet.
1008 1988 1062 2044 3.
1109 1984 1276 2060 Quod
1307 1984 1570 2043 Christus
1613 1984 1694 2042 ait
1737 2003 1910 2042 unum
1938 1985 2024 2042 illi
2047 1987 2231 2043 deesse
2271 2003 2390 2043 non
2420 1985 2636 2044 evincit
2664 1985 2958 2043 Christum

536 2067 781 2144 probare
811 2086 941 2143 quae
989 2065 1217 2124 dixerat
1264 2064 1336 2123 de
1379 2064 1781 2122 observatione
1809 2064 2064 2140 perfecta
2094 2064 2288 2140 Legis,
2319 2065 2462 2122 alias
2492 2084 2608 2123 non
2635 2073 2958 2122 recusasset

539 2146 780 2224 obsequi
808 2144 1079 2203 mandato
1110 2144 1321 2203 Christi
1346 2166 1360 2220 ;
1393 2152 1480 2203 set
1507 2144 1573 2201 fit
1600 2152 1823 2201 tantum
1867 2143 1942 2201 ad
1969 2144 2439 2221 explorationem,
2470 2154 2533 2202 ut
2561 2145 2749 2203 latens
2775 2144 2957 2221 hypo-

539 2227 705 2285 crisis
748 2226 956 2285 vitium
995 2224 1377 2301 detegeretur.
1462 2227 1518 2281 4.
1564 2223 1729 2281 Licet
1777 2232 2126 2300 praeceptum
2155 2223 2445 2282 vendendi
2485 2224 2679 2283 omnia
2726 2243 2842 2282 non
2884 2223 2959 2282 sit

535 2307 808 2383 generale
858 2314 916 2364 et
964 2324 1284 2379 commune,
1316 2324 1431 2361 non
1461 2304 1723 2380 sequitur
1750 2322 1876 2362 esse
1906 2303 2226 2376 consilium,
2258 2304 2396 2380 quia
2421 2312 2615 2380 potest
2641 2324 2768 2362 esse
2809 2323 2954 2380 pree·

537 2394 767 2463 ceptum
799 2385 1044 2461 speciale
1094 2393 1151 2443 et
1198 2384 1497 2459 personale
1527 2388 1856 2464 rugae-rexit,
1897 2382 2052 2459 quod
2083 2383 2254 2441 certis
2282 2383 2354 2440 de
2383 2384 2572 2442 causis
2600 2384 2954 2460 proponitur.

539 2468 596 2525 5.
641 2465 810 2541 Quod
840 2465 1119 2537 Christus,
1175 2464 1356 2521 Marc.
1386 2484 1445 2522 x.
1478 2468 1572 2538 21,
1605 2463 1817 2521 dicitur
1845 2484 1967 2521 eum
1996 2463 2271 2536 dilexisse,
2302 2482 2420 2521 non
2469 2462 2643 2522 infert
2676 2464 2955 2539 juvenem

535 2565 677 2605 vera
704 2545 939 2619 dixisse,
985 2562 1161 2620 quum
1208 2562 1268 2600 se
1319 2543 1659 2602 observasse
1689 2543 1883 2600 omnia
1906 2542 2083 2619 Legis
2124 2542 2398 2603 mandata
2425 2564 2460 2602 a
2482 2543 2790 2620 juventute
2820 2561 2953 2619 pro—

537 2626 733 2684 fitetur
758 2647 771 2684 :
801 2643 934 2681 nam
963 2622 1214 2696 tristitia,
1240 2642 1411 2699 quam
1436 2623 1699 2699 concepit
1720 2642 1796 2680 ex
1817 2622 2089 2680 mandato
2120 2623 2351 2699 Christi,
2384 2624 2526 2683 satis
2555 2622 2769 2681 evincit
2796 2642 2953 2679 amo·

539 2724 660 2763 rem
691 2705 818 2781 ejus
847 2722 986 2778 erga
1018 2702 1208 2759 Deum
1236 2702 1551 2779 perfectum
1579 2721 1697 2759 non
1742 2701 1936 2776 fuisse,
1990 2702 2092 2760 sed
2121 2703 2351 2780 signum
2377 2703 2490 2762 fuit
2515 2702 2952 2777 benevolentiae,

534 2792 769 2862 propter
788 2781 1145 2839 desiderium
1189 2780 1345 2857 quod
1389 2781 1710 2839 testabatur
1756 2781 1893 2839 vitae
1926 2790 2153 2840 aeternae
2204 2782 2549 2856 obtinendae,
2594 2791 2652 2841 et
2693 2781 2949 2840 studium

537 2863 695 2940 quod
734 2860 1092 2938 impenderat
1119 2860 1176 2916 in
1202 2859 1498 2937 implenda
1528 2859 1704 2936 Lege,
1732 2861 1873 2920 licet
1901 2862 2022 2919 suis
2051 2862 2234 2920 naevis
2260 2883 2376 2921 non
2406 2870 2641 2920 careret.

620 2943 731 3001 VI.
778 2941 968 3015 Quum
1000 2940 1338 3015 Apostolus,
1376 2942 1405 2997 1
1441 2941 1570 2998 Cor.
1602 2941 1702 2999 vii.
1736 2942 1831 3015 25,
1863 2942 2101 3017 opponit
2121 2942 2320 3018 osm'pnv
2349 2943 2584 3021 ἐκπαγῇ,
2635 2948 2692 2999 et
2721 2938 2862 2997 dicit
2891 2958 2954 2999 se

537 3043 653 3081 non
698 3022 910 3080 habere
957 3021 1192 3091 ἐπιταγὴν
1247 3040 1349 3079 seu
1403 3022 1734 3078 mandatum
1783 3023 1852 3078 de
1906 3022 2223 3097 viryinibus,
2273 3023 2376 3081 sed
2431 3022 2565 3079 dare
2613 3019 2803 3094 γενόμην
2848 3039 2954 3078 seu

534 3103 859 3162 sententiam
904 3110 957 3159 et
999 3101 1301 3174 consilium,
1332 3109 1398 3160 ut
1426 3100 1501 3159 V.
1533 3101 1609 3158 V.
1640 3099 1862 3177 reddit;
1909 3101 2053 3158 nihil
2080 3101 2255 3160 habet
2283 3102 2439 3178 quod
2466 3101 2658 3160 faveat
2694 3099 2954 3158 consiliis

539 3182 915 3260 Evangelicis
946 3181 1378 3240 Pontificiorum
1403 3202 1416 3256 3
1462 3180 1598 3257 quia
1620 3181 1812 3258 agitur
1839 3181 1911 3239 de
1939 3200 2000 3239 re
2030 3180 2212 3239 libera
2239 3191 2298 3240 et
2325 3181 2655 3259 adiaphora,
2687 3199 2815 3256 quae
2844 3199 2952 3237 nec

537 3266 795 3341 praestita
842 3282 950 3321 nec
978 3262 1192 3320 omissa
1236 3262 1418 3320 ullum
1447 3270 1669 3319 reatum
1699 3260 1923 3320 inducit
1947 3283 1960 3335 ;
2005 3281 2138 3318 nam
2169 3261 2292 3319 sive
2322 3260 2491 3338 virgo
2519 3259 2796 3338 nupserit,
2831 3259 2953 3316 sive

536 3363 670 3416 non,
702 3343 935 3400 minime
965 3350 1181 3417 peccat,
1213 3361 1342 3398 cum
1381 3348 1623 3415 uterque
1673 3347 1857 3398 status
1908 3341 2034 3398 Deo
2083 3350 2284 3417 gratus
2312 3360 2437 3399 esse
2465 3341 2666 3418 possit,
2719 3339 2768 3397 si
2796 3339 2856 3395 in
2885 3357 2954 3396 eo

536 3442 678 3498 pure
708 3439 1020 3478 versemur.
1105 3424 1160 3476 2.
1207 3419 1328 3475 Nec
1378 3418 1426 3474 si
1478 3418 1696 3474 Paulus
1745 3418 1978 3495 subjicit
2026 3421 2219 3478 melius
2249 3424 2468 3495 facere,
2500 3441 2558 3479 v.
2603 3422 2698 3494 38,
2741 3423 2956 3498 κςιῖο-συ

535 3505 702 3572 ποιεῖν,
723 3499 821 3573 qui
842 3498 1127 3570 virginem
1146 3497 1442 3571 innuptam
1474 3495 1764 3571 relinquit,
1786 3506 1903 3554 tam
1933 3498 2207 3575 intelligit
2234 3501 2435 3558 bonum
2452 3501 2734 3558 honestum
2755 3509 2809 3555 et
2835 3518 2953 3556 mo·

537 3582 679 3651 rale,
715 3575 1025 3654 (siquidem
1054 3595 1129 3633 ex
1158 3574 1284 3650 ipso
1318 3574 1515 3646 Paulo,
1549 3593 1605 3631 ν.
1638 3577 1733 3649 28,
1786 3576 1834 3633 si
1874 3579 2056 3635 nubat
2084 3580 2251 3655 virgo
2280 3598 2394 3636 non
2424 3589 2642 3656 peccat,
2667 3586 2733 3637 et
2763 3577 2951 3634 Hebr.

538 3658 662 3717 xiii.
683 3661 738 3730 4,
769 3658 927 3728 rejaco.-
956 3663 1045 3712 est
1072 3654 1237 3729 γέμος
1268 3655 1307 3711 ὃν
1330 3659 1474 3727 xio-1,
1500 3655 1891 3714 honorandum
1920 3667 1999 3715 est
2026 3660 2342 3734 conjuyium
2369 3659 2427 3717 in
2457 3657 2748 3736 omnibus,)
2780 3675 2954 3733 quam

536 3736 669 3795 utile
716 3745 769 3793 et
794 3737 1155 3808 commodum,
1188 3744 1420 3811 propter
1463 3753 1747 3792 aerumnas
1774 3736 1981 3810 varias,
2034 3757 2179 3813 quas
2205 3748 2337 3814 post
2367 3758 2427 3796 se
2456 3738 2633 3795 trahit
2659 3736 2952 3794 matrimo-

534 3817 715 3891 nium,
767 3824 825 3873 et
867 3814 1154 3890 praecipue
1182 3813 1402 3871 ratione
1431 3813 1704 3890 temporis
1734 3814 1904 3890 illius,
1936 3825 2171 3892 propter
2197 3817 2477 3876 instantes
2505 3814 2949 3893 persecutiones,

536 3897 598 3958 in
628 3895 838 3973 quibus
867 3894 1071 3951 melius
1098 3892 1194 3968 agi
1244 3892 1493 3950 debebat
1520 3912 1650 3950 eum
1674 3894 1993 3969 coelibibus,
2046 3915 2219 3971 quam
2246 3916 2379 3955 cum
2408 3895 2749 3972 conjugatis,
2794 3891 2954 3969 quod

537 3975 861 4053 Apostolus
908 3994 966 4031 v.
998 3975 1074 4030 28
1117 3972 1321 4044 innuit,
1374 3975 1511 4029 tales
1558 3973 1909 4044 afflictionem
1937 3975 2185 4032 habituri
2206 3985 2334 4034 sunt
2361 3977 2417 4032 in
2445 3995 2633 4048 came,
2665 3981 2723 4030 et
2751 3992 2809 4029 v.
2853 3975 2950 4045 35,

485 4109 490 4114 .
536 4058 641 4114 hoc
669 4057 793 4114 dico
835 4059 954 4132 πςὶς
981 4058 1036 4109 τὶ
1068 4054 1196 4125 aaz»
1225 4053 1480 4132 συμφέςον,
1526 4055 1609 4109 ad
1633 4055 1980 4111 commodum
2007 4064 2267 4112 vestrum.
2354 4058 2410 4113 3.
2439 4055 2501 4112 Si
2529 4054 2744 4113 beatior
2772 4071 2950 4108 voca-

536 4144 634 4193 tur
660 4155 789 4211 quae
818 4134 877 4191 in
907 4141 1059 4190 statu
1088 4132 1214 4187 coeli
1226 4133 1389 4189 batus
1417 4140 1628 4207 manet,
1648 4152 1706 4188 v.
1726 4135 1821 4205 40,
1852 4133 1962 4190 hoc
1991 4132 2434 4210 intelligendum
2462 4153 2578 4191 non
2606 4141 2695 4190 est
2722 4131 2793 4188 de
2824 4149 2952 4206 per·

539 4214 761 4273 fectiori
807 4213 1000 4287 aliquo
1030 4209 1213 4286 gradu
1243 4211 1459 4286 gloriae,
1492 4211 1594 4269 sed
1623 4209 1695 4268 de
1725 4221 1878 4270 statu
1907 4211 2081 4289 hujus
2109 4214 2263 4288 vitae,
2309 4213 2448 4290 quia
2473 4212 2664 4270 minus
2693 4209 2954 4268 afflictio·

535 4293 709 4350 nibus
738 4301 795 4350 et
822 4289 1236 4350 tentationibus
1265 4289 1465 4349 debuit
1492 4310 1618 4348 esse
1646 4291 1926 4368 exposita.

620 4371 767 4429 VII.
812 4370 1076 4426 Eunuchi
1100 4368 1171 4427 de
1200 4369 1411 4445 quibus
1439 4371 1647 4447 agitur,
1681 4371 1795 4429 Isa.
1825 4370 1927 4428 lvi.
1959 4373 2013 4445 3,
2045 4375 2100 4446 4,
2125 4371 2337 4448 quibus
2364 4370 2717 4449 promittitur
2748 4368 2959 4426 “intra

535 4469 733 4508 muros
780 4449 1109 4507 Jerusalem
1158 4449 1404 4526 spatium
1454 4458 1512 4507 et
1556 4470 1765 4507 nomen
1810 4450 2016 4509 melius
2044 4470 2217 4528 quam
2259 4452 2509 4510 filiorum
2538 4459 2598 4509 et
2623 4449 2872 4506 filiarum
2897 4448 2955 4521 ;’'

538 4549 655 4587 non
685 4537 820 4587 sunt
848 4528 1114 4587 Eunuchi
1142 4528 1469 4602 voluntarii,
1514 4530 1612 4605 qui
1657 4549 1717 4588 se
1747 4538 1885 4588 voto
1913 4531 2160 4607 cuipiam
2189 4531 2623 4605 obstrinxerint,
2657 4528 2759 4586 sed
2786 4535 2954 4585 natu-

530 4608 705 4682 rales,
725 4608 819 4666 vel
850 4628 951 4683 per
977 4610 1096 4667 vim
1120 4608 1272 4684 facti,
1298 4609 1509 4685 quibus
1528 4610 1635 4667 sub
1664 4629 1817 4667 novo
1840 4609 2110 4683 Testam.,
2137 4610 2448 4668 dummodo
2466 4611 2739 4687 pietatem
2762 4606 2957 4665 colue-

530 4687 669 4762 rint,
700 4687 1051 4764 promittitur
1079 4688 1352 4747 admissio
1381 4688 1439 4746 in
1483 4689 1787 4766 Templum
1817 4697 1875 4746 et
1904 4689 2210 4748 Civitatem
2247 4689 2373 4764 Dei,
2405 4689 2484 4747 id.
2515 4689 2574 4746 in
2607 4685 2951 4762 Ecclesiam,
