3221 5200
491 347 611 405 220
1366 354 1549 395 Locus
1579 353 1982 396 Duonscmus.
2564 331 2813 412 [Quaes‘r.
2844 349 2904 393 x.

492 506 713 579 Legem
739 500 913 560 minis
942 495 1062 555 suis
1091 495 1472 554 conscientias
1501 505 1867 573 peccatorum
1890 493 2178 569 terruisse,
2210 501 2270 552 et
2297 493 2406 552 sub
2428 493 2577 570 jugo
2606 493 2905 553 servitutis

490 583 829 656 detinuisse,
876 581 1009 638 Non
1050 584 1321 652 putamus
1363 583 1557 634 tamen
1600 576 1716 634 dici
1750 595 1887 634 vere
1930 594 2100 651 posse
2132 574 2338 632 Patres
2366 573 2558 632 adhuc
2586 573 2762 632 fiiisse
2792 574 2901 632 sub

488 665 576 722 ira
595 663 706 721 Dei
724 670 781 720 et
808 669 971 719 reatu
998 655 1237 733 peccati,
1258 675 1365 713 nec
1388 654 1797 715 conscientiam
1818 654 2247 732 tranquillatum
2271 673 2346 711 ex
2372 653 2546 730 plena
2563 652 2899 713 remissione

487 752 853 822 peccatorum
881 737 1092 797 habere
1119 736 1395 812 potuisse.

1094 815 1213 872 IX.
1260 815 1472 889 Primo,
1506 814 1655 889 Quia
1696 814 1806 874 hoc
1834 815 2139 891 Sponsioni
2177 811 2392 872 Christi
2436 819 2737 890 repugnat,
2769 833 2899 890 quae

489 877 968 979 P'I‘l’gsstssssisgaffiss
1008 894 1282 971 importat
1331 914 1528 953 veram
1572 903 1939 970 peccatorum
1984 893 2418 953 translationem
2467 893 2528 949 in
2574 894 2782 969 ipsum,
2833 903 2900 952 ut

546 992 971 1048 reatu21.ASpon-
1018 974 1297 1051 superiori
1327 975 1657 1048 Quaestione
1700 975 2022 1051 probatum,
2068 982 2126 1032 et
2174 994 2248 1031 ex
2298 973 2673 1049 consequenti
2703 992 2897 1030 veram

546 1053 681 1096 tione
704 1050 915 1103 Christi;
1014 1063 1071 1112 et
1120 1053 1507 1112 omnimodam
1538 1054 1871 1113 Electorum
1900 1054 2299 1112 liberationem
2328 1052 2401 1110 ab
2431 1053 2588 1110 omni
2633 1061 2796 1110 reatu
2839 1062 2898 1111 et

485 1136 843 1213 obligatione
872 1134 1177 1211 personali.
1264 1134 1410 1192 Haec
1439 1134 1589 1191 enim
1621 1142 1680 1192 et
1708 1153 1769 1192 se
1797 1143 1997 1192 mutuo
2027 1141 2472 1209 consequuntur,
2504 1141 2569 1190 ut
2597 1131 2733 1190 dum
2765 1152 2897 1209 pec·

484 1226 677 1275 catum
697 1216 761 1274 fit
783 1236 886 1291 pro
907 1214 1066 1290 ipsis,
1100 1212 1211 1290 ipsi
1238 1213 1381 1271 fiant
1401 1213 1633 1289 justitia
1664 1213 1776 1271 Dei
1803 1214 1862 1271 in
1893 1213 2035 1291 ipso,
2069 1213 2207 1271 dum
2237 1220 2522 1286 oneratur,
2554 1212 2889 1287 liberentur,

488 1296 627 1354 dum
654 1296 1042 1374 conjiciuntur
1069 1301 1304 1370 peccata
1330 1294 1392 1349 in
1421 1294 1607 1369 ipsum
1637 1293 1712 1350 ad
1739 1294 1867 1370 ejus
1889 1294 2441 1366 condemnationem,
2466 1291 2798 1350 auferantur
2823 1292 2897 1350 ab

488 1376 631 1453 ipsis
660 1376 736 1433 ad
763 1395 959 1434 eorum
981 1372 1472 1451 justificationem.

1100 1452 1184 1510 X.
1220 1452 1502 1527 Secundo,
1533 1461 1822 1529 repugnat
1848 1463 2072 1511 naturoe
2100 1451 2357 1509 Foederis
2380 1451 2618 1526 Gratiae,
2645 1451 2751 1509 sub
2781 1471 2896 1527 quo

489 1521 531 1565 ²·
553 1519 976 1621 A·nagura·que-
1022 1532 1224 1590 Patres
1254 1532 1543 1590 vixerunt.
1603 1534 1748 1590 Cum
1778 1532 1932 1590 enim
1960 1531 2168 1591 inferat
2196 1531 2655 1589 communionem
2686 1530 2893 1588 Foede-

580 1593 649 1623 ns
721 1583 858 1623 rutrae
877 1613 889 1632 '
1019 1620 1273 1669 ratorum
1302 1631 1431 1670 cum
1465 1613 1607 1686 De0,
1642 1621 1700 1670 ct
1728 1612 2303 1670 communicationem
2332 1611 2587 1669 omnium
2616 1611 2895 1668 bonorum

492 1691 893 1769 spiritualium,
915 1710 1043 1766 quae
1073 1692 1145 1748 ad
1175 1693 1404 1767 plenam
1433 1691 1765 1750 felicitatem
1785 1693 2168 1768 requiruntur,
2190 1690 2449 1766 adeoque
2468 1689 2671 1749 salutis
2693 1690 2891 1767 ipsiuS,

492 1772 608 1830 Vel
638 1772 839 1829 Patres
868 1771 940 1827 ab
970 1791 1037 1829 eo
1068 1772 1335 1829 exclusos
1364 1772 1541 1829 fuisse
1571 1771 1896 1845 dicendum,
1927 1772 2023 1829 vel
2053 1771 2102 1829 si
2143 1772 2204 1828 in
2232 1770 2378 1827 illud
2406 1780 2542 1830 sunt
2571 1770 2800 1846 recepti,
2831 1779 2898 1828 ut

492 1852 565 1910 de
594 1871 662 1909 eo
692 1849 941 1908 dubitari
970 1852 1187 1926 nequit,
1219 1871 1453 1909 neeesse
1482 1859 1571 1909 est
1598 1872 1666 1909 eo
1713 1851 1838 1928 ipso
1879 1851 2155 1909 liberatos
2196 1850 2373 1908 fuisse
2415 1870 2451 1907 a
2494 1849 2895 1908 maledictione

497 1931 690 2007 LegiS,
723 1939 781 1988 et
810 1930 891 1987 ita
922 1931 1050 2005 Dei,
1083 1939 1141 1988 et
1169 1950 1203 1987 a
1231 1939 1394 1989 reatu
1423 1939 1481 1989 et
1509 1931 1862 1990 conscientia
1890 1930 2127 2008 peccati,
2161 1939 2220 1989 et
2247 1929 2530 1987 admissos
2559 1930 2620 1986 in
2648 1930 2896 2005 gratiam

495 2011 605 2069 Dei
648 2018 706 2068 et
747 2010 1241 2086 participationem
1288 2011 1508 2069 salutis.
1593 2010 1762 2068 Alias
1807 2010 2194 2069 reconciliatio
2243 2030 2374 2068 cum
2418 2010 2519 2084 ira,
2570 2009 2896 2068 benedictio

491 2111 623 2149 cum
652 2088 1053 2148 maledictione
1079 2112 1092 2164 ;
1138 2099 1195 2148 et
1244 2098 1428 2148 status
1465 2090 1898 2166 justificationis
1927 2111 2056 2148 cum
2102 2098 2266 2148 reatu
2313 2089 2536 2166 peccati
2584 2089 2895 2147 consistere

489 2178 703 2247 posset,
735 2169 891 2245 quod
920 2190 1087 2228 nemo
1118 2191 1235 2226 non
1264 2170 1425 2228 videt
1453 2191 1581 2228 esse
1610 2170 1906 2228 ἀσῦσταιτοι.
1964 2172 2085 2229 Nec
2115 2170 2162 2228 si
2192 2169 2520 2228 maledictio
2542 2169 2717 2246 Legis
2745 2170 2896 2227 auri-

491 2250 602 2308 bus
632 2250 909 2307 Veterum
955 2250 1143 2308 adhuc
1189 2251 1507 2324 insonabat,
1554 2252 1826 2309 continuo
1878 2250 2137 2327 sequitur
2179 2269 2279 2307 eos
2328 2249 2516 2307 adhuc
2564 2248 2741 2308 fuisse
2787 2250 2895 2308 sub

490 2330 632 2406 ipsa,
665 2329 801 2404 quia
836 2349 951 2386 non
997 2329 1126 2387 ideo
1174 2330 1629 2406 praeponebatur,
1661 2340 1725 2389 ut
1774 2331 1881 2389 sub
1930 2351 1998 2389 ea
2045 2337 2357 2398 manerent,
2390 2328 2492 2386 sed
2540 2339 2604 2387 ut
2647 2349 2723 2386 ex
2770 2330 2897 2405 ejus

490 2409 663 2466 minis
692 2409 1122 2484 impellerentur
1148 2409 1223 2465 ad
1250 2410 1622 2485 quaerendum
1650 2410 1966 2469 remedium
1995 2409 2196 2486 gratiae
2223 2410 2284 2466 in
2316 2409 2561 2482 Christo,
2592 2409 2692 2485 qui
2721 2409 2895 2467 inter·

492 2497 671 2547 ventu
705 2488 1045 2563 Sponsionis
1095 2507 1230 2561 suae,
1262 2497 1320 2546 et
1350 2489 1408 2545 vi
1435 2491 1637 2548 mortis
1666 2490 1888 2563 futurae,
1922 2511 2045 2566 quae
2079 2490 2303 2565 profuit
2329 2499 2630 2565 antequam
2661 2490 2797 2564 fuit,
2829 2497 2896 2547 ut

490 2567 632 2627 scite
663 2566 993 2625 Bernardus
1020 2567 1290 2643 loquitur,
1323 2588 1421 2626 eos
1447 2569 1732 2628 liberabat
1760 2570 1833 2629 ab
1860 2570 2224 2628 execratione
2257 2569 2451 2644 Legis.

1100 2647 1218 2704 XI.
1263 2648 1476 2721 TertiQ
1534 2659 1818 2725 repugnat
1847 2652 2059 2707 Reatui
2093 2651 2330 2726 peccati,
2384 2649 2490 2706 sub
2534 2668 2649 2724 quo
2692 2648 2896 2707 Patres

1016 2725 1203 2782 adhuc
1232 2725 1408 2783 fuisse
1457 2728 1821 2803 pertendunt.
1908 2730 2053 2787 Cum
2099 2730 2248 2787 enim
2296 2728 2578 2804 duplicem
2633 2728 2896 2787 involvat

1016 2805 1445 2879 obligationem,
1478 2808 1574 2863 vel
1601 2807 1676 2863 ad
1703 2828 1932 2883 poenam
1960 2809 2319 2884 personalem
2347 2810 2419 2865 ab
2443 2808 2567 2883 ipso
2595 2816 2896 2883 peccatore

492 2882 783 2958 luendam,
816 2883 910 2940 vel
940 2882 1014 2940 ad
1043 2904 1268 2960 poenam
1299 2884 1359 2941 in
1388 2905 1597 2961 genere
1627 2896 1864 2963 peccato
1893 2888 2144 2947 debitam
2173 2912 2186 2948 ε
2235 2888 2294 2946 Si
2319 2887 2548 2945 fuerunt
2576 2887 2684 2944 sub
2714 2897 2894 2960 reatu,

492 2964 587 3022 vel
616 2963 846 3022 fuerunt
873 2963 1066 3039 quoad
1094 2964 1443 3041 alterutram,
1476 2966 1571 3023 vel
1599 2968 1792 3043 quoad
1829 2978 2149 3044 utramque.
2235 2968 2319 3025 At
2346 2976 2610 3025 neutrum
2640 2966 2754 3024 dici
2792 2986 2893 3043 po-

490 3053 605 3103 test
629 3066 642 3120 ;
691 3044 823 3101 Non
851 3042 1082 3102 fuerunt
1112 3045 1220 3102 sub
1250 3063 1318 3102 eo
1346 3045 1537 3121 quoad
1565 3046 1977 3123 obligationem
2007 3048 2385 3123 personalem,
2417 3046 2553 3122 quia
2595 3047 2706 3104 ista
2747 3046 2893 3103 obli-

491 3125 649 3202 gatio
679 3134 767 3182 est
806 3123 1087 3189 ἇσῦστατος
1138 3145 1267 3182 cum
1296 3125 1688 3202 redemptione
1716 3135 1776 3185 et
1803 3127 1988 3185 salute
2017 3127 2289 3203 fidelium,
2322 3147 2451 3202 quae
2479 3146 2514 3183 a
2541 3146 2711 3201 poena
2740 3127 2896 3184 omni

492 3205 779 3281 personali
808 3205 1098 3263 hominem
1128 3204 1349 3263 eximit.
1434 3206 1600 3265 Licet
1646 3206 1798 3263 enim
1828 3227 1944 3264 non
1990 3206 2267 3264 translata
2312 3207 2386 3264 sit
2433 3206 2494 3263 in
2547 3207 2894 3282 sponsorem

492 3286 736 3361 proprie,
769 3285 905 3360 quia
933 3285 1041 3342 suit
1069 3304 1240 3360 poena
1266 3287 1585 3360 personalis
1615 3292 1672 3343 et
1699 3287 1948 3362 propria,
1979 3307 2107 3362 quae
2137 3286 2195 3343 in
2225 3286 2401 3344 alium
2442 3286 2738 3344 transferri
2778 3305 2896 3343 non

494 3372 701 3440 potest,
740 3365 822 3421 ita
865 3373 1059 3421 tamen
1102 3383 1206 3438 per
1254 3364 1633 3439 Sponsionem
1684 3366 1899 3423 Christi
1947 3366 2205 3423 relaxata
2253 3374 2340 3424 est
2384 3374 2443 3424 et
2489 3364 2786 3440 dissoluta,
2828 3376 2897 3423 ut

491 3442 694 3500 fideles
722 3442 968 3517 amplius
997 3442 1253 3517 obligare
1281 3462 1399 3500 non
1426 3444 1628 3518 possit.
1700 3445 1754 3501 N
1758 3465 1831 3503 on
1860 3445 2065 3504 melius
2093 3445 2206 3502 diei
2236 3453 2426 3521 potest
2453 3464 2552 3502 eos
2579 3444 2756 3502 fuisse
2787 3445 2897 3503 sub

492 3530 654 3579 reatu
682 3520 873 3595 quoad
903 3520 1313 3595 obligationem
1343 3523 1416 3579 ad
1444 3542 1675 3597 poenam
1703 3524 1764 3581 in
1793 3545 2019 3601 genere,
2051 3525 2186 3600 quia
2216 3524 2317 3581 illa
2346 3526 2403 3581 in
2431 3525 2776 3600 Sponsorem
2805 3533 2897 3583 est

493 3600 787 3672 translata,
819 3608 878 3657 et
905 3619 978 3657 ex
1008 3619 1076 3657 ea
1103 3599 1177 3662 ad
1217 3600 1559 3659 solutionem
1588 3604 1862 3662 vicariam
1893 3606 2156 3663 Christus
2201 3604 2281 3662 ita
2327 3604 2436 3662 fuit
2477 3604 2785 3681 obligaturi,
2830 3614 2897 3662 ut

493 3698 569 3736 ex
597 3678 724 3755 ejus
753 3678 1106 3755 obligatione
1135 3688 1332 3737 secuta
1359 3680 1435 3739 sit
1460 3681 1632 3758 plena
1661 3683 1911 3760 ipsorum
1942 3685 2290 3742 immunitas.

490 3783 537 3828 4,
607 3784 682 3830 Ex
733 3783 976 3829 Justiflca-
1099 3759 1253 3817 XII.
1298 3759 1532 3836 QuartO,
1584 3773 1868 3840 repugnat
1911 3765 2312 3843 Justg'ficationi
2337 3773 2390 3821 ct
2412 3763 2585 3820 saluti
2627 3765 2889 3822 Patr-um.

550 3843 786 3954 ἷξὲἱιὲἱῐξξ
818 3843 975 3889 saluto
1019 3838 1168 3896 Nam
1198 3841 1245 3897 si
1269 3840 1571 3916 justificati
1602 3852 1735 3901 sunt
1763 3852 1820 3901 et
1850 3844 2076 3917 salvati,
2117 3853 2182 3902 ut
2225 3844 2494 3920 utrinque
2524 3851 2613 3901 est
2653 3843 2711 3899 in
2755 3861 2889 3900 eon-

490 2712 535 2756 3.
566 2711 644 2756 Ex
670 2710 829 2755 Reatu
857 2725 963 2768 pec·

670 2769 767 2812 cati
784 2784 796 2822 ς

1014 3919 1183 3993 fesSO,
1225 3920 1514 3996 quomodo
1560 3922 1672 3980 dici
1721 3932 1964 3999 possunt
2012 3924 2187 3982 fuisse
2237 3923 2426 3981 adhuc
2475 3923 2583 3981 sub
2628 3931 2792 3980 reatu
2835 3931 2895 3981 et

490 3996 843 4056 conscientia
879 3999 1147 4074 peccati?
1207 4000 1694 4059 ‚justificationem
1744 4011 1936 4061 autem
1985 4011 2042 4061 et
2089 4002 2481 4061 remissionem
2527 4009 2890 4079 peecatorum

489 4077 608 4135 illis
635 4076 830 4136 datam
858 4078 1052 4152 fuisse,
1083 4099 1198 4137 non
1230 4079 1401 4138 modo
1429 4081 1838 4158 promissiones
1869 4082 1980 4139 Dei
2007 4082 2314 4140 luculentae
2344 4082 2415 4139 de
2446 4082 2545 4138 illa
2589 4081 2728 4157 ipsis
2757 4100 2891 4139 con-

491 4177 667 4215 ccssae
697 4156 849 4214 clare
876 4158 1167 4233 evincunt,
1202 4160 1391 4218 Exod.
1422 4161 1629 4220 xxxiv,
1663 4166 1716 4236 7,
1751 4162 1906 4219 Psal.
1935 4162 2122 4221 xxxii.
2159 4165 2209 4235 1,
2241 4171 2300 4220 et
2326 4161 2386 4219 li.
2419 4165 2474 4236 3,
2505 4165 2560 4233 4,
2594 4170 2650 4219 et
2679 4162 2801 4218 lxv.
2833 4164 2889 4234 3,

489 4247 549 4295 et
564 4237 773 4294 lxxxv.
794 4240 849 4310 2,
882 4239 936 4311 3,
959 4246 1017 4296 et
1034 4238 1147 4297 eiii.
1174 4243 1227 4312 3,
1253 4247 1313 4298 et
1329 4259 1507 4299 cxxx.
1529 4244 1583 4314 4,
1608 4242 1724 4299 Isa.
1749 4242 1785 4300 i.
1810 4244 1901 4315 18,
1926 4250 1985 4299 et
2003 4242 2145 4299 xliv.
2177 4245 2272 4315 22,
2306 4241 2485 4300 Mich.
2518 4241 2616 4298 vii.
2669 4242 2760 4315 18,
2797 4243 2891 4313 19,

494 4315 608 4374 Sed
637 4325 697 4375 et
723 4317 990 4393 exempla
1018 4318 1355 4393 Abrahami,
1388 4319 1652 4395 Davidis‚
1687 4321 1946 4379 Danielis
1974 4330 2033 4380 et
2061 4322 2320 4396 aliorum,
2353 4321 2564 4397 quibus
2607 4320 2732 4379 haec
2762 4340 2891 4396 gra-

488 4396 569 4454 tia
596 4395 822 4454 indulta
848 4405 937 4455 est
971 4397 1204 4456 indubie
1250 4398 1663 4460 demonstrant.
1748 4401 1869 4458 Nec
1917 4400 2013 4459 hic
2062 4401 2137 4459 ad
2184 4401 2552 4477 Prophetiam
2600 4419 2892 4458 recurrere

483 4475 672 4551 juvat,
704 4475 869 4550 quasi
913 4477 1057 4550 loca,
1108 4477 1261 4536 I'sal.
1313 4480 1520 4554 xxxii„
1550 4480 1631 4553 li.,
1664 4488 1723 4538 et
1760 4481 1893 4554 ciii.,
1927 4480 2043 4540 sint
2081 4481 2433 4558 prophetica,
2466 4500 2595 4557 quae
2637 4479 2710 4537 de
2745 4490 2890 4537 tem-

486 4572 624 4630 pore
653 4562 713 4612 et
736 4553 1005 4614 fidelibus
1035 4557 1188 4615 Novi
1218 4558 1568 4619 Testamenti
1598 4560 1976 4637 intelligenda
2006 4561 2138 4620 sint.
2224 4559 2373 4635 Quia
2399 4568 2558 4637 patet
2604 4559 2892 4617 Davidem

488 4633 610 4690 haec
640 4631 749 4690 sibi
778 4642 836 4691 et
865 4634 1130 4693 fidelibus
1160 4638 1249 4695 sui
1278 4638 1551 4715 temporis
1579 4640 1865 4717 applicare
1889 4662 1903 4716 ;
1948 4640 2109 4698 nulla
2158 4650 2348 4699 autem
2398 4639 2533 4698 inde
2575 4637 2894 4697 consolatio
