3221 5200
494 339 611 398 354
1299 346 1479 389 Locus
1511 348 1767 390 necinus
1795 349 2081 400 Quantus.
2525 325 2774 406 [cums-r.
2806 344 2919 385 vn.

506 496 666 567 siam,
714 494 823 550 hoc
872 510 989 548 non
1043 487 1404 546 referendum
1453 497 1542 547 est
1587 488 1660 545 ad
1715 490 1989 566 majorem
2061 486 2469 565 perfectionem
2519 485 2791 545 extensive
2861 493 2923 544 ct

507 574 775 650 objective,
822 571 925 629 sed
969 569 1229 627 intensive
1289 576 1347 626 et
1395 568 1734 644 subjective.
1798 569 1969 628 Unde
1999 567 2210 626 dicitur
2249 575 2587 643 accepturus
2656 566 2727 624 de
2783 565 2925 622 doc-

504 654 656 712 trina
676 652 912 725 Christi,
946 651 1063 706 “de
1083 667 1200 704 meo
1218 647 1507 724 accipiet,’'
1539 648 1727 725 inquit
1757 648 2038 723 ChristuS,
2061 649 2101 706 J
2108 648 2199 720 oh,
2222 647 2342 704 xvi.
2373 650 2463 720 14,
2496 646 2632 722 quia
2660 665 2773 702 non
2805 644 2924 702 alia

507 733 616 791 fuit
643 731 939 804 docturus,
972 747 1144 804 quam
1172 746 1304 804 quae
1333 747 1367 784 a
1397 726 1627 785 Christo
1648 728 1775 804 jam
1802 727 2028 787 fuerant
2054 726 2364 805 proposita,
2397 734 2455 783 et
2477 745 2605 801 quae
2623 724 2924 802 pertinent

511 811 586 870 ad
613 830 914 888 personam
944 809 1069 885 ejus
1098 814 1154 864 et
1185 806 1452 864 officium.

960 951 971 963 ι
1117 885 1297 942 XVI.
1343 888 1397 943 6.
1444 885 1515 941 In
1588 885 1750 942 Vitae
1790 885 2115 960 Sanctitate,
2146 892 2205 943 et
2253 885 2668 942 Miraculorum
2708 889 2922 957 patra-

509 951 554 998 6·
573 954 995 1056 ᾆῖζὲζῗξτὲξξζ
1039 966 1199 1023 tione.
1253 965 1587 1023 Doctrinam
1628 964 1779 1021 enim
1838 984 2017 1040 suam,
2068 984 2185 1021 non
2215 964 2385 1021 modo
2435 964 2571 1020 vitoe
2598 961 2926 1019 sanctitate

571 1071 648 1114 lis.
1035 1043 1465 1122 perfectissima,
1499 1051 1557 1101 et
1583 1044 1861 1120 patientia
1888 1044 2229 1118 admirabili,
2264 1043 2366 1101 sed
2394 1051 2452 1100 et
2479 1042 2657 1099 variis
2687 1049 2922 1116 stupen-

1031 1123 1120 1181 dis
1167 1124 1459 1181 miraculis
1490 1123 1737 1181 sancivit
1765 1132 1824 1181 et
1857 1123 2234 1195 confirmavit,
2280 1131 2402 1181 tum
2445 1129 2509 1180 ut
2557 1120 2923 1178 divinitatem

514 1208 784 1265 Personae
825 1223 940 1261 suae
963 1211 1259 1276 assereret,
1291 1210 1412 1260 tum
1442 1211 1507 1261 ut
1535 1203 1837 1261 veritatem
1866 1202 2140 1261 doctrinae
2190 1222 2308 1259 suae
2337 1201 2687 1278 obsignaret.
2772 1199 2924 1256 Nam

513 1286 614 1363 qui
657 1284 887 1362 propria
940 1283 1153 1340 virtute
1203 1290 1289 1340 tot
1333 1291 1392 1340 ct
1438 1289 1601 1340 tanta
1639 1281 1758 1340 edit
1814 1302 1988 1359 opera
2037 1282 2215 1340 totius
2265 1290 2484 1339 naturae
2532 1288 2739 1337 creatae
2768 1279 2926 1336 vires

516 1364 876 1442 superantia3
922 1381 1053 1419 eum
1083 1361 1282 1418 divina
1310 1361 1567 1437 potentia
1595 1361 1937 1419 instructum
1967 1381 2093 1419 esse
2112 1369 2355 1438 oportet,
2381 1360 2593 1436 quippe
2623 1358 2721 1434 qni
2750 1377 2927 1435 opera

516 1464 646 1521 quae
677 1443 833 1500 solus
865 1441 1023 1499 Deus
1066 1441 1252 1497 facere
1281 1448 1488 1516 potest,
1520 1448 1792 1517 praestat3
1840 1440 2104 1499 Eundem
2135 1439 2332 1497 Verba
2361 1440 2471 1497 Dei
2501 1439 2660 1515 loqui
2698 1445 2929 1496 constat

518 1533 575 1581 et
606 1522 925 1579 doctrinam
953 1519 1249 1578 abrae-ram,
1276 1528 1335 1577 et
1363 1519 1621 1576 divinam
1651 1518 1851 1578 afferre
1873 1519 2222 1578 censendum
2253 1527 2357 1577 est.
2443 1518 2566 1576 Nec
2588 1518 2739 1575 enim
2769 1536 2924 1574 sum-

516 1621 667 1659 mam
705 1600 1022 1678 potentiam
1063 1598 1425 1657 mendacium
1454 1597 1638 1671 decet,
1670 1597 1766 1656 vel
1811 1598 2207 1657 arbitrandum
2239 1599 2426 1657 Deum
2456 1597 2725 1655 virtutem
2756 1615 2924 1654 suam

518 1680 1006 1739 commodaturum
1055 1678 1361 1755 Impostori
1391 1685 1449 1735 et
1489 1678 2029 1754 Pseudoprophetas.
2119 1678 2253 1737 Scio
2298 1676 2683 1735 Adversarios
2713 1674 2929 1733 Christi

517 1761 700 1819 multa
757 1778 1030 1835 reponere
1094 1757 1170 1815 ad
1235 1756 1624 1835 oppugnanda
1673 1757 1886 1816 Christi
1929 1757 2233 1831 miracula3
2283 1755 2399 1815 Sed
2467 1775 2619 1813 vana
2682 1774 2808 1813 esse
2867 1763 2931 1812 et

517 1839 828 1898 falsissima
857 1847 1150 1897 ostensum
1181 1856 1370 1914 supra,
1405 1837 1540 1894 Loc.
1577 1839 1670 1895 13.
1695 1836 1804 1911 Qu.
1837 1841 1893 1895 2.
1923 1836 2033 1895 Th.
2061 1839 2153 1910 18,
2191 1838 2282 1894 19.

1121 1916 1337 1974 XVII.
1383 1915 1581 1993 Atque
1636 1916 1771 1973 hinc
1817 1936 1932 1973 non
1987 1917 2228 1974 obscure
2269 1914 2564 1992 colligitur
2617 1912 2927 1970 discrimen

520 1981 999 2085 Qssgffffigerfffffg
1038 1994 1363 2072 multiplex,
1448 1994 1603 2071 quod
1660 1994 1964 2053 intercedit
2018 1996 2167 2053 inter
2209 1995 2518 2066 Christum,
2576 2000 2635 2051 et
2689 2001 2931 2050 caeteros

578 2099 687 2144 aliis
709 2098 984 2156 Prophetis.
1048 2076 1385 2152 Prophetae.
1470 2074 1621 2131 Nam
1655 2076 1706 2131 1.
1739 2074 1836 2131 Illi
1864 2073 2094 2133 fuerunt
2122 2082 2344 2133 tantum
2374 2072 2631 2131 Ministri
2653 2071 2712 2127 in
2754 2070 2929 2128 domo

1045 2155 1171 2230 Dei,
1219 2154 1321 2230 qui
1364 2153 1593 2211 nomine
1644 2153 1857 2212 Christi
1897 2154 2295 2230 loquebantur,
2340 2161 2399 2210 et
2437 2172 2471 2210 a
2514 2170 2629 2227 quo
2658 2149 2932 2208 mandata

520 2235 828 2294 habebant.
917 2233 1033 2292 Sed
1064 2234 1326 2292 Christus
1355 2233 1541 2291 Filius
1570 2240 1630 2291 et
1659 2233 1960 2308 Dominus,
1994 2233 2147 2291 Heb.
2180 2236 2234 2306 3,
2279 2231 2611 2312 Αςχιποίμυ,
2649 2233 2676 2287 1
2713 2230 2837 2288 Pet.
2867 2250 2926 2287 v.

522 2319 577 2389 4,
604 2324 662 2373 et
684 2333 983 2391 supremus
1014 2313 1313 2390 Magister,
1337 2313 1557 2371 Doctor
1588 2313 1921 2387 Doctorum,
1947 2314 2112 2389 cujus
2138 2313 2352 2390 Spiritu
2376 2319 2627 2389 aguntur
2646 2318 2933 2387 quotquot

520 2394 940 2472 loquuntur,-et
985 2392 1084 2469 qui
1127 2393 1285 2450 solus
1334 2391 1672 2465 audiendus,
1704 2401 1768 2450 ut
1796 2391 1930 2450 fidei
1972 2392 2202 2465 arbiter,
2236 2392 2445 2449 Matth.
2477 2390 2620 2447 xvii.
2652 2393 2706 2447 5.
2751 2393 2805 2446 2.
2829 2388 2927 2445 Illi

522 2482 758 2532 externe
787 2481 1010 2531 tantum
1040 2471 1352 2547 praedicare
1380 2479 1663 2547 poterant,
1716 2470 1818 2528 sed
1861 2471 2011 2529 nihil
2038 2471 2294 2545 ulteriuS,
2339 2471 2382 2530 J
2386 2468 2928 2544 ohannes‘baptizat

523 2572 689 2630 aqua,
725 2551 941 2610 Paulus
961 2550 1184 2627 plantat
1205 2557 1263 2608 et
1290 2549 1458 2626 rigat,
1485 2550 1587 2608 sed
1617 2569 1730 2608 non
1752 2557 1943 2627 potest
1967 2550 2174 2609 addere
2198 2550 2639 2624 incrementum3
2684 2548 2930 2624 ideoque

524 2633 663 2690 nihil
683 2650 808 2689 esse
831 2629 1117 2703 dicuntur,
1153 2632 1183 2686 1
1211 2629 1340 2686 Cor.
1371 2628 1451 2686 iii.
1477 2633 1531 2703 7,
1562 2638 1828 2706 respectu
1853 2630 2084 2688 virtutis
2113 2639 2172 2688 et
2198 2630 2464 2688 efficaciae
2493 2630 2750 2687 internae.
2810 2627 2932 2685 Sed

527 2709 789 2768 Christus
819 2716 876 2766 et
904 2715 1141 2766 externe
1171 2714 1228 2765 et
1254 2707 1476 2765 interne
1507 2716 1790 2784 operatur,
1825 2709 2041 2786 Legem
2060 2710 2243 2787 ipsam
2261 2709 2522 2768 inscribit
2551 2709 2607 2766 in
2639 2706 2929 2781 cordibuS,

525 2797 583 2848 et
604 2789 851 2862 baptizat
874 2787 1077 2863 spiritu
1105 2795 1158 2844 et
1178 2787 1317 2862 iqne,
1351 2786 1561 2844 Matth.
1593 2787 1672 2844 iii.
1708 2789 1800 2862 11,
1832 2787 1910 2846 id.
1938 2788 2181 2865 inspirat
2211 2790 2490 2847 internam
2512 2787 2841 2859 efficaciam,
2872 2796 2934 2845 et

523 2868 680 2925 intus
709 2874 976 2943 operatur
1002 2884 1103 2942 per
1131 2864 1394 2942 spiritum
1424 2885 1590 2924 suum
1614 2885 1646 2923 a
1692 2874 1880 2924 entem
1903 2867 2083 2925 instar
2110 2868 2280 2945 ignis,
2306 2869 2470 2945 cujus
2498 2876 2587 2926 est
2613 2886 2728 2923 non
2757 2865 2933 2924 modo

523 2965 770 3025 purgare
801 2944 1016 3020 sordes,
1061 2953 1119 3002 et
1146 2952 1442 3003 externam
1474 2965 1613 3022 supe
1689 2945 1833 3003 ciem
1862 2946 2055 3005 lavare
2086 2956 2150 3006 ut
2177 2967 2342 3024 aqua,
2376 2947 2479 3005 sed
2526 2956 2585 3004 et
2613 2945 2687 3002 ad
2728 2945 2934 3003 intima

525 3034 842 3104 penetrare.
913 3027 969 3083 3.
1002 3023 1126 3081 Alii
1152 3024 1367 3082 lumine
1386 3024 1585 3083 divino
1614 3025 2065 3100 illustrabantur,
2099 3026 2201 3084 sed
2247 3047 2350 3104 per
2390 3025 2843 3085 coruscationem
2874 3034 2934 3082 et

524 3105 757 3164 modum
808 3112 971 3163 actus
1011 3103 1375 3180 transeuntis,
1427 3105 1579 3163 unde
1634 3124 1741 3163 nec
1785 3104 1992 3179 futura,
2044 3125 2150 3163 nec
2194 3125 2402 3164 arcana
2448 3105 2673 3182 quoties
2714 3103 2937 3162 libebat

527 3192 793 3264 poterant
830 3185 1105 3243 revelare.
1194 3183 1311 3242 Sed
1353 3184 1617 3243 Christus
1647 3185 1829 3243 instar
1855 3185 2086 3243 habitus
2108 3187 2511 3261 permanentis,
2543 3204 2657 3261 quo
2703 3183 2935 3260 quoties

524 3265 728 3340 voluit,
759 3265 846 3324 uti
872 3264 1094 3341 potuit;
1139 3262 1406 3340 quamvis
1428 3264 1685 3340 quandiu
1715 3263 1823 3323 fuit
1849 3264 1909 3321 in
1942 3265 2109 3324 terris
2136 3284 2252 3322 non
2282 3266 2356 3323 ad
2384 3264 2576 3323 omnia
2597 3262 2935 3340 simpliciter

527 3346 720 3403 futura
767 3344 1093 3420 pertineret,
1145 3342 1247 3400 sed
1303 3341 1376 3399 ad
1434 3363 1504 3400 ea
1547 3363 1676 3419 quae
1725 3344 1871 3402 ratio
1917 3343 2096 3421 ipsius
2162 3344 2349 3420 officii,
2404 3353 2463 3403 et
2531 3343 2735 3402 salutis
2798 3361 2931 3399 nos·

526 3432 630 3481 trae
673 3422 968 3497 exigebat,
1034 3420 1187 3478 unde
1257 3419 1466 3480 dicitur
1514 3423 1830 3481 nescivisse
1888 3423 2041 3481 diem
2101 3423 2325 3501 judicii,
2399 3424 2581 3481 Marc.
2651 3422 2758 3480 xiii
2826 3424 2922 3479 32.

525 3504 583 3558 4.
655 3498 808 3556 Aliis
881 3498 1127 3574 Spiritus
1158 3498 1418 3572 dabatur,
1484 3500 1585 3557 sed
1656 3500 1730 3558 ad
1788 3521 2150 3578 mensuram3
2246 3503 2362 3562 Sed
2430 3503 2653 3584 ἅμέτςυς
2702 3501 2931 3559 Christo

530 3579 715 3651 datur,
768 3577 906 3635 Joh.
956 3576 1036 3633 iii.
1068 3579 1163 3634 34.
1219 3576 1465 3654 Spiritus
1513 3579 1806 3655 quiescere
1834 3579 2045 3639 dicitur
2082 3601 2251 3659 super
2292 3582 2479 3660 ipsum
2509 3603 2639 3641 cum
2669 3580 2935 3640 omnibus

530 3657 698 3715 donis
727 3655 863 3730 suis,
914 3655 1030 3714 Isa.
1052 3655 1132 3712 xi.
1181 3657 1232 3730 1,
1278 3660 1333 3713 2.
1378 3656 1659 3715 Thesauri
1701 3658 1955 3718 scientiae
1982 3668 2040 3718 et
2081 3661 2478 3738 intelligentiae
2520 3662 2579 3719 in
2628 3662 2755 3738 ipso
2803 3666 2937 3717 sunt

529 3733 869 3830 absconditi,
902 3734 1023 3792 Col.
1054 3733 1111 3792 ii.
1143 3737 1199 3792 3.
1281 3737 1337 3793 5.
1369 3733 1491 3793 Alii
1521 3736 1596 3794 ad
1626 3746 1843 3796 certum
1888 3747 2117 3816 tempus
2158 3749 2455 3815 vocantur,
2489 3741 2751 3799 Christus
2794 3757 2934 3796 vero

529 3835 588 3874 ιιι
633 3824 925 3874 aeternum.

612 3893 863 3952 XVIII.
908 3891 1063 3951 Aliis
1119 3897 1406 3975 πολυμιςῢς
1437 3902 1495 3953 et
1521 3896 1839 3977 mam-ebruc
1881 3898 2058 3956 variis
2088 3898 2363 3975 gradibus
2408 3905 2466 3958 et
2520 3897 2709 3957 modis
2773 3898 2934 3955 Deus

531 3994 593 4033 se
620 3973 1016 4052 patefaciebat,
1063 3993 1165 4050 per
1191 3974 1446 4033 visiones
1488 3983 1546 4034 et
1575 3977 1814 4052 somnia,
1855 3997 1958 4055 per
1984 3977 2343 4036 immediatas
2388 3986 2447 4037 et
2490 3996 2727 4037 arcanas
2756 3976 2932 4053 inspi—

531 4054 798 4127 rationes,
846 4060 904 4111 et
932 4052 1122 4110 varios
1152 4053 1295 4112 alios
1333 4054 1552 4131 modos,
1584 4055 1795 4133 quibus
1823 4057 1921 4115 vel
1968 4057 2365 4134 vigilantibuS,
2397 4057 2497 4115 vel
2516 4056 2934 4116 dormientibus

532 4153 593 4192 se
623 4132 950 4207 exhibebat,
975 4132 1071 4189 vel
1100 4133 1364 4207 sensibus
1393 4134 1633 4193 internis
1661 4135 1720 4194 in
1749 4136 2068 4212 phantasia,
2100 4137 2196 4194 vel
2225 4136 2482 4195 externis
2504 4137 2816 4210 oculorum,
2837 4134 2938 4192 vel

531 4212 771 4285 aurium,
801 4210 898 4269 vel
941 4211 1122 4270 menti
1175 4211 1285 4289 ipsi
1333 4213 1712 4273 intellectuali
1738 4215 2258 4291 repraesentatione,
2299 4216 2359 4272 in
2407 4223 2576 4293 raptu
2621 4223 2680 4273 et
2724 4213 2931 4273 extasi.

534 4290 651 4351 Sed
694 4289 957 4349 Christus
1002 4290 1416 4367 perfectissime
1460 4294 1653 4351 omnia
1696 4293 1878 4369 novit,
1925 4314 2040 4352 non
2084 4314 2212 4371 quae
2253 4294 2487 4354 aliunde
2543 4294 2782 4371 accepit,
2828 4291 2934 4351 sed

570 4390 658 4428 uae
687 4369 808 4447 ipse
837 4368 986 4427 vidit
1007 4377 1064 4428 et
1090 4368 1317 4429 audivit
1343 4370 1403 4428 in
1432 4371 1563 4429 sinu
1587 4373 1793 4449 Patris,
1825 4373 1869 4432 J
1871 4374 1963 4433 oh.
1994 4373 2032 4431 i.
2068 4376 2159 4432 18.
2261 4374 2434 4433 Unde
2462 4373 2757 4448 revelati0,
2802 4391 2934 4450 quae

553 4458 681 4507 acta
725 4456 813 4507 est
855 4468 891 4506 a
920 4447 1148 4507 Christo
1169 4448 1501 4508 novissimis
1529 4450 1751 4526 diebus,
1798 4460 2070 4529 tanquam
2098 4452 2533 4531 perfectissima,
2585 4461 2757 4529 atque
2788 4451 2934 4510 adeo

528 4528 747 4602 ultima,
780 4526 1086 4605 opponitur
1124 4528 1301 4587 variis
1329 4529 1459 4589 aliis
1507 4531 1976 4610 revelationibus,
2027 4553 2156 4610 quae
2209 4553 2314 4611 per
2368 4534 2689 4612 Prophetas
2736 4531 2932 4590 locum

527 4606 860 4683 habuerant,
894 4606 1046 4665 Heb.
1077 4607 1114 4665 i.
1145 4611 1201 4666 2.
