3221 5200
508 338 626 396 482
921 401 928 416 ⁸
1321 355 1508 394 Locus
1540 352 1807 392 nselmus
1835 352 2120 395 ammes,
2563 338 2811 409 [QUAEST.
2845 352 2931 392 vi.

513 502 744 551 tantum
789 512 961 568 posse
1004 494 1285 563 resistere,
1329 495 1430 550 sed
1472 511 1589 549 non
1631 510 1799 565 posse
1828 509 1944 547 non
1989 490 2270 547 resistcre.
2356 490 2471 547 Sed
2517 491 2807 564 quaeritur
2835 492 2929 549 De

513 572 832 629 resistentia
883 572 1047 628 totali
1077 583 1130 629 et
1157 576 1447 647 completa,
1471 590 1573 627 seu
1603 572 1678 626 de
1718 570 2047 626 resistentioe
2067 589 2339 638 successu,
2384 570 2485 625 An
2510 569 2729 626 scilicet
2750 571 2933 627 homo

514 659 761 708 eatenus
790 651 1055 706 resistere
1084 651 1283 723 possit,
1313 651 1409 706 vel
1438 656 1573 706 actu
1604 648 1853 717 resistat,
1885 655 1953 704 ut
1979 648 2231 721 gratiam
2262 647 2460 704 vincat
2480 655 2540 703 et
2575 655 2829 720 superet,
2873 656 2934 706 et

512 730 794 786 voluntas
822 735 1061 785 maneat
1088 746 1319 803 semper
1339 729 1401 784 in
1424 727 1666 801 ancipiti
1684 730 1712 784 Ρ
1757 727 1933 793 Quod
1965 734 2235 783 asserunt
2268 726 2624 795 Adversarii,
2653 725 2787 782 Nos
2825 744 2929 782 ne-

556 826 744 864 amus.

513 826 554 881 g
596 885 672 942 V.
718 886 770 942 3.
815 885 958 942 Non
1000 885 1290 959 quaeritur
1334 884 1425 941 De
1460 883 1675 942 Gratia
1702 893 1933 940 aeterna
1962 894 2014 938 et
2051 883 2338 956 objectiva,
2371 882 2475 938 An
2520 884 2699 938 homo
2743 881 2930 954 possit

517 964 784 1019 resistere
817 964 1040 1031 Verb0,
1064 968 1124 1018 et
1167 962 1299 1019 aliis
1339 962 1548 1018 mediis
1581 962 1839 1018 externis
1869 980 1905 1018 a
1933 961 2159 1034 Spiritu
2208 963 2285 1017 ad
2326 960 2457 1032 ejus
2484 959 2931 1017 conversionem

516 1041 810 1097 adhibitis,
895 1040 1093 1097 Nemo
1123 1040 1279 1096 enim
1326 1047 1505 1113 negat
1544 1040 1618 1096 iis
1660 1040 1747 1097 ita
1774 1041 1849 1096 ab
1894 1039 2135 1095 homine
2183 1038 2371 1095 resisti
2421 1055 2609 1111 posse,
2661 1046 2730 1094 ut
2772 1056 2929 1112 saepe

516 1126 796 1175 maneant
823 1118 1060 1174 inutilia
1087 1126 1146 1175 et
1171 1118 1506 1175 inefficacia.
1592 1118 1708 1175 Sed
1739 1117 2031 1192 quaeritur
2057 1118 2131 1173 de
2154 1117 2353 1191 qratia
2375 1116 2601 1173 interna
2640 1127 2693 1172 et
2718 1118 2931 1191 subjec-

517 1196 651 1266 tiva,
686 1197 787 1251 An
818 1197 947 1253 Deo
976 1215 1108 1253 eam
1135 1197 1213 1253 ad
1242 1196 1685 1253 conversionem
1713 1196 2049 1264 adhibente,
2073 1196 2254 1250 homo
2275 1195 2361 1251 ita
2380 1194 2468 1249 illi
2494 1195 2769 1250 reluctari
2791 1214 2927 1270 pos-

518 1274 608 1343 sit,
641 1281 710 1329 ut
735 1281 984 1330 eventus
1012 1292 1190 1347 quem
1221 1274 1386 1330 Deus
1415 1273 1671 1329 intendit
1700 1292 1821 1329 non
1844 1280 2129 1346 sequatur
2152 1276 2174 1329 ἒ

602 1351 719 1408 VI.
764 1353 819 1408 4.
863 1351 925 1407 N
931 1370 1007 1407 on
1038 1351 1346 1425 quaeritur,
1381 1351 1481 1407 An
1505 1351 1699 1424 gratia
1728 1351 1804 1407 sit
1832 1350 2157 1406 resistibilis
2178 1357 2446 1423 respectu
2476 1349 2813 1406 intellectus
2833 1351 2933 1406 vel

517 1431 840 1486 affectuum
870 1451 884 1497 ;
931 1429 1223 1486 Fatentur
1249 1429 1408 1483 enim
1441 1428 1783 1485 Arminiani
1824 1428 2193 1484 intellectum
2234 1428 2493 1485 hominis
2533 1427 2824 1483 illustrari
2853 1428 2941 1483 ir-

517 1507 929 1575 resistibiliter,
957 1513 1017 1563 et
1043 1507 1171 1579 ejus
1202 1506 1448 1562 affectus
1476 1505 1917 1562 irresistibiliter
1944 1505 2203 1573 excitari,
2233 1514 2293 1562 et
2319 1508 2528 1578 gratiae
2556 1523 2731 1561 sensu
2761 1506 2932 1561 affici.

521 1585 638 1643 Sed
668 1585 868 1658 agitur
895 1586 969 1640 de
997 1585 1125 1640 sola
1152 1584 1484 1653 voluntate,
1514 1601 1697 1657 quam
1728 1585 2089 1657 pertendunt
2129 1583 2520 1640 resistibiliter
2547 1600 2775 1655 semper
2802 1601 2932 1639 mo-

519 1663 665 1732 veri,
695 1668 766 1719 ut
791 1681 1062 1719 assensus
1091 1661 1221 1734 ejus
1249 1669 1487 1718 maneat
1530 1679 1758 1735 semper
1797 1661 1948 1716 liber
1973 1683 1984 1717 ε
2029 1661 2176 1717 Dari
2219 1662 2462 1734 quidem
2490 1659 2934 1717 irresistibiliter

521 1741 675 1796 vires
704 1740 980 1796 credendi
1009 1746 1070 1795 et
1097 1758 1157 1795 se
1185 1740 1588 1807 convertendi,
1621 1741 1723 1795 sed
1753 1739 2173 1812 actum‘ipsum
2204 1739 2481 1795 credendi
2510 1746 2570 1794 et
2597 1756 2658 1795 se
2687 1756 2934 1794 eonver-

518 1819 684 1875 tendi
713 1836 883 1891 posse
922 1818 1048 1874 fieri
1076 1818 1173 1873 vel
1213 1817 1487 1890 impediri
1529 1818 1603 1872 ab
1645 1819 1912 1873 humana
1939 1818 2267 1885 voluntate,
2297 1817 2440 1890 quia
2467 1817 2681 1873 volunt
2721 1816 2808 1870 illi
2838 1816 2931 1872 in-

519 1915 643 1953 esse
665 1897 1036 1952 essentialem
1061 1900 1317 1967 άδιαφοςίω
1346 1896 1420 1951 ad
1440 1895 1697 1968 gratiam
1720 1894 2152 1950 admittendam
2172 1896 2267 1950 vel
2286 1896 2695 1968 respuendam.
2744 1894 2927 1960 Quod

520 1983 590 2030 ut
617 1974 998 2030 falsissimum
1028 1991 1151 2029 esse
1180 1991 1289 2029 suo
1331 1973 1463 2029 loco
1506 1974 1981 2029 demonstratum
2007 1994 2021 2041 ;
2070 1971 2167 2029 Ita
2207 1972 2580 2029 resistibilem
2609 1974 2723 2028 hoc
2750 1990 2926 2028 sensu

521 2051 780 2126 gratiam
809 2051 1102 2108 efficacem
1132 2069 1254 2106 esse
1282 2069 1696 2124 pernegamus.

602 2129 760 2187 VII.
808 2128 1078 2196 Quaestio
1106 2146 1249 2201 ergo
1276 2147 1348 2184 eo
1382 2128 1554 2196 redit,
1588 2128 1687 2185 An
1713 2130 1929 2185 modus
1959 2128 2319 2202 operat-ionis
2345 2128 2553 2201 gratiae
2582 2128 2826 2185 efficacis
2855 2129 2934 2185 sit

522 2226 751 2280 semper
792 2206 1164 2263 resistibilis3
1231 2206 1306 2262 Id
1349 2215 1453 2276 est,
1496 2206 1596 2263 An
1646 2207 1854 2281 positis
1895 2205 2168 2263 omnibus
2211 2207 2658 2278 operationibus
2697 2206 2925 2279 gratim,

521 2285 738 2358 quibus
766 2287 842 2342 ad
872 2284 1313 2341 conversionem
1343 2285 1404 2340 in
1429 2284 1599 2340 nobis
1626 2284 1992 2341 efficiendam
2024 2284 2187 2340 Deus
2210 2284 2420 2352 utitur,
2449 2291 2690 2341 maneat
2717 2293 2920 2340 tamen

520 2364 653 2437 ipsa
679 2363 983 2419 conversio
1014 2362 1097 2417 ita
1124 2362 1186 2416 in
1215 2369 1506 2436 potestate
1547 2362 1824 2433 hominis,
1854 2370 1924 2419 ut
1961 2362 2149 2435 possit
2176 2361 2401 2418 obicem
2432 2380 2649 2435 ponere
2678 2362 2771 2417 vel
2802 2379 2922 2418 non

520 2458 760 2515 ponere,
789 2441 869 2495 id.
921 2457 1054 2495 eam
1102 2439 1356 2512 recipere
1385 2439 1481 2494 vel
1526 2439 1782 2510 rejicere,
1814 2447 1993 2512 atque
2035 2440 2120 2494 ita
2167 2456 2227 2493 se
2275 2445 2632 2507 convertere,
2663 2440 2759 2495 vel
2806 2457 2926 2495 non

522 2520 901 2575 convertere?
946 2516 1127 2581 Quod
1155 2518 1372 2572 volunt
1400 2515 1771 2585 Adversarii,
1794 2516 1925 2572 Nos
1953 2534 2093 2571 vero
2122 2533 2441 2586 negamus;
2477 2516 2612 2570 Imo
2633 2517 2934 2589 pertendi·

521 2614 655 2651 mus
681 2594 934 2667 gratiam
965 2593 1255 2649 efficacem
1284 2592 1367 2648 ita
1394 2592 1457 2648 in
1486 2591 1726 2650 homine
1755 2591 2004 2665 operari,
2035 2599 2104 2648 ut
2140 2592 2279 2648 licet
2300 2611 2436 2647 non
2468 2592 2655 2664 possit
2681 2611 2803 2649 non
2842 2614 2935 2651 re·

522 2673 722 2728 sistere
751 2672 826 2726 ab
854 2670 1042 2735 initio,
1065 2687 1376 2741 nunquam
1398 2677 1598 2724 tamen
1618 2675 1862 2725 eatenus
1884 2668 2130 2737 resistat,
2150 2675 2220 2724 ut
2240 2687 2371 2724 eam
2390 2668 2647 2724 finaliter
2664 2680 2925 2742 superet,

521 2755 581 2805 et
608 2765 758 2821 opus
785 2746 1184 2803 conversionis
1212 2746 1512 2818 impediat.

520 2866 704 2909 Gratim
769 2864 994 2908 irresisti-
1119 2822 1314 2881 VIII.
1361 2822 1646 2880 Rationes
1674 2831 1841 2881 sunt:
1880 2823 1930 2880 1.
1961 2824 2021 2878 A
2062 2835 2237 2898 parte
2278 2824 2534 2881 hominis.
2568 2824 2728 2891 Quia
2754 2830 2931 2885 totali

581 2924 745 2968 bilitas
826 2924 995 2978 proba-
1035 2907 1096 2957 et
1123 2900 1343 2958 invicta
1370 2902 1603 2957 laborat
1631 2902 1709 2958 ad
1732 2902 1953 2958 bonum
1978 2900 2345 2975 impotentia,
2366 2910 2436 2960 ut
2453 2902 2585 2959 fuse
2609 2904 2931 2977 probatum

582 2989 667 3027 tur
685 2994 709 3052 ἦ
730 2980 769 3052 1,-
793 2983 832 3026 A
858 2986 996 3038 parte
1036 2987 1125 3037 est
1180 2980 1319 3037 Loc.
1354 2979 1428 3037 X.
1465 2979 1581 3046 Qu.
1614 2979 1692 3036 iv.
1743 2998 1876 3053 quae
1925 2981 2105 3036 modo
2147 2999 2252 3055 per
2293 2989 2561 3051 mortem,
2603 2982 2784 3037 modo
2826 3002 2934 3056 per

580 3041 822 3091 ¹³⁰¹¹¹¹¹¹¹³³
1038 3058 1380 3127 caecitatem,
1409 3059 1591 3114 modo
1621 3076 1725 3132 per
1765 3077 1865 3115 cor
1904 3059 2230 3133 lapideum,
2262 3066 2321 3116 et
2349 3059 2571 3116 similes
2599 3059 2932 3117 locutiones

522 3138 892 3214 exprimitur,
916 3157 1070 3212 quae,
1101 3145 1169 3194 ut
1190 3137 1318 3194 sola
1346 3136 1619 3193 suasione
1650 3136 1858 3194 morali
1887 3138 2216 3211 expugnari
2258 3157 2378 3194 non
2405 3144 2617 3211 potest,
2647 3157 2779 3211 quae
2827 3139 2931 3195 ob-

516 3217 733 3294 jective
782 3224 1016 3273 tantum
1059 3215 1201 3289 agit,
1233 3217 1335 3272 sed
1365 3216 1488 3271 vim
1529 3215 1997 3289 omnipotentem
2024 3216 2289 3290 requirit,
2334 3235 2467 3290 quae
2497 3217 2761 3273 effective
2790 3235 2929 3290 ope-

524 3303 688 3353 retur
715 3295 762 3351 si
791 3313 911 3351 non
938 3294 1197 3368 physice,
1229 3301 1291 3350 at
1318 3294 1852 3366 supernaturaliter
1898 3299 1959 3349 et
1985 3293 2202 3361 divine,
2250 3295 2349 3351 Ita
2375 3293 2526 3351 nihil
2555 3294 2837 3368 supponit
2863 3294 2926 3350 in

521 3372 781 3440 homine,
811 3389 932 3443 quo
961 3371 1215 3443 recipere
1259 3371 1513 3442 gratiam
1559 3371 1763 3444 possit,
1791 3378 1853 3427 et
1899 3390 1973 3426 ex
2022 3371 2319 3428 resistibili
2368 3374 2658 3430 efficacem
2700 3373 2928 3429 reddat.

527 3450 821 3515 Quaenam
849 3448 1007 3502 enim
1035 3447 1341 3519 dispositio
1370 3447 1431 3502 in
1461 3454 1701 3504 mortuo
1731 3449 1808 3504 ad
1837 3448 2181 3518 vivendum,
2206 3449 2267 3505 in
2296 3469 2449 3507 eaeco
2477 3451 2555 3507 ad
2586 3449 2929 3518 videndum,

525 3527 588 3581 in
617 3524 814 3596 lapide
844 3524 920 3578 ad
969 3523 1345 3578 sentiendum
1394 3524 1524 3579 dari
1572 3528 1811 3595 potest?
1895 3524 1975 3580 Et
2002 3532 2071 3580 ut
2109 3527 2187 3581 ad
2230 3545 2511 3585 sensuum
2560 3526 2930 3599 operationes

525 3602 768 3676 quando
797 3605 1087 3671 corruptae
1117 3605 1278 3666 sunt,
1306 3617 1427 3654 non
1471 3601 1685 3656 sufficit
1713 3601 1928 3673 objecti
1957 3603 2300 3674 propositiO,
2329 3607 2432 3662 sed
2473 3604 2798 3678 requiritur
2825 3622 2931 3660 an-

523 3679 859 3737 tecedenter
900 3675 1198 3733 facultatis
1226 3675 1410 3748 ipsius
1437 3675 1661 3735 vitiatae
1690 3678 1936 3747 sanati0,
1964 3685 2034 3734 ut
2056 3679 2356 3752 objectum
2378 3683 2487 3739 rite
2510 3682 2932 3756 apprehendat,

524 3766 585 3817 et
611 3764 810 3814 actum
832 3773 1007 3811 suum
1025 3753 1241 3821 eliciat,
1266 3760 1333 3809 ut
1351 3771 1533 3826 supra
1556 3756 1674 3822 Qu.
1715 3754 1791 3810 iv.
1832 3762 2154 3825 ostensum,
2202 3757 2301 3815 Ita
2320 3759 2383 3816 in
2400 3759 2789 3817 facultatibus
2806 3759 2933 3815 ani-

524 3857 635 3895 mae
659 3833 960 3892 rationalis
976 3850 1080 3906 per
1095 3838 1402 3906 peccatum
1414 3834 1724 3908 corruptis,
1737 3851 1858 3890 non
1877 3833 2091 3890 suflicit
2101 3835 2315 3908 objecti
2333 3837 2658 3911 propositio
2676 3837 2937 3906 moralis,

526 3912 849 3990 requiritur
877 3911 1117 3985 insuper
1143 3909 1444 3967 facultatis
1472 3920 1761 3987 corruptae
1785 3911 2091 3969 renovatio
2109 3913 2315 3971 efficax
2341 3916 2585 3988 physica
2613 3915 2708 3971 vel
2735 3914 2937 3988 potius

527 3989 977 4068 hyper-physica.

935 4116 973 4139 .,
1127 4064 1248 4124 ΙΧ.
1297 4067 1369 4123 ,2.
1402 4066 1460 4123 Α
1485 4067 1668 4127 Parte
1690 4069 1812 4127 Dei
1835 4071 2233 4129 convertentis..
2270 4072 2432 4140 Quia
2458 4091 2591 4130 eam
2618 4070 2937 4128 efficaciam

555 4118 598 4162 ²·
622 4119 666 4162 A
692 4117 837 4160 Parte
859 4116 973 4231 ¹³⁸⁰*
1005 4150 1065 4199 et
1105 4145 1436 4218 potentiam
1466 4148 1710 4205 adhibet
1738 4148 1801 4204 in
1819 4150 1932 4205 hoc
1954 4166 2147 4221 opere,
2179 4169 2311 4224 quae
2329 4151 2506 4224 plane
2535 4159 2614 4207 sit
2630 4149 2937 4222 insupera-

528 4221 682 4289 bilis,
713 4238 844 4293 quae
886 4220 1023 4277 ldeo
1065 4224 1375 4296 phrasibus
1416 4231 1828 4292 ίμφαα-ωωτάτως,
1859 4234 1919 4284 et
1958 4244 2093 4299 quae
2135 4228 2257 4285 vim
2297 4229 2575 4285 invictam
2617 4235 2678 4285 et
2716 4244 2941 4284 sueces-

530 4317 665 4356 sum
691 4297 1070 4356 infallibilem
1096 4300 1436 4375 importent,
1466 4304 1839 4374 describitur,
1870 4311 1939 4360 ut
1966 4322 2156 4377 quum
2186 4307 2405 4364 dicitur
2420 4307 2692 4364 homines
2721 4325 2935 4375 creare,

533 4375 798 4443 Psa1.1i.‚
821 4376 855 4431 2
881 4374 1013 4432 Cor.
1063 4395 1120 4434 V.
1170 4379 1260 4448 17,
1308 4380 1459 4455 Eph.
1505 4380 1564 4438 ii.
1599 4383 1710 4452 10;
1753 4402 2114 4457 reymerare,
2156 4383 2197 4441 J
2203 4386 2299 4442 oh.
2330 4385 2408 4440 iii.
2440 4384 2495 4454 5,
2541 4385 2655 4443 Tit.
2699 4384 2780 4440 iii.
2813 4383 2868 4453 5,
2903 4384 2934 4441 1

532 4452 660 4510 Pet.
685 4453 721 4509 i.
754 4452 825 4519 3;
869 4455 1222 4525 resuscitare,
1267 4457 1419 4531 Eph.
1449 4459 1486 4515 i.
1521 4459 1614 4529 19,
1646 4461 1740 4529 20,
1769 4469 1831 4517 et
1849 4461 1911 4517 ii.
1939 4460 1995 4534 4,
2023 4460 2077 4531 5,
2105 4461 2232 4520 Col.
2252 4463 2347 4532 ii.;
2379 4484 2477 4522 cor
2517 4463 2808 4538 lapideum
2831 4482 2937 4517 au-

518 4531 688 4603 ferre
729 4541 780 4618 et
820 4552 1090 4590 carneum
1131 4535 1294 4603 dare,
1340 4535 1511 4593 Ezec.
1555 4538 1799 4608 xxxvi.;
1861 4542 2110 4609 trahere,
2174 4539 2215 4597 J
2220 4542 2317 4598 oh.
2361 4542 2437 4598 vi.
2481 4542 2576 4598 44.
2663 4540 2755 4599 Ut
2792 4557 2939 4613 ergo

535 4612 777 4675 creanti,
806 4612 1131 4681 generanti,
1162 4612 1488 4684 suscitanti,
1519 4633 1695 4673 nemo
1738 4617 2003 4677 resistere
2045 4625 2278 4694 potest;
2325 4619 2423 4677 Ita
2454 4638 2560 4678 nec
2589 4620 2718 4678 Deo
2747 4618 2946 4676 homi-
