3221 5200
221 348 455 396 QUAEST.
490 329 600 410 vn]
1089 349 1165 387 nr.
1211 347 1543 389 VOCATmNE
1588 348 1661 386 ΕΤ
1704 349 1860 387 mor..
2524 332 2643 391 489

224 490 607 548 nihilominus
656 490 729 547 ad
776 488 1024 547 officium
1071 489 1483 565 praescriptum,
1515 497 1574 547 et
1624 509 1818 547 eorum
1870 488 2209 565 impotentia
2238 490 2564 548 voluntaria
2592 501 2651 550 et

227 571 501 629 affectata
531 589 631 628 eos
660 589 937 627 excusare
966 588 1081 625 non
1111 568 1316 644 potuit.

317 651 533 708 XXV.
602 653 637 682 ‘⁴
659 649 825 708 Oculi
880 649 954 706 ad
1016 648 1348 721 videndum,
1394 657 1452 706 et
1510 668 1676 706 aures
1735 648 1810 705 ad
1868 647 2278 722 audiendum,''
2322 648 2394 706 de
2436 649 2649 725 quibus

230 732 408 789 Ezec.
454 731 554 788 xii.
600 735 654 803 2,
700 729 907 804 agitur,
952 748 1068 786 non
1110 736 1352 803 possunt
1393 737 1590 786 notare
1635 727 2029 786 conversionis
2071 728 2334 803 gratiam,
2381 749 2480 786 seu
2512 748 2645 787 ocu-

230 811 327 868 los
369 811 521 883 fidei,
567 809 702 886 quia
742 809 956 867 ibidem
1001 807 1233 865 additur
1275 808 1345 865 de
1388 810 1552 866 domo
1593 810 1840 882 Israelis,
1873 807 2029 883 quod
2072 808 2147 865 sit
2189 811 2383 866 domus
2410 810 2642 885 rebelles,

229 911 365 968 quae
408 910 511 966 per
551 908 908 965 consequens
950 887 1180 945 oculum
1223 887 1357 944 fidei
1401 908 1516 945 non
1556 888 1776 946 habuit.
1864 888 1982 945 Sed
2024 896 2225 945 notant
2265 897 2487 947 tantum
2518 909 2646 947 ocu-

232 975 318 1029 los
347 971 556 1044 mentis,
589 989 690 1027 seu
734 967 1096 1043 intelligendi
1139 975 1196 1025 et
1239 967 1588 1044 percipiendi
1632 988 1699 1026 ea
1741 987 1869 1043 quae
1912 967 2378 1043 proponebantur
2405 968 2645 1026 faculta-

229 1060 370 1124 tem,
416 1071 531 1126 qua
572 1049 800 1127 propria
826 1047 1047 1105 malitia
1071 1047 1159 1104 uti
1186 1046 1477 1104 nolebant.
1564 1047 1731 1104 Alias
1761 1047 1807 1104 si
1842 1048 2001 1104 Deus
2029 1047 2283 1104 dedisset
2303 1048 2419 1105 illis
2449 1049 2649 1106 oculos

231 1141 293 1188 et
337 1151 503 1188 aures
547 1128 872 1206 spirituales
914 1127 1051 1185 novi
1094 1127 1361 1199 hominis,
1406 1146 1519 1183 non
1565 1127 1889 1202 potuissent
1931 1147 2044 1183 non
2088 1126 2284 1185 videre
2341 1137 2398 1185 et
2425 1128 2644 1186 audire.

235 1211 361 1268 Nec
405 1210 470 1283 si,
506 1211 679 1267 Dent.
726 1207 890 1265 xxix.
939 1210 993 1280 4,
1026 1207 1176 1264 oculi
1221 1207 1295 1264 ad
1325 1206 1656 1279 videndum,
1688 1216 1746 1263 et
1787 1227 1954 1264 aures
1983 1206 2057 1263 ad
2085 1206 2450 1282 audiendum,
2502 1227 2647 1283 quas

232 1291 556 1366 denegasse
586 1289 796 1346 dicitur
811 1287 1041 1364 popu10,
1064 1286 1392 1362 significant
1408 1286 1859 1363 regenerationis
1888 1287 2149 1362 gratiam,
2183 1288 2442 1363 sequitur
2468 1297 2526 1345 et
2554 1287 2649 1346 hic

232 1370 440 1427 eodem
471 1389 642 1426 sensu
674 1368 838 1438 sumi,
870 1367 1005 1442 quia
1033 1366 1475 1424 circumstantiae
1506 1375 1642 1424 sunt
1671 1365 1932 1423 diversae.

319 1449 570 1507 XXVI.
618 1447 799 1505 Aliud
849 1456 938 1504 est
989 1447 1114 1502 Deo
1163 1447 1419 1504 monenti
1463 1455 1522 1504 et
1565 1445 1799 1504 vocanti
1848 1453 2084 1503 externe
2114 1446 2415 1519 resistere3
2463 1446 2647 1505 Aliud

231 1529 670 1586 conversionem
701 1526 1036 1596 intendenti,
1069 1533 1128 1583 et
1148 1525 1456 1584 efficaciter
1483 1546 1549 1583 ac
1581 1527 1799 1583 interne
1831 1525 2079 1583 vocanti.
2168 1526 2336 1583 Prius
2355 1527 2647 1602 asseritur,

236 1610 353 1668 Isa.
386 1609 507 1667 lxv.
539 1613 594 1682 2,
622 1612 675 1679 3,
707 1626 886 1682 quum
915 1605 1055 1663 dicit
1087 1605 1375 1681 Propheta
1421 1609 1455 1638 “
1478 1626 1538 1663 se
1569 1605 1915 1681 expandisse
1947 1614 2067 1663 tota
2089 1605 2181 1662 die
2211 1625 2413 1663 manus
2442 1605 2515 1662 ad
2544 1627 2645 1683 po-

230 1689 432 1765 pulum
463 1687 851 1764 perversum,”
884 1683 992 1742 &a
1078 1685 1208 1742 Non
1231 1685 1532 1760 posterius.
1617 1686 1920 1760 Expansio
1948 1686 2299 1741 brachiorum
2332 1693 2492 1742 notat
2521 1687 2646 1762 qui-

232 1768 365 1826 dem
411 1767 681 1824 blandam
713 1775 770 1824 et
818 1765 1156 1822 benevolam
1208 1765 1318 1822 Dei
1349 1765 1765 1838 invitationem,
1818 1784 1931 1839 qua
1974 1764 2105 1820 illos
2134 1763 2494 1821 extrinsecus
2524 1766 2647 1822 sive

233 1847 451 1920 Verb0,
512 1848 634 1904 sive
684 1845 978 1903 beneficiis
1026 1844 1332 1918 alliciebat,
1383 1865 1500 1901 non
1549 1843 1725 1900 semel
1770 1852 1940 1919 atque
1972 1843 2194 1915 iterum,
2248 1842 2349 1899 sed
2391 1844 2648 1918 quotidie

233 1927 554 1984 ministerio
605 1927 914 1983 Servorum
960 1942 1189 1981 suorum
1241 1944 1340 1981 eos
1396 1921 1814 1998 compellando,
1905 1922 2019 1980 Sed
2061 1942 2175 1979 non
2218 1930 2409 1997 potest
2452 1922 2644 2000 desig·

233 2027 372 2064 nare
430 2013 721 2083 potentem
782 2012 841 2060 et
902 2003 1190 2060 efficacem
1254 2002 1662 2077 operationem,
1729 2021 1843 2078 qua
1907 2002 2200 2059 brachium
2255 2002 2490 2058 Domini
2532 2002 2650 2060 illis

233 2086 540 2157 revelatur,
593 2084 691 2160 qui
738 2081 1018 2139 docentur
1060 2101 1094 2137 a
1146 2083 1271 2138 Deo
1300 2091 1356 2140 et
1387 2083 1691 2140 trahuntur
1731 2102 1766 2138 a
1791 2081 1977 2153 Patre,
2010 2090 2067 2139 et
2094 2101 2196 2157 per
2224 2101 2393 2156 quam
2441 2082 2653 2141 dicitur

237 2185 298 2222 se
344 2163 682 2240 patefecisse
731 2161 803 2218 iis
848 2160 947 2235 qui
996 2180 1111 2217 nou
1163 2161 1613 2237 interrogabant,
1662 2169 1720 2218 et
1764 2160 2063 2218 inventum
2110 2161 2184 2217 ab
2233 2161 2303 2216 iis
2333 2161 2431 2237 qui
2461 2162 2647 2237 ipsum

234 2263 352 2300 non
397 2242 746 2319 quaerebant,
800 2239 956 2315 quod
1005 2240 1075 2296 de
1124 2240 1398 2298 Gentium
1449 2238 1772 2298 Vocatione
1821 2240 2035 2298 efficaci
2087 2239 2314 2298 dixerat
2344 2240 2649 2317 Propheta,

238 2342 359 2380 ver.
398 2325 448 2380 l.

320 2401 604 2460 XXVII.
651 2399 946 2474 QuamviS,
982 2399 1189 2458 Matth.
1217 2399 1378 2456 xxiii.
1413 2402 1506 2470 37,
1554 2400 1819 2457 Christus
1862 2399 2197 2476 profiteatur
2248 2403 2282 2432 ‘⁴
2306 2421 2366 2458 se
2395 2401 2650 2460 voluisse

235 2501 586 2557 congregare
615 2481 767 2537 filios
797 2478 1141 2553 Jerusalem,
1173 2488 1231 2536 et
1259 2498 1384 2536 eam
1409 2480 1662 2537 noluisse
1686 2481 1739 2538 :⁹⁹
1788 2480 1917 2537 Non
1948 2480 2206 2556 sequitur
2228 2480 2488 2539 Gratiam
2519 2501 2646 2539 esse

237 2560 620 2621 resistibilem.
710 2563 761 2618 1.
808 2558 958 2633 Quia
985 2559 1315 2618 ‚Jerusalem
1355 2559 1448 2617 hic
1478 2568 1673 2637 aperte
1719 2559 2095 2636 distinguitur
2136 2579 2169 2617 a
2198 2560 2394 2619 liberis
2426 2562 2561 2636 suia,
2594 2570 2653 2621 et

235 2663 338 2719 per
366 2662 490 2700 eam
521 2649 794 2700 notantur
827 2639 1109 2713 SenioreS‚
1163 2640 1395 2713 Seribae,
1451 2640 1807 2714 Sacerdotes,
1862 2650 1918 2698 et
1967 2640 2067 2697 alii
2114 2640 2401 2699 Primores
2453 2643 2647 2723 Urbis,

238 2723 336 2798 qui
366 2743 400 2779 a
428 2722 635 2799 potiori
693 2719 920 2777 nomine
954 2720 1218 2777 Civitatis
1264 2721 1565 2794 donantur,
1600 2729 1663 2778 ut
1708 2721 1918 2779 Matth.
1968 2721 2026 2779 ii.
2063 2723 2113 2794 1,
2146 2724 2200 2793 3,
2233 2722 2418 2797 etqui
2450 2725 2652 2789 Patres

235 2803 433 2860 haberi
464 2801 738 2860 volebant
766 2799 983 2877 populi.
1071 2799 1192 2858 Nec
1221 2800 1362 2858 dicit
1408 2801 1672 2858 Christus
1717 2821 1817 2859 eos
1846 2821 1992 2877 quos
2042 2820 2393 2877 congregare
2444 2809 2647 2885 voluit,

238 2881 578 2956 congregari
605 2881 877 2938 noluisse.
970 2878 1084 2936 Sed
1114 2888 1336 2938 tantum
1367 2881 1696 2938 Jerusalem
1747 2881 2001 2938 noluisse
2052 2882 2391 2955 congregari
2440 2885 2652 2949 liberos

237 2980 387 3033 suos,
422 2971 501 3012 καὶ
518 2969 595 3013 01:ae
619 2969 857 3015 idumeam
906 2968 964 3015 et
991 2960 1256 3031 noluistis,
1288 2960 1555 3017 nimirum
1586 2981 1694 3017 vos
1719 2961 2024 3018 Primores.
2098 2960 2294 3034 Atque
2325 2960 2405 3019 ita
2457 2968 2648 3027 Chris-

237 3048 330 3096 tus
359 3058 474 3094 non
504 3046 617 3095 tam
650 3039 911 3113 queritur
939 3036 1009 3093 de
1041 3037 1111 3093 iis
1140 3039 1238 3112 qui
1268 3039 1457 3095 vocati
1487 3058 1603 3095 non
1633 3048 1926 3111 venerant,
1959 3059 2127 3114 quam
2161 3039 2231 3094 dc
2262 3039 2350 3111 iis,
2382 3046 2482 3117 qui
2511 3048 2649 3107 alio-

239 3138 361 3175 rum
393 3116 683 3174 vocationi
712 3126 988 3192 quantum
1020 3124 1329 3191 potuerunt
1378 3117 1741 3191 obstiterunt,
1792 3119 2016 3175 sublata
2065 3118 2227 3173 clave
2285 3124 2649 3204 cognitionis,
2686 3156 2697 3169 ·

237 3218 341 3256 nec
371 3195 713 3254 introeundo
744 3196 936 3271 quoad
967 3214 1044 3269 se,
1078 3203 1141 3265 et,
1154 3194 1297 3253 alios
1327 3196 1426 3272 qui
1458 3196 1787 3269 introibant,
1822 3196 1897 3253 id.
1929 3196 2027 3271 qui
2058 3195 2290 3253 introire
2322 3201 2647 3282 studebant,

238 3285 512 3354 quantum
545 3276 601 3331 in
632 3276 774 3351 ipsis
803 3275 911 3333 fuit
941 3273 1315 3351 prohibendo,
1348 3283 1411 3332 ut
1429 3274 1690 3347 habetur,
1726 3275 1866 3333 Luc.
1891 3275 1970 3333 xi.
2004 3279 2098 3332 52.
2188 3275 2302 3333 Sed
2333 3298 2447 3338 non
2478 3284 2650 3348 desiit

237 3368 426 3415 tamen
458 3355 737 3427 ChristuS,
797 3375 911 3413 non
969 3354 1234 3412 obstante
1288 3355 1615 3412 resistentia
1673 3355 1995 3412 Primorum
2044 3355 2238 3430 Urbis,
2298 3377 2650 3441 congregare

240 3457 383 3514 quos
413 3436 614 3507 voluit,
647 3445 712 3494 ut
740 3436 995 3511 loquitur
1025 3433 1278 3509 August.
1313 3434 1516 3493 Enchi.
1571 3454 1695 3511 cap.
1749 3435 1925 3492 xcvii.
2011 3440 2066 3494 2.
2102 3435 2265 3493 Licet
2294 3458 2407 3497 non
2440 3444 2643 3505 distin-

239 3527 508 3594 gueretur
550 3516 876 3574 Jerusalem
919 3536 953 3572 a
1009 3514 1206 3572 liberis
1248 3515 1383 3588 suiS‚
1432 3514 1532 3572 sed
1560 3534 1665 3591 pro
1707 3515 1913 3573 incolis
1952 3516 2093 3592 ipsis
2144 3529 2478 3598 sumeretur,
2530 3546 2645 3587 non

238 3605 567 3674 sequeretur
584 3616 682 3653 eos
703 3596 982 3654 restitisse
1006 3593 1206 3671 gratiae
1225 3594 1456 3667 efficaci,
1473 3603 1592 3652 tum
1615 3596 1750 3672 quia
1768 3616 1882 3653 non
1902 3604 2132 3653 notatur
2144 3596 2431 3659 Voluntas
2454 3604 2647 3667 decer-

239 3698 396 3747 nens,
431 3676 531 3733 sed
554 3676 907 3751 praeeipienS,
935 3695 1062 3750 quae
1083 3675 1303 3732 iteratis
1325 3676 1549 3733 vicibus
1575 3696 1675 3733 eos
1697 3685 1998 3734 monuerat
2025 3676 2193 3732 officii
2216 3679 2322 3751 sui,
2356 3689 2474 3742 tum
2509 3691 2646 3763 quia

239 3757 393 3813 aliud
425 3763 513 3813 est
541 3756 914 3830 conqreyatio‚
947 3754 1105 3812 aliud
1134 3756 1432 3813 conversio.
1519 3755 1633 3812 Illa
1660 3756 1909 3832 pertinet
1943 3756 2017 3812 ad
2046 3756 2422 3817 Vocationem
2455 3778 2641 3826 exter-

230 3855 376 3907 nam,
409 3854 523 3910 qua
550 3835 810 3891 homines
839 3856 941 3910 per
996 3835 1252 3892 Verbum
1284 3845 1711 3911 congregantur
1757 3835 1816 3891 in
1846 3855 2040 3906 unum,
2098 3843 2155 3891 et
2183 3836 2547 3902 adducuntur
2574 3851 2647 3908 ad

236 3913 689 3971 communionem
723 3914 1016 3970 Ecclesiae.
1103 3913 1225 3970 Ista
1279 3934 1417 3972 vero
1447 3915 1520 3971 ad
1578 3915 1875 3985 internam,
1935 3934 2062 3989 quae
2116 3913 2182 3969 fit
2210 3935 2312 3990 per
2344 3920 2615 3995 Spiritum

239 3994 326 4050 cui
349 3992 611 4049 homines
639 3992 901 4049 resistere
932 4001 1240 4068 nequeunt.
1327 3994 1588 4051 Christus
1619 4014 1756 4069 ergo
1781 3993 2012 4050 volebat
2033 3991 2261 4068 quidem
2295 4007 2357 4055 ut
2385 3976 2639 4070 facerent

239 4072 388 4149 quod
410 4071 669 4148 jubebat,
702 4071 763 4127 id
792 4080 895 4144 est,
928 4072 1037 4128 hoc
1066 4080 1292 4146 gratum
1323 4073 1588 4147 habebat,
1622 4082 1680 4130 et
1729 4073 2062 4131 decreverat
2107 4072 2276 4131 etiam
2308 4085 2633 4161 praecipere,

242 4153 352 4211 Sed
381 4152 613 4209 nolebat
642 4159 830 4208 tamen
889 4151 1078 4225 quoad
1108 4160 1395 4227 eventum,
1430 4152 1505 4210 id.
1537 4172 1651 4209 non
1703 4150 2036 4209 decreverat
2091 4172 2208 4208 rem
2240 4166 2369 4216 actu
2428 4163 2636 4229 debere

235 4233 368 4307 fieri,
427 4251 598 4308 quam
648 4230 1032 4308 praecipiebat.
1120 4231 1268 4287 Nam
1291 4232 1337 4289 si
1389 4231 1669 4289 voluisset
1697 4231 1861 4305 serio,
1883 4232 2044 4288 nulla
2090 4232 2237 4289 ratio
2286 4238 2471 4300 afferri
2500 4267 2631 4322 pos-

234 4322 330 4385 set,
363 4332 465 4369 cur
519 4310 856 4387 congregati
911 4330 1022 4367 non
1054 4310 1312 4384 fuissent,
1373 4311 1655 4388 siquidem
1706 4312 1830 4387 ejus
1860 4311 2142 4369 voluntati
2173 4332 2341 4375 nemo
2372 4324 2635 4390 resistere

268 4400 429 4449 otest.

230 4413 265 4468 p
311 4469 631 4527 XXVIII.
677 4471 866 4544 Quum
898 4471 1173 4529 Pharisaei
1204 4468 1488 4543 dicuntur,
1525 4471 1663 4528 Luc.
1695 4470 1794 4528 vii.
1820 4473 1914 4545 30,
1947 4480 2161 4527 ἀθετῆσαι
2190 4479 2486 4542 consilium
2521 4464 2637 4550 Dei

233 4558 284 4608 ἔκ
321 4557 499 4614 incurab.
555 4550 834 4608 “irritum
864 4551 1181 4609 reddidisse
1212 4558 1410 4605 contra
1466 4551 1743 4625 seipsosx,'’
1795 4572 1908 4607 non
1940 4550 2283 4625 intelligitur
2341 4559 2631 4630 Voluntas

231 4629 555 4701 decernens,
588 4648 716 4703 quae
749 4631 1120 4687 immutabilis
1149 4640 1236 4688 est
1266 4638 1322 4686 et
1346 4629 1756 4704 irrevocabilis,
1790 4632 1899 4688 Isa.
1932 4631 2073 4687 xlvi.
2111 4635 2201 4708 10,
2238 4636 2387 4700 Heb.
2422 4647 2496 4705 vi.
2535 4653 2625 4726 17,
