3221 5200
529 353 650 408 352
1292 368 1475 409 Locus
1504 368 1765 410 bacmos
1794 367 2084 417 Quaerus.
2561 346 2809 429 [Qufflsr.
2842 368 2956 409 vn.

525 518 769 568 vocatur
796 529 948 588 ppt-792,
985 509 1099 568 Isa.
1130 510 1340 568 xxxiii.
1371 514 1467 568 22.
1494 511 1570 568 Et
1588 509 1849 568 doctrina
1872 510 2085 568 Christi
2115 528 2275 568 suam
2306 508 2477 567 etiam
2499 508 2675 567 habet
2706 510 2949 585 Legem,

526 610 654 667 quae
683 590 854 647 fidem
886 601 944 649 et
972 589 1358 648 obedientiam
1389 592 1522 648 vitae
1541 590 1711 648 nobis
1738 590 2077 667 praescribit,
2109 610 2224 666 quo
2255 609 2426 647 sensu
2451 589 2578 647 Lex
2606 589 2951 648 subordina-

528 678 624 728 tur
651 670 993 747 EvangeliO,
1025 679 1084 728 et
1127 669 1513 748 Evangelium
1537 671 1747 748 -ipsum
1797 680 2038 729 vocatur
2084 671 2209 728 Lex
2238 669 2390 745 fidei,
2426 671 2551 727 Lex
2580 669 2741 747 regia
2766 670 2943 728 liber·

525 749 678 823 tatis,
714 751 839 809 Lex
875 750 1123 828 Spiritus
1153 760 1211 808 et
1255 753 1409 810 vitae.
1459 752 1637 809 Recte
1681 759 1873 808 tamen
1905 751 2102 809 Nostri
2132 759 2346 827 negant
2374 759 2574 808 contra
2604 750 2945 809 Pontificios

524 838 583 889 et
628 831 982 905 SocinianOS,
1037 830 1328 889 Christum
1357 851 1483 890 esse
1534 831 1970 909 Legislatorem,
2012 839 2296 907 quatenus
2348 830 2676 906 Legislator
2703 830 2945 889 denotat

525 909 687 968 illum
737 911 836 987 qni
866 911 975 969 fert
996 930 1178 968 novas
1199 912 1361 989 leges
1389 921 1446 971 et
1473 932 1628 969 nova
1649 920 1933 988 praecepta
1950 911 2206 984 moralia,
2231 931 2360 988 quae
2390 911 2447 967 in
2478 910 2603 987 ipsa
2633 911 2790 988 Lege
2822 930 2944 968 non

525 991 910 1066 continentur,
941 1010 1127 1068 neque
1157 991 1216 1048 in
1245 1013 1313 1050 ea
1342 1013 1508 1051 suum
1539 991 1974 1050 fundamentum
1993 991 2226 1050 habent.

609 1070 726 1128 IX.
773 1071 938 1128 Licet
963 1071 1109 1129 fides
1131 1071 1188 1128 in
1220 1071 1528 1147 Christum,
1554 1092 1683 1149 quae
1714 1073 1774 1129 in
1822 1072 2144 1148 Evangelio
2173 1070 2578 1148 praescribitur,
2609 1071 2793 1148 possit
2822 1070 2941 1129 dici

521 1170 675 1208 nova
703 1151 921 1209 ratione
946 1151 1173 1228 objecti,
1218 1153 1375 1229 quod
1423 1173 1457 1210 a
1507 1153 1630 1211 solo
1680 1152 2002 1229 Evangelio
2032 1152 2336 1224 revelatur,
2369 1151 2615 1227 pertinet
2643 1161 2835 1210 tamen
2864 1152 2942 1209 ad

525 1230 760 1307 Legem,
813 1231 1031 1290 ratione
1080 1241 1243 1290 actus
1290 1241 1349 1292 et
1377 1233 1766 1310 obligationiS,
1798 1234 1934 1309 quia
1977 1241 2240 1290 tenemur
2277 1230 2507 1288 credere
2542 1231 2666 1290 Deo
2695 1242 2754 1290 et
2781 1232 2940 1290 omni

520 1310 648 1387 ejus
704 1311 919 1369 VerbO.
967 1311 1389 1388 Resipiscentia
1444 1314 1618 1371 etiam
1675 1314 1923 1389 pertinet
1971 1311 2046 1370 ad
2096 1313 2331 1388 Legem,
2378 1330 2493 1368 non
2542 1321 2712 1388 prout
2753 1312 2939 1388 primo

522 1389 739 1448 homini
770 1390 877 1449 fuit
918 1392 1053 1466 lata,
1086 1392 1189 1450 sed
1216 1402 1386 1469 prout
1414 1393 1701 1470 peccatori
1729 1393 1988 1469 repetita,
2030 1400 2089 1451 et
2116 1392 2190 1450 ab
2222 1391 2544 1467 Evangelio
2573 1391 2858 1449 illustrata
2878 1402 2940 1450 et

519 1471 907 1546 materialiter,
933 1472 982 1529 si
1004 1491 1118 1530 non
1141 1472 1471 1548 formaliter,
1493 1474 1629 1550 quia
1650 1472 1881 1531 modum
1906 1471 2314 1549 resipiscentiae
2337 1471 2507 1529 docet
2525 1480 2582 1530 et
2598 1471 2939 1548 praescribit.

519 1588 564 1633 2.
639 1590 830 1634 Secund
956 1593 1003 1635 in
1127 1552 1211 1610 X.
1259 1553 1463 1612 Altera
1509 1573 1643 1630 pars
1673 1552 1856 1612 Officii
1902 1552 2248 1629 Prophetici,
2281 1560 2339 1609 et
2367 1551 2598 1627 quidem
2629 1553 2937 1629 praecipua,

577 1605 1004 1706 Evangeliia’prae-
1045 1641 1134 1691 est
1162 1635 1467 1710 Evanqelii
1480 1634 1836 1710 praedicati0‚
1869 1653 1971 1691 seu
1989 1632 2358 1690 annunciatio
2381 1632 2582 1708 gratiae
2610 1652 2713 1708 per
2742 1632 2937 1690 Chris-

577 1708 849 1761 d¹⁰²¹⁵⁰¹¹⁰³
1046 1721 1168 1771 tum
1199 1713 1406 1772 allatae.
1495 1713 1666 1773 Unde
1699 1713 2086 1789 Evangelium
2135 1721 2374 1770 vocatur
2417 1713 2676 1770 doctrina
2707 1713 2935 1787 Christi,

523 1793 658 1852 Act.
689 1793 811 1851 xiii.
847 1796 937 1867 12,
969 1800 1028 1851 et
1059 1793 1272 1853 Christi
1317 1795 1697 1868 testimonium,
1735 1796 1761 1850 1
1791 1795 1920 1852 Cor.
1952 1792 1989 1850 i.
2021 1796 2075 1866 6,
2123 1793 2309 1869 Apoc.
2339 1792 2376 1850 i.
2409 1796 2464 1849 2.
2551 1792 2682 1850 Non
2711 1801 2940 1851 tantum

520 1874 658 1950 quia
687 1873 951 1932 Christus
1006 1882 1094 1932 est
1139 1874 1432 1953 proprium
1480 1874 1650 1932 istius
1694 1873 1967 1932 doctrinae
2011 1873 2318 1949 objectum,
2372 1876 2400 1929 1
2434 1874 2566 1931 Cor.
2614 1872 2675 1932 ii.
2726 1877 2779 1947 2,
2832 1873 2938 1931 sed

519 1954 694 2012 etiam
743 1954 880 2030 quia
928 1961 1017 2012 est
1061 1957 1189 2033 ejus
1234 1975 1408 2012 causa
1455 1954 1788 2031 principalis
1832 1962 1891 2012 et
1919 1953 2224 2029 primarius
2254 1952 2502 2010 Author.
2548 1953 2936 2029 Evangelium

519 2043 712 2092 autem
769 2033 862 2092 hic
912 2054 1027 2091 non
1077 2035 1456 2112 intelligimus
1502 2035 1620 2092 late
1669 2054 1772 2110 pro
1815 2033 2073 2109 qualibet
2120 2033 2499 2110 promissione
2556 2033 2773 2110 gratiae,
2805 2053 2937 2110 quae

519 2114 695 2171 etiam
745 2114 805 2171 iu
833 2114 911 2172 V.
953 2113 1020 2172 Τ.
1066 2116 1258 2175 locum
1288 2115 1527 2188 habuit;
1574 2114 1677 2172 sed
1720 2114 1915 2172 stricte
1943 2134 2046 2190 pro
2076 2113 2402 2189 Evangelio
2431 2114 2732 2190 complete,
2777 2114 2936 2190 quod

521 2193 735 2252 Christi
764 2193 1285 2255 manifestationem
1329 2196 1389 2252 in
1421 2196 1604 2253 Carne
1651 2194 1923 2267 continet,
1969 2193 2068 2251 ubi
2099 2194 2378 2269 ChristuS,
2429 2213 2490 2252 se
2519 2195 2791 2268 Persona,
2817 2215 2933 2252 non

519 2274 704 2331 solum
765 2274 978 2332 Filium
1029 2275 1277 2335 hominis
1327 2295 1452 2334 esse
1498 2274 1713 2348 docuit,
1764 2274 1973 2332 Matth.
2026 2274 2146 2331 viii.
2178 2277 2274 2348 20,
2327 2283 2384 2331 et
2412 2273 2493 2331 ix.
2539 2278 2592 2348 6,
2626 2274 2729 2332 sed
2756 2275 2933 2332 etiam

522 2353 735 2412 Filium
766 2355 896 2428 Dei,
946 2354 1196 2435 Joh.2iii.
1233 2359 1323 2429 16,
1369 2364 1511 2414 etv,
1567 2357 1659 2429 19,
1711 2363 1770 2414 et
1817 2354 1993 2429 alibi3
2039 2356 2280 2411 Munere
2307 2373 2446 2412 vero
2484 2373 2610 2412 esse
2641 2354 2934 2412 Christum

518 2434 701 2509 illum,
732 2434 831 2510 qui
861 2435 1176 2511 promissus
1206 2436 1390 2494 suerat
1419 2435 1526 2493 sub
1557 2435 1758 2493 Veteri
1805 2435 2193 2508 TestamentO,
2244 2434 2452 2492 Matth.
2484 2434 2605 2492 xvi.
2641 2437 2731 2508 16,
2793 2435 2934 2493 Pro-

518 2515 772 2591 phetam,
804 2515 944 2573 Joh.
975 2535 1034 2573 x.
1071 2519 1163 2581 11,
1200 2521 1290 2590 14,
1341 2514 1732 2589 Sacerdotem,
1763 2535 1884 2573 ver.
1921 2517 1992 2571 15
2023 2523 2082 2573 et
2124 2534 2247 2590 cap.
2297 2518 2388 2588 17,
2436 2514 2513 2572 Et
2557 2514 2778 2591 Regem
2819 2516 2932 2574 Ec-

520 2595 711 2653 clesiae
729 2615 865 2669 suae,
889 2596 931 2654 J
936 2595 1029 2653 oh.
1060 2597 1224 2655 xviii.
1257 2599 1351 2670 36,
1384 2598 1479 2669 37,
1511 2595 1609 2672 qui
1641 2594 1912 2655 veniebat
1928 2594 2003 2653 ad
2024 2594 2480 2670 ministrandum,
2506 2604 2565 2654 et
2592 2603 2657 2654 ut
2684 2594 2937 2654 animam

519 2694 681 2734 suam
711 2684 949 2751 poneret
977 2678 1259 2757 ἇυτίλυτςον
1302 2697 1403 2753 pro
1447 2675 1665 2747 multiS,
1699 2676 1909 2733 Matth.
1955 2680 2049 2750 20,
2098 2678 2193 2748 28,
2224 2683 2289 2734 ut
2317 2676 2568 2735 salvaret
2595 2675 2870 2752 populum
2899 2698 2938 2736 a

519 2755 773 2831 peccatis
802 2774 1017 2829 eorum,
1052 2757 1261 2816 Matth.
1293 2757 1329 2814 i.
1361 2760 1455 2829 21,
1487 2764 1545 2813 ct
1575 2764 1638 2813 ut
1665 2769 1879 2812 novum
1910 2757 2126 2813 cultum
2161 2755 2580 2832 Evangelicum
2609 2756 2942 2816 institueret

517 2833 809 2892 diversum
861 2854 895 2891 a
922 2836 1107 2894 veteri
1151 2837 1344 2912 legali,
1377 2844 1500 2894 tum
1548 2834 1739 2911 quoad
1783 2838 1977 2911 lomim,
2008 2837 2144 2912 quia
2172 2836 2395 2894 nullum
2431 2837 2554 2913 jam
2584 2836 2935 2913 peculiarem

519 2914 715 2991 seligit
742 2914 933 2973 locum
964 2916 1142 2990 Deus,
1196 2926 1258 2975 ut
1307 2915 1462 2990 olim,
1492 2915 1593 2973 ubi
1639 2915 1876 2988 colatur,
1909 2924 2031 2974 tum
2061 2916 2247 2993 quoad
2280 2918 2499 2975 colendi
2522 2920 2762 2990 modum,
2794 2918 2936 2993 quia

518 2995 648 3054 vult
675 2996 786 3054 coli
815 2995 1050 3071 Spiritu,
1076 2998 1293 3073 absque
1323 2995 1650 3054 carnalibus
1699 2996 2071 3070 caeremoniis,
2104 3006 2156 3053 et
2196 2998 2439 3054 Ver-itate
2466 2997 2683 3073 absque
2716 2997 2937 3056 umbris

519 3075 696 3153 Legis
727 3076 1021 3149 Mosai'cae,
1072 3077 1244 3154 idque
1283 3077 1419 3154 quia
1446 3076 1691 3153 Spiritus
1739 3086 1833 3150 est,
1882 3085 2054 3153 atque
2083 3076 2212 3133 ideo
2243 3077 2401 3134 cultu
2431 3078 2617 3154 magis
2644 3076 2720 3135 ad
2747 3078 2934 3154 ipsius

518 3166 778 3216 naturam
809 3158 1259 3217 accommodate.

512 3276 557 3321 3·
580 3276 759 3331 Tertia,
781 3277 839 3322 In
874 3278 1001 3322 Proe-
1125 3238 1244 3297 XI.
1295 3238 1490 3296 Tertia
1519 3256 1651 3314 pars
1679 3245 1769 3296 est
1797 3237 2098 3294 Praedictio
2109 3238 2459 3310 filim-orum,
2495 3237 2606 3294 Vel
2630 3239 2931 3313 qmwralis,

575 3337 788 3381 dictione
811 3337 1001 3381 futuro.
1043 3319 1230 3395 qualis
1275 3328 1364 3377 est
1411 3317 1708 3394 praedictio
1757 3316 1970 3375 excidii
2002 3317 2441 3393 Hierosolymae,
2468 3327 2526 3376 et
2552 3317 2683 3376 finis
2710 3319 2931 3393 mundi,

574 3409 701 3438 ‘⁰¹¹¹-
845 3452 856 3464 ,
1048 3399 1256 3456 Matth.
1289 3398 1472 3470 xxiV..
1505 3397 1826 3455 vocationis
1849 3397 2142 3471 Gentium,
2190 3398 2232 3455 J
2236 3397 2329 3456 oh.
2370 3397 2448 3455 iv.
2480 3401 2575 3472 21,
2600 3407 2658 3455 et
2685 3397 2929 3475 abroga-

518 3477 691 3536 tionis
713 3476 903 3534 cultus
926 3478 1355 3551 caeremonialis,
1380 3485 1446 3534 ut
1467 3476 1629 3534 locus
1659 3477 1820 3535 fieret
1849 3477 2129 3553 spirituali
2149 3486 2207 3535 et
2232 3477 2606 3553 Evangeliw,
2637 3476 2778 3536 ibid.
2809 3498 2929 3538 ver.

518 3561 614 3629 23,
659 3557 701 3614 J
706 3557 797 3613 oh.
839 3576 898 3612 x.
940 3560 1030 3629 16,
1062 3555 1269 3614 futuras
1313 3556 1499 3614 crucis
1521 3565 1579 3614 et
1600 3557 2061 3633 persecutionum
2084 3557 2340 3615 fidelium
2365 3557 2480 3615 fere
2511 3558 2927 3633 continuarum,

519 3636 730 3693 Matth.
761 3635 925 3693 xxiv.
969 3636 1012 3695 J
1015 3637 1109 3694 oh.
1139 3656 1239 3694 xv.
1270 3639 1366 3710 20,
1399 3645 1457 3694 et
1485 3636 1605 3693 xvi.
1637 3640 1732 3710 20,
1764 3641 1859 3711 22,
1890 3657 2019 3713 quae
2068 3645 2261 3695 tamen
2289 3637 2690 3713 proedictiones
2719 3638 2931 3697 dulcis-

520 3715 679 3773 simis
727 3714 1202 3791 promissionibus
1246 3725 1639 3794 temperantur
1687 3716 1759 3773 de
1808 3717 2063 3793 gratiosa
2106 3717 2335 3791 Christi,
2368 3726 2427 3776 et
2452 3717 2700 3795 Spiritus
2733 3719 2932 3777 Sancti

518 3794 825 3874 praesentia
852 3794 913 3853 in
941 3794 1149 3854 mediis
1176 3796 1617 3868 calamitatibuS,
1650 3797 1693 3856 J
1696 3797 1790 3855 oh.
1810 3796 1932 3854 xiv.
1969 3800 2059 3870 18,
2108 3806 2165 3856 et
2194 3798 2336 3854 xvii.
2368 3799 2422 3872 9,
2455 3798 2526 3855 de
2554 3798 2725 3856 beato
2754 3797 2928 3857 afflic-

519 3878 741 3935 tionum
763 3876 942 3951 exitu,
968 3876 1011 3934 J
1015 3876 1109 3935 oh.
1140 3877 1261 3936 xvi.
1292 3880 1388 3952 20,
1420 3880 1516 3951 22,
1548 3877 1662 3935 Vel
1690 3877 1974 3953 speciales,
1998 3886 2120 3935 tum
2144 3876 2216 3935 de
2246 3878 2366 3935 suis
2387 3878 2769 3954 passionibus,
2800 3898 2931 3937 cru-

517 3957 804 4033 cifixione,
836 3965 1019 4016 morte
1048 3965 1106 4015 et
1128 3957 1560 4032 resurrectione,
1594 3957 1804 4015 Matth.
1835 3957 1955 4015 xvi.
1988 3959 2083 4032 21,
2115 3967 2172 4015 et
2201 3956 2365 4015 xxvi.
2391 3961 2485 4032 23,
2518 3958 2589 4016 de
2619 3958 2928 4035 discipulo·

517 4059 642 4097 rum
674 4037 946 4096 scandalo
990 4045 1050 4096 et
1076 4037 1231 4115 fuga,
1266 4037 1423 4095 Petri
1451 4036 1836 4113 abnegatione
1865 4045 1923 4095 et
1950 4037 2242 4113 martyriO,
2268 4036 2339 4095 de
2383 4038 2706 4115 proditione
2734 4039 2774 4097 J
2781 4039 2929 4112 udoe,

519 4118 591 4178 de
612 4117 868 4177 adventu
913 4117 1531 4177 Pseudo-Christorum
1576 4126 1636 4175 et
1667 4118 2071 4193 Impostorum,
2105 4137 2171 4175 ac
2194 4117 2466 4176 falsorum
2496 4118 2930 4195 Prophetarum.

519 4198 647 4273 Quo
674 4197 967 4275 pertinent
992 4198 1164 4256 etiam
1190 4198 1516 4275 I’rophetiae
1540 4196 1997 4273 Apocalypseos,
2023 4197 2083 4253 in
2104 4197 2315 4274 quibus
2345 4199 2609 4256 Christus
2639 4200 2937 4275 suggessit

522 4282 704 4339 Servo
755 4298 858 4336 suo
908 4297 977 4336 ea
1025 4298 1154 4355 quae
1204 4278 1395 4337 futura
1439 4285 1602 4335 erant
1646 4296 1829 4353 usque
1874 4276 1950 4333 ad
1971 4278 2522 4336 consummationem
2563 4279 2760 4353 seculi,
2806 4279 2931 4338 sive

517 4358 710 4438 quoad
738 4357 1051 4417 certamina
1077 4366 1136 4417 et
1164 4357 1508 4416 calamitatis
1537 4356 1833 4431 Ecclesiae,
1855 4356 1977 4415 sive
2000 4357 2192 4433 quoad
2209 4358 2337 4434 ejus
2357 4358 2632 4418 victorias
2652 4368 2713 4418 et
2729 4359 2932 4418 trium·-

558 4441 683 4497 1105.

517 4462 555 4518 p
786 4559 825 4603 P
918 4558 950 4602 h
1121 4516 1276 4575 XII.
1321 4518 1530 4575 Modus
1559 4517 1878 4592 Prophetiae
1906 4516 2118 4574 Christi
2174 4517 2232 4574 in
2263 4518 2439 4577 variis
2488 4518 2842 4578 attenditur:
2882 4521 2934 4577 l.

517 4563 694 4663 Mssisss
737 4572 1004 4662 13:21⁰ssss
1049 4598 1119 4654 In
1147 4598 1386 4656 docendi
1420 4600 1585 4655 modo
1614 4596 1865 4673 duplici:
1909 4597 2059 4655 Tum
2086 4599 2406 4657 immediato
2443 4618 2546 4675 per
2586 4598 2838 4675 seipsum
2872 4599 2932 4656 in

574 4679 626 4721 et
641 4676 770 4721 Mod.
1044 4676 1249 4736 diebus
1277 4676 1466 4735 carnis
1494 4697 1644 4752 suae;
1695 4686 1815 4735 tum
1847 4678 2087 4737 mediato
2115 4698 2218 4754 per
2248 4678 2547 4738 Ministros
2596 4698 2748 4752 ευοε,
2781 4678 2935 4736 Tum
