3221 5200
482 322 598 379 154
1387 338 1570 380 Locus
1600 338 2001 380 nuenscmus.
2561 319 2816 404 [Qufflsr.
2846 344 2892 385 1.

477 480 645 539 Rom.
676 478 715 539 i.
751 481 842 555 16,
877 481 987 554 173
1032 481 1272 554 Novum,
1324 498 1442 538 non
1468 478 1643 539 modo
1670 479 1807 557 quia
1833 480 2016 539 veteri
2059 479 2262 539 foederi
2305 501 2543 558 operum
2587 485 2882 562 successit,

473 569 534 619 et
561 559 697 637 quia
723 560 1023 618 illustriori
1052 560 1225 637 longe
1252 561 1426 619 modo
1453 570 1797 620 renovatum
1834 569 1923 620 est
1962 562 2025 619 in
2054 560 2285 620 Christo
2327 562 2437 621 sub
2466 563 2540 621 N.
2570 562 2748 640 Test.,
2781 566 2888 624 sed

473 641 647 698 etiam
667 640 804 717 quia
821 650 1097 699 setemum
1125 649 1230 714 est,
1251 649 1310 699 et
1335 640 1713 718 immutabile,
1734 649 1793 700 et
1819 660 2114 719 nunquam
2135 641 2552 720 abrogandum,
2574 644 2729 704 Heb.
2743 646 2885 723 viii„

475 720 609 779 Jer.
635 721 827 797 xxxi„
856 722 1048 778 xxxii.

1077 799 1164 858 X.
1231 801 1449 861 Praeter
1501 801 1608 859 has
1662 821 1853 877 voces,
1912 809 2219 861 occurrunt
2272 801 2447 861 etiam
2494 822 2653 881 saepe
2707 824 2884 865 voces

501 864 948 970 Cgoeggssgsgag?
986 882 1319 954 armna,
1352 890 1410 940 et
1450 882 2007 959 uwnsv,quib11s
2054 881 2243 940 foedus
2284 883 2484 959 grafia
2525 883 2882 961 designatur.

907 960 920 972 '
999 963 1209 1038 Primo,
1257 963 1550 1034 ἑυιγγιλήι
1597 963 1826 1037 dicitur,
1879 982 1985 1021 seu
2029 963 2347 1038 promissio,
2392 971 2452 1022 et
2490 963 2724 1040 quidem
2764 964 2885 1023 m·

471 1040 651 1116 ἐξοχὴ,
683 1061 799 1099 ιιοιι
825 1049 1051 1101 tantum
1079 1043 1216 1118 quia
1242 1051 1332 1101 est
1359 1043 1488 1117 Dei,
1520 1062 1639 1101 non
1662 1043 1979 1115 hominum,
2012 1043 2115 1101 sed
2141 1043 2316 1102 etiam
2343 1043 2482 1119 quia
2507 1051 2596 1102 est
2622 1045 2882 1104 omnium

471 1122 966 1198 praestantissima,
997 1132 1195 1200 utpote
1225 1124 1349 1181 sola
1378 1123 1681 1199 salutaris,
1728 1123 1821 1181 Ita
1849 1123 2225 1200 distinguitur
2265 1143 2300 1181 a
2329 1122 2717 1183 Promissione
2747 1125 2887 1184 data

473 1201 731 1260 Abrahae
773 1202 846 1261 de
890 1204 1107 1262 semine
1150 1203 1434 1281 corporali
1475 1203 1536 1260 in
1565 1203 1788 1278 IsaacO,
1823 1203 1991 1261 Rom.
2022 1204 2102 1261 ix.
2133 1205 2189 1277 9,
2233 1210 2293 1261 et
2321 1203 2454 1262 Gal.
2484 1204 2563 1262 iv.
2594 1208 2690 1280 23,
2720 1213 2782 1264 et
2809 1204 2882 1265 de

469 1281 807 1341 haereditate
824 1292 990 1342 terroe
1016 1285 1264 1358 Canaan,
1288 1282 1443 1362 (quse
1470 1282 1603 1342 ideo
1633 1292 1791 1342 terra
1808 1284 2199 1358 promissionis
2222 1291 2478 1358 vocatur,
2506 1284 2661 1343 Heb.
2691 1285 2772 1344 xi.
2794 1286 2879 1366 9,)

471 1370 529 1420 et
557 1363 631 1421 ab
660 1363 789 1421 aliis
831 1363 1306 1441 promissionibus
1348 1363 1616 1422 omnibus
1655 1362 1898 1422 terrenis
1926 1363 2078 1423 datis
2105 1363 2319 1441 populo
2351 1363 2707 1441 Ismiilitico3
2753 1366 2882 1424 Imo

473 1451 532 1500 et
570 1463 607 1500 a
646 1444 1024 1520 promissione
1068 1444 1216 1522 Legi
1255 1444 1457 1503 addita
1496 1443 1570 1502 de
1614 1443 1738 1502 vita
1774 1443 1970 1502 danda
2009 1442 2281 1519 facienti3
2325 1462 2457 1519 qnae
2500 1444 2662 1522 Lege
2704 1446 2883 1504 semel

471 1522 690 1582 violata
728 1523 884 1583 facta
922 1533 1013 1584 est
1052 1524 1214 1584 irrita
1239 1523 1385 1583 vitio
1423 1522 1709 1600 hominis;
1756 1524 1834 1583 Et
1861 1524 2226 1601 peculiariter
2250 1531 2416 1582 notat
2441 1524 2882 1601 promissionem

473 1602 892 1681 Evangelicam
921 1605 993 1664 de
1025 1606 1244 1664 Messia
1265 1613 1329 1664 et
1356 1604 1428 1663 de
1455 1603 1625 1663 bonis
1655 1604 2052 1682 spiritualibus
2090 1612 2153 1664 et
2191 1603 2424 1663 oeternis
2450 1625 2556 1681 per
2582 1625 2715 1664 eum
2744 1626 2881 1665 con·

470 1683 738 1760 ferendis,
775 1686 942 1745 Rom.
971 1686 1051 1744 iv.
1087 1689 1178 1762 13,
1214 1687 1307 1761 14,
1335 1688 1378 1719 “
1409 1685 1540 1744 Νοιι
1583 1704 1689 1762 per
1718 1684 1936 1761 Legem
1978 1684 2115 1744 data
2156 1694 2247 1743 est
2286 1684 2609 1761 promissio,
2639 1685 2881 1745 hssmdi·

469 1763 607 1823 tatis
650 1765 911 1842 mundi,”
941 1764 1070 1840 &c.,
1115 1775 1174 1826 et
1216 1766 1350 1825 Gal.
1392 1765 1475 1824 iii.
1509 1767 1601 1840 16,
1638 1768 1729 1839 1⁷,
1765 1767 1858 1841 18,
1894 1768 1931 1798 “
1964 1765 2028 1824 Si
2075 1785 2151 1824 ex
2194 1766 2355 1841 Lege
2395 1764 2721 1841 haereditas,
2766 1787 2883 1825 non

470 1863 610 1921 ergo
638 1866 713 1904 ex
755 1847 1194 1923 promissione,’'
1223 1854 1365 1924 puta
1393 1845 1770 1923 Evangeliea.
1857 1843 2030 1905 Unde
2058 1845 2261 1905 fideles
2288 1843 2364 1902 ad
2404 1864 2552 1922 quos
2590 1847 2884 1923 pertinent

469 1921 582 1981 ista
610 1925 763 1983 bona
791 1926 932 2004 ipsis
959 1927 1021 1984 in
1039 1926 1270 1985 Christo
1316 1925 1617 2003 promissa,
1639 1934 1923 1985 vocantur
1930 1926 2052 2005 filii
2064 1925 2472 2002 promissionis,
2507 1926 2675 1984 Rom.
2698 1926 2786 1984 ix.
2819 1929 2875 2002 8,

469 2013 530 2062 et
561 2004 810 2082 Spiritus
843 2007 1106 2082 Sanctus,
1138 2007 1238 2083 qui
1263 2006 1438 2065 nobis
1466 2025 1542 2064 ex
1583 2004 1699 2064 ista
1739 2006 2120 2083 promissione
2163 2005 2349 2080 datur,
2381 2014 2441 2064 et
2468 2006 2567 2083 qui
2608 2026 2736 2064 eam
2778 2007 2879 2065 ob-

469 2083 663 2160 signat
690 2085 751 2144 in
779 2087 1052 2145 cordibus
1093 2086 1323 2162 nostris,
1355 2086 1567 2146 dicitur
1593 2084 1842 2162 Spiritus
1872 2085 2283 2162 promissionis,
2318 2086 2533 2162 Ephes.
2564 2085 2602 2144 i.
2638 2088 2729 2162 13,
2761 2086 2879 2145 imo

467 2173 527 2222 et
543 2167 846 2239 promissio
874 2166 1086 2243 Patris,
1118 2167 1255 2226 Act.
1287 2165 1324 2225 i.
1396 2170 1451 2225 4.
1537 2166 1661 2225 Nec
1688 2175 1914 2225 tantum
1942 2166 2003 2224 in
2032 2166 2315 2243 singulari
2360 2166 2657 2244 Scriptura
2681 2165 2869 2242 loqui-

465 2250 561 2302 tur
588 2245 661 2303 de
694 2247 1096 2322 Promissione,
1130 2246 1234 2306 sed
1261 2247 1322 2305 in
1348 2268 1387 2324 p
1413 2247 1558 2305 urali
1586 2247 1660 2305 de
1688 2247 2173 2320 Promissionibus,
2208 2247 2339 2306 Gal.
2369 2246 2452 2305 iii.
2488 2249 2580 2321 16,
2613 2249 2708 2322 21,
2755 2247 2881 2306 sive

468 2323 544 2461 {d
586 2323 972 2386 denotandam
1014 2329 1142 2405 ejus
1184 2327 1606 2403 excellentiam,
1653 2326 1777 2385 sive
1805 2327 1945 2404 quia
1984 2327 2166 2385 semel
2206 2326 2374 2403 facta,
2421 2328 2634 2405 saepius
2674 2327 2883 2386 iterata

497 2404 582 2462 uit
614 2406 900 2466 Patribus.

548 2485 668 2543 XI.
715 2487 768 2543 N
771 2507 846 2544 on
876 2487 999 2545 sine
1025 2486 1246 2546 ratione
1289 2494 1481 2545 autem
1515 2485 1763 2564 Spiritus
1809 2486 2058 2546 Sanctus
2098 2485 2329 2544 nomine
2362 2486 2754 2561 promissionis
2780 2485 2880 2545 de·

467 2563 696 2642 signare
725 2567 912 2626 voluit
939 2567 1128 2627 foedus
1157 2567 1375 2646 gratias,
1408 2567 1545 2644 quia
1572 2575 1759 2626 totum
1786 2574 2067 2645 quantum
2095 2574 2373 2643 quantum
2403 2574 2493 2624 est
2520 2565 2724 2624 nititur
2749 2585 2880 2641 pro·

464 2646 739 2704 missione
768 2647 984 2706 divina.
1071 2649 1144 2706 In
1191 2669 1307 2725 quo
1337 2648 1544 2706 mirum
1586 2657 1868 2723 quantum
1910 2646 2117 2718 differt,
2148 2666 2264 2703 non
2301 2645 2474 2703 modo
2504 2665 2538 2702 a
2565 2644 2881 2704 foederibus

467 2722 736 2784 omnibus
759 2724 1047 2802 humanis,
1078 2749 1208 2805 quse
1235 2736 1438 2786 mutua
1464 2736 1731 2786 constant
1757 2727 2006 2806 partium
2035 2725 2386 2802 obligatione
2408 2734 2468 2784 et
2488 2724 2878 2800 stipulatione,

467 2804 573 2863 sed
600 2826 636 2863 a
663 2804 877 2865 foedere
905 2827 1160 2885 operum,
1191 2808 1348 2885 quod
1373 2808 1511 2867 licet
1537 2807 1778 2867 haberet
1804 2808 1978 2866 etiam
1998 2825 2162 2865 suam
2189 2804 2626 2882 promissionem
2655 2824 2692 2862 a
2715 2813 2880 2882 parte

469 2885 582 2943 Dei
608 2886 970 2961 facientibus,
1015 2896 1074 2947 et
1102 2888 1185 2947 sic
1232 2889 1512 2947 niteretur
1539 2887 1653 2946 Dei
1681 2888 1956 2963 bonitate,
2001 2886 2342 2963 obsequium
2387 2893 2582 2944 tamen
2623 2885 2877 2963 require-

469 2965 570 3025 bat
596 2987 631 3024 a
657 2975 818 3044 parte
847 2968 1113 3043 hominis,
1136 2978 1200 3028 ut
1216 2968 1544 3028 executioni
1565 2968 1936 3026 mandaretur
1960 2988 1975 3026 t
2021 2966 2137 3025 Sed
2158 2966 2253 3025 hic
2273 2965 2433 3024 Deus
2450 2986 2486 3023 a
2501 2965 2881 3043 promissione

467 3064 573 3104 sua
598 3047 849 3125 pendere
876 3048 1064 3108 voluit
1090 3057 1275 3109 totum
1303 3050 1414 3108 hoc
1441 3047 1648 3123 foedus,
1679 3068 1798 3107 non
1823 3047 1997 3106 modo
2023 3045 2244 3105 ratione
2271 3046 2495 3123 praemii
2521 3067 2556 3104 a
2586 3046 2713 3105 Deo
2748 3066 2879 3123 pro·

467 3127 646 3203 missi,
679 3128 783 3187 sed
809 3129 984 3189 etiam
1025 3130 1248 3190 ratione
1288 3130 1462 3189 officii
1489 3150 1524 3188 a
1550 3129 1720 3188 nobis
1760 3127 2075 3205 postulati3
2119 3134 2187 3185 ut
2221 3126 2383 3185 Deus
2423 3127 2519 3185 hic
2561 3134 2883 3203 exequatur

467 3227 584 3267 non
612 3210 784 3268 modo
812 3210 970 3287 quod
999 3230 1230 3270 suarum
1259 3219 1383 3270 erat
1409 3209 1678 3287 partium,
1706 3207 1815 3267 sed
1841 3207 2016 3266 etiam
2043 3206 2201 3283 quod
2229 3206 2305 3264 ad
2332 3227 2440 3266 nos
2468 3207 2791 3284 spectabat3
2823 3215 2881 3266 et

467 3287 516 3345 si
544 3288 735 3348 foedus
762 3290 933 3349 datur
958 3298 1183 3349 tantum
1211 3290 1287 3349 ad
1313 3291 1487 3350 unius
1512 3289 1695 3367 partis
1735 3287 2086 3361 felicitatem,
2131 3286 2304 3345 unius
2337 3294 2560 3346 tantum
2603 3287 2785 3362 partis
2812 3286 2877 3343 fl·

466 3366 702 3427 delitate
731 3369 1054 3428 custoditur
1080 3378 1139 3429 et
1163 3370 1452 3447 impletur.
1541 3369 1714 3428 Unde
1741 3387 1858 3426 non
1885 3366 2058 3425 modo
2083 3366 2196 3425 Dei
2222 3366 2502 3425 beneficia
2528 3364 2742 3423 cadunt
2769 3364 2879 3424 sub

466 3447 829 3522 promissum,
861 3448 963 3506 sed
991 3449 1166 3507 etiam
1193 3450 1444 3507 hominis
1471 3448 1696 3525 officia;
1738 3467 1856 3507 non
1883 3447 2057 3506 modo
2097 3446 2246 3521 finis,
2279 3446 2382 3504 scd
2408 3447 2583 3505 etiam
2610 3444 2802 3503 media
2821 3451 2883 3504 et

467 3525 845 3602 conditiones,
877 3546 1005 3604 quse
1034 3528 1108 3585 ad
1137 3547 1270 3586 eum
1296 3547 1404 3586 nos
1432 3528 1685 3606 ducunt;
1729 3537 1796 3588 ut
1824 3546 1929 3587 suo
1955 3527 2086 3586 loco
2114 3525 2430 3585 docebitur.

1070 3606 1225 3667 XII.
1258 3607 1567 3680 miamin-v
1595 3606 1834 3682 Grsecis,
1857 3607 2017 3685 quod
2048 3605 2313 3666 Hebraeis
2340 3624 2465 3663 nam
2497 3624 2653 3678 vrrs,
2684 3605 2886 3663 bomem

988 3693 1048 3745 et
1091 3690 1277 3747 loetum
1309 3690 1570 3748 nuncium
1598 3688 1985 3765 quodcunque
2029 3687 2274 3761 dicitur;
2323 3684 2427 3745 sed
2453 3684 2571 3742 κατ’
2604 3685 2767 3759 ἐξοχὴ
2794 3684 2879 3743 fe·

465 3761 564 3820 lici
593 3763 664 3822 de
692 3762 949 3824 adventu
979 3767 1194 3827 Christi
1220 3769 1282 3827 in
1309 3769 1603 3844 mundum,
1636 3776 1695 3828 et
1722 3768 1938 3827 foedere
1972 3767 2173 3845 gratiss
2216 3766 2276 3823 in
2305 3786 2374 3824 eo
2404 3765 2563 3839 inite,
2595 3774 2655 3823 et
2695 3764 2881 3824 salute

466 3862 571 3920 per
597 3865 729 3903 eum
757 3854 937 3922 parta,
970 3848 1199 3924 nuncio,
1232 3869 1349 3927 qno
1378 3850 1600 3927 gratius
1630 3847 1755 3907 dari
1781 3868 1899 3907 non
1925 3856 2133 3925 potest,
2165 3846 2439 3905 tribuitur
2474 3844 2535 3901 in
2567 3845 2881 3921 Scriptura.

469 3924 525 3981 N
528 3945 603 3983 on
631 3946 746 3984 una
772 3935 966 3985 autem
994 3928 1216 3987 ratione
1237 3938 1549 4007 usurpatur
1570 3952 1584 4007 ς
1632 3927 1970 4005 Aliquando
1990 3927 2107 3986 late
2127 3926 2269 3985 etin
2289 3944 2500 4002 genere
2524 3933 2688 3983 notat
2688 3927 2881 4000 sadus

461 4007 773 4081 qratuitum
801 4008 861 4064 in
891 4007 1121 4068 Christo
1149 4019 1522 4084 contractum,
1554 4028 1671 4087 quo
1712 4027 1904 4081 sensu,
1937 4008 2107 4066 Rom.
2136 4026 2197 4065 x.
2225 4008 2316 4079 16,
2351 4004 2569 4062 Paulus
2598 4004 2669 4063 de
2700 4003 2884 4063 veteri

466 4086 681 4162 populo
729 4087 989 4163 loquens,
1038 4089 1182 4148 dicit
1224 4110 1411 4149 omnes
1452 4111 1566 4149 non
1607 4090 1950 4148 mascultasse
1977 4086 2308 4163 Evanqelio,
2355 4093 2415 4144 et
2463 4087 2491 4141 1
2548 4084 2675 4144 Pet.
2710 4084 2791 4143 iv.
2821 4087 2878 4157 6,

466 4168 701 4224 mortuis
729 4166 940 4225 dicitur
967 4172 1400 4245 evangelizatum
1420 4194 1445 4244 ‚·
1489 4168 1825 4245 Aliquando
1869 4168 2065 4227 stricte
2093 4175 2151 4225 et
2196 4166 2255 4224 in
2284 4164 2475 4243 specie
2503 4164 2753 4241 ponitur,
2785 4163 2883 4221 vel

468 4264 572 4321 pro
619 4246 1001 4323 promissione
1050 4257 1110 4307 et
1157 4248 1420 4309 doctrina
1464 4250 1537 4308 de
1583 4249 1815 4307 Christo
1858 4255 2121 4322 venturo,
2148 4266 2264 4323 qno
2309 4264 2500 4319 sensu,
2547 4244 2680 4303 Gal.
2710 4243 2791 4301 iii.
2822 4244 2879 4316 8,

471 4324 688 4384 Paulus
717 4326 798 4385 ait
829 4329 865 4359 ‘⁴
885 4329 1471 4405 praeevangelizatum
1515 4327 1694 4387 fuisse
1737 4326 2091 4401 AbrahamO,
2121 4345 2301 4403 quum
2342 4324 2753 4403 promissiones
2794 4321 2881 4379 illi

467 4402 617 4462 datae
637 4415 771 4465 sunt
790 4406 846 4481 ;”
877 4408 973 4465 vel
1002 4408 1190 4484 magis
1217 4410 1445 4486 proprie
1473 4428 1578 4486 pro
1596 4406 1859 4465 doctrina
1880 4406 2095 4465 Christi
2115 4406 2364 4465 exhibiti
2385 4413 2444 4464 et
2460 4404 2882 4480 complemento

464 4482 906 4556 promissionum
938 4487 1212 4559 omnium,
1243 4507 1360 4565 quo
1389 4508 1561 4547 sensu
1588 4485 1804 4565 passim
1844 4495 2155 4563 usurpatur
2180 4486 2243 4543 in
2271 4485 2346 4543 N.
2375 4486 2444 4543 T.
2474 4504 2579 4560 pro
2620 4482 2884 4541 doctrina

466 4559 759 4621 missionis
778 4565 1009 4641 Christi,
1031 4587 1132 4626 seu
1153 4568 1478 4645 Evangelio
1496 4586 1624 4627 com
1666 4567 1801 4640 let0‚
1822 4574 1881 4624 et
1901 4566 2212 4644 opponitur
2226 4564 2290 4631 τιί
2308 4566 2613 4641 ἔπιγγιλιζι,
2632 4582 2762 4640 quse
2781 4581 2882 4620 no·

461 4645 548 4698 tat
576 4639 788 4718 simpli.
818 4643 1140 4706 doctrinam
1169 4647 1568 4724 promissionis
1591 4648 1636 4706 C
1681 4646 1807 4706 risti
1829 4646 1889 4704 in
1910 4645 1987 4707 V.
2008 4646 2076 4705 Τ.
2142 4644 2222 4705 Et
2247 4632 2463 4705 dicitur
2491 4642 2882 4721 Evangelium

468 3647 571 3694 Cur
600 3648 936 3709 Evangelium.
