3221 5200
222 382 448 435 QuAEsr.
480 363 617 447 νη]
1104 383 1181 423 ns
1212 383 1462 424 roenrns
1492 381 1757 424 caum.
2527 364 2644 424 205

237 528 355 602 siae,
388 528 512 586 sive
542 526 805 585 intensive
833 524 1024 601 quoad
1048 527 1314 602 yradum,
1347 525 1470 584 sive
1494 523 1771 583 extensive
1798 522 1988 599 quoad
2019 525 2187 598 dona,
2208 523 2305 581 vel
2326 524 2643 600 ordinaria,

234 608 330 666 vel
362 606 849 680 extraordinaria,
882 625 1012 682 quae
1036 615 1304 682 respectu
1334 605 1614 665 Ecclesiae
1645 613 1780 664 sunt
1822 603 1976 661 Novi
2005 603 2360 662 Testamenti
2399 605 2646 682 propria,

238 688 375 764 quia
416 687 621 746 effusio
668 686 917 764 Spiritus
958 685 1278 744 debebatur
1306 686 1505 762 gloriae
1536 684 1749 744 Christi
1780 684 2027 761 ingressi
2069 684 2129 740 in
2171 683 2397 758 coelum,
2430 685 2646 744 Johan.

232 768 335 825 vii.
398 770 494 826 39.
596 767 756 825 Talis
809 765 948 824 nim.
995 764 1105 823 fuit
1153 766 1417 842 Spiritus,
1470 766 1659 841 qualis
1713 764 1860 823 ratio
1914 763 2185 838 foederis;
2230 765 2476 840 Spiritus
2525 766 2649 825 scil.

240 850 294 905 1.
325 848 778 921 Illuminationis,
811 844 914 904 sed
938 827 1070 902 ‘iiim
1101 845 1182 903 ita
1210 845 1378 903 clarae
1421 854 1479 904 et
1523 844 1829 918 distinctae,
1860 852 1927 902 ut
1967 845 2027 902 in
2059 844 2227 901 Novo
2256 845 2645 921 Testament0‚

233 927 493 1005 adeoque
523 947 655 986 cum
700 925 1030 1003 ignorantia
1058 925 1347 984 variarum
1392 925 1950 984 circumstantiarum
2001 933 2059 982 et
2099 924 2257 982 modi
2303 927 2644 1003 conjunctae,

234 1017 300 1066 ut
329 1008 387 1065 in
416 1008 685 1066 fidelibus
714 1016 772 1064 et
800 1004 941 1082 ipsis
970 1005 1273 1082 Apostolis
1314 1013 1551 1082 apparet
1595 1014 1850 1082 tempore
1881 1004 2095 1063 Christi
2138 1014 2268 1063 ante
2311 1005 2649 1064 effusionem

240 1087 487 1165 Spiritus
534 1086 768 1162 Sancti;
831 1089 887 1142 2.
930 1086 1176 1160 Spim'tus
1219 1087 1535 1161 adoptionis
1583 1086 1679 1144 vel
1709 1085 2026 1164 filiationis,
2061 1082 2224 1162 (quia
2264 1086 2408 1144 alias
2449 1086 2651 1145 fideles

236 1168 469 1226 Veteris
497 1168 750 1225 Testam.
780 1184 897 1222 non
925 1165 1250 1241 potuissent
1278 1165 1660 1224 infallibiliter
1687 1166 1831 1223 scire
1876 1185 1936 1223 se
1980 1184 2107 1223 esse
2149 1164 2300 1223 filios
2334 1166 2461 1240 Dei,
2493 1166 2651 1242 quod

237 1248 498 1307 sciebant
525 1256 735 1322 tamen,
783 1265 962 1321 quum
1007 1247 1196 1304 Deum
1239 1255 1303 1305 ut
1326 1246 1555 1305 Patrem
1587 1265 1754 1304 suum
1784 1245 2150 1319 invocabant,
2185 1245 2299 1304 Isa.
2327 1245 2504 1326 lxiii.)
2549 1246 2653 1304 sed

237 1348 369 1404 quae
398 1348 514 1385 non
541 1347 682 1405 pure
710 1326 844 1385 talis
873 1334 1011 1401 erat,
1033 1326 1135 1385 sed
1165 1346 1295 1385 cum
1319 1327 1595 1385 servitute
1624 1325 1928 1403 permixta,
1949 1323 2207 1401 adeoque
2236 1344 2353 1384 non
2380 1326 2652 1403 plenariae

134 1455 141 1458 -
235 1407 725 1486 emancipationiS,
773 1405 873 1483 qui
920 1405 1051 1464 ideo
1096 1406 1323 1482 dicitur,
1372 1407 1540 1465 Rom.
1591 1406 1715 1464 viii.
1767 1408 1858 1478 15,
1902 1406 2150 1480 szffiritus
2189 1406 2480 1480 servitutis,
2527 1426 2645 1465 non

239 1488 521 1563 absolute,
555 1488 658 1546 sed
703 1486 1018 1545 secundum
1062 1486 1219 1563 quid,
1251 1494 1534 1563 quatenus
1577 1505 1682 1562 per
1722 1486 1886 1544 illum
1916 1485 2116 1544 fideles
2161 1485 2487 1562 adoptionis
2532 1506 2651 1545 suae

236 1570 379 1628 certi
408 1569 811 1642 reddebantur,
844 1565 947 1624 sed
982 1586 1097 1624 non
1125 1566 1293 1644 plene
1324 1566 1516 1644 quoad
1544 1585 1776 1625 sensum
1806 1575 1865 1625 et
1891 1586 2059 1624 usum
2085 1588 2099 1641 3
2162 1569 2218 1624 3.
2249 1566 2493 1642 Spiritus
2521 1588 2650 1626 con-

240 1650 529 1707 solationis
557 1657 615 1707 et
639 1649 773 1724 spei,
806 1647 908 1705 sed
936 1646 1138 1705 eodem
1168 1647 1356 1722 mod0,
1388 1655 1673 1724 quatenus
1714 1655 1956 1723 utraque
1999 1666 2130 1704 cum
2173 1646 2366 1722 aliquo
2408 1656 2565 1705 metu
2595 1656 2655 1706 et

769 1737 984 1786 terrore
1027 1727 1228 1786 mortis
1258 1736 1314 1785 et
1347 1726 1786 1801 maledictioniS,
1819 1746 1992 1803 quam
2034 1726 2134 1785 lex
2161 1725 2499 1800 intentabat,
2531 1735 2655 1785 erat

397 1862 429 1878 7,
771 1808 1097 1884 conjuncta.
1183 1809 1239 1866 5.
1269 1808 1631 1865 Resurrectio
1659 1816 2025 1881 mortuorum,
2057 1825 2230 1882 quam
2262 1805 2526 1865 Christus
2575 1826 2650 1864 ex

302 1861 346 1906 6.
370 1861 487 1906 hta
502 1866 699 1907 aeterna.
770 1886 1013 1945 formula
1042 1886 1274 1945 foederis
1303 1885 1554 1946 deducit.
1641 1889 1695 1944 6.
1738 1887 1867 1944 Vita
1894 1895 2122 1959 oeterna,
2154 1905 2283 1962 quae
2311 1885 2369 1942 in
2400 1885 2512 1944 ista
2539 1885 2651 1944 for·

243 1969 403 2027 mula
431 1968 655 2027 inclusa
681 1967 852 2027 etiam
885 1966 1010 2041 fuit,
1042 1976 1107 2025 ut
1136 1986 1262 2025 eam
1292 1987 1367 2025 ex
1394 1967 1496 2024 illa
1524 1965 1750 2042 colligit
1778 1966 2117 2042 Apostolus,
2151 1965 2305 2023 Heb.
2335 1965 2417 2024 xi.
2453 1968 2544 2041 10,
2576 1986 2649 2025 ne

238 2048 401 2105 varia
424 2049 671 2108 Oracula
697 2047 1048 2124 prophetica,
1069 2046 1280 2124 quibus
1307 2046 1409 2104 illa
1428 2045 1799 2123 promittitur,
1831 2045 2091 2122 referam,
2116 2045 2188 2104 de
2217 2045 2428 2123 quibus
2457 2065 2648 2124 supra,

244 2129 573 2202 Quaestione
602 2128 673 2188 de
707 2127 945 2187 Unitate
976 2126 1255 2186 Foederis.

381 2275 392 2286 .
507 2274 518 2288 ,
853 2207 1089 2265 XLVI.
1136 2207 1436 2266 Hactenus
1478 2207 1669 2265 Vetus
1711 2206 2103 2283 dispensatio:
2167 2207 2336 2265 Nova
2378 2206 2651 2283 succedit,

248 2273 419 2345 0⁰²¹J⁸
480 2278 547 2320 ⁸¹⁶
584 2273 734 2345 .N⁰‘'⁸
774 2307 903 2364 quae
950 2295 1040 2345 est
1080 2285 1501 2347 administratio
1542 2286 1777 2344 foederis
1819 2287 1941 2344 sine
1985 2287 2145 2362 Lege
2186 2295 2245 2345 et
2288 2287 2656 2345 Caeremoniis

335 2334 642 2392 duponuatm.
772 2374 906 2443 post
935 2366 1228 2425 Christum
1269 2367 1614 2426 exhibitum.
1696 2368 1868 2424 Nova
1896 2365 2122 2441 dicitur,
2155 2386 2270 2424 non
2299 2365 2491 2443 quoad
2521 2367 2654 2425 sub-

249 2446 520 2505 stantiam
549 2445 800 2521 foederis,
831 2466 960 2524 quse
990 2446 1192 2504 eadem
1222 2455 1311 2505 est
1336 2447 1645 2523 utrobique
1669 2468 1683 2522 ;
1733 2446 1849 2505 Sed
1881 2449 1932 2505 1.
1965 2446 2170 2522 Quoad
2197 2447 2658 2505 circumstantias

247 2535 307 2585 et
333 2527 585 2602 modum,
606 2534 805 2604 utpote
835 2546 964 2604 quae
986 2526 1204 2604 absque
1221 2527 1491 2585 velamine
1514 2536 1573 2586 et
1589 2528 1742 2605 Leqe
1757 2527 2139 2603 manifestata,
2157 2526 2446 2605 quomodo
2467 2526 2657 2586 foedus

247 2607 406 2666 istud
433 2617 708 2684 tanquam
736 2628 953 2666 novum
982 2608 1263 2685 apparuit,
1296 2609 1418 2667 sive
1461 2617 1820 2684 renovatum,
1853 2609 1991 2669 item
2019 2609 2177 2686 quod
2207 2609 2497 2667 Christum
2540 2628 2657 2666 non

247 2687 658 2764 exhibendum,
692 2688 795 2748 sed
823 2688 1146 2748 exhibitum
1174 2697 1471 2767 proponat,
1504 2689 1794 2767 quomodo
1821 2698 1881 2749 et
1907 2690 2167 2748 intensive
2193 2687 2386 2767 quoad
2413 2689 2658 2766 gradum

246 2766 501 2842 luminiS,
533 2776 592 2827 et
619 2771 894 2829 extensive
920 2769 1113 2847 quoad
1141 2769 1595 2847 amplitudinem,
1618 2789 1746 2847 quae
1776 2790 1837 2828 se
1866 2769 2365 2829 indiscriminatim
2395 2768 2658 2828 extendit

248 2846 324 2904 ad
351 2867 551 2906 omnes
580 2850 817 2925 Gentes,
849 2871 1050 2909 novum
1088 2850 1203 2908 dici
1230 2860 1439 2928 potest.
1524 2854 1580 2908 2.
1628 2850 1832 2924 Quoad
1875 2851 2267 2928 praestantiam
2311 2857 2371 2908 et
2412 2849 2656 2927 gloriam

247 2927 426 3002 hujus
454 2927 913 3004 dispensationis,
928 2951 1057 3007 quae
1085 2931 1258 3006 longe
1287 2932 1472 3008 major
1498 2936 1588 2987 est
1608 2931 1808 3005 veteri,
1840 2935 1875 2988 2
1897 2932 2026 2988 Cor.
2049 2932 2149 3006 iii„
2181 2938 2245 2988 ut
2274 2929 2414 2986 alibi
2440 2949 2658 2988 novum

248 3024 354 3081 pro
383 3005 595 3063 eximio
639 3015 697 3064 et
735 3010 1033 3084 praestanti
1077 3010 1337 3085 sumitur,
1372 3010 1558 3086 Apoc.
1589 3029 1667 3083 V.,
1700 3009 1856 3067 Psal.
1887 3010 2097 3067 xxxiii.
2169 3013 2224 3068 3.
2251 3009 2455 3083 Quoad
2477 3012 2655 3067 dura-

252 3084 455 3139 tionem
495 3094 847 3160 perpetuam,
878 3107 982 3163 per
1022 3106 1195 3162 quam
1236 3088 1319 3163 fit,
1351 3097 1416 3146 ut
1460 3088 1534 3144 sit
1576 3106 1803 3163 semper
1829 3088 1997 3163 quasi
2037 3107 2207 3162 nova,
2239 3107 2370 3146 cum
2413 3108 2497 3163 ea,
2529 3109 2659 3165 quae

250 3161 466 3220 debent
492 3160 770 3240 desinere,
803 3166 1067 3223 dicantur
1092 3173 1306 3224 vetera.

255 3265 494 3312 consistit
524 3266 567 3311 1,
590 3268 648 3312 In
672 3268 745 3312 in·
867 3244 1137 3303 XLVII.
1183 3243 1460 3303 Consistit
1487 3251 1698 3317 autem,
1734 3247 1786 3303 1.
1817 3246 1888 3302 In
1917 3247 2157 3303 adventu
2185 3246 2424 3320 Messiae,
2456 3254 2515 3304 et
2542 3265 2661 3303 ma-

313 3330 588 3396 car-natione
617 3328 741 3372 Mes.
783 3324 1150 3384 nifestatione
1179 3325 1303 3402 ejus
1334 3325 1392 3381 in
1422 3344 1608 3399 carne,
1642 3333 1700 3383 et
1726 3345 1829 3402 per
1855 3325 2019 3384 illum
2049 3325 2225 3383 totius
2254 3326 2432 3402 Legis
2460 3326 2659 3402 imple-

309 3384 530 3488 ξξξῃξῐῑῗ
544 3388 741 3488 “ssmga‘
783 3405 956 3481 tione,
977 3405 1247 3463 nimirum
1278 3405 1433 3463 illius
1463 3405 2382 3481 caeremoniarum‚vaticiniorum‚
2404 3406 2663 3483 adeoque

311 3459 604 3572 remqniaefiis.
624 3460 739 3548 acsi}
782 3486 961 3546 totius
992 3486 1238 3563 justitiae
1267 3506 1302 3543 a
1331 3486 1459 3543 Deo
1487 3486 1545 3542 in
1576 3486 1737 3561 Lege
1763 3486 2128 3563 praescriptae.
2214 3492 2269 3546 2.
2316 3486 2389 3544 In
2416 3486 2658 3563 abroga-

309 3562 549 3665 {flbfflgng
588 3563 738 3620 spiri·
782 3566 937 3626 tione
967 3567 1222 3626 omnium
1253 3566 1737 3642 caeremoniarum,
1770 3575 1829 3625 et
1869 3567 2046 3626 totius
2088 3566 2536 3645 dispensationis
2578 3569 2657 3627 le·

334 3634 404 3664 '²⁸'
480 3654 491 3667 “
550 3636 591 3665 ‘³'
780 3647 946 3725 galis,
999 3668 1034 3706 a
1088 3667 1203 3725 qua
1257 3646 1447 3705 foedus
1503 3646 1705 3724 gratiae
1753 3648 2073 3722 velabatur.
2157 3651 2214 3707 3.
2266 3648 2336 3706 In
2393 3650 2658 3723 effusione

250 3726 497 3804 Spiritus
536 3728 747 3803 Sancti,
780 3738 903 3787 tum
946 3729 1148 3788 visibili
1184 3727 1375 3805 quoad
1425 3727 1578 3785 dona
1626 3728 2098 3803 extraordinaria,
2130 3736 2252 3787 tum
2301 3730 2561 3789 invisibili
2598 3739 2657 3790 et

251 3817 543 3885 perpetua,
575 3809 767 3885 quoad
816 3808 967 3867 dona
1016 3808 1304 3867 ordinaria
1352 3807 1662 3885 unicuique
1710 3807 1869 3866 fideli
1910 3809 1985 3866 ad
2027 3809 2270 3867 salutem
2313 3811 2653 3886 necessaria,

251 3908 382 3966 quae
428 3889 661 3964 ponitur
707 3896 773 3947 ut
815 3889 1106 3966 proprium
1154 3889 1308 3947 Novi
1353 3888 1709 3946 Testamenti
1757 3888 2114 3963 beneficium,
2160 3889 2314 3961 Joiih
2347 3890 2425 3962 ii.,
2469 3890 2656 3965 primo

252 3978 517 4045 respectu
560 3969 1046 4044 extraordinariae,
1079 3988 1207 4045 quae
1236 3969 1502 4045 quamvis
1544 3969 1605 4026 in
1649 3968 1821 4026 certis
1861 3968 2122 4044 personis
2163 3968 2223 4025 in
2252 3969 2329 4026 V.
2353 3969 2421 4025 T.
2464 3969 2656 4027 locum

250 4048 533 4124 habuerit,
577 4057 771 4108 tamen
820 4057 885 4108 ut
932 4069 1231 4126 perpaucae
1276 4048 1523 4123 suerunt,
1568 4068 1683 4106 non
1728 4047 2005 4124 pertinuit
2046 4047 2122 4105 ad
2164 4048 2502 4122 Ecclesiam,
2534 4057 2658 4106 tum

251 4138 518 4206 respectu
565 4129 885 4203 ordinariae,
918 4149 1047 4206 quae
1092 4137 1151 4187 et
1198 4130 1457 4187 intensive
1505 4129 1691 4205 major
1738 4134 1828 4185 est
1876 4127 2067 4203 quoad
2114 4126 2358 4203 gradum
2401 4126 2655 4204 luminis,

252 4209 494 4284 fiduciae,
532 4209 962 4283 consolationis,
993 4216 1051 4267 et
1092 4210 1365 4268 extensive
1406 4207 1596 4284 quoad
1637 4215 1854 4283 partes,
1885 4207 2023 4283 quia
2065 4207 2258 4264 omnia
2299 4207 2482 4282 docet,
2516 4208 2557 4266 J
2562 4208 2656 4268 oh.

253 4290 375 4349 xvi.
410 4293 502 4365 13,
551 4293 581 4347 1
614 4290 755 4350 Joh.
786 4289 845 4347 ii.
877 4292 972 4363 20,
1003 4297 1126 4348 tum
1155 4288 1348 4366 quoad
1390 4291 1670 4364 objectum,
1702 4287 1839 4363 quia
1880 4306 2078 4345 omnes
2120 4286 2289 4344 docet
2329 4307 2364 4344 a
2404 4288 2658 4347 maximo

250 4369 325 4427 ad
353 4370 669 4447 minimum,
704 4369 857 4428 Heb.
887 4370 1007 4428 viii.
1046 4372 1136 4427 11.

336 4450 641 4509 XLVIII.
680 4455 741 4525 ⁷4·
776 4451 847 4507 In
886 4451 1184 4525 Vocatione
1211 4450 1455 4508 omnium
1482 4448 1759 4523 Gentium,
1781 4468 1909 4525 quae
1928 4455 2017 4506 est
2044 4446 2273 4525 propria
2295 4446 2448 4505 Novi
2478 4447 2654 4525 Test.‚

255 4530 449 4606 quoad
470 4534 700 4605 plenam
721 4532 1083 4607 coquitionem
1104 4529 1660 4589 circumstantiarum
1683 4537 1741 4586 et
1768 4528 1942 4601 modi,
1964 4528 2199 4605 quinon
2222 4527 2658 4589 animadversus

256 4630 292 4667 a
320 4609 648 4684 Veteribus,
679 4611 779 4688 qui
805 4619 1082 4688 putarunt
1122 4629 1454 4669 accessuras
1484 4609 1705 4668 Gentes
1733 4607 1806 4666 ad
1848 4607 2336 4684 dispensationem
2362 4616 2615 4667 veterem
2641 4633 2655 4687 3

254 4697 379 4749 tum
409 4690 601 4767 quoad
627 4695 903 4751 actualem
931 4693 1323 4765 executionem,
1353 4709 1482 4766 quae
1511 4708 1627 4747 non
1655 4696 1882 4767 poterat
1908 4688 2033 4747 fieri
2061 4696 2247 4748 stante
2274 4687 2451 4766 priori
2479 4691 2658 4751 cultu.

299 1783 344 1828 5.
379 1782 700 1828 Resurrectio.
