3221 5200
352 368 582 418 Quaes'r.
615 350 706 431 v.]
1199 372 1277 411 ns·
1308 373 1557 412 ros-‚nnus
1586 373 1850 413 curm.
2647 360 2756 419 181

349 510 454 569 sed
481 512 711 569 credere
737 510 795 569 in
828 511 1110 572 Christum
1152 514 1253 589 qui
1274 522 1538 573 venturus
1564 524 1709 589 erat,
1756 514 1891 573 Act.
1936 513 2059 572 xix.
2091 517 2146 590 4,
2189 517 2245 589 ὅ,
2289 533 2406 574 non
2447 524 2763 592 potuerunt

348 598 543 649 autem
572 589 803 649 credere
845 591 905 648 in
946 611 1095 667 eum,
1142 593 1256 651 nisi
1301 593 1490 670 qualis
1533 594 1992 670 promittebatur,
2023 593 2163 652 nim.
2195 603 2260 652 ut
2288 594 2348 652 in
2380 595 2657 654 Messinm
2703 605 2762 657 et

353 670 712 728 Salvatorem
734 670 984 745 unicum,
1008 681 1176 730 extra
1196 692 1368 749 quem
1391 673 1551 732 nulla
1572 681 1913 750 potestesse
1933 674 2107 732 salus.
2168 673 2333 732 Licet
2349 683 2542 733 autem
2567 677 2760 736 Chris·

348 757 444 808 tus
471 748 726 807 nondum
757 749 929 809 fuerit
968 752 1209 828 physice
1251 762 1316 811 ut
1360 753 1718 829 Incarnatus,
1753 753 1862 812 fuit
1890 762 2084 812 tamen
2121 754 2194 811 ab
2237 753 2402 812 initio
2444 755 2755 833 moraliter,

350 829 571 888 ratione
599 828 1001 889 destinationis
1028 841 1087 890 et
1113 832 1528 908 promissionis,
1560 841 1627 892 ut
1655 832 2056 908 incarnandus,
2090 832 2304 910 quique
2333 834 2465 892 ideo
2507 855 2611 912 per
2637 836 2756 895 effi·

350 910 568 968 eseiam
600 909 940 968 Divinitatis
970 911 1157 988 potuit
1175 913 1297 989 jam
1328 912 1607 971 beneficia
1637 932 1742 970 sua
1767 912 2038 971 fidelibus
2060 911 2352 990 conferre;
2401 914 2595 991 Fides,
2626 936 2756 993 quae

350 988 662 1048 revelanda
689 989 798 1048 fuit
840 990 948 1048 sub
979 990 1050 1048 N.
1082 991 1168 1065 Τ.,
1216 991 1331 1050 Gal
1357 992 1438 1050 iii.
1469 994 1565 1067 23,
1596 992 1706 1051 fuit
1727 994 1880 1070 fides
1919 993 2185 1068 objectiva
2213 1013 2344 1070 quae
2385 995 2638 1054 ereditur
2664 1016 2753 1056 ra-

348 1068 506 1126 tione
533 1068 792 1127 clarioris
819 1070 1314 1145 manifestationis,
1346 1091 1463 1131 non
1489 1072 1786 1147 subjectiva
1814 1092 1930 1148 qua
1958 1073 2225 1130 creditur.

433 1148 824 1208 XXXVIII.
872 1149 955 1209 Ut
986 1149 1161 1208 Fides
1188 1160 1248 1208 et
1275 1151 1535 1210 Verbum
1565 1160 1700 1211 sunt
1727 1151 1925 1227 relata,
1958 1153 2092 1211 talis
2120 1151 2323 1211 debuit
2349 1172 2477 1211 esse
2506 1152 2652 1213 fides
2691 1155 2753 1214 in

351 1228 662 1303 Christum,
706 1229 875 1305 quale
918 1229 1026 1288 fuit
1054 1230 1313 1289 Verbum
1344 1231 1420 1290 V.
1451 1231 1519 1291 T.
1560 1231 1633 1289 de
1678 1231 1921 1290 Christo
2010 1231 2094 1290 At
2124 1232 2384 1291 Verbum
2415 1233 2550 1292 Vet.
2594 1234 2752 1294 Test.

348 1306 520 1366 docet
563 1307 853 1367 Christum
879 1316 941 1367 et
968 1317 1212 1369 testatur
1252 1310 1324 1370 de
1367 1310 1509 1387 ipso,
1542 1311 1758 1370 Johan.
1788 1331 1845 1369 v.
1879 1313 1973 1387 89,
2012 1311 2113 1372 sed
2155 1312 2473 1388 obscurius,
2518 1322 2754 1398 propter

346 1387 772 1464 promissiones,
803 1396 861 1447 et
888 1397 1060 1465 typos
1100 1389 1273 1465 illius,
1315 1391 1415 1467 qui
1450 1392 1575 1468 jam
1618 1399 1740 1449 erat
1780 1390 2023 1466 futurus,
2065 1391 2206 1450 fides
2236 1411 2375 1468 ergo
2404 1412 2601 1451 eorum
2631 1403 2754 1453 erat

344 1466 521 1525 etiam
562 1467 623 1524 in
660 1488 807 1543 eum,
841 1468 944 1526 sed
983 1468 1295 1544 obscurior,
1327 1478 1386 1529 et
1412 1470 1603 1529 minus
1645 1470 1904 1529 illustris.
1988 1474 2104 1530 Res
2131 1491 2271 1549 ergo
2298 1472 2500 1531 eadem
2530 1492 2755 1550 semper

347 1555 485 1605 nota
512 1545 636 1622 fuit,
667 1557 725 1606 et
752 1548 812 1605 in
841 1547 1131 1624 objectum
1158 1549 1291 1607 fidei
1330 1550 1639 1628 proposita,
1673 1550 1774 1609 sed
1802 1553 1998 1609 modus
2026 1550 2217 1609 minus
2245 1551 2397 1610 clare
2425 1561 2753 1630 compertus

346 1635 440 1685 est
466 1635 597 1686 ante
624 1627 937 1686 adventum
968 1628 1199 1704 Christi,
1230 1648 1403 1706 quam
1432 1639 1563 1707 post
1589 1650 1752 1689 eum:
1781 1638 1848 1689 ut
1868 1630 2121 1689 omnium
2153 1630 2473 1690 futurorum
2497 1632 2752 1708 cognitio

346 1706 539 1764 minus
565 1707 804 1766 evidens
830 1716 919 1766 est
947 1707 1152 1767 notitia
1176 1709 1613 1786 praeteritorum,
1645 1719 1703 1768 et
1731 1710 1941 1768 intuitu
1984 1709 2387 1788 praesentium3
2426 1710 2530 1769 sed
2565 1711 2752 1788 gradu

347 1787 564 1862 majore
590 1785 735 1845 lucis
763 1796 990 1862 negate,
1022 1806 1135 1846 non
1165 1798 1452 1865 negantur
1479 1790 1672 1848 statim
1702 1790 1968 1847 minores.

431 1865 758 1925 XXXIX.
805 1866 1018 1925 Modus
1048 1867 1486 1946 Redemptionis
1525 1889 1630 1946 per
1656 1877 1899 1926 mortem
1930 1868 2162 1926 Messiae
2190 1887 2307 1926 non
2347 1869 2538 1946 potuit
2578 1869 2749 1946 plane

345 1944 678 2022 incognitus
704 1966 830 2005 esse
862 1945 1148 2021 Patribus,
1179 1967 1310 2006 cum
1332 1958 1390 2007 et
1410 1948 1659 2007 oraculis
1679 1948 2029 2022 verbalibus,
2062 1957 2120 2007 et
2147 1948 2304 2025 typis
2325 1956 2448 2006 tum
2477 1948 2746 2025 realibus,

344 2032 468 2083 tum
497 2026 911 2101 personalibus,
943 2025 1113 2084 toties
1140 2026 1427 2086 indicatus
1456 2029 1548 2086 sit.
1614 2027 2002 2086 Consulantur
2029 2027 2155 2085 loca
2187 2027 2281 2084 Ps.
2312 2027 2457 2085 xxii.
2482 2036 2539 2086 et
2565 2027 2746 2103 lxix.;

352 2104 431 2161 Is.
474 2104 578 2163 liii.
621 2113 680 2164 et
722 2105 898 2181 lxiii.;
953 2105 1101 2163 Dan.
1153 2106 1233 2164 ix.
1276 2110 1351 2164 27
1375 2130 1389 2183 ;
1450 2108 1625 2166 Zach.
1678 2108 1779 2165 xii.
1830 2109 1921 2165 10.
2007 2106 2269 2164 Christus
2318 2107 2440 2183 ipse
2489 2127 2565 2164 ex
2609 2107 2746 2166 Vet.

344 2184 502 2242 Test.
534 2184 703 2244 docet
744 2205 805 2244 se
847 2184 967 2263 pati
1009 2184 1294 2260 debuisse,
1339 2196 1396 2244 et
1440 2187 1522 2245 sic
1563 2187 1777 2245 intrare
1820 2187 1878 2243 in
1922 2186 2164 2263 gloriam
2194 2205 2374 2260 suam,
2408 2185 2550 2244 Luc.
2581 2187 2746 2245 xxiv.

348 2263 511 2321 Idem
541 2265 881 2324 cernebatur
906 2265 967 2321 in
995 2264 1173 2342 Agno
1203 2265 1487 2340 Paschali‚
1519 2266 1578 2322 in
1605 2275 1850 2341 utroque
1877 2266 2055 2339 hirco,
2079 2265 2267 2328 Levit.
2298 2265 2419 2323 xvi.
2449 2275 2506 2323 et
2534 2266 2748 2343 passim

343 2343 405 2400 in
444 2344 753 2420 sacrificiis,
799 2365 928 2422 quae
970 2344 1178 2418 omnia,
1210 2345 1305 2403 vel
1351 2345 1473 2403 sine
1518 2345 1632 2403 fide
1677 2345 1880 2403 Patres
1923 2345 2219 2422 excepisse
2263 2364 2502 2404 necesse
2542 2353 2646 2419 est,
2691 2352 2752 2405 et

340 2423 657 2483 credidisse
688 2424 967 2501 sanguine
996 2432 1289 2483 taurorum
1318 2425 1539 2502 expiari
1579 2423 1834 2501 potuisse
1876 2433 2127 2500 peccata,
2158 2444 2273 2500 quo
2301 2424 2475 2482 modo
2515 2424 2750 2483 inferior

344 2500 549 2562 fuisset
589 2503 844 2581 ipsorum
886 2503 1031 2562 fides
1062 2505 1425 2581 Paganorum
1469 2505 1723 2581 ipsorum
1763 2503 2095 2577 luminibus,
2140 2503 2239 2580 qui
2282 2504 2399 2562 tale
2447 2503 2590 2581 quid
2632 2524 2748 2563 non

340 2581 671 2659 credebant,
696 2584 793 2643 vel
821 2583 1188 2644 statuendum
1211 2605 1310 2644 eos
1337 2585 1400 2643 in
1425 2584 1640 2645 talibus
1669 2583 2022 2663 spiritualem
2054 2582 2532 2661 significationem
2554 2583 2746 2647 animo

344 2663 685 2740 percepisse,
717 2672 777 2722 et
803 2664 877 2721 ad
908 2664 1183 2722 Messiam
1212 2666 1402 2723 omnia
1430 2665 1713 2724 retulisse.
1867 2704 1870 2709 -
1949 2726 1958 2737 ,

427 2742 565 2802 XL.
614 2743 677 2803 Si
699 2742 814 2802 duo
836 2743 1103 2821 discipuli
1127 2745 1453 2804 Emauntici
1482 2745 1671 2803 adhuc
1699 2743 1962 2803 fascinati
1991 2742 2259 2821 opinione
2280 2744 2446 2820 regni
2470 2743 2750 2803 mundani

342 2841 382 2878 a
422 2821 650 2882 Christo
692 2822 954 2900 erigendi
994 2823 1055 2880 in
1094 2824 1279 2897 terris,
1327 2824 1468 2884 Luc.
1512 2825 1677 2884 xxiv.
1721 2827 1816 2899 21,
1865 2844 1971 2882 nec
2015 2823 2344 2900 cogitarunt
2385 2823 2457 2882 de
2496 2844 2664 2883 cruce
2713 2845 2750 2882 a

347 2901 576 2961 Christo
606 2902 938 2978 subeunda3
985 2902 1115 2961 Non
1146 2903 1404 2980 sequitur
1443 2905 1596 2962 idem
1627 2904 1873 2963 sensisse
1903 2923 2102 2962 omnes
2129 2902 2347 2976 fideles,
2378 2903 2475 2962 vel
2502 2904 2648 2961 nihil
2677 2903 2748 2962 de

347 2989 529 3040 morte
560 2981 775 3041 Christi
804 2981 1075 3041 Patribus
1100 2982 1277 3042 fuisse
1306 2983 1642 3060 revelatum,
1668 2983 1804 3059 quia
1833 2983 1941 3041 fuit
1967 2983 2173 3041 vitium
2205 2982 2469 3058 subjecti,
2500 3003 2618 3040 non
2647 2982 2747 3040 de-

346 3058 531 3119 fectus
560 3061 790 3139 objecti.
876 3062 1023 3119 Nam
1065 3061 1176 3119 hoc
1213 3062 1353 3121 satis
1389 3062 1543 3121 clare
1583 3064 1646 3120 in
1674 3063 1750 3119 V.
1782 3063 1938 3119 Test.
1981 3060 2337 3138 praedictum,
2369 3069 2428 3119 et
2456 3081 2491 3118 a
2519 3061 2748 3119 Christo

347 3140 721 3217 propositum,
754 3140 803 3199 si
832 3140 908 3199 ad
933 3140 993 3198 id
1016 3140 1337 3199 voluissent
1363 3138 1677 3199 attendere.¹
1749 3140 1926 3197 Fides
1957 3159 2095 3215 ergo
2125 3140 2378 3215 ipsorum
2406 3140 2595 3214 potuit
2622 3160 2750 3199 esse

348 3239 489 3277 vera
514 3219 707 3297 quoad
733 3220 1044 3298 objectum,
1076 3219 1179 3277 sed
1207 3239 1334 3278 cum
1367 3240 1555 3279 errore
1584 3219 1773 3277 adhuc
1801 3219 2001 3291 mixta,
2034 3218 2258 3292 hausto,
2290 3237 2407 3275 non
2435 3238 2512 3276 ex
2557 3218 2747 3296 Scrip-

346 3306 493 3373 tura,
534 3319 612 3357 ex
648 3319 765 3376 qua
802 3299 1185 3375 redarguitur,
1220 3299 1360 3357 Luc.
1389 3299 1553 3358 xxiv.
1584 3303 1681 3375 27,
1714 3298 1816 3356 sed
1858 3317 1932 3355 ex
1975 3316 2212 3356 erronea
2239 3296 2580 3356 Judaeorum
2621 3316 2748 3374 per-

347 3378 614 3437 suasione
643 3377 715 3437 de
744 3398 924 3455 regno
954 3378 1168 3437 Christi
1195 3387 1439 3451 terreno,
1471 3380 1683 3437 Matth.
1712 3398 1815 3435 xx.
1846 3379 1942 3435 21.

432 3457 605 3516 XLI.
653 3458 717 3517 Si
745 3458 1017 3534 Apostoli
1060 3456 1347 3517 interdum
1388 3467 1678 3517 terrenum
1720 3466 1780 3517 et
1821 3456 2050 3515 carnale
2091 3475 2334 3534 regnum
2380 3456 2595 3515 Christi
2637 3456 2749 3515 sibi

346 3536 649 3615 imaginati
676 3546 828 3612 sunt,
872 3557 988 3595 non
1026 3545 1145 3596 tam
1186 3537 1294 3597 fuit
1334 3538 1691 3615 ignorantias,
1724 3557 1895 3614 quam
1923 3533 2183 3609 ἆβλιψιῢις
2212 3546 2270 3595 ct
2298 3540 2604 3617 πςοπτιὶις,
2648 3557 2752 3613 per

347 3636 522 3692 quam
550 3617 782 3692 factum,
814 3625 883 3675 ut
905 3616 1003 3675 vel
1029 3637 1144 3675 non
1175 3636 1400 3695 semper
1428 3617 1734 3696 cogitarint
1763 3618 1835 3675 de
1862 3618 1973 3676 hoc
2000 3616 2294 3694 mysteriO,
2325 3617 2422 3675 vel
2449 3616 2751 3675 affectibus

350 3696 526 3754 variis
554 3696 882 3756 carnalibus
908 3696 969 3754 in
997 3704 1389 3756 transversum
1416 3696 1634 3757 fuerint
1660 3698 1899 3774 abrepti,
1931 3705 1990 3755 et
2029 3696 2309 3774 praecipiti
2352 3696 2603 3774 quodam
2644 3696 2751 3753 im-

347 3784 487 3851 petu
528 3775 784 3852 fecerint,
816 3776 910 3835 vel
953 3776 1206 3835 dixerint
1247 3776 1612 3870 quandoque,
1653 3797 1781 3853 quae
1820 3776 2008 3834 aliena
2034 3784 2198 3835 erant
2238 3776 2312 3834 ab
2353 3776 2425 3834 iis
2453 3796 2582 3852 quae
2612 3776 2753 3834 satis

346 3854 641 3915 habebant
667 3863 974 3935 comperta,
1005 3863 1072 3914 ut
1096 3855 1158 3913 in
1185 3856 1383 3916 multis
1410 3857 1541 3915 aliis
1568 3856 1769 3915 eadem
1807 3855 1879 3913 de
1901 3874 2075 3913 causa
2102 3874 2254 3931 saepe
2282 3856 2590 3931 impegere,
2621 3874 2752 3930 quae

348 3944 633 3994 noverant
658 3935 848 3995 aliena
875 3955 1002 3994 esse
1031 3955 1066 3992 a
1093 3954 1197 3994 suo
1226 3935 1430 4011 officio,
1460 3945 1527 3995 ut
1554 3935 1693 3994 dum
1719 3933 1983 3993 homines
2011 3933 2226 3992 Christi
2253 3952 2420 4010 opem
2448 3941 2752 4009 poscentes

349 4024 605 4074 semotos
631 4015 854 4091 volunt,
886 4024 945 4073 et
973 4015 1165 4091 ignem
1194 4035 1226 4075 e
1248 4016 1395 4074 coelo
1422 4015 1483 4074 in
1517 4014 1909 4075 Samaritanos
1932 4012 2271 4087 immissum,
2302 4011 2441 4070 dum
2462 4012 2668 4071 nolunt
2687 4021 2754 4072 ut

350 4094 396 4154 J
397 4096 781 4172 erosolymam
810 4094 1099 4168 ascendat,
1130 4102 1190 4153 et
1217 4095 1443 4154 similia.

434 4174 643 4233 XLII.
692 4176 754 4234 Si
786 4175 992 4234 Petrus
1018 4174 1386 4252 reprehendit
1414 4174 1707 4233 Christum
1733 4173 2065 4249 loquentem
2085 4170 2159 4229 de
2182 4189 2366 4244 cruce,
2394 4169 2603 4228 Matth.
2628 4170 2751 4229 xvi.

349 4258 448 4330 22,
480 4274 655 4314 eausa
696 4255 863 4314 istius
891 4255 1202 4329 iaempqu
1230 4275 1345 4314 non
1382 4254 1493 4313 fuit
1532 4252 1861 4331 ignorantia
1886 4250 2152 4309 absoluta
2190 4248 2452 4326 mysterii
2491 4248 2752 4327 redemp-

350 4333 545 4409 tionis,
570 4333 664 4393 vel
693 4334 895 4393 mortis
915 4335 1058 4412 ejus,
1084 4334 1364 4410 siquidem
1388 4334 1692 4393 audiverat
1712 4332 1758 4392 J
1759 4331 2043 4390 ohannem
2063 4337 2369 4389 testantem
2391 4347 2517 4386 esse
2539 4348 2755 4404 agnum

356 4413 468 4471 Dei
496 4414 796 4473 tollentem
832 4423 1069 4491 peccata
1095 4414 1313 4490 mundi,
1343 4423 1403 4473 et
1431 4414 1725 4472 Christum
1765 4412 1954 4487 ipsum
1984 4408 2389 4469 dissei-tissime
2415 4407 2755 4468 destructio·

353 4512 486 4551 nem
513 4493 746 4570 Templi
786 4493 1041 4570 corporis
1070 4493 1175 4567 sui,
1213 4504 1271 4554 et
1297 4513 1514 4552 moram
1546 4512 1708 4551 suam
1736 4490 2064 4549 triduanam
2104 4490 2163 4547 in
2206 4488 2509 4565 sepulchro
2548 4488 2755 4566 praedi-

353 4581 599 4648 centem,
629 4574 729 4635 Jo.
760 4573 820 4632 ii.
854 4575 945 4649 19,
978 4582 1037 4632 et
1066 4573 1210 4633 Mat.
1240 4574 1343 4633 ιιι.
1372 4577 1469 4648 39,
1500 4575 1596 4649 40,
1638 4580 1845 4649 praeter
1885 4570 2013 4648 ipsa
2049 4569 2464 4647 Prophetarum
2492 4569 2759 4644 oracula;

355 4651 487 4711 Sed·
513 4652 623 4712 fuit
649 4654 913 4733 neos-'iwan
939 4661 998 4712 et
1021 4652 1258 4733 θπςμὸπκ
1299 4654 1471 4715 Petro
1510 4651 1815 4728 ordinaria,
1856 4670 1986 4729 quae
2024 4649 2318 4709 hominem
2355 4668 2507 4729 saepe
2539 4648 2760 4726 ⁴abripit
