3221 5200
582 369 734 432 xviii
1330 382 1668 428 1:1³1sT0LA
1749 381 2249 428 nssomA‘romA.

588 563 850 645 publicas
885 568 949 625 et
983 560 1259 641 privatae,
1296 580 1432 641 quae
1463 581 1559 623 me
1593 560 1671 622 ad
1707 558 1841 622 Vos
1883 561 2014 639 jam
2051 567 2400 624 currentem
2431 569 2611 640 grata
2644 560 2907 640 quadam
2931 558 2987 623 vi

588 662 865 723 trahunt.
969 658 1089 721 Vel
1139 660 1255 723 hoc
1305 658 1462 721 satis
1510 665 1693 731 esset,
1744 678 1842 720 me
1885 658 2195 721 Genevam
2232 657 2429 720 Vobis
2480 658 2890 732 Foederatam‚
2927 665 2991 721 et

588 758 801 821 multis
851 757 1199 820 nominibus
1261 756 1624 820 obstrictam
1675 754 1951 818 Patriam
1999 756 2245 829 habere,
2301 761 2374 817 ut
2423 756 2589 819 inter
2633 777 2737 820 eos
2769 776 2988 818 nomen

590 857 885 936 profitear
919 876 1139 929 meum,
1176 854 1281 933 qui
1316 854 1548 917 cultum
1574 853 1775 916 Vobis
1810 854 2037 916 debent
2071 860 2136 915 et
2168 853 2543 932 obsequium.
2643 854 2792 916 Cum
2827 853 2991 916 enim

589 975 813 1036 magna
862 974 1103 1033 semper
1153 952 1414 1015 Genevae
1465 971 1604 1015 cum
1655 950 2100 1013 Illustrissimis
2151 950 2527 1013 Cantonibus
2582 951 2991 1031 EvangeliciS,

592 1073 730 1115 cum
767 1052 987 1131 quibus
1020 1050 1367 1113 communia
1397 1049 1574 1111 nobis
1608 1055 1757 1110 sunt
1791 1048 2001 1123 Sacra,
2022 1055 2087 1111 et
2121 1048 2309 1110 Fides
2343 1055 2596 1127 ἰσότιμος,
2627 1049 2990 1112 intercesse-

590 1149 678 1211 rit
711 1148 1118 1223 necessitudo,
1155 1147 1313 1210 Tum
1346 1146 1441 1210 vel
1460 1146 1727 1209 maxime
1745 1168 1882 1209 cum
1902 1146 2332 1209 florentissima
2362 1145 2710 1226 Republica
2739 1145 2992 1220 Vestra,

592 1267 726 1326 quae
780 1267 918 1310 cum
976 1246 1405 1309 Illustrissima
1454 1245 1752 1308 Beruensi
1820 1244 2069 1308 arctiori
2105 1243 2380 1306 Foederis
2414 1244 2657 1307 viuculo
2688 1244 2864 1307 nobis
2899 1250 2995 1307 est

581 1343 822 1423 juncta.
924 1343 1114 1423 Cujus
1143 1343 1689 1423 propensissimum
1716 1342 1989 1404 studium
2023 1361 2285 1421 semper,
2319 1348 2385 1404 et
2413 1342 2792 1421 temporibus
2827 1362 2994 1421 prae-

592 1442 808 1505 sertim
842 1441 1213 1504 difficillimis
1254 1441 1498 1520 jamdiu
1546 1439 1966 1520 probavimuS,
2019 1446 2084 1503 et
2139 1438 2412 1519 quotidie
2459 1442 2812 1520 probamus,
2848 1439 2992 1501 dum

592 1539 670 1602 de
698 1541 884 1602 rebus
917 1538 1145 1601 nostris
1179 1557 1301 1600 non
1335 1538 1534 1600 minus
1569 1558 1641 1600 ac
1676 1538 1802 1600 suis
1838 1537 2117 1611 sollicita,
2152 1538 2313 1600 bona
2341 1544 2407 1601 et
2439 1538 2602 1599 mala
2634 1545 2851 1601 nostra
2883 1556 2995 1599 sua

591 1636 1077 1717 interpretando,
1109 1635 1364 1699 consilio
1418 1642 1484 1698 et
1531 1655 1718 1715 opere
1750 1635 2208 1716 promptissime
2237 1635 2414 1698 nobis
2448 1635 2669 1710 adfuit,
2702 1634 2991 1714 nullaque

591 1755 630 1797 a
659 1755 725 1798 se
758 1755 1024 1815 unquam
1054 1733 1287 1813 requiri
1316 1753 1499 1813 passa
1528 1740 1626 1795 est
1678 1732 1896 1808 officia,
1932 1753 2066 1812 quae
2097 1734 2174 1795 ab
2211 1733 2577 1796 amicissima
2607 1739 2672 1796 et
2702 1734 2998 1812 conjunc-

593 1830 834 1894 tissima
867 1832 1095 1895 Sorore
1129 1831 1447 1911 expectari
1482 1835 1765 1910 possunt.
1871 1830 2210 1894 Testantur
2239 1831 2428 1893 etiam
2459 1831 2740 1894 Annales
2768 1830 2993 1909 nostri,

595 1935 892 2009 quantum
945 1930 1077 1991 haec
1136 1928 1418 1991 Ecclesia
1472 1927 1722 1991 Vestras
1775 1929 2015 2001 debeat,
2070 1937 2488 2008 quantumque
2528 1927 2859 1991 contulerit
2917 1925 2997 1989 ad

592 2027 1070 2091 confirmandam
1121 2024 1415 2087 adversus
1471 2024 1794 2087 haeresium
1846 2033 2141 2101 monstra,
2180 2026 2400 2104 quibus
2434 2026 2535 2088 hic
2567 2025 2851 2105 impetita
2883 2031 2996 2098 est,

595 2124 913 2188 Doctrinae
944 2123 1303 2204 puritatem,
1340 2129 1404 2185 et
1437 2121 1517 2183 ad
1573 2122 1967 2185 sanciendum
1999 2144 2186 2185 sacrae
2222 2122 2584 2202 Disciplinae
2613 2122 2996 2203 Presbyter-ii

594 2222 793 2284 nostri
856 2221 1185 2302 vinculum,
1248 2219 1411 2299 quod
1467 2218 1743 2305 homines
1794 2220 2038 2284 factiosi
2091 2227 2156 2283 et
2199 2222 2431 2283 ἄτακτοι
2479 2221 2557 2283 ad
2610 2220 2996 2302 omnigenam

593 2319 905 2382 licentiam
935 2318 1340 2381 inducendam
1374 2338 1497 2380 non
1551 2318 1737 2381 semel
1789 2320 2155 2399 abrumpere
2187 2319 2391 2381 conati
2426 2325 2589 2381 sunt.
2696 2318 2759 2381 N
2762 2340 2830 2382 ec
2890 2336 3000 2381 nos

595 2416 773 2496 latet,
811 2415 1045 2480 Vestra
1072 2415 1512 2479 intercessione
1566 2416 1916 2495 praesertim
1971 2419 2219 2490 sactum,
2255 2422 2327 2478 ut
2353 2416 2661 2491 Calvinus,
2697 2416 2828 2501 (qui
2861 2425 2995 2479 tur-

594 2515 823 2577 bonum
881 2514 1263 2593 quorundam
1318 2512 1649 2591 iniquitate
1703 2519 1771 2576 ct
1822 2514 2118 2577 violentia
2168 2513 2343 2577 Urbe
2398 2515 2696 2578 excedere
2746 2522 2999 2579 coactus

592 2614 816 2687 fuerat,
839 2618 905 2674 et
923 2610 1336 2692 Argentinam
1357 2631 1422 2673 se
1437 2618 1780 2692 receperat,
1805 2612 1911 2674 ubi
1929 2612 2358 2676 honestissime
2379 2620 2696 2693 exceptus,
2717 2613 2998 2676 Pastoris

595 2709 662 2770 in
685 2708 968 2772 Ecclesia
1002 2707 1258 2786 Gallica,
1310 2709 1445 2787 ejus
1479 2708 1672 2772 ductu
1700 2709 1929 2773 ibidem
1950 2709 2261 2791 instituta,
2294 2718 2360 2773 et
2392 2711 2763 2774 Professoris
2795 2710 2996 2775 Theo-

597 2806 774 2887 logiae
807 2826 1028 2868 munus
1059 2805 1413 2887 dignissime
1463 2806 1860 2890 sustinebat,)
1896 2807 2191 2872 Ecclesiae
2248 2808 2391 2873 huic
2427 2828 2663 2872 summo
2694 2830 2831 2873 cum
2860 2811 2999 2890 ejus

596 2904 822 2986 gaudio
852 2911 917 2967 et
951 2904 1378 2978 emolumento,
1408 2904 1556 2968 licet
1590 2925 1770 2985 segre,
1803 2906 2083 2970 redditus
2112 2907 2319 2969 fuerit.
2377 2906 2514 2970 Nec
2548 2908 2761 2988 ignota
2787 2913 2999 2987 potest

598 3021 736 3065 esse
767 3002 873 3081 pia
904 3009 969 3065 et
991 3002 1212 3065 intima
1243 3002 1585 3066 animorum
1618 3002 1786 3066 Unio
1817 3010 1882 3066 et
1915 3003 2308 3067 consiliorum
2336 3005 2824 3080 communicatio,
2860 3025 2998 3084 quae

596 3099 761 3163 inter
816 3099 1111 3182 Magnum
1159 3100 1615 3186 Bullinyerum
1666 3100 1983 3178 Vestrum,
2038 3110 2103 3165 et
2157 3099 2494 3164 Calvinum
2526 3109 2805 3165 nostrum
2837 3123 3002 3165 sem-

596 3218 708 3280 per
759 3198 999 3280 extitit,
1053 3205 1127 3261 ut
1179 3199 1379 3263 literae
1433 3203 1731 3276 ἀμοιβαῒαι
1787 3200 2161 3265 suavissimas
2236 3206 2568 3274 testantur,
2653 3221 2765 3282 per
2815 3221 2998 3280 quam

596 3304 923 3371 ὁμοθυμαδὸν
957 3297 1129 3375 Opus
1160 3296 1413 3359 Domini
1448 3298 1664 3360 sedulo
1714 3301 1792 3361 ab
1829 3298 1983 3378 ipsis
2017 3318 2258 3377 semper
2300 3304 2652 3379 promotum
2686 3306 2803 3361 est.
2912 3298 3001 3360 Et

596 3414 732 3458 cum
768 3393 1047 3456 malevoli
1081 3392 1328 3471 aliquod
1362 3387 1808 3456 sententiarum
1855 3381 2184 3457 divortium
2228 3395 2395 3459 inter
2422 3402 2747 3476 utramque
2783 3395 3002 3460 Eccle-

597 3490 751 3553 siam
812 3490 877 3553 in
932 3488 1033 3551 Re
1086 3488 1581 3552 sacramentaria
1627 3490 1960 3569 jactarent,
2021 3490 2076 3554 F
2078 3491 2267 3555 arello
2318 3501 2383 3556 et
2412 3493 2664 3557 Calvino
2698 3494 3000 3574 Tigurum

594 3587 910 3667 profectiS,
948 3587 1216 3666 scriptus
1250 3594 1348 3650 est
1380 3587 1655 3650 unanimi
1693 3588 2105 3652 Ecclesiamm
2148 3588 2576 3654 Helvetiarum
2609 3598 2675 3655 et
2708 3592 3000 3655 Foedera—

596 3692 803 3747 tarum
838 3685 1301 3766 approbatione,
1360 3705 1521 3748 anno
1578 3687 1791 3764 1549,
1847 3688 2194 3751 Comama
2230 3690 2818 3765 Sacramentarius,
2872 3707 3000 3768 quo

596 3790 879 3847 sanctum
912 3782 1355 3847 Fraternitatis
1389 3790 1455 3846 et
1485 3786 1744 3848 affectus
1777 3786 2084 3850 vinculum
2115 3786 2281 3849 inter
2335 3788 2503 3868 ipsas
2544 3788 2739 3868 magis
2773 3787 3005 3868 magis-

597 3902 715 3962 que
745 3881 1115 3945 adstrictum
1146 3889 1242 3944 est
1276 3888 1341 3944 et
1372 3882 1744 3962 colligatum.
1848 3884 1912 3945 N
1917 3904 1986 3948 ec
2040 3885 2118 3947 ab
2173 3905 2246 3948 eo
2278 3892 2556 3966 tempore
2588 3884 2854 3949 cessavit
2887 3903 3001 3965 per

594 3980 715 4044 Dei
776 3980 1042 4062 gratiam
1098 3979 1453 4042 dulcissima
1501 3980 1608 4043 illa
1661 3982 1999 4045 animorum
2050 3989 2117 4045 et
2146 3983 2481 4046 officiorum
2536 3983 3000 4057 contesseratio,

596 4099 730 4158 quae
763 4079 1097 4141 etiamnum
1128 4077 1327 4152 hodie,
1364 4078 1662 4160 singulari
1707 4080 1825 4142 Dei
1886 4080 2184 4144 beneficio
2213 4087 2278 4143 et
2308 4081 2577 4143 maximo
2608 4088 2823 4144 nostro
2859 4100 3000 4143 cum

592 4176 837 4257 gaudiO,
874 4173 1076 4238 Nobis
1107 4174 1442 4240 intercedit
1476 4198 1613 4241 cum
1648 4178 1893 4268 magnis
1930 4177 2224 4242 Ecclesiae
2259 4186 2325 4241 et
2357 4179 2712 4242 Academias
2748 4178 3001 4241 Vestrae

594 4273 978 4350 Luminibus,
1015 4273 1440 4336 celeberrimis
1475 4273 1671 4352 Viris,
1705 4276 1811 4356 qui
1845 4295 2079 4339 summa
2109 4296 2246 4339 cum
2274 4277 2457 4339 laude
2491 4278 2569 4340 de
2623 4276 2907 4340 Ecclesia
2934 4280 3001 4339 et

594 4369 838 4449 Repub.
874 4371 1171 4447 literaria,
1202 4379 1332 4434 tam
1385 4372 1524 4436 viva
1554 4394 1702 4438 voce
1760 4394 1939 4454 quam
1971 4374 2219 4453 scriptis
2255 4374 2643 4450 doctissimiS,
2679 4376 2834 4438 bene
2868 4393 3001 4436 me-

593 4467 716 4531 reri
742 4477 1024 4549 pergunt.
1129 4469 1206 4532 In
1244 4491 1365 4551 qua
1393 4471 1472 4534 ad
1504 4480 1850 4536 extremum
1887 4491 2078 4551 usque
2111 4472 2248 4536 Deo
2282 4471 2578 4549 Favente,
2614 4492 2724 4537 nos
2756 4489 3002 4552 semper

594 4567 966 4646 perstituros
996 4587 1327 4648 speramus.
