3221 5200
308 386 533 435 QUAEST.
566 365 678 444 1v.]
1167 385 1243 423 nn
1287 384 1627 425 vocs-riom:
1686 385 1759 423 Εἰ·
1804 385 1957 427 mnu.
2610 372 2726 428 469

313 529 457 602 De0,
483 525 578 583 vel
607 524 1101 600 regenerationem
1158 526 1414 585 inchoari
1472 527 1545 584 ab
1595 546 1768 604 opere
1814 525 1969 602 quod
2030 526 2188 583 Deus
2236 525 2407 602 jubet
2432 527 2723 586 hominem

306 609 512 681 facere,
545 613 603 663 et
631 603 787 680 quod
817 624 947 661 cum
990 605 1161 663 homo
1190 606 1326 664 facit
1368 606 1647 683 paulatim
1688 606 2004 680 reviviscit,
2031 615 2095 663 ut
2121 605 2440 681 loquuntur
2471 607 2721 667 Remon-

305 697 572 746 strantes,
659 684 807 757 Quia
835 684 1168 743 mandatum
1197 686 1354 744 istud
1398 696 1560 744 notat
1588 685 1731 762 quid
1768 686 1992 760 debeat,
2044 705 2159 742 non
2210 686 2349 761 quid
2380 687 2603 763 possit3
2662 698 2720 747 et

304 767 565 843 exigitur
591 763 664 820 ab
693 763 943 837 homine,
976 764 1111 822 dum
1140 775 1401 823 mortuus
1431 775 1535 840 est,
1567 765 1724 842 quod
1766 785 1881 822 non
1911 764 2047 823 facit
2076 765 2187 822 nisi
2215 766 2579 843 vivificatus,'
2598 769 2722 827 Deo

307 849 434 924 ipso
463 844 617 921 quod
641 843 811 918 jubet
839 843 898 900 in
927 844 1095 903 nobis
1123 845 1386 903 faciente.

389 924 709 983 XXXIV.
756 923 877 981 Nec
905 943 1106 1000 parum
1134 926 1248 983 huc
1298 925 1434 983 facit
1468 925 1860 984 Gener-ationis
1890 924 2225 999 similitude,
2257 944 2387 1000 quac
2417 927 2589 985 toties
2618 927 2719 985 ad·

304 1005 538 1063 hibetur
564 1004 623 1060 in
651 1003 762 1061 hoc
791 1013 1147 1080 argumento.
1195 1005 1341 1061 Nam
1370 1014 1436 1062 ut
1463 1005 1522 1061 in
1552 1005 1921 1080 generatione
1942 1005 2208 1079 hominis,
2242 1005 2337 1061 vel
2365 1025 2553 1064 rerum
2583 1007 2722 1065 alia·

306 1106 433 1143 rum
463 1105 591 1161 quae
621 1082 786 1158 gigni
815 1084 1018 1157 solent,
1051 1084 1165 1142 duo
1214 1085 1539 1142 necessario
1580 1085 1983 1161 requiruntur3
2031 1104 2224 1142 semen
2255 1085 2408 1159 quod
2439 1086 2721 1145 extrinse-

306 1186 410 1223 cus
440 1164 694 1236 advenit,
727 1172 784 1221 et
813 1163 998 1221 virtus
1030 1164 1252 1222 interna
1279 1165 1427 1222 uteri
1457 1165 1553 1221 vel
1576 1173 1757 1238 terrae,
1791 1184 1918 1240 quae
1943 1164 2086 1222 illud
2104 1164 2308 1241 recipit
2336 1173 2392 1222 et
2421 1165 2718 1225 vivificum

303 1245 509 1319 reddit,
558 1262 731 1320 quam
782 1262 975 1300 semen
1021 1264 1137 1302 non
1198 1244 1313 1316 dat,
1366 1243 1468 1301 sed
1518 1245 1791 1321 supponit
1816 1266 1829 1301 t
1874 1244 2085 1302 frustra
2114 1244 2265 1301 enim
2321 1245 2614 1320 jaceretur
2660 1247 2719 1303 in

306 1335 516 1383 terram
567 1323 661 1379 vel
691 1331 933 1397 uterum,
967 1323 1076 1380 nisi
1106 1325 1197 1382 vis
1242 1325 1465 1382 interna
1505 1333 1565 1382 et
1592 1324 1790 1381 vitalis
1818 1323 2062 1397 adesset,
2096 1344 2225 1400 quae
2254 1324 2401 1381 illud
2429 1325 2721 1402 exciperet

303 1414 361 1463 ct
391 1405 706 1462 radicaret:
762 1402 852 1459 Ita
881 1403 938 1459 in
981 1403 1458 1480 Regeneratione,
1508 1424 1639 1461 cum
1672 1403 1884 1476 Verb0,
1917 1403 2074 1479 quod
2102 1404 2276 1461 habet
2304 1405 2581 1462 rationem
2618 1407 2718 1464 Se-

302 1485 491 1558 minis,
524 1482 835 1559 requiritur
863 1483 952 1539 vis
1002 1484 1226 1541 interna
1255 1492 1313 1543 et
1362 1483 1596 1541 vivifica
1629 1484 1894 1560 Spiritus,
1926 1484 2025 1560 qui
2050 1504 2149 1541 cor
2175 1483 2443 1559 disponat
2471 1485 2547 1542 ad
2575 1486 2720 1544 illud

303 1564 693 1641 recipiendum
719 1584 732 1636 ;
777 1570 843 1619 ut
871 1582 984 1619 non
1031 1564 1199 1622 cadat
1227 1564 1378 1621 inter
1419 1564 1631 1640 spinas,
1663 1564 1758 1621 vel
1788 1564 1916 1620 loca
1943 1572 2187 1640 petrosa,
2220 1573 2278 1621 et
2320 1565 2475 1621 viam
2506 1565 2716 1640 tritam,

302 1645 404 1702 ubi
433 1644 528 1701 vel
552 1641 877 1715 suffocetur,
910 1643 1004 1700 vel
1029 1645 1221 1701 statim
1251 1652 1568 1717 exarescat,
1601 1644 1702 1701 sed
1752 1645 1811 1701 in
1852 1646 2052 1702 bonam
2099 1653 2328 1715 terram,
2361 1665 2461 1700 cor
2498 1646 2719 1704 scilieet

302 1726 500 1782 bonum
532 1733 583 1780 et
603 1725 900 1796 honestum,
937 1722 1077 1781 Luc.
1107 1724 1228 1781 viii.
1264 1726 1355 1797 15,
1387 1744 1503 1780 non
1532 1724 1732 1800 utique
1760 1724 1874 1781 tale
1918 1732 2120 1781 natura
2152 1742 2272 1796 sua,
2305 1723 2407 1780 sed
2435 1744 2469 1780 a
2503 1725 2721 1800 Spiritu

302 1825 405 1880 per
434 1804 676 1879 gratiam
726 1801 1113 1861 immediatam
1163 1803 1397 1861 factum.
1484 1803 1561 1860 Et
1610 1802 2093 1879 quemadmodum
2153 1811 2350 1859 uterus
2381 1803 2592 1861 sterilis
2621 1806 2717 1862 vel

302 1883 546 1958 effoetus,
580 1881 767 1959 qualis
796 1881 902 1938 suit
931 1892 1128 1940 uterus
1163 1884 1335 1956 Sarae,
1366 1902 1661 1957 nunquam
1689 1891 1886 1958 posset
1908 1882 2207 1957 concipere
2237 1901 2310 1938 ex
2342 1883 2574 1956 semine,
2608 1883 2718 1941 nisi

299 1985 431 2023 cum
461 1964 677 2020 semiue
707 1960 940 2018 daretur
968 1963 1058 2019 vis
1105 1962 1369 2039 quaedam
1421 1963 1662 2034 interna,
1695 1981 1823 2038 quae
1851 1961 2000 2020 uteri
2030 1960 2385 2018 debilitatem
2416 1963 2715 2021 confirma-

299 2055 405 2117 ret,
437 2053 495 2101 et
523 2060 791 2118 capacem
821 2040 982 2096 illum
1013 2043 1278 2100 redderet
1307 2041 1383 2098 ad
1410 2041 1800 2117 recipiendum
1846 2061 2057 2114 semen,
2104 2049 2159 2098 et
2189 2060 2263 2098 ex
2291 2061 2362 2098 eo
2391 2043 2708 2118 concipien-

297 2124 437 2181 dum
461 2124 679 2192 soetum,
711 2140 813 2194 per
834 2119 952 2175 vim
982 2131 1245 2178 vunai,
1286 2141 1416 2197 quae
1447 2121 1505 2177 in
1528 2140 1596 2178 eo
1627 2131 1731 2194 est,
1757 2121 1912 2197 quod
1934 2121 2149 2178 Paulus
2178 2120 2250 2177 de
2285 2121 2425 2177 Sara
2453 2131 2712 2198 testatur,

301 2223 478 2278 quum
525 2202 605 2259 ait
658 2199 808 2256 Heb.
833 2198 914 2255 xi.
970 2201 1059 2270 11,
1109 2199 1323 2256 “illam
1354 2221 1455 2277 per
1495 2200 1667 2257 fidem
1699 2201 1989 2276 accepisse
2018 2200 2138 2256 vim
2168 2200 2243 2256 ad
2272 2202 2711 2276 concipiendum

301 2301 497 2340 semen
530 2282 583 2338 :’'
618 2280 710 2337 Ita
739 2297 838 2334 cor
863 2278 1128 2351 hominis,
1161 2279 1317 2353 quod
1346 2300 1462 2336 non
1490 2279 1663 2337 modo
1694 2281 1886 2338 sterile
1915 2289 2003 2338 est
2031 2288 2089 2338 et
2117 2279 2389 2354 effoetum,
2422 2281 2522 2339 sed
2546 2281 2715 2358 plane

300 2370 605 2434 mortuum,
657 2368 716 2416 et
762 2357 985 2415 viribus
1030 2357 1366 2416 destitutum
1413 2359 1487 2417 ad
1518 2359 1652 2417 boni
1694 2360 1871 2417 ullius
1893 2359 2342 2435 conceptionem,
2375 2380 2489 2417 non
2519 2371 2716 2437 posset

301 2461 555 2517 unquam
585 2460 660 2498 ex
691 2437 905 2496 semiue
937 2437 1118 2495 Verbi
1146 2458 1313 2496 novae
1344 2448 1619 2497 creaturae
1648 2439 1848 2497 foetum
1880 2439 2196 2516 concipere,
2221 2439 2334 2497 nisi
2362 2441 2453 2498 vis
2483 2441 2717 2500 vivifica

303 2522 551 2598 Spiritus
580 2521 668 2578 illi
695 2517 1159 2594 suppeditaretur
1186 2518 1259 2576 ad
1289 2519 1748 2596 concipiendum.
2468 2587 2476 2594 .

295 2642 327 2686 3
399 2644 473 2688 Ex
529 2643 647 2686 locis
699 2641 780 2684 ubi
906 2598 1191 2657 XXXV.
1237 2599 1449 2675 TertiO,
1473 2600 1607 2659 Huc
1637 2599 1927 2678 pertinent
1955 2600 2081 2659 loca
2104 2600 2413 2677 Scripturae
2442 2600 2619 2677 varia,
2654 2602 2713 2661 in

329 2675 514 2758 'gratia
555 2701 781 2758 proponi·
823 2679 1035 2755 quibus
1081 2679 1284 2739 Gratia
1332 2681 1670 2758 proponitur
1712 2689 1777 2739 ut
1833 2682 2157 2739 necessaria
2204 2681 2280 2738 ad
2327 2682 2712 2759 receptionem

356 2767 441 2832 tgn-
472 2767 530 2805 nt
561 2772 778 2804 necessa·
822 2759 1020 2834 Verbi,
1051 2768 1116 2817 ut
1144 2780 1320 2836 quum
1374 2761 1617 2836 Psaltes,
1654 2762 1807 2819 Psal.
1859 2762 2015 2819 cxix.
2051 2763 2143 2835 18,
2175 2761 2320 2838 petit
2343 2761 2470 2837 sibi,
2520 2766 2555 2795 ‘⁶
2578 2783 2711 2840 ape·

354 2821 778 2922 {Jgnessldvgr‘ff-fp‘
818 2840 917 2896 riri
946 2840 1145 2898 oculos
1174 2840 1247 2897 ad
1277 2842 1721 2918 contemplanda
1747 2842 2033 2899 mirabilia
2084 2841 2260 2918 Legis
2285 2841 2339 2915 ;''
2386 2850 2442 2899 et
2476 2842 2708 2918 Paulus,

821 2920 969 2995 Eph.
1001 2920 1037 2977 i.
1073 2924 1163 2993 17,
1202 2923 1291 2993 18,
1323 2932 1589 2997 precatur
1619 2922 1906 2999 Ephesiis,
1955 2925 1990 2954 ‘⁴
2024 2922 2299 2998 Spiritum
2331 2923 2624 2998 sapientiae
2655 2932 2713 2981 et

294 2996 681 3067 revelationiS,
707 2998 905 3055 oculos
944 2999 1164 3057 seilicet
1204 3002 1414 3057 mentis
1459 3002 1832 3075 illuminatos,
1864 3009 1928 3059 ut
1947 3010 2298 3076 cognoscant
2330 3021 2487 3076 spem
2520 3002 2711 3059 Voca-

290 3076 480 3148 tionis,
498 3084 556 3132 et
574 3075 807 3131 divitias
821 3076 1019 3151 gloriae
1033 3078 1090 3134 in
1109 3079 1393 3136 SanctiS.''
1411 3080 1691 3153 Christus,
1710 3080 1850 3137 Luc.
1864 3080 2028 3137 xxiV.
2044 3083 2139 3149 45,
2156 3080 2381 3152 dicitnr,
2411 3082 2445 3112 ‘⁶
2458 3090 2710 3140 mentem

292 3154 591 3230 discipulis
609 3154 898 3230 aperuisse
922 3156 996 3213 ad
1019 3156 1425 3232 intelligendas
1453 3158 1836 3234 Scripturas.''
1870 3159 2001 3215 Non
2024 3158 2234 3215 dieitur
2256 3166 2475 3215 tantum
2501 3165 2630 3233 {mm
2663 3189 2709 3214 aa

294 3244 378 3294 τὰς
405 3243 602 3306 γραφὰς,
629 3235 935 3309 explicasse
964 3237 1308 3312 Scripturas,
1349 3244 1415 3295 nt
1443 3237 1656 3295 fecerat
1694 3237 1993 3313 discipulis
2039 3237 2416 3310 Emannticis,
2457 3258 2577 3295 ver.
2610 3243 2706 3314 32,

292 3313 447 3390 quod
477 3313 549 3369 ad
571 3323 869 3371 externam
899 3315 1364 3391 praedicationem
1392 3316 1750 3393 pertinebat3
1799 3316 1901 3374 sed
1928 3318 2217 3392 aperuisse
2246 3326 2477 3375 mentem
2507 3319 2705 3393 ipsam,

291 3394 445 3469 quod
478 3394 663 3451 innuit
690 3395 809 3451 vim
840 3403 898 3453 et
926 3395 1232 3453 efficaciam
1270 3397 1516 3473 Spiritus
1546 3397 1701 3454 intus
1720 3397 2026 3473 operantiS,
2052 3405 2110 3455 et
2136 3405 2385 3454 mentem
2416 3397 2707 3456 illustran-

292 3475 383 3549 tis,
436 3473 725 3550 quomodo
772 3475 910 3533 alibi
963 3476 1123 3533 Deus
1173 3476 1384 3534 dieitur
1431 3498 1629 3534 aurem
1658 3477 1901 3552 aperire,
1937 3477 2051 3535 Isa.
2084 3477 2271 3535 xlviii.
2303 3478 2357 3552 8,
2391 3485 2450 3536 ct
2478 3477 2514 3536 l.
2549 3481 2602 3553 5,
2634 3479 2707 3537 iis

292 3575 436 3631 quos
466 3554 539 3611 ad
568 3554 917 3613 audiendum
949 3555 1206 3613 Verbum
1237 3556 1505 3633 disponit,
1539 3557 1676 3633 quia
1706 3557 1963 3615 Verbum
2007 3557 2218 3621 frustra
2256 3558 2618 3633 praedicatur,
2649 3569 2708 3619 et

292 3635 458 3710 signa
487 3634 772 3709 videntur,
799 3636 909 3693 nisi
942 3636 1102 3694 Deus
1126 3636 1222 3694 det
1252 3638 1450 3695 oculos
1493 3638 1567 3695 ad
1598 3636 1933 3711 videndum,
1994 3658 2161 3695 aures
2218 3637 2292 3694 ad
2334 3638 2703 3713 audiendum,

293 3723 348 3771 et
404 3734 503 3771 cor
544 3714 618 3770 ad
675 3715 1130 3793 intelligendum,
1195 3718 1367 3775 Dent.
1419 3718 1585 3775 xxiX.
1646 3721 1700 3793 3,
1754 3722 1810 3775 4.
1897 3717 2119 3776 Eodem
2177 3737 2367 3791 sensu,
2415 3717 2550 3776 Act.
2581 3719 2704 3778 xvi.

303 3797 392 3864 14,
464 3794 624 3849 Deus
680 3795 892 3853 dicitur
954 3800 989 3828 ‘⁴
1019 3817 1119 3854 cor
1170 3797 1371 3872 Lydiae
1448 3798 1759 3874 aperuisse,
1830 3806 2063 3868 aeeoeixm
2089 3808 2178 3855 τοῖς
2206 3806 2495 3863 λαλουμυόις
2523 3805 2607 3852 ὑπ’
2631 3808 2712 3852 τοῦ

296 3878 496 3944 Παύλου,
528 3881 592 3928 ut
621 3874 940 3932 attenderet
968 3874 1039 3931 iis
1068 3895 1195 3951 qnae
1227 3876 1565 3934 dicebantur
1613 3897 1645 3933 a
1692 3876 1934 3932 Paule.''
2022 3876 2114 3931 Ex
2138 3875 2349 3951 quibus
2371 3875 2587 3933 clarum
2618 3887 2707 3934 est

294 3951 587 4007 oculorum
618 3959 675 4007 et
705 3952 894 4009 cordis
945 3954 1295 4029 apertionem
1327 3956 1461 4030 poni
1484 3963 1550 4011 ut
1578 3956 1832 4012 medium
1861 3954 1935 4010 ad
1964 3954 2335 4011 attentionem
2369 3973 2467 4010 scu
2492 3954 2703 4012 intelli-

296 4030 548 4106 gentiam
580 4030 778 4103 Verbi,
811 4038 869 4089 et
891 4032 1274 4090 obedientiam
1307 4033 1458 4108 fidei,
1493 4034 1710 4110 absque
1740 4053 1854 4109 qua
1873 4052 1988 4089 non
2018 4041 2213 4109 posset
2244 4032 2506 4091 obtineri.
2554 4034 2701 4092 Nam

293 4112 337 4167 si
369 4109 576 4186 aperiri
605 4109 805 4168 debuit
834 4131 932 4168 eor
980 4111 1054 4168 ad
1109 4113 1525 4170 attendendum
1556 4113 1769 4185 Verb0,
1804 4113 1963 4188 Ergo
1991 4131 2106 4168 non
2136 4112 2323 4189 potuit
2351 4113 2559 4189 aperiri
2602 4134 2705 4190 per

295 4190 568 4263 Verbum,
602 4190 705 4248 sed
733 4190 1139 4249 antecedenter
1167 4193 1240 4250 ad
1263 4192 1441 4249 Verbi
1471 4193 1857 4268 receptionem
1902 4200 2161 4267 apertum
2185 4211 2311 4249 esse
2342 4191 2557 4253 debuit.
2626 4195 2705 4252 Et

291 4272 372 4329 rei
401 4271 581 4347 ipsius
603 4280 809 4328 natura
831 4272 939 4329 hoc
968 4272 1222 4349 postulat
1247 4294 1261 4347 3
1308 4272 1451 4329 Cum
1482 4273 1635 4330 enim
1655 4271 1896 4330 attentio
1928 4271 2105 4328 Verbi
2130 4291 2244 4329 non
2274 4272 2457 4348 possit
2486 4292 2612 4331 esse
2641 4274 2702 4330 in

291 4351 458 4408 eorde
488 4350 702 4425 clauso,
736 4351 838 4409 sed
889 4360 1103 4429 apert0‚
1137 4352 1458 4411 necessario
1489 4352 1735 4429 supponi
1782 4351 1982 4409 debuit
2010 4360 2267 4427 apertum
2298 4351 2372 4408 ad
2401 4353 2700 4411 attenden-

292 4431 445 4487 dum.
530 4431 652 4489 Nec
698 4441 887 4508 potest
934 4433 1036 4490 illa
1084 4434 1302 4509 apertio
1333 4433 1517 4490 solum
1545 4432 1669 4490 fieri
1699 4452 1801 4508 per
1830 4430 2105 4503 Verbum,
2137 4440 2334 4507 utpote
2364 4431 2519 4507 quod
2542 4432 2701 4490 illam

291 4530 592 4587 procurare
641 4532 755 4569 non
795 4514 994 4589 possit,
1042 4513 1153 4571 nisi
1199 4534 1313 4590 qua
1362 4522 1653 4590 receptum
1701 4513 1758 4569 in
1809 4511 1980 4569 corde
2019 4530 2120 4586 per
2147 4511 2539 4585 attentionem,
2571 4532 2700 4589 quae

288 4590 636 4667 apertionem
671 4593 793 4667 jam
826 4594 1114 4670 supponit.
1201 4596 1344 4652 Cum
1374 4613 1512 4669 ergo
1551 4592 1770 4670 apertio
1800 4593 1910 4649 ista
1961 4590 2247 4666 significet
2275 4590 2701 4651 obstaculorum

287 4670 556 4744 omnium,
588 4691 715 4746 quae
744 4673 930 4731 Verbi
959 4674 1279 4750 ingressum
1312 4682 1369 4731 et
1397 4673 1646 4731 fructum
1690 4671 2094 4749 impediebant,
2136 4671 2525 4747 remotionem,
2571 4692 2700 4749 qnae
