3221 5200
538 361 656 417 320
1381 372 1563 412 Locus
1594 372 1851 411 unc-mus
1881 372 2147 412 ruamus.
2503 348 2758 429 [QUAEsr.
2791 369 2936 411 xvn.

535 524 666 575 cent
694 515 738 574 J
741 513 908 585 udaei,
942 513 1056 570 imo
1085 519 1143 569 et
1170 530 1380 588 negare
1411 512 1763 586 sustineant;
1809 513 1921 570 Tot
1949 511 2193 570 testibus
2223 518 2280 568 et
2309 509 2650 568 testimoniis
2679 530 2939 587 compro·

533 597 671 652 bata
699 595 822 666 fuit,
856 603 913 651 et
941 601 1027 651 tot
1063 591 1246 667 signis
1288 599 1346 648 et
1392 591 1684 649 miraculis
1715 592 2064 666 confirmata,
2116 598 2181 648 ut
2209 589 2280 648 de
2323 609 2393 647 ea
2439 589 2626 647 adhuc
2676 590 2940 649 dubitare

532 674 944 732 inexcusabilis
1001 672 1076 729 sit
1130 669 1564 746 incredulitatis,
1612 671 1862 729 maxime
1910 678 2041 748 post
2087 669 2502 747 Apostolorum
2546 669 2940 745 irrefragabile

532 754 940 825 testimonium,
973 751 1074 828 qui
1100 751 1160 808 in
1189 770 1256 807 eo
1285 750 1596 825 reddendo,
1630 771 1734 808 nec
1764 750 1989 828 decepti
2018 758 2152 808 sunt
2189 769 2295 806 nec
2324 748 2585 824 decipere
2615 749 2938 824 voluerunt,

533 844 632 892 aut
660 841 983 909 potuerunt,
1017 839 1081 888 ut
1109 830 1410 906 probatum
1439 829 1564 903 fuit,
1600 831 1666 887 P.
1700 830 1748 888 Ι.
1781 830 1918 889 Loc.
1951 835 2005 904 2,
2038 830 2107 904 Q.
2137 833 2193 886 4.
2246 829 2324 886 Et
2352 839 2483 905 post
2509 828 2785 886 miracula
2812 850 2941 905 quae

534 914 748 972 Christi
777 910 1250 969 resurrectionem
1281 919 1477 967 secuta
1527 919 1677 982 sunt,
1721 929 1850 986 quae
1880 930 2010 968 eum
2040 910 2237 966 vivere
2276 916 2334 966 et
2379 907 2625 983 gloriose
2676 908 2737 965 in
2781 908 2942 967 coelis

534 1012 774 1068 regnare
804 992 1078 1048 evincunt
1102 1010 1114 1060 ;
1177 989 1260 1046 Ut
1289 989 1432 1045 nihil
1455 990 1578 1064 jam
1608 989 1867 1046 dicamus
1897 989 1968 1048 de
1989 988 2218 1066 justitia
2248 987 2375 1060 Dei,
2408 987 2593 1062 gloria
2623 987 2852 1061 Christi,
2884 997 2944 1047 et

533 1073 727 1133 salute,
747 1077 958 1140 nostra,
992 1087 1120 1143 quae
1163 1087 1289 1124 eam
1331 1069 1655 1126 necessario
1704 1069 2092 1145 postulabant,
2137 1068 2312 1144 juxta
2360 1067 2591 1124 oracula
2617 1067 2839 1143 pridem
2869 1067 2941 1126 de

531 1171 599 1209 ea
629 1150 800 1207 edita.
889 1147 1005 1205 Sed
1047 1146 1322 1221 quaeritur
1363 1149 1432 1204 de
1469 1151 1584 1221 ejus
1635 1151 1798 1206 modo
1819 1172 1842 1219 ;
1894 1148 1993 1204 An
2037 1146 2266 1224 propria
2295 1145 2505 1203 virtute
2544 1146 2938 1222 resurrexerit,

530 1250 604 1287 an
634 1229 821 1285 aliena
841 1230 869 1285 P

611 1308 695 1364 ΙΙ.
745 1304 1036 1364 Sociniani
1064 1304 1233 1376 enim,
1280 1313 1343 1362 ut
1385 1305 1590 1363 volunt
1635 1305 1924 1363 Christum
1968 1305 2143 1362 fuisse
2184 1301 2338 1368 ψιλὶυ
2379 1302 2639 1382 ἄνθρωπον,
2685 1304 2766 1360 ita
2813 1323 2939 1379 per-

524 1386 771 1446 tendunt
814 1384 1104 1442 Christum
1143 1402 1258 1439 non
1309 1383 1557 1457 seipsum
1605 1385 1889 1441 excitasse
1934 1404 1968 1441 a
2008 1384 2247 1440 mortuis
2290 1383 2500 1440 virtute
2549 1382 2792 1457 propria,
2839 1381 2941 1439 sed

528 1465 842 1524 excitatum
873 1462 1047 1519 fuisse
1077 1481 1110 1517 a
1142 1461 1267 1518 Deo
1297 1462 1510 1518 virtute
1559 1462 1763 1519 aliena.
1814 1463 1969 1519 Hinc
2019 1461 2262 1518 Soc-inus
2306 1460 2470 1535 Disp.
2502 1460 2573 1518 de
2602 1461 2771 1518 unius
2803 1460 2942 1517 Filii

530 1545 641 1601 Dei
670 1541 995 1613 existentia,
1029 1543 1065 1571 “
1088 1540 1256 1597 Hanc
1287 1539 1607 1597 doctrinam
1658 1548 1829 1597 vocat
1872 1541 2189 1613 ridiculam,
2238 1541 2561 1611 absurdam,
2594 1549 2647 1596 et
2689 1541 2939 1614 impossi-

525 1624 701 1696 bilem,
747 1630 804 1679 et
834 1619 1064 1679 Catech.
1115 1619 1300 1694 Rago.
1344 1638 1467 1693 cap.
1513 1623 1566 1693 2,
1614 1619 1685 1676 de
1731 1618 1916 1677 officio
1961 1619 2191 1692 Christi,
2222 1620 2488 1694 insz'ynem
2510 1639 2760 1676 errorem
2791 1619 2940 1676 dicit.

533 1702 649 1760 Sed
679 1698 1004 1760 Orthodoxi
1032 1717 1262 1756 causam
1309 1697 1769 1755 Resurrectionis
1799 1698 2029 1771 Christi,
2061 1716 2176 1754 non
2219 1698 2409 1755 minus
2437 1698 2548 1773 ipsi
2591 1717 2763 1772 quam
2792 1698 2942 1774 patri

527 1781 826 1855 tribuunt3
873 1780 949 1836 Et
978 1776 1459 1853 quemadmodum
1488 1796 1603 1834 una
1633 1785 1722 1835 est
1761 1778 2020 1854 potentia
2065 1777 2253 1834 Patris
2291 1785 2349 1834 et
2394 1776 2547 1850 Filii,
2593 1776 2796 1834 eadem
2823 1786 2941 1834 tam

531 1861 763 1919 Patrem
794 1858 1100 1917 suscitasse
1126 1857 1434 1930 Christum,
1466 1876 1639 1932 quam
1671 1856 1961 1915 Christum
1993 1856 2243 1932 seipsum
2267 1856 2575 1913 suscitasse
2606 1863 2859 1914 censent.

527 1980 780 2025 christum
892 1981 959 2022 sei
1142 1936 1258 1993 ΙΙΙ.
1321 1935 1532 2008 Primo,
1593 1935 1742 2009 Quia
1792 1935 2054 1993 Christus
2098 1954 2369 2010 expresse
2424 1935 2534 1991 hoc
2583 1935 2694 1992 sibi
2741 1935 2943 1993 tribuit

609 2051 717 2082 sum
757 1991 1021 2081 suscitas&
1062 2014 1201 2072 Joh.
1246 2014 1304 2071 ii.
1341 2017 1431 2088 19,
1476 2015 1766 2073 Destruite
1815 2017 2101 2089 Templum
2157 2015 2273 2086 hoc,
2311 2015 2554 2089 loquens
2600 2014 2671 2072 de
2701 2015 2941 2091 Templo

587 2098 824 2166 probatur
864 2093 906 2138 l·
936 2095 1013 2139 Ex
1058 2094 1326 2170 Corporis
1369 2094 1474 2167 sui,
1517 2103 1569 2152 et
1598 2095 1786 2151 triduo
1815 2095 1959 2151 illud
1984 2094 2281 2172 ‹edific-abe,
2336 2094 2429 2167 Et,
2463 2114 2586 2170 cap.
2617 2113 2675 2150 x.
2704 2097 2795 2168 18,
2827 2102 2938 2152 tes-

586 2154 697 2199 J⁰¹¹·
720 2156 767 2197 ¹⁵·
791 2151 872 2205 19³
1052 2181 1208 2230 tatur
1237 2193 1298 2230 se
1317 2183 1650 2247 potestatem
1677 2174 1880 2231 habere
1911 2174 2167 2248 ponendi
2190 2173 2454 2246 animam,
2488 2183 2541 2230 et
2566 2194 2764 2230 rursus
2818 2193 2943 2231 eam

529 2253 859 2310 resumendi.
947 2251 1114 2325 Quod
1144 2252 1333 2310 dicere
1363 2273 1480 2311 non
1509 2253 1807 2328 potuisset,
1841 2253 1890 2309 si
1931 2253 2204 2310 virtutem
2248 2252 2586 2327 resurgendi
2627 2272 2662 2309 a
2702 2252 2943 2310 mortuis

530 2351 646 2389 non
673 2331 988 2388 habuisset.
1035 2332 1156 2389 Nec
1202 2332 1251 2388 si
1290 2333 1445 2408 prior
1470 2332 1634 2390 locus
1677 2340 1765 2389 est
1808 2331 2080 2408 tropicus,
2113 2331 2301 2389 minus
2330 2331 2578 2407 stringit,
2610 2332 2747 2406 quia
2790 2332 2942 2390 clare

532 2411 831 2487 expositus
861 2421 950 2468 est
978 2431 1013 2468 a
1043 2410 1291 2468 Christo,

531 2528 575 2573 ²·
608 2529 683 2573 E*
717 2529 857 2572 Μ’·
895 2530 924 2572 ¹·
955 2530 1011 2580 ⁴³
1055 2490 1268 2626 chi-{ii
1296 2489 1791 2627 Sififflrndsssseciiffif
1823 2491 2161 2628 ascriptssnrg
2199 2489 2944 2629 reffiffut-‚Rssiffiit‘ssgossffi

531 2647 821 2723 probatur.
909 2646 1142 2718 PauluS,
1178 2648 1344 2704 Rom.
1389 2647 1425 2704 i.
1475 2589 1529 2719 af,
1575 2589 1716 2706 dicit
1758 2590 2092 2707 eumgfidlisse
2123 2589 2375 2729 ὄέιο-(ὲίυτι,
2406 2649 2720 2726 id.publico
2761 2591 2945 2708 vel-luti

533 2726 763 2783 decreto
810 2727 1160 2782 declaratum
1208 2734 1265 2782 et
1310 2727 1741 2801 comprobatum
1794 2727 2001 2784 Filium
2044 2730 2176 2802 Dei,
2226 2737 2536 2805 potentem,
2568 2729 2663 2786 vel
2682 2738 2945 2804 potenter

515 2808 695 2879 juxta
723 2804 997 2878 Spiritum
1037 2804 1485 2881 sanctificationis
1516 2824 1630 2879 per
1671 2808 2129 2864 resurrectionem
2170 2828 2209 2865 a
2252 2809 2501 2865 mortuis.
2587 2808 2720 2866 Non
2747 2817 2945 2885 posset

532 2892 725 2941 autern
754 2883 864 2940 hoc
894 2883 1007 2940 dici
1037 2882 1107 2940 de
1137 2884 1540 2941 resurrectione
1562 2885 1809 2959 passiva,
1842 2885 1917 2942 ad
1945 2905 2117 2961 quam
2147 2886 2410 2945 Christus
2437 2906 2591 2945 mere
2620 2888 2850 2963 passive
2880 2908 2942 2946 se

531 2962 844 3032 habuisset,
876 2972 940 3020 ut
968 2963 1077 3019 hoc
1106 2962 1177 3020 de
1209 2963 1445 3027 Lazaro,
1490 2963 1609 3020 filia
1651 2964 1693 3022 J
1697 2964 1817 3038 airi,
1864 2973 1922 3022 et
1963 2965 2092 3023 aliis
2131 2965 2421 3024 suscitatis
2448 2986 2483 3023 a
2514 2968 2670 3026 Deo„
2682 2967 2799 3025 dici
2825 2987 2943 3025 non

531 3050 739 3118 potest.
827 3041 997 3101 Unde
1019 3062 1253 3101 necesse
1282 3050 1372 3100 est
1396 3042 1491 3100 hic
1511 3043 1759 3120 intelligi
1787 3046 2246 3103 resurrectionem
2266 3047 2522 3120 activam,
2553 3066 2667 3123 qua
2690 3047 2941 3123 seipsum

530 3123 762 3199 propria
789 3122 1109 3180 divinitatis
1154 3123 1368 3180 virtute
1397 3122 1692 3196 excitavit,
1725 3144 1897 3199 quam
1945 3124 2039 3182 hic
2068 3145 2170 3201 per
2195 3125 2453 3200 spirimm
2493 3127 2944 3203 sanctificationis

532 3202 841 3278 designari,
894 3222 1010 3259 non
1058 3202 1230 3259 modo
1280 3201 1407 3259 loca
1453 3202 1747 3279 parallela,
1779 3203 1840 3260 in
1884 3204 2095 3280 quibus
2140 3204 2337 3261 divina
2366 3212 2571 3262 natura
2599 3205 2812 3263 Christi
2840 3225 2944 3282 per

536 3282 809 3357 Spiritum
842 3283 988 3339 solet
1016 3281 1293 3354 denotari,
1332 3284 1358 3337 1
1395 3282 1520 3339 Pet.
1551 3282 1631 3339 iii.
1667 3285 1757 3355 18,
1794 3286 1822 3339 1
1856 3283 2004 3340 Tim.
2036 3283 2115 3341 iii.
2151 3286 2241 3356 16,
2276 3284 2457 3341 Marc.
2487 3284 2547 3341 ii.
2579 3286 2633 3358 8,
2666 3285 2768 3343 sed
2797 3305 2939 3361 proe·

532 3361 698 3436 cipue
726 3361 1046 3433 antithesis,
1078 3380 1206 3435 quae
1237 3361 1312 3417 sit
1340 3360 1414 3417 ad
1443 3381 1688 3434 carnem,
1725 3363 1875 3420 clare
1905 3362 2137 3421 evincit.
2222 3362 2371 3420 Nam
2413 3371 2478 3420 ut
2516 3363 2727 3422 dicitur
2755 3364 2941 3423 Filius

534 3439 780 3495 Davidis
807 3443 945 3495 κατὰ
975 3440 1157 3518 enigma,
1188 3438 1267 3496 id.
1296 3448 1561 3514 respectu
1601 3447 1820 3497 naturae
1869 3442 2132 3498 humanae
2158 3463 2171 3514 ;
2215 3445 2353 3499 κατὰ
2384 3449 2585 3517 Πνεῦμα
2614 3443 2798 3501 Filius
2828 3444 2941 3501 Dei

533 3517 743 3575 dicitur
791 3518 1114 3575 declaratus
1159 3536 1260 3592 per
1299 3517 1790 3592 resurrectionem,
1826 3519 1903 3576 id.
1962 3521 2276 3578 secundum
2331 3530 2594 3580 naturam
2651 3522 2937 3597 divinam;

533 3596 676 3652 alias
698 3614 901 3652 manca
929 3604 1082 3653 esset
1108 3595 1426 3667 antithesiS,
1458 3615 1565 3653 nec
1594 3597 1922 3656 ostenderet
1952 3598 2265 3658 secundum
2295 3601 2436 3677 quid
2466 3602 2652 3660 Filius
2683 3602 2794 3660 Dei
2822 3621 2939 3659 non

533 3674 609 3731 sit
637 3673 822 3731 factus
851 3695 926 3732 ex
956 3674 1171 3732 semine
1204 3673 1465 3732 Davidis.

529 3791 574 3837 3.
604 3792 678 3837 Ex
699 3792 811 3836 Joh.
831 3807 876 3836 v.
895 3792 984 3839 21·
1137 3753 1213 3811 V.
1257 3753 1469 3827 Terti0‚
1516 3754 1665 3828 Quia
1710 3756 1972 3816 Christus
2014 3758 2211 3817 eadem
2243 3780 2415 3836 opera
2456 3781 2585 3819 cum
2615 3769 2775 3837 patre
2805 3760 2941 3819 facit

971 3827 983 3845 ’
1054 3833 1268 3910 pariter
1295 3841 1351 3890 et
1380 3854 1730 3910 quoscunque
1756 3839 1874 3894 vult
1897 3839 2140 3911 suscitat,
2171 3839 2214 3897 J
2218 3841 2311 3896 oh.
2342 3860 2399 3897 v.
2431 3844 2526 3897 21.
2559 3840 2644 3897 At
2672 3841 2721 3898 si
2749 3848 2940 3916 potest

532 3911 784 3970 excitare
814 3931 959 3988 quos
987 3912 1166 3988 libet;
1232 3913 1362 3988 quis
1407 3912 1583 3971 dubio
1629 3924 1820 3991 potest
1868 3916 2030 3975 locus
2082 3938 2225 3991 esse,
2285 3920 2425 3994 quin
2483 3920 2733 3995 seipsum
2765 3920 2937 3977 etiam

529 3991 844 4049 excitarit?
886 3992 1268 4050 Confirmatur
1290 4012 1363 4049 ex
1393 4013 1461 4050 eo
1483 3993 1640 4069 quod
1663 3995 1914 4072 seipsum
1936 4005 2107 4054 vocat
2137 3997 2636 4057 Resurrectionem
2659 4008 2717 4057 et
2738 4000 2934 4071 vitam,

529 4071 669 4129 Joh.
701 4070 779 4128 xi.
831 4075 926 4144 25,
975 4072 1159 4147 “Ego
1203 4073 1387 4145 sum,”
1433 4072 1636 4148 inquit,
1689 4076 1724 4105 ‘⁴
1749 4074 2115 4133 Resurrectio
2144 4085 2201 4134 et
2243 4077 2378 4150 vita,
2438 4077 2700 4154 quisquis
2743 4078 2805 4135 in
2844 4097 2938 4137 me

531 4149 729 4221 credit,
760 4151 896 4208 licet
927 4151 1000 4208 sit
1028 4160 1304 4223 mortuus„
1336 4151 1554 4225 vivet,’'
1586 4152 1686 4209 ubi
1731 4153 2081 4212 abstractum
2110 4157 2358 4232 positum
2408 4176 2512 4232 pro
2542 4166 2808 4215 concreto
2850 4157 2936 4214 in·

529 4229 656 4286 nuit
705 4248 934 4287 causam
979 4250 1104 4287 esse
1147 4230 1488 4307 praecipuam
1547 4233 1979 4290 resurrectionis
2034 4243 2091 4292 et
2146 4234 2359 4293 fontem
2404 4236 2590 4311 ipsum
2639 4237 2793 4309 vitae,
2837 4236 2938 4312 qui

529 4308 768 4383 proinde
798 4310 1019 4366 caeteris
1047 4309 1228 4367 vitam
1257 4309 1465 4382 dand0,
1497 4311 1620 4386 ipse
1652 4311 1725 4367 sit
1753 4311 1976 4387 αὑτοξοὺ
2019 4320 2076 4370 et
2106 4315 2534 4373 resurrectionis
2564 4335 2681 4374 suae
2711 4316 2935 4374 author.

560 4426 603 4468 4.
634 4425 710 4469 Ex
727 4426 831 4470 Col.
855 4428 885 4470 i.
909 4426 980 4472 13·
1135 4388 1245 4445 VI.
1292 4388 1524 4462 Quart0‚
1578 4390 1715 4465 quia
1760 4400 1847 4449 est
1882 4392 2288 4467 primoqcnitus
2331 4415 2369 4451 a
2424 4395 2673 4469 mortuis,
2721 4395 2843 4453 Col.
2894 4395 2936 4452 i.

1059 4470 1149 4540 18,
1183 4467 1339 4544 quod
1367 4488 1481 4525 non
1500 4468 1672 4525 modo
1702 4469 1918 4527 ordinis
1947 4473 2404 4548 praerogativam,
2438 4475 2541 4532 sed
2562 4475 2735 4532 etiam
2752 4475 2937 4551 ipsius

531 4544 883 4615 resurgentis
934 4544 1204 4604 virtutem
1234 4566 1301 4604 ac
1344 4556 1686 4623 potestatem
1718 4548 2003 4625 importat,
2036 4560 2099 4608 ut
2137 4553 2235 4628 qui
2276 4553 2486 4612 habeat
2523 4564 2745 4629 natura,
2777 4553 2938 4629 quod

533 4619 627 4674 alii
661 4620 861 4677 fratres
892 4623 1071 4696 ipsius
1099 4646 1200 4700 per
1229 4626 1470 4700 gratiam
1500 4626 1824 4702 adoptionis
1854 4637 2072 4687 tantum
2106 4631 2383 4689 obtinent.
