3221 5200
221 370 436 420 Quas-r.
468 347 646 431 xxv.]
1224 363 1303 404 ns
1333 363 1486 404 neos
1517 364 1637 404 nei.
2519 351 2627 408 141

224 511 379 571 aliud
412 507 813 570 Sacerdotium
846 505 1021 584 juxta
1057 503 1316 564 ordinem
1347 505 1764 565 Melchisedeci
1794 525 1868 565 ex
1898 507 2051 567 tribu
2081 507 2125 566 J
2129 504 2283 582 uda;
2342 516 2402 567 et
2435 508 2634 567 Sacer·

226 593 388 651 dotes
433 599 808 649 assumuntur
850 607 963 645 non
1006 595 1230 645 tantum
1275 605 1350 644 ex
1380 586 1627 659 Judaeis‚
1662 587 1765 645 sed
1807 598 1866 645 et
1894 609 1967 646 ex
1999 588 2142 666 ipsis
2174 589 2483 663 Gentibus,
2520 590 2637 648 Isa.

227 672 367 731 lxvi.
398 676 497 745 21,
536 674 562 728 1
602 670 726 727 Pet.
757 668 816 725 ii.
849 670 904 740 5,
937 667 1123 743 Apoc.
1155 666 1192 724 i.
1219 668 1274 724 6.
1322 666 1474 726 Olim
1506 667 1789 725 sacrificia
1818 679 2059 726 externa
2081 678 2247 727 erant
2276 679 2333 727 et
2364 669 2637 743 carnalia,

231 752 326 810 sed
355 771 510 810 nunc
533 748 854 828 spiritualia
881 746 1261 824 postulantur,
1291 746 1458 804 Rom.
1484 746 1586 805 xii.
1624 749 1674 821 1,
1702 747 1952 806 Malach.
1978 749 2035 822 i.,
2067 757 2125 807 et
2150 750 2309 807 Deus
2337 749 2643 827 profitetur

231 851 342 890 non
371 831 553 890 semel
597 850 658 888 se
687 839 886 887 vetera
924 827 1161 902 rejicere
1200 837 1259 884 et
1296 827 1568 900 aversari,
1604 827 1717 884 Isa.
1749 827 1786 885 i.
1823 830 1913 901 12,
1949 828 2093 886 llos.
2126 829 2203 886 vi.
2236 831 2289 902 6,
2334 828 2513 888 Mich.
2539 830 2638 903 vi.,

234 912 326 971 Ps.
355 912 395 970 l.
420 921 479 970 et
500 910 581 985 li.,
609 910 724 967 Isa.
745 908 889 965 lviii.
914 918 972 964 et
992 906 1137 963 lxvi.
1185 906 1311 963 Imo
1335 906 1566 979 Ezech.‚
1594 927 1695 965 xx.
1718 911 1812 980 25,
1829 918 1999 966 vocat
2021 929 2090 967 ea
2107 918 2318 966 statuta
2341 930 2451 966 non
2473 911 2638 984 bona,

239 991 552 1050 secundum
583 1009 713 1066 quae
741 988 915 1045 homo
944 1005 1060 1043 non
1098 995 1289 1062 potest
1324 986 1540 1058 vivere,
1572 986 1844 1045 nimirum
1875 999 1995 1046 tum
2029 989 2085 1045 in
2117 1010 2177 1047 se
2207 988 2398 1065 quoad
2428 990 2639 1066 impos-

241 1073 574 1130 sibilitatem
611 1065 1045 1147 justificationis
1082 1075 1142 1124 et
1183 1065 1672 1141 sanctificationis,
1706 1077 1827 1125 tum
1859 1068 2034 1127 relate
2065 1069 2138 1126 ad
2167 1069 2409 1126 abusum
2439 1069 2641 1128 Judae-

241 1172 418 1226 orum,
450 1150 553 1229 qui
582 1146 953 1208 caeremonias
981 1166 1016 1203 a
1044 1146 1204 1204 cultu
1233 1146 1435 1203 morali
1465 1147 1826 1223 separabant.
1880 1147 2034 1206 Olim
2064 1149 2256 1207 cultus
2286 1168 2446 1206 sacer
2473 1157 2645 1207 certae

240 1233 392 1291 orbis
421 1230 592 1309 parti,
622 1237 683 1288 et
708 1229 837 1286 loco
865 1226 967 1285 uni
996 1225 1204 1284 affixus
1248 1234 1389 1292 erat,
1421 1234 1586 1283 extra
1616 1246 1787 1303 quem
1829 1246 1991 1285 sacra
2025 1226 2211 1286 facere
2249 1248 2363 1286 non
2394 1229 2640 1304 licebat;

241 1312 341 1370 sed
396 1330 552 1370 nunc
602 1308 907 1386 Templum
959 1306 1194 1364 Domini
1243 1306 1457 1383 ubique
1515 1315 1674 1383 patet
1728 1308 1789 1364 in
1836 1307 2100 1366 Ecclesia
2142 1308 2455 1383 Catholica,
2508 1309 2646 1368 licet

239 1393 452 1469 ubique
496 1410 702 1448 manus
743 1406 917 1465 puras
955 1385 1030 1444 ad
1074 1387 1260 1445 Deum
1293 1386 1573 1460 attollere,
1627 1390 1653 1444 l
1688 1386 1837 1446 Tim.
1868 1387 1928 1445 ii.
1959 1390 2014 1463 Β,
2046 1397 2105 1446 et
2146 1389 2270 1446 veri
2312 1388 2645 1447 adoratores

239 1491 352 1530 non
393 1471 645 1547 amplius
683 1476 953 1527 tenentur
979 1465 1368 1541 Jerosolymis
1413 1486 1474 1524 se
1516 1467 1736 1542 sistere,
1781 1467 1877 1525 vel
1921 1468 1982 1525 in
2022 1478 2217 1528 monte
2262 1468 2536 1542 Garizim,
2579 1477 2647 1528 ut

240 1572 402 1610 sacra
448 1550 680 1623 faciant,
727 1547 864 1625 quia
890 1546 1106 1622 ubique
1153 1545 1391 1604 adorare
1424 1546 1610 1605 Deum
1655 1557 1898 1624 possunt
1941 1548 2001 1605 in
2041 1549 2246 1626 spiritu
2290 1559 2347 1608 et
2382 1550 2644 1623 veritate,

238 1632 378 1692 Joh.
410 1632 491 1689 iv.
524 1634 619 1704 21,
646 1632 743 1687 23.
791 1625 962 1686 Unde
995 1626 1200 1684 Altare
1228 1626 1440 1684 dicitur
1467 1626 1805 1704 erigendum
1837 1628 1894 1684 in
1926 1629 2212 1706 AEgyptO,
2248 1628 2361 1687 Isa.
2393 1629 2516 1686 xix.
2552 1631 2644 1702 19,

238 1711 396 1790 quod
414 1710 574 1769 nefas
601 1708 807 1768 suisset
836 1707 944 1764 sub
974 1706 1050 1764 V.
1064 1706 1152 1781 T.,
1185 1706 1294 1764 sub
1322 1726 1437 1783 quo
1467 1707 1659 1766 cultus
1679 1707 1986 1783 religiosus
2015 1708 2374 1782 describitur,
2407 1719 2465 1766 et
2493 1708 2647 1765 suffi-

237 1801 498 1850 mentum
528 1792 588 1849 in
619 1787 776 1847 omni
817 1786 945 1844 loco
976 1786 1332 1845 offerendum
1366 1787 1492 1844 Deo
1521 1787 1874 1863 praedicitur,
1910 1788 2119 1846 Malae.
2151 1788 2188 1845 i.
2225 1790 2315 1861 11,
2361 1807 2489 1863 quae
2531 1806 2650 1844 non

236 1879 551 1950 potuerunt
591 1869 717 1927 fieri
759 1867 867 1925 sub
899 1867 1075 1943 Lege.
1161 1866 1318 1923 Hinc
1363 1867 1670 1942 Eusebius,
1713 1868 2104 1926 Demonstrat.
2147 1867 2431 1940 Evangel.
2475 1866 2577 1924 lib.
2608 1866 2647 1925 i.

237 1972 361 2029 cap.
410 1955 465 2025 3,
500 1949 683 2008 solide
724 1947 931 2025 probat
958 1946 1371 2024 impossibilem
1402 1946 1579 2005 fuisse
1617 1956 1749 2024 post
1777 1948 2138 2006 vocationem
2182 1947 2440 2024 gentium
2471 1946 2651 2022 Legis

236 2029 654 2090 caeremonialis
704 2027 1204 2100 observationem3
1263 2045 1370 2085 nee
1419 2026 1642 2104 concipi
1706 2047 1876 2104 posse
1923 2028 2114 2086 Deum
2163 2026 2649 2103 sapientissimum

239 2111 660 2189 Legislatorem
692 2108 868 2166 talem
901 2106 1119 2183 Legem
1149 2104 1296 2164 ferre
1325 2106 1582 2165 voluisse
1626 2107 1898 2184 gentibus
1940 2107 2176 2166 remotis
2205 2127 2239 2164 a
2266 2107 2394 2164 loco
2423 2106 2650 2164 delecto

237 2211 271 2249 a
313 2191 589 2263 Domino,
630 2187 798 2265 quasi
846 2187 1009 2244 Deus
1051 2185 1303 2244 voluerit
1350 2185 1547 2260 Indos,
1591 2187 1924 2263 Europaeos,
1974 2195 2032 2245 et
2078 2186 2299 2244 divisos
2344 2194 2466 2244 toto
2511 2186 2650 2244 orbe

238 2270 555 2329 Britannos
583 2268 872 2344 hodieque
903 2265 1150 2342 singulis
1178 2265 1344 2323 annis
1372 2275 1461 2323 ter
1480 2266 1522 2325 J
1528 2266 1911 2342 erosolymam
1934 2285 2252 2324 commeare
2279 2287 2292 2325 ε
2333 2265 2474 2339 Quae
2497 2266 2651 2324 enim

236 2351 392 2423 urbs,
425 2370 543 2408 non
586 2348 775 2406 dicam
816 2346 973 2422 quod
1011 2345 1334 2421 Templum,
1382 2345 1498 2403 imo
1534 2366 1664 2422 quae
1704 2346 1866 2422 regio
1906 2367 2091 2424 capax
2130 2366 2257 2404 esse
2296 2354 2494 2423 posset
2534 2346 2651 2405 illis

237 2430 508 2488 omnibus
551 2425 908 2504 excipiendis
929 2428 957 2484 Ρ
1000 2424 1141 2499 Quae
1170 2425 1374 2482 altaria
1402 2424 1661 2484 sufficere
1690 2434 1926 2503 possent
1953 2425 2314 2503 excipiendis
2350 2425 2604 2485 victimis
2623 2429 2654 2485 ἲ

233 2510 379 2584 -Quae
408 2508 572 2586 regio
601 2506 860 2567 sufficere
889 2513 1085 2582 posset
1114 2504 1379 2563 victimas
1406 2513 1494 2564 tot
1522 2502 1889 2565 cultoribus?

817 2585 1000 2643 VIII.
1032 2589 1087 2644 7.
1113 2584 1235 2644 Nec
1253 2594 1476 2645 tantum
1499 2586 1571 2645 de
1588 2586 1633 2647 J
1637 2607 1738 2646 ure
1763 2587 1888 2647 Lex
1909 2587 2022 2647 ista
2042 2608 2172 2647 cum
2191 2594 2314 2647 tota
2336 2585 2656 2646 oeconomia

237 2654 280 2701 ⁷·
293 2655 428 2760 ἐξ,
457 2654 724 2759 Τῗέῑῖἰῑω·
766 2667 1032 2724 Mosai‘ca
1074 2666 1290 2724 aboleri
1320 2666 1537 2742 debuit,
1591 2668 1694 2726 sed
1723 2677 1781 2727 et
1809 2668 1880 2727 de
1911 2669 2062 2728 facto
2091 2669 2308 2728 abolita
2335 2678 2441 2744 est,
2475 2667 2651 2744 siqui·

580 2728 610 2771 p
652 2743 666 2756 '
764 2746 897 2805 dem
943 2745 1236 2805 destructo
1279 2747 1539 2825 Templo,
1583 2758 1643 2807 et
1686 2749 1810 2808 solo
1839 2758 2065 2826 aequata
2092 2750 2479 2826 Jerosolyma,
2525 2767 2655 2824 quae

239 2846 533 2886 sacrorum
562 2833 687 2884 erat
714 2827 897 2902 sedes,
931 2825 1189 2902 dispersa
1217 2834 1275 2885 et
1302 2827 1583 2905 dissipata
1618 2828 2023 2888 miserabiliter
2049 2837 2172 2888 tota
2199 2840 2371 2906 gente
2400 2848 2504 2907 per
2530 2828 2656 2885 uni·

237 2926 473 2966 versum
503 2907 718 2981 orbem,
748 2905 1104 2984 impossibile
1133 2915 1222 2965 est
1252 2906 1468 2984 Legem
1498 2909 1667 2967 istam
1712 2910 2005 2967 observari
2034 2929 2109 2967 ex
2146 2910 2481 2987 praescripto
2526 2907 2655 2981 Dei,

240 2988 375 3064 quia
402 3006 511 3045 nec
540 2985 745 3045 Altare
772 3006 880 3045 nee
908 2986 1212 3063 Templum
1241 2988 1489 3046 occurrit
1528 2988 1629 3046 ubi
1658 3008 1821 3047 sacra
1847 2989 2005 3060 fiant,
2034 3008 2143 3046 nee
2177 2988 2572 3047 Sacerdotium
2600 2996 2660 3046 et

237 3066 523 3125 sacrificia
567 3066 793 3141 dantur,
844 3085 952 3124 nec
995 3065 1117 3124 ulla
1145 3066 1374 3124 Politiae
1402 3068 1617 3125 veteris
1657 3068 1822 3141 ratio,
1871 3076 1929 3126 et
1956 3067 2250 3125 distinctio
2279 3068 2558 3125 Tribuum
2602 3073 2661 3123 et

237 3146 604 3219 familiarum,
636 3156 694 3205 et
722 3146 955 3223 quidem
985 3165 1019 3204 a
1045 3153 1134 3204 tot
1175 3145 1402 3218 seculis,
1443 3145 1599 3222 quod
1629 3165 1921 3221 nunquam
1951 3146 2301 3221 permissura
2327 3145 2532 3203 fuisset
2573 3142 2662 3201 di-

240 3227 381 3284 vina
411 3226 804 3301 Providentia,
837 3226 1122 3303 siquidem
1152 3224 1267 3281 illae
1296 3226 1651 3282 caeremoniae
1680 3224 2017 3283 debuissent
2046 3224 2377 3283 subsistere.
2422 3224 2544 3281 Nee
2565 3222 2661 3281 hic

240 3326 507 3384 regerere
534 3315 779 3384 possunt
806 3307 848 3365 J
853 3305 1020 3379 udaei,
1070 3305 1215 3362 Haec
1243 3304 1476 3380 quidem
1506 3323 1633 3362 esse
1661 3304 1792 3362 irati
1824 3305 1935 3363 Dei
1964 3304 2147 3381 signa,
2179 3324 2307 3381 quae
2337 3304 2480 3361 alias
2507 3302 2664 3381 passi

243 3386 375 3461 sint,
407 3395 475 3445 ut
502 3386 562 3444 in
593 3386 928 3464 captivitate
960 3384 1320 3462 Babylonica
1340 3392 1400 3443 et
1427 3384 1803 3462 AEgyptiaca,
1828 3405 1903 3443 ex
1932 3385 2143 3461 quibus
2170 3393 2236 3444 ut
2252 3384 2479 3443 liberati
2509 3391 2661 3458 sunt,

241 3466 325 3524 ita
351 3485 524 3544 posse
554 3466 726 3525 etiam
755 3466 829 3523 ab
859 3466 971 3524 isto
998 3464 1315 3523 novissimo
1343 3464 1520 3523 exilio
1561 3465 1840 3523 revocari.
1926 3464 2075 3540 Quia
2102 3465 2383 3543 dispersio
2409 3484 2665 3543 praesens

243 3546 589 3606 Judaeorum
619 3547 865 3604 immane
895 3554 1174 3623 quantum
1203 3544 1397 3604 differt
1424 3545 1498 3602 ab
1527 3545 1659 3603 aliis
1688 3565 1887 3604 eorum
1917 3546 2371 3623 captivitatibus.
2439 3546 2665 3604 Harum

243 3635 477 3703 tempus
521 3625 963 3684 determinatum
1011 3624 1158 3700 suit3
1205 3625 1308 3682 sed
1352 3626 1519 3683 istius
1566 3624 1819 3699 minime,
1851 3635 1910 3685 et
1937 3626 2051 3684 tale
2072 3628 2195 3704 jam
2226 3625 2463 3701 effluxit,
2510 3624 2667 3703 quod

243 3725 362 3764 non
392 3705 588 3783 duplo,
613 3706 708 3763 vel
738 3705 1077 3782 quadruplo,
1111 3704 1214 3763 sed
1242 3704 1487 3782 decuplo
1531 3707 1825 3782 superavit
1852 3716 2081 3783 tempus
2110 3707 2240 3764 aliis
2269 3708 2664 3778 constitutum,

244 3806 363 3844 non
393 3787 472 3843 70
517 3805 814 3860 annorum,
846 3785 941 3843 vel
990 3785 1161 3844 unius
1209 3794 1308 3843 aut
1352 3785 1588 3844 alterius
1639 3787 1835 3859 seculi,
1889 3786 1991 3845 sed
2020 3787 2314 3845 sexdecim
2344 3786 2667 3866 seculorum

240 3866 364 3942 jam
416 3864 762 3942 elapsorum.
849 3865 920 3922 In
965 3865 1094 3921 aliis
1143 3865 1334 3923 stabat
1384 3865 1572 3924 adhuc
1600 3866 1930 3924 Jerusalem
1960 3875 2019 3924 et
2046 3866 2351 3942 Templum
2378 3865 2514 3922 licet
2541 3883 2665 3922 cor·

247 3954 518 4022 ruptum;
564 3944 667 4003 sed
702 3946 825 4022 jam
873 3945 1046 4022 plane
1095 3945 1218 4002 solo
1264 3954 1490 4021 aequata
1539 3953 1691 4003 sunt.
1778 3945 1849 4002 In
1895 3945 2025 4002 aliis
2072 3945 2343 4003 manebat
2372 3943 2667 4001 distinctio

248 4024 550 4100 Tribuum,
599 4025 704 4083 sed
749 4025 845 4082 hic
887 4025 1049 4082 nulla
1075 4044 1215 4082 vera
1241 4024 1366 4082 dari
1392 4034 1600 4102 potest,
1654 4024 1929 4102 quicquid
1968 4025 2224 4101 garriant
2265 4022 2510 4082 recutiti.
2596 4022 2668 4079 In

248 4105 382 4163 aliis
410 4124 529 4163 non
557 4104 795 4163 deerant
825 4104 1129 4180 Prophetae
1158 4113 1217 4162 et
1250 4104 1590 4163 Sacerdotes
1614 4127 1628 4179 3
1675 4105 1779 4162 sed
1799 4106 1919 4181 jam
1951 4104 2122 4181 plane
2151 4104 2461 4162 desierunt.

861 4183 981 4241 IX.
1026 4187 1081 4242 8.
1116 4185 1429 4242 Decretum
1479 4184 1853 4262 Synodicum,
1886 4184 2023 4242 Act.
2054 4204 2174 4256 xm,
2225 4184 2376 4241 hane
2425 4182 2667 4257 abroga-

775 4263 990 4322 tionem
1020 4273 1215 4340 aperte
1244 4264 1559 4339 confirmat,
1591 4285 1769 4342 quum
1820 4264 2022 4323 statuit
2068 4264 2214 4321 nihil
2262 4261 2671 4339 imponendum

778 4363 905 4402 esse
934 4343 1181 4420 amplius
1211 4344 1551 4403 Christianis
1579 4353 1788 4421 praeter
1808 4344 2213 4403 abstinentiam
2244 4362 2278 4401 a
2307 4341 2586 4400 suffocato
2615 4350 2674 4400 et

255 4420 538 4497 sanguine
584 4430 643 4479 et
687 4421 1046 4500 idolothytis,
1097 4443 1248 4481 vers.
1281 4427 1376 4498 28,
1425 4427 1519 4498 29,
1569 4444 1645 4481 ex
1691 4423 1903 4501 quibus
1950 4444 2067 4482 non
2110 4425 2350 4482 obscure
2380 4422 2675 4499 colligitur

256 4500 517 4577 exceptis
565 4501 725 4560 hisce
775 4504 979 4577 tribuS,
1030 4503 1296 4580 abrogari
1326 4524 1526 4562 omnes
1553 4504 1698 4562 alias
1727 4505 2096 4563 caeremonias
2124 4514 2182 4563 et
2211 4503 2673 4562 observationem

257 4577 435 4657 Legis
485 4583 916 4658 caeremonialis,
968 4591 1033 4641 ut
1079 4603 1249 4643 usum
1294 4583 1764 4658 circumcisionis,
1816 4603 1989 4662 quam
2020 4584 2551 4661 Pseudo-Apostoli
2580 4604 2673 4642 ur·

258 4660 492 4735 gebant,
542 4681 673 4740 quae
719 4662 827 4722 fuit
876 4664 1105 4722 occasio
1155 4664 1397 4722 Concilii
1447 4664 1491 4724 J
1494 4664 1948 4742 erosolymitani.
2033 4665 2162 4739 Qua
2208 4665 2281 4724 de
2323 4685 2497 4724 causa
2533 4684 2674 4723 vero

248 4249 295 4295 8.
316 4249 392 4294 Ex
416 4250 626 4295 Decreto
650 4249 734 4307 Sy·

281 4309 466 4362 nodico,
491 4309 603 4355 Act.
628 4323 706 4353 xv.
