3221 5200
257 306 477 354 Quins'r.
511 285 645 367 xm]
1134 309 1212 349 nr.
1235 309 1573 351 vocs-mose
1604 311 1674 350 nr
1704 310 1861 350 mnis.
2549 295 2663 351 507

269 447 440 520 diam,
485 447 560 504 ad
616 467 815 506 omnes
870 457 928 508 et
983 448 1242 527 singulos
1297 451 1599 528 pertinere,
1659 461 1717 510 et
1770 470 2236 528 unumquemque
2292 469 2461 527 posse
2506 451 2677 510 istam

270 527 706 604 promissionem
784 537 1058 605 tanquam
1114 551 1275 588 suam
1333 532 1445 589 sibi
1499 532 1805 609 applicare.
1931 531 2078 605 Quia
2119 528 2277 589 aliud
2320 539 2409 589 est
2451 531 2677 589 fidelem

270 607 380 664 sibi
423 608 710 683 applicare
752 629 921 684 posse
964 618 1022 667 et
1063 609 1271 668 debere
1315 612 1488 670 talem
1531 612 2005 688 promissionem;
2071 610 2252 667 Aliud
2307 631 2446 668 vero
2496 611 2676 669 homi·

269 705 419 744 nem.
523 687 665 744 Cum
713 689 866 745 enim
927 689 1336 765 promissiones
1405 691 1776 768 Evangelicae
1820 711 1935 748 non
2004 690 2153 749 datae
2196 690 2312 748 sint
2351 691 2681 749 hominibus

272 765 610 841 simpliciter
650 787 765 843 qua
805 768 1034 842 talibus,
1094 769 1195 826 sed
1251 770 1580 828 bominibus
1637 770 2003 828 credentibus
2058 777 2115 827 et
2170 770 2676 847 resipiscentibus;

273 845 457 902 Nemo
499 846 610 903 nisi
661 848 899 906 credens
948 857 1006 906 ct
1053 849 1393 925 resipiscens
1443 857 1632 925 potest
1673 870 1772 908 eas
1813 870 1949 908 vere
1992 849 2101 906 sibi
2144 850 2448 925 applicare.
2551 851 2683 908 Non

271 925 426 1001 quod
473 925 618 984 fides
673 927 847 986 saciat
902 947 935 983 a
990 928 1183 1004 priori,
1249 937 1316 986 ut
1371 929 1515 987 tales
1570 929 1979 1005 promissiones
2033 928 2105 986 ad
2163 949 2262 986 eos
2316 929 2679 1005 pertineant:

269 1025 400 1063 cum
443 1006 553 1062 hoe
601 1007 850 1082 pendeat
878 1007 1282 1066 antecedenter
1323 1008 1398 1066 ad
1441 1008 1739 1066 Electione
1784 1009 1934 1066 Dei:
1979 1008 2079 1066 scd
2123 1009 2259 1085 quia
2300 1018 2387 1066 cst
2429 1009 2683 1069 conditio

270 1093 328 1142 et
369 1085 809 1145 instrumentum
855 1107 889 1143 a
930 1088 1248 1163 posteriori,
1305 1108 1408 1164 per
1461 1087 1620 1164 quod
1674 1106 1747 1145 ex
1804 1088 2003 1146 ordine
2062 1089 2172 1146 Dei
2227 1088 2535 1165 participes
2584 1089 2683 1147 de-

269 1163 444 1222 beant
485 1164 609 1222 fieri
649 1167 1110 1244 promissionum,
1155 1177 1213 1226 et
1254 1176 1656 1244 argumentum
1695 1188 1769 1226 ex
1812 1187 1926 1244 quo
1968 1168 2251 1244 colligunt
2293 1188 2390 1226 cas
2432 1188 2567 1226 vere
2609 1168 2685 1227 ad

269 1263 329 1301 se
359 1245 661 1319 pertinere.
2082 1263 2087 1268 '

354 1325 462 1382 IV.
507 1326 907 1384 Misericordia
932 1326 1189 1402 specialis
1228 1335 1419 1403 potest
1460 1326 1735 1385 trifariam
1779 1326 2041 1404 spectari,
2086 1327 2199 1384 Vel
2237 1336 2302 1385 ut
2332 1328 2686 1402 promittit-ur

270 1403 325 1460 in
367 1405 542 1462 Verbo
572 1406 836 1464 omnibus
866 1406 1231 1465 credentibus
1261 1415 1319 1465 et
1345 1407 1777 1484 poenitentibuS,
1809 1415 1867 1465 et
1894 1415 1959 1464 ut
1987 1406 2468 1483 apprehendenda
2495 1415 2583 1465 est
2611 1407 2685 1465 ab

257 1483 384 1558 jis;
452 1484 564 1542 Vel
613 1494 678 1544 ut
727 1489 1013 1560 confertur
1056 1496 1187 1545 actu
1239 1486 1623 1562 credentibuS,
1669 1487 1826 1544 illam
1870 1486 2448 1563 apprehendentibus,
2501 1495 2559 1545 et
2607 1486 2683 1544 ad

273 1563 561 1621 Christum
595 1566 742 1624 serio
773 1566 1275 1643 confugientibus;
1338 1567 1453 1625 Vel
1496 1576 1561 1625 ut
1602 1570 1808 1625 collata
1835 1570 1965 1642 jam
2009 1570 2077 1624 de
2101 1570 2265 1639 sacto
2309 1565 2395 1640 iis,
2442 1566 2541 1642 qui
2583 1587 2685 1642 per

273 1643 444 1700 fidem
488 1644 646 1702 illam
696 1646 1212 1722 apprehenderunt.
1299 1647 1455 1704 Huic
1500 1647 1713 1723 triplici
1757 1656 1910 1715 ιχίσι,
1948 1645 2256 1720 respondet
2285 1645 2494 1720 triplex
2524 1654 2687 1702 actus

174 1792 178 1796 ¹
274 1721 425 1797 fidei,
485 1724 585 1800 qui
630 1725 782 1782 eirea
828 1725 985 1782 illam
1030 1735 1340 1784 versatur:
1413 1726 1660 1799 Primus,
1719 1726 1817 1800 qui
1876 1724 2057 1781 credit
2113 1724 2507 1781 remissionem
2551 1744 2681 1800 pee-

274 1810 531 1859 catorum
574 1823 645 1861 ex
693 1805 929 1880 speciali
977 1805 1086 1862 Dei
1130 1805 1522 1862 misericordia
1570 1813 1805 1880 propter
1851 1803 2139 1861 Christum
2184 1801 2586 1860 conferendam
2624 1804 2685 1860 in

275 1880 530 1940 futurum
575 1885 841 1941 omnibus
890 1884 1256 1942 credentibus
1298 1893 1356 1941 et
1391 1883 1822 1960 poenitentibuS,
1875 1882 2132 1958 adeoque
2182 1892 2239 1940 et
2281 1882 2423 1939 mihi
2467 1883 2513 1940 si
2564 1903 2686 1941 cre-

273 1961 506 2036 dider03
556 1963 872 2036 Secundus,
918 1962 1018 2038 qui
1060 1963 1241 2021 credit
1282 1963 1675 2021 remissionem
1719 1971 2083 2039 peccatorum
2126 1962 2183 2018 in
2227 1963 2495 2038 praesenti
2543 1962 2685 2020 mihi

275 2037 532 2098 eredenti
587 2050 646 2098 et
699 2041 1003 2118 poenitenti
1057 2052 1189 2101 actu
1258 2041 1546 2118 conferri3
1620 2043 1865 2116 TertiuS,
1923 2041 2023 2118 qui
2097 2041 2255 2098 illam
2311 2042 2570 2100 intuetur
2622 2051 2688 2100 ut

267 2119 390 2194 jam
438 2121 703 2177 collatam
761 2121 822 2177 in
865 2122 1170 2198 praeteritO,
1219 2142 1334 2198 quo
1383 2121 1553 2180 credo
1602 2122 1744 2179 mihi
1791 2130 2023 2199 propter
2066 2120 2372 2194 Christum,
2415 2121 2473 2177 in
2516 2141 2688 2198 quem

278 2199 396 2256 scio
441 2219 533 2256 me
583 2200 831 2274 credere,
890 2210 1125 2277 peccata
1177 2222 1307 2259 mea
1360 2202 1501 2259 mihi
1539 2202 1662 2279 jam
1714 2220 1838 2259 esse
1893 2199 2150 2259 remissa.
2264 2201 2492 2258 Primus
2548 2201 2689 2259 dici·

281 2285 374 2335 tur
414 2288 574 2336 actus
616 2280 1001 2355 dsspositovius
1042 2280 1118 2338 ad
1152 2280 1642 2357 justificationem,
1690 2280 1824 2358 quia
1865 2279 1938 2337 ad
1982 2300 2104 2337 eam
2149 2280 2534 2357 recipiendam
2583 2300 2690 2339 nos

272 2356 567 2434 disponit;
618 2358 916 2418 Secundus
942 2361 1383 2438 justificatorius,
1429 2361 1566 2437 quia
1607 2381 1738 2419 eum
1782 2359 2088 2418 comitatur
2130 2360 2413 2419 sententia
2454 2360 2683 2419 absolu-

275 2437 419 2495 toria
466 2439 897 2515 justificationis
954 2449 1209 2515 nostrae3
1262 2441 1492 2499 Tertius
1547 2440 1963 2514 consolatorius,
2034 2441 2171 2516 quia
2224 2460 2351 2498 eam
2408 2441 2683 2518 sequitur.

272 2518 404 2575 Duo
433 2518 599 2594 primi
629 2529 763 2578 sunt
791 2519 1010 2594 directi,
1042 2521 1141 2597 qui
1170 2521 1428 2580 feruntur
1456 2520 1515 2578 in
1543 2520 2015 2597 promissionem;
2061 2519 2290 2580 Tertius
2319 2529 2408 2580 est
2436 2520 2685 2579 reflexus

275 2598 375 2673 qui
403 2598 583 2657 fertur
610 2599 669 2657 in
698 2609 887 2659 actum
918 2600 1217 2660 directum.
1303 2602 1401 2659 Illi
1437 2600 1907 2679 justificationem
1956 2600 2305 2677 praecedunt,
2351 2600 2400 2658 si
2441 2621 2557 2658 non
2600 2621 2690 2659 or-

277 2678 410 2736 dine
453 2680 743 2757 temporis,
790 2681 994 2739 saltem
1036 2690 1272 2757 naturae,
1319 2689 1383 2739 ut
1425 2684 1550 2760 ejus
1593 2701 1800 2756 causa;
1865 2681 1985 2739 Iste
2014 2700 2152 2739 vero
2182 2700 2304 2738 eam
2339 2681 2598 2757 sequitur
2625 2690 2690 2740 ut

276 2757 531 2817 effectus.
618 2760 781 2818 Licet
811 2781 948 2819 vero
977 2762 1205 2839 utrique
1247 2761 1321 2820 ad
1363 2761 1536 2820 fidem
1565 2761 1980 2838 justificantem
2009 2760 2349 2838 pertineant,
2380 2780 2496 2818 non
2526 2781 2688 2838 aeque

273 2846 464 2895 tamen
507 2838 591 2896 illi
635 2849 770 2898 sunt
810 2841 1163 2915 essentiales,
1209 2840 1305 2899 vel
1348 2842 1421 2899 ab
1464 2862 1531 2899 ea
1572 2840 2001 2918 inseparabiles.
2087 2841 2234 2897 Nam
2266 2840 2380 2898 duo
2410 2840 2579 2917 primi
2607 2842 2689 2899 ita

270 2924 405 2973 sunt
452 2918 786 2976 essentiales
835 2920 986 2993 fidei,
1037 2930 1102 2978 ut
1147 2920 1269 2978 sine
1315 2920 1431 2978 illis
1475 2941 1645 2978 nemo
1692 2921 1876 2998 possit
1931 2940 2056 2978 esse
2106 2939 2278 2977 verus
2323 2919 2527 2994 fidelis,
2587 2920 2684 2978 vel

273 2996 746 3071 justificationem
777 2999 1089 3073 consequi;
1156 2998 1256 3056 sed
1302 3000 1503 3056 tertius
1545 3019 1661 3056 non
1692 2999 1929 3073 aequalis
1958 3006 2046 3055 est
2075 2998 2451 3070 necessitatis,
2485 2999 2687 3056 saltem

279 3075 470 3150 quoad
498 3076 853 3150 exercitium,
899 3086 956 3135 et
997 3077 1188 3152 potius
1216 3077 1465 3153 pertinet
1507 3077 1581 3134 ad
1623 3077 2028 3154 perfectionem
2071 3067 2224 3151 fidei,
2261 3096 2432 3151 quam
2461 3076 2535 3134 ad
2563 3080 2690 3154 ejus

278 3155 623 3229 essentiam3
685 3175 815 3214 cum
866 3164 1083 3214 eertum
1130 3156 1205 3213 sit
1253 3175 1451 3213 verum
1501 3155 1731 3214 fidelem
1780 3175 1949 3233 posse
1998 3154 2308 3231 aliquando
2355 3155 2458 3213 illo
2515 3175 2688 3215 sensu

277 3253 487 3293 carere.
1922 3261 1934 3270 ·

356 3313 432 3372 V.
480 3314 634 3372 Hinc
675 3323 832 3392 patet
874 3314 1312 3393 applicationem
1358 3314 1662 3392 specialem
1712 3313 2154 3393 promissionum
2205 3314 2491 3391 duplicem
2520 3333 2687 3375 esse:

281 3393 474 3450 Aliam
507 3414 635 3471 quae
664 3395 898 3473 respicit
926 3396 1317 3453 remissionem
1338 3403 1721 3471 peccatorum,
1752 3404 1816 3455 ut
1843 3395 2057 3453 bonum
2088 3403 2244 3453 certo
2273 3394 2685 3471 obtinendum;

278 3473 474 3531 Aliam
505 3494 633 3551 quae
675 3474 833 3533 illam
877 3475 1146 3551 intuetur,
1191 3483 1255 3533 ut
1297 3474 1510 3534 bonum
1548 3476 1671 3551 jam
1714 3476 2005 3534 collatum.
2093 3474 2351 3551 Utraque
2383 3474 2689 3551 distinguit

272 3554 446 3612 fidem
481 3555 894 3631 justificantem
922 3556 995 3614 ab
1023 3554 1296 3614 historica
1318 3577 1332 3630 ;
1379 3555 1481 3613 sed
1522 3555 1707 3631 prima
1745 3556 1867 3615 sola
1895 3564 1984 3615 est
2010 3555 2333 3632 praecipuus
2362 3563 2525 3614 aetus
2553 3554 2689 3613 fidei

273 3634 374 3710 qui
402 3655 508 3692 nos
528 3635 825 3712 justificat,
858 3635 1110 3694 secunda
1150 3655 1288 3693 vero
1331 3656 1455 3694 eam
1497 3636 1757 3712 sequitur
1795 3645 1860 3694 ut
1887 3636 2015 3712 ejus
2044 3634 2279 3694 fruetus,
2366 3634 2541 3693 Fides
2568 3635 2688 3693 his-

275 3714 458 3770 torica
485 3714 717 3789 respicit
746 3716 1177 3791 promissionem
1205 3716 1513 3793 Evangelii
1555 3735 1709 3774 mere
1750 3715 2079 3788 theoretice,
2126 3715 2248 3772 sine
2291 3713 2409 3770 ulla
2438 3714 2688 3790 applica-

278 3792 453 3849 tione.
564 3792 676 3849 Sed
720 3793 864 3852 fides
914 3795 1241 3871 justificans
1291 3795 1532 3853 ulterius
1574 3795 1777 3869 tendit,
1824 3796 1959 3853 dum
2003 3794 2139 3852 facit
2178 3801 2245 3850 ut
2285 3793 2456 3849 homo
2500 3792 2690 3850 fidelis

278 3871 548 3948 respiciat
575 3872 982 3946 promissiones
1024 3883 1088 3931 ut
1122 3873 1437 3931 destinatas
1464 3873 1893 3951 poenitentibus,
1926 3892 1997 3949 erg
2029 3891 2269 3948 quorum
2300 3891 2538 3929 numero
2566 3872 2688 3948 ipse

280 3950 387 4026 sit;
419 3969 592 4027 quam
621 3951 1061 4026 applicationem
1100 3972 1206 4025 nec
1244 3953 1549 4011 Daemones
1587 3974 1693 4011 nee
1738 3951 2173 4028 Impoenitentes
2215 3951 2400 4008 facere
2428 3958 2687 4027 possunt.

283 4030 453 4088 Hanc
499 4049 636 4088 vero
685 4030 1123 4107 applicationem
1168 4031 1281 4088 alia
1325 4032 1541 4108 excipit
1588 4052 1692 4108 per
1739 4039 1929 4089 actum
1980 4029 2275 4104 reflexum,
2321 4050 2435 4106 quo
2485 4031 2690 4089 videns

277 4110 468 4169 fidelis
511 4130 572 4168 se
618 4109 947 4185 credidisse,
996 4118 1152 4168 certo
1200 4110 1577 4187 persuadetur
1632 4118 1867 4187 peecata
1924 4129 2027 4167 sua
2083 4110 2189 4167 sibi
2249 4129 2375 4168 esse
2430 4111 2689 4169 remissa.

283 4190 478 4249 Prima
521 4189 828 4268 applicatio
874 4199 962 4250 est
986 4191 1209 4269 fiducia
1255 4191 1604 4265 adlzaesioms,
1656 4211 1758 4267 per
1801 4208 1969 4266 quam
2023 4188 2244 4247 scilicet
2290 4188 2371 4263 fit,
2417 4198 2481 4249 ut
2517 4190 2690 4249 homo

282 4270 620 4347 confugiens
668 4270 743 4329 ad
793 4270 1102 4346 Christum,
1149 4270 1232 4328 illi
1274 4270 1553 4330 innitatur
1593 4279 1652 4329 et
1693 4269 2019 4342 adhaereat;
2084 4268 2288 4327 Altera
2337 4279 2425 4327 est
2466 4271 2689 4348 fiducia

279 4370 483 4426 sensus,
516 4371 644 4427 quae
673 4350 876 4410 nititur
903 4371 1075 4410 sensu
1106 4350 1319 4409 Christi
1347 4351 1576 4428 recepti,
1608 4359 1667 4409 et
1696 4350 1754 4407 in
1785 4370 1853 4408 eo
1882 4349 2234 4408 remissionis
2263 4348 2518 4407 indultae.

363 4430 475 4488 VI.
520 4431 718 4507 Atque
774 4432 907 4491 hinc
954 4431 1119 4490 facile
1160 4429 1537 4508 respondetur
1581 4430 1656 4487 ad
1700 4430 2104 4503 Quaestionem,
2158 4449 2285 4505 quae
2330 4429 2424 4487 hie
2470 4430 2691 4488 moveri

284 4509 465 4569 solet:
509 4510 611 4568 An
640 4512 929 4588 objectum
957 4513 1095 4571 fidei
1124 4511 1396 4571 salvificae
1440 4512 1515 4569 sit
1555 4510 1815 4568 remissio
1857 4519 2238 4588 peccatorum,
2297 4509 2394 4567 vel
2432 4510 2555 4586 jam
2584 4510 2689 4568 im·

283 4597 522 4666 patrata,
581 4589 678 4647 vel
726 4591 913 4649 adhuc
969 4591 1371 4669 impetranda?
1458 4590 1626 4650 Unde
1672 4589 2010 4647 Adversarii
2052 4590 2410 4648 occasionem
2457 4600 2692 4648 sumunt
