3221 5200
187 57 322 84 X·-

535 163 544 172 f
635 167 648 176 Ι

385 215 398 222 ¹·-
455 219 474 232 ι
495 177 530 204 Ι

333 366 562 414 QuAEsT.
596 345 749 428 xxm]
1025 365 1100 402 ua
1135 364 1394 402 pansos».
1429 364 1500 402 m·
1531 364 1717 403 s'ra'ru
1750 364 2002 414 cumam.
2623 348 2736 401 30¹.)

331 508 609 566 beneficio
658 507 767 564 frui
799 507 856 563 in
885 505 1216 582 plenissima
1245 516 1460 562 naturae
1492 505 1754 561 bumanae
1785 501 2156 574 beatitudine,
2189 521 2358 578 quam
2390 522 2490 578 per
2518 505 2735 560 exalta·

328 588 542 645 tionem
587 607 747 644 suam
790 585 1019 642 demum
1063 585 1326 656 obtinuit,
1358 585 1493 642 licet
1521 583 1935 660 perfectissima
1956 582 2256 639 sanctitate
2281 601 2504 658 semper
2530 583 2736 659 praedi·

328 677 423 724 tus
452 665 639 739 fuerit,
671 667 887 741 absque
917 665 1035 722 ulla
1057 665 1275 740 peccati
1304 665 1452 721 labe.

411 746 600 804 XIII.
637 744 945 803 Beatitudo
965 745 1517 819 Comprehensorum
1541 750 1631 800 est
1652 750 1835 800 status
1858 741 2144 817 gloriosus
2168 749 2223 797 et
2263 740 2420 814 felix,
2443 740 2657 800 doloris
2680 751 2738 800 et

329 825 659 901 ignominiae
688 844 913 901 experS.
960 826 1044 881 At
1073 833 1193 881 tota
1220 823 1461 880 historia
1491 822 1625 879 vitae
1657 821 1940 898 passionis
1970 829 2027 878 et
2056 821 2255 877 mortis
2286 821 2497 878 Christi
2527 822 2739 880 elamat

329 924 446 963 non
490 905 668 963 fuisse
711 905 886 963 talem
935 911 1148 960 statum
1180 902 1392 960 Christi
1424 903 1482 959 in
1511 902 1678 959 terris
1710 901 2042 976 gloriosum,
2078 900 2228 957 Phil.
2260 900 2317 958 ii.
2352 904 2404 974 7,
2438 903 2491 974 8,
2525 911 2582 959 et
2613 900 2735 958 feli·

326 1004 470 1058 cem,
518 985 726 1043 Matth.
772 1004 873 1040 xx.
905 986 1000 1057 28,
1036 982 1176 1040 Luc.
1208 982 1288 1040 ix.
1321 985 1414 1054 58,
1447 981 1662 1038 doloris
1692 990 1791 1039 aut
1819 979 2149 1056 ignominiae
2179 989 2489 1055 expertem,
2526 982 2736 1040 Matth.

327 1065 492 1122 xxvi.
517 1067 612 1139 39,
660 1073 718 1122 et
759 1063 943 1120 xxvii.
973 1065 1066 1134 31,
1099 1060 1201 1118 sed
1223 1070 1353 1136 post
1395 1070 1637 1118 mortem
1676 1068 1900 1117 tantum
1929 1068 1986 1116 et
2015 1059 2235 1116 obitum
2264 1061 2389 1135 ejus
2418 1080 2492 1117 ex
2521 1060 2736 1119 mundo

329 1142 416 1200 illi
445 1145 778 1219 contigisse,
815 1142 954 1200 Luc.
987 1141 1152 1198 xxiv.
1177 1145 1272 1214 26,
1308 1141 1458 1197 Phil.
1488 1141 1549 1197 ii.
1582 1143 1636 1213 8,
1670 1143 1725 1197 9.

358 1241 543 1286 Fontes
565 1243 779 1286 Solutio-
935 1220 1113 1278 XIV.
1160 1219 1327 1293 Quod
1358 1221 1483 1277 Deo
1525 1219 1842 1276 arctissime
1877 1227 1965 1276 est
2003 1218 2243 1290 unitum,
2277 1219 2448 1278 debet
2476 1239 2602 1277 esse
2630 1240 2734 1277 un-

490 1314 624 1344 mun.
852 1300 1152 1377 dequaque
1196 1309 1254 1356 et
1298 1299 1453 1356 omni
1482 1298 1654 1356 modo
1692 1297 2005 1375 perfectum
2051 1299 2270 1356 ratione
2311 1300 2631 1357 sanctitatis
2675 1309 2738 1359 ut

328 1378 488 1435 nulla
514 1379 736 1455 peceati
764 1380 991 1438 macula
1017 1380 1077 1436 in
1101 1399 1169 1436 eo
1201 1378 1679 1455 deprehendatur.
1767 1377 1883 1435 Sed
1910 1397 2024 1435 non
2056 1379 2248 1436 statim
2277 1379 2468 1454 quoad
2498 1379 2735 1438 beatita-

326 1466 478 1532 tem3
523 1458 680 1534 quod
722 1460 817 1516 vel
859 1458 1125 1534 exemplo
1150 1459 1416 1534 Corporis
1448 1458 1660 1515 Christi
1706 1478 1835 1515 eum
1880 1456 2025 1533 Λόγῳ
2069 1459 2239 1515 etiam
2283 1459 2429 1516 uniti
2473 1468 2735 1517 constare

325 1547 531 1613 potest,
577 1538 733 1614 quod
775 1559 890 1597 non
933 1539 1118 1614 potuit
1159 1538 1273 1596 dici
1316 1538 1563 1614 perfecte
1599 1538 1847 1609 beatum,
1880 1537 2161 1612 siquidem
2201 1538 2452 1613 passioni
2483 1550 2540 1596 et
2568 1538 2737 1597 morti

327 1616 436 1674 suit
465 1617 799 1675 obnoxium.
887 1619 1043 1677 Unio
1085 1638 1224 1694 ergo
1267 1619 1472 1674 animae
1503 1637 1634 1674 eum
1666 1618 1791 1674 Deo
1822 1616 1991 1673 infert
2021 1617 2251 1691 quidem
2284 1617 2575 1676 beatitatis
2604 1638 2734 1694 pos-

329 1696 659 1771 sessionem,
693 1698 794 1755 sed
836 1718 952 1755 non
995 1697 1186 1755 statim
1232 1697 1573 1770 adeundam,
1605 1696 1702 1753 vel
1744 1704 2073 1753 constanter
2135 1717 2356 1771 semper
2398 1696 2734 1772 fruendam3

328 1795 459 1833 cum
488 1796 562 1832 ex
592 1776 1016 1853 dispensatione
1049 1778 1161 1835 Dei
1190 1777 1381 1852 passio
1411 1776 1653 1852 gloriam
1684 1783 1741 1833 et
1764 1775 2093 1832 felicitatem
2113 1774 2374 1833 debuerit
2396 1777 2734 1851 praecedere.

409 1855 554 1913 XV.
599 1856 738 1913 Alia
780 1865 868 1915 est
896 1857 1081 1932 gloria
1109 1867 1166 1914 et
1194 1857 1426 1916 beatitas
1454 1855 1777 1912 divinitatis
1807 1856 2104 1911 intrinseca
2134 1864 2186 1910 et
2212 1856 2513 1912 essentialis
2537 1877 2551 1926 3
2600 1857 2739 1913 Alia

327 1936 643 1993 extrinseca
685 1946 738 1994 et
753 1938 1125 2011 participata.
1214 1936 1324 1993 Per
1359 1935 1645 1993 Unionem
1696 1934 2116 2010 hypostaticam
2152 1934 2417 1992 Personae
2457 1938 2747 2014 θιαιθςάπᾳ

327 2016 745 2074 communicata
766 2026 870 2089 est,
893 2036 1024 2074 euin
1045 2024 1250 2073 natura
1268 2014 1482 2086 divina,
1509 2013 1694 2090 gloria
1716 2022 1773 2071 et
1793 2014 2035 2070 beatitas
2057 2014 2366 2071 intrinseca
2388 2023 2444 2071 et
2462 2016 2734 2072 essentia-

325 2093 416 2167 lis,
441 2115 570 2171 quae
615 2096 786 2153 infert
805 2096 1260 2153 communionem
1281 2094 1535 2152 omnium
1558 2092 1969 2168 perfectionum
1990 2093 2331 2150 divinarum.
2382 2094 2499 2152 Sed
2521 2104 2739 2153 naturae

327 2173 592 2231 humanae
624 2176 1031 2233 communicari
1060 2183 1286 2233 tantum
1316 2174 1515 2232 debuit
1544 2172 1840 2230 beatitudo
1870 2181 2109 2229 externa
2137 2183 2194 2230 et
2222 2173 2577 2249 participata,
2609 2195 2738 2250 quae

329 2252 547 2310 Deitati
590 2273 705 2310 non
747 2254 1016 2326 adhaeret,
1063 2253 1165 2311 sed
1206 2254 1279 2312 ab
1321 2274 1389 2311 ea
1418 2263 1691 2329 tanquam
1720 2251 1984 2309 effectum
2016 2263 2208 2310 manat
2238 2253 2291 2308 in
2325 2261 2659 2329 creaturam,
2682 2268 2740 2313 et

327 2331 560 2408 quidem
590 2342 861 2408 tanquam
893 2334 1177 2406 accidens,
1203 2333 1360 2409 quod
1381 2332 1692 2409 aliquando
1721 2332 1922 2389 abesse
1952 2341 2010 2388 et
2038 2331 2240 2390 adesse
2265 2333 2467 2407 potuit.

411 2411 591 2469 XVI.
639 2413 701 2470 Si
746 2412 1007 2471 Christus
1050 2413 1266 2470 vidisse
1312 2413 1541 2471 Patrem
1584 2412 1796 2469 dicitur
1836 2411 1975 2470 Joh.
2020 2411 2099 2468 vi.
2145 2415 2240 2485 46,
2278 2432 2393 2468 non
2445 2413 2638 2488 agitur
2666 2413 2738 2471 de

326 2499 532 2548 natura
560 2491 810 2549 humana
837 2493 1091 2567 praecise,
1124 2492 1225 2550 sed
1255 2491 1326 2550 de
1360 2493 1613 2549 Persona
1640 2492 1807 2562 Λόγου
1835 2511 1964 2567 quae
2001 2500 2065 2548 ut
2096 2492 2257 2549 unita
2284 2491 2482 2558 intime
2514 2513 2739 2568 semper

325 2568 436 2630 fuit
467 2571 640 2647 Patri,
673 2592 787 2630 non
810 2573 997 2650 potuit
1025 2592 1141 2631 non
1171 2592 1394 2649 semper
1421 2573 1547 2649 ejus
1575 2572 1799 2630 visione
1830 2571 2094 2630 beatifica
2112 2570 2240 2630 frui.
2326 2572 2446 2631 Nee
2478 2573 2526 2630 si
2548 2575 2737 2631 anima

328 2651 542 2709 Christi
570 2653 782 2710 arctius
812 2654 972 2711 unita
1001 2662 1089 2711 est
1117 2672 1245 2711 eum
1280 2653 1526 2727 Deitate,
1558 2672 1731 2727 quam
1762 2651 1966 2709 animae
2004 2652 2320 2724 beatorum,
2354 2653 2611 2728 sequitur
2639 2653 2735 2711 be-

324 2730 531 2789 neficio
561 2733 1115 2809 Comprehensorum
1137 2734 1260 2810 jam
1290 2733 1400 2790 frui
1426 2755 1439 2791 :
1483 2732 1621 2808 quia
1638 2752 1739 2809 per
1760 2731 2245 2807 dispensationem
2268 2733 2379 2791 hoe
2400 2733 2532 2808 jure
2557 2753 2616 2791 se
2636 2734 2735 2791 ab-

325 2809 558 2883 dicavit,
609 2821 674 2870 ut
723 2812 1027 2888 Sponsoris
1076 2833 1284 2871 munus
1323 2812 1560 2888 implere
1589 2822 1800 2887 posset,
1834 2810 1989 2886 quod
2018 2812 2407 2870 vadimonium
2440 2812 2589 2871 inter
2616 2815 2735 2870 ani-

326 2907 450 2946 mas
480 2890 747 2949 Coelitum
777 2902 835 2949 et
856 2913 1054 2950 earum
1083 2893 1353 2951 unionem
1383 2912 1514 2949 eum
1549 2890 1673 2949 Deo
1701 2910 1818 2948 non
1846 2890 2168 2949 intercedit.

1234 3131 1621 3204 QUAEsTIO
1665 3130 1842 3188 XIV.

1141 3307 1217 3350 ΠΕ
1262 3307 1637 3346 PASSIONIBUS
1680 3307 1931 3347 CHRISTI.

321 3446 414 3503 An
467 3445 721 3504 Christus
751 3466 953 3521 poenas
995 3456 1205 3505 tantum
1236 3451 1560 3523 corporales
1601 3449 1660 3506 in
1702 3469 1953 3524 corpore,
1998 3457 2098 3505 aut
2138 3449 2331 3506 anima
2372 3450 2609 3525 quidem,
2640 3455 2743 3513 sed

401 3535 617 3584 tantum
645 3529 839 3602 quoad
862 3537 1089 3601 partem
1120 3529 1436 3602 inferiorem
1467 3538 1522 3585 et
1543 3530 1875 3599 sensitivam,
1902 3549 2105 3603 passus
2130 3530 2202 3586 sit
2220 3550 2334 3604 pro
2364 3532 2563 3589 nobis!
2644 3534 2737 3590 An

399 3626 531 3664 vero
560 3607 712 3681 ipsas
741 3607 906 3664 etiam
934 3608 1254 3682 spirituales
1282 3618 1335 3666 et
1355 3610 1687 3685 ychennales
1705 3610 1931 3685 peccati
1945 3629 2162 3684 poenas,
2196 3619 2311 3666 tam
2340 3610 2396 3667 in
2437 3612 2734 3687 superiori,

400 3705 569 3760 quam
591 3687 854 3759 inferiori
869 3696 1058 3761 parte,
1082 3690 1322 3763 proprie
1351 3690 1408 3745 in
1435 3709 1509 3760 se,
1541 3699 1593 3746 et
1621 3710 1694 3746 ex
1720 3710 1886 3747 sensu
1910 3690 2013 3745 irae
2035 3690 2154 3746 Dei
2177 3690 2542 3749 sustinuerit?
2586 3692 2734 3768 Neg.

404 3765 571 3823 Prius
602 3788 615 3839 3
650 3766 869 3824 Poster.
918 3766 1140 3825 Affirm.
1184 3778 1383 3827 eontra
1416 3768 1767 3827 Pontificios.

403 3921 453 3980 Ι.
501 3922 583 3982 Ut
615 3923 814 3981 Passio
846 3925 1059 3983 Christi
1089 3927 1386 4002 potissima
1430 3935 1519 3985 est
1572 3947 1707 4004 pars
1735 3926 1929 4008 Αὑτςου
1957 3947 2060 4004 pro
2091 3927 2257 3984 nobis
2287 3948 2321 3984 a
2351 3928 2580 3986 Christo
2607 3949 2734 4005 per-

323 4002 514 4075 soluti,
547 4011 604 4060 et
649 4004 1000 4079 praecipuum
1030 4005 1254 4064 fiduciae
1300 4016 1358 4065 et
1402 4007 1814 4065 consolationis
1843 4017 2054 4064 nostrae
2084 4006 2518 4066 fundamentum
2546 4030 2559 4082 ;
2608 4009 2733 4065 Pri-

318 4082 562 4140 marium
592 4083 763 4140 etiam
794 4082 966 4140 debet
995 4105 1120 4143 esse
1149 4085 1284 4143 fidei
1329 4097 1541 4144 nostrae
1581 4087 1890 4162 objectum,
1923 4096 1980 4143 et
2010 4084 2400 4143 meditationis
2428 4106 2734 4162 argumen-

319 4170 460 4235 tum,
491 4172 556 4220 ut
585 4182 715 4219 eum
751 4162 930 4219 Paulo
959 4164 1104 4222 nihil
1132 4165 1299 4223 nobis
1341 4185 1745 4242 proponamus,
1778 4166 1888 4222 nisi
1933 4165 2229 4222 seientiam
2260 4166 2302 4223 J
2306 4185 2408 4223 esu
2440 4165 2733 4225 Crucifixi.

320 4241 515 4318 Atque
546 4262 614 4299 eo
644 4241 981 4317 diligentius
1024 4244 1083 4301 in
1110 4244 1173 4301 id
1219 4245 1665 4303 incumbendum
1698 4254 1801 4315 est,
1834 4265 1949 4321 quo
1992 4246 2167 4301 Satan
2196 4244 2568 4320 impotentius
2599 4245 2735 4304 furit

318 4320 393 4377 ad
420 4321 722 4379 veritatem
757 4322 1100 4380 Passienum
1151 4324 1389 4383 istarum
1438 4324 1880 4397 obscurandum,
1913 4332 1971 4381 et
2015 4323 2264 4381 fructum
2293 4343 2489 4381 earum
2521 4324 2731 4382 saluta-

316 4418 438 4456 rem
465 4400 633 4458 nobis
662 4401 1160 4479 intercipiendum.

923 4483 1007 4541 ΙΙ.
1055 4484 1186 4541 Νοη
1216 4483 1492 4559 quaeritur
1523 4484 1637 4555 hie,
1671 4484 1768 4540 An
1814 4483 2077 4541 Christus
2106 4482 2327 4559 aliquid
2356 4502 2561 4559 passus
2612 4484 2735 4542 sit?

373 4528 734 4633 Statpisoggaeo-
837 4562 1000 4621 Licet
1018 4564 1166 4620 enim
1186 4564 1308 4640 jam
1328 4563 1465 4621 olim
1485 4563 1696 4623 fuerint
1716 4563 1995 4637 nonnulli,
2017 4563 2133 4639 qui,
2155 4583 2285 4621 eum
2305 4562 2503 4621 divina
2523 4564 2736 4622 Christi

839 4641 1021 4715 gloria
1050 4642 1350 4717 indignum
1380 4652 1679 4701 censerent
1708 4643 2001 4701 doloribus
2023 4652 2081 4701 et
2110 4643 2382 4701 moestitia
2410 4643 2633 4719 corripi,
2666 4664 2734 4702 eo
