3221 5200
539 316 658 375 458
1350 330 1533 372 Locus
1563 329 1823 370 Dncmus
1852 330 2124 378 mercs.
2583 308 2853 391 [QUAEs‘r.
2891 332 2980 371 rv.

532 478 630 549 21,
660 476 695 507 “
718 473 833 532 Sed
861 472 1026 532 dico:
1052 472 1329 549 Nunquid
1350 473 1527 531 Israel
1546 493 1663 530 non
1687 472 1963 549 cognovit
1982 475 2011 530 Ρ
2042 472 2296 530 Primum
2321 471 2519 529 Moses
2541 470 2703 545 dicit,
2723 471 2865 549 Ego
2898 472 2980 530 ad

533 554 958 613 aemulationem
986 573 1093 611 vos
1135 553 1419 611 adducam
1448 553 1507 610 in
1536 573 1653 611 non
1683 563 1934 629 gentem,
1966 552 2026 610 in
2054 561 2287 629 gentem
2310 551 2697 630 insipientem,
2723 552 2787 608 in
2817 553 2974 609 iram

530 655 638 693 vos
668 635 920 708 mittam;
969 634 1158 691 Isaias
1187 642 1379 692 autem
1403 633 1578 692 audet
1607 643 1666 691 et
1695 633 1852 707 dicit,
1885 633 2169 691 Inventus
2200 652 2323 690 sum
2355 652 2389 690 a
2417 652 2533 689 non
2562 632 2975 707 quaerentibus

529 734 639 789 me,
682 723 740 773 et
768 715 956 791 palam
986 714 1224 791 apparui
1279 713 1352 771 iis
1381 713 1481 789 qui
1509 733 1600 771 me
1652 733 1770 770 non
1825 713 2281 790 interrogabant.
2365 711 2466 770 Ad
2524 712 2708 769 Israel
2760 720 2970 769 autem

531 794 688 867 dicit,
722 795 871 853 Tota
908 794 1001 852 die
1044 793 1297 869 expandi
1348 812 1551 851 manus
1580 812 1738 851 meas
1768 792 1842 850 ad
1879 794 2156 870 populum
2203 812 2317 851 non
2348 791 2679 850 credentem
2728 799 2792 849 et
2821 812 2970 848 con-

533 874 968 933 tradicentem.'’
1057 873 1333 947 Quaenam
1363 893 1502 931 vero
1551 872 1884 949 congruitas
1920 872 2276 948 VocationiS,
2309 881 2368 931 et
2396 871 2659 949 aptitudo
2681 870 2759 927 ad
2789 871 2968 930 obse-

532 954 844 1032 quendum,
877 954 935 1010 in
966 973 1079 1010 non
1103 952 1539 1029 quaerentibus?

618 1034 799 1093 VIII.
846 1033 1011 1091 Licet
1028 1052 1166 1090 vero
1187 1033 1391 1091 Gratia
1416 1033 1638 1107 efficax,
1661 1053 1776 1110 qua
1793 1033 1874 1091 ita
1901 1041 2167 1093 movetur
2183 1033 2470 1106 voluntaS,
2494 1038 2559 1090 ut
2577 1030 2974 1089 infallibiliter

535 1114 611 1172 sit
639 1113 965 1190 praestitura
993 1132 1353 1187 consensum,
1387 1133 1644 1189 congrua
1684 1112 2127 1191 possitquodam
2142 1132 2312 1171 sensu
2341 1113 2773 1187 dici,quatenus
2797 1111 2970 1171 Deus

536 1193 844 1251 efficaciter
872 1192 1160 1250 movendo
1189 1193 1566 1267 voluntatem,
1600 1213 1853 1270 congrue
1896 1193 2055 1250 illam
2091 1202 2301 1267 movet,
2335 1202 2398 1251 ut
2428 1190 2771 1261 consentiat,
2805 1200 2865 1249 et
2899 1205 2970 1251 ut

536 1273 807 1349 congruit
854 1281 1073 1330 naturae
1122 1273 1457 1347 voluntatis,
1504 1273 1665 1331 Nihil
1707 1273 1838 1332 ideo
1866 1273 2089 1332 accedit
2138 1273 2450 1331 Sententiae
2498 1271 2773 1330 Bellarm.
2819 1273 2968 1348 quia

534 1352 868 1429 congruitas
898 1348 1009 1410 ista
1036 1373 1152 1410 non
1182 1353 1503 1411 desumitur
1530 1373 1564 1411 a
1598 1352 1974 1431 dispositione
2003 1353 2186 1430 ipsius
2216 1352 2548 1427 voluntatiS,
2581 1350 2677 1409 vel
2706 1351 2962 1409 circum-

534 1432 764 1491 stantiis
792 1432 1153 1491 extrinsecus
1180 1433 1291 1525 ipsi
1320 1432 1539 1491 auxilio
1562 1432 1779 1493 efficaci
1808 1432 2231 1507 accedentibuS,
2255 1441 2321 1491 ut
2349 1433 2605 1490 varietur
2633 1431 2962 1489 secundum

533 1513 802 1571 diversas
830 1512 1287 1571 circumstantlas
1330 1526 1388 1572 ct
1429 1513 1740 1590 qualitates
1783 1513 2048 1591 subjecti,
2095 1522 2266 1591 atque
2302 1512 2446 1570 adeo
2474 1512 2671 1584 moti0,
2702 1531 2833 1587 quae
2863 1523 2962 1571 est

532 1612 790 1670 congrua
830 1600 1094 1670 respectu
1137 1594 1326 1668 uniuS,
1360 1593 1435 1652 sit
1478 1593 1797 1669 incongrua
1843 1604 2108 1671 respectu
2155 1593 2407 1667 alteriuS,
2439 1600 2498 1650 et
2527 1602 2742 1650 contra.
2834 1592 2959 1650 Sed

530 1672 676 1732 illud
705 1693 900 1732 secum
928 1671 1095 1732 affert
1122 1674 1402 1732 auxilium
1433 1674 1589 1751 quod
1621 1673 1831 1732 dicitur
1859 1672 2079 1748 efficax,
2112 1673 2381 1749 quodque
2411 1672 2541 1730 ideo
2570 1672 2959 1747 distinguitur

529 1774 565 1811 a
609 1754 797 1830 gratia
841 1752 1135 1829 inefficaci,
1185 1774 1314 1831 quae
1360 1774 1477 1812 non
1523 1754 1822 1812 conversis
1867 1753 2157 1813 tribuitur.
2261 1753 2633 1831 Objectiones
2675 1771 2808 1827 quae
2854 1753 2956 1810 hic

530 1834 753 1893 moveri
782 1834 972 1892 solent
999 1834 1358 1895 commodius
1388 1835 1689 1893 solventur
1716 1834 1777 1891 in
1807 1834 2136 1908 Quaestione
2167 1834 2448 1910 sequenti.

530 1952 1012 1998 Tortiasententiaa
1135 1914 1255 1974 IX.
1300 1914 1496 1973 Tertia
1541 1914 1825 1973 sententia
1863 1923 1950 1972 est
1995 1914 2423 1971 Thomistarum
2455 1922 2512 1971 et
2536 1912 2952 1970 Dominicano·

590 2012 796 2068 Physica
820 2013 1010 2056 Praede-
1052 2014 1196 2069 rum,
1222 1994 1322 2071 qui
1352 1994 1691 2053 Vocationis
1713 1992 2022 2052 efficaciam
2047 1993 2405 2052 constituunt
2426 1994 2485 2050 in
2515 1994 2758 2069 Physica
2782 1994 2954 2049 Proe-

591 2071 953 2115 terminatione.
1055 2074 1531 2149 determinatione,
1555 2083 1877 2133 asserentes
1907 2074 2168 2132 Gratiam
2188 2073 2476 2131 efficacem
2505 2093 2630 2130 esse
2660 2072 2951 2130 actionem

531 2155 643 2213 Dei
671 2155 972 2232 physicam
1002 2162 1060 2213 et
1088 2154 1318 2228 realem,
1350 2174 1479 2231 quae
1525 2154 1868 2213 determinat
1913 2154 2273 2212 voluntatem
2302 2153 2378 2211 ad
2405 2153 2719 2211 volendum
2748 2164 2806 2211 et
2835 2154 2945 2211 eli-

528 2235 782 2311 gendum
829 2235 1043 2294 bonum
1090 2234 1200 2311 ipsi
1245 2254 1280 2292 a
1323 2235 1513 2310 gratia
1557 2234 1848 2293 excitante
1894 2233 2251 2311 inspiratum,
2299 2233 2377 2292 Et
2418 2233 2554 2309 quia
2594 2253 2709 2291 non
2754 2241 2952 2309 potest

527 2314 668 2389 fieri,
700 2324 766 2374 ut
796 2316 956 2373 Deus
985 2314 1223 2392 physice
1252 2315 1716 2392 praedeterminet
1737 2314 2115 2389 voluntatem,
2141 2313 2279 2390 quin
2304 2313 2429 2391 ipsa
2458 2314 2726 2371 voluntas
2754 2313 2948 2371 deter-

527 2395 794 2469 minetur,
828 2403 886 2452 et
914 2395 1058 2453 velit
1086 2394 1163 2467 id,
1195 2394 1270 2451 ad
1298 2395 1454 2470 quod
1484 2395 1914 2467 determinatur,
1950 2394 2092 2452 Ideo
2130 2394 2253 2453 fieri
2282 2414 2398 2452 non
2442 2412 2631 2471 posse,
2663 2404 2728 2451 ut
2753 2394 2951 2470 gratia

523 2475 637 2533 ista
663 2495 781 2533 non
804 2474 1015 2533 habeat
1036 2472 1321 2532 effectum.
1356 2475 1452 2533 Sic
1473 2494 1669 2533 eorum
1694 2483 1945 2533 mentem
1968 2474 2221 2552 explicat
2241 2474 2512 2532 Bellarm.
2542 2473 2643 2531 lib.
2679 2476 2730 2547 1,
2761 2494 2810 2531 c.
2848 2477 2945 2530 1⁶2.

528 2554 669 2630 Quae
694 2555 995 2628 sententia,
1018 2553 1156 2611 licet
1177 2573 1213 2611 a
1236 2553 1589 2612 Bellarmino
1613 2555 1922 2633 rejiciatur,
1948 2562 2222 2631 tanquam
2245 2553 2410 2613 liberi
2433 2553 2654 2614 arbitrii
2684 2552 2945 2612 destruc-

525 2636 664 2708 tiva,
697 2634 771 2691 ad
800 2635 1103 2692 veritatem
1125 2632 1388 2709 proxime
1412 2635 1652 2710 accedit,
1676 2645 1805 2694 utut
1826 2635 2017 2694 minus
2040 2635 2185 2694 forte
2215 2644 2480 2694 accurate
2510 2654 2614 2712 per
2640 2634 2944 2712 physicam

524 2713 1181 2791 praedeterminationem
1226 2713 1598 2789 exprimatur,
1632 2734 1701 2772 eo
1746 2715 1903 2790 quod
1955 2714 2342 2775 Providentiae
2371 2725 2534 2773 actus
2561 2713 2855 2773 naturales
2884 2725 2946 2772 et

527 2793 795 2851 omnibus
824 2792 1148 2869 agentibus,
1181 2800 1239 2850 et
1267 2793 1421 2850 omni
1452 2794 1627 2851 statui
1656 2793 1923 2870 hominis,
1955 2815 2029 2853 ex
2063 2803 2284 2854 naturae
2314 2794 2581 2853 secundae
2611 2794 2945 2852 conditione

525 2872 896 2947 necessarios,
930 2891 1059 2930 cum
1091 2873 1622 2949 supernaturalibus
1668 2875 1868 2952 gratiae
1925 2875 2023 2952 qui
2067 2876 2126 2932 in
2169 2884 2322 2934 statu
2364 2876 2585 2953 peccati
2613 2875 2688 2932 ad
2733 2894 2943 2931 sanan-

526 2952 660 3010 dam
689 2952 1047 3011 voluntatem
1067 2952 1452 3030 requiruntur,
1484 2953 1834 3012 confundere
1875 2955 2123 3030 videtur,
2157 2964 2215 3014 et
2242 2954 2474 3013 modum
2495 2953 2705 3032 agendi
2728 2954 2947 3012 ration·

525 3033 675 3091 alem
705 3042 763 3091 et
791 3033 1082 3108 moralem,
1114 3033 1214 3110 qui
1260 3033 1432 3092 etiam
1482 3033 1542 3091 in
1588 3035 1981 3109 conversione,
2013 3045 2079 3094 ut
2119 3045 2338 3094 naturae
2369 3036 2716 3093 conveniens
2745 3056 2781 3092 a
2811 3034 2945 3093 Deo

524 3113 847 3188 adhibetur,
881 3114 1208 3173 excludere.
1298 3114 1469 3173 Unde
1503 3116 1768 3174 Janseni.
1800 3116 1839 3174 l.
1871 3118 1926 3190 8,
1958 3114 2029 3173 de
2074 3116 2214 3175 Gra.
2246 3136 2295 3175 c.
2327 3119 2381 3189 3,
2414 3116 2574 3173 varia
2603 3114 2944 3173 discrimina

525 3194 691 3253 affert
738 3194 888 3254 inter
936 3194 1314 3271 Adjutorium
1367 3194 1481 3252 Dei
1529 3195 1900 3269 medecinale,
1953 3204 2011 3253 et
2061 3195 2725 3254 Praedeterminationem
2765 3195 2940 3252 istam

523 3275 841 3352 physicam,
905 3285 1076 3351 prout
1120 3295 1154 3332 a
1201 3275 1618 3334 Defensoribus
1663 3277 1788 3352 ejus
1837 3274 2098 3333 traditur.
2201 3276 2539 3352 Quanquam
2592 3275 2946 3333 Franciscus

527 3354 746 3429 Cumel,
768 3355 928 3431 Disp.
945 3355 1106 3429 vari.,
1132 3354 1192 3410 in
1215 3357 1361 3428 lma,
1385 3359 1485 3428 lae,
1501 3376 1634 3432 pag.
1653 3359 1784 3429 109,
1799 3364 2049 3413 mentem
2069 3375 2231 3413 suam
2251 3365 2310 3414 et
2332 3375 2562 3413 suorum
2587 3355 2759 3430 longe
2782 3375 2943 3412 com-

526 3434 754 3491 modius
782 3433 1054 3509 explicat.
1142 3436 1177 3465 “
1200 3434 1369 3491 Hanc
1392 3436 1697 3511 gratiam,’'
1723 3436 1927 3511 inquit,
1956 3439 1991 3466 “
2018 3435 2129 3493 Dei
2147 3435 2452 3509 efficacem,
2478 3455 2512 3491 a
2535 3435 2657 3492 Deo
2686 3434 2941 3492 efficien-

524 3522 615 3570 ter
662 3511 889 3587 proprie
938 3512 1389 3586 provenientem,
1441 3523 1500 3572 et
1546 3534 1653 3571 nos
1696 3523 2161 3590 praemovcntem,
2214 3524 2272 3573 et
2320 3514 2940 3591 praedeterrninantem,

525 3600 760 3668 propter
788 3591 969 3648 solam
998 3591 1350 3667 prioritatem
1383 3593 1753 3667 causalitatis,
1779 3614 1904 3652 esse
1935 3595 2253 3653 vocandam
2284 3594 2940 3671 praedata-minationem

525 3670 842 3748 physicam,
876 3679 1112 3728 censent
1155 3670 1409 3729 Antores
1451 3673 1729 3749 oppositae
1773 3676 2089 3749 sententiae,
2127 3676 2292 3752 cujus
2334 3674 2602 3733 vocabuli
2633 3675 2741 3751 ipsi
2769 3675 2943 3751 primi

527 3751 859 3810 inventores
898 3749 1166 3809 fuerunt:
1209 3770 1340 3808 nam
1386 3760 1516 3810 ante
1561 3773 1758 3811 eorum
1800 3762 2059 3831 tempora
2098 3774 2204 3812 nos
2233 3754 2400 3814 aliter
2424 3754 2819 3830 loquebamur,
2850 3754 2942 3811 di-

526 3840 723 3890 centes
752 3830 1213 3890 constituendam
1244 3851 1368 3890 esse
1408 3832 1696 3891 efficacem
1742 3834 1852 3892 Dei
1882 3835 2124 3911 gratiam
2155 3835 2457 3910 actualem,
2488 3843 2941 3912 praemoventem

525 3932 649 3987 nos,
666 3921 722 3970 et
745 3912 933 3970 Deum
976 3931 1083 3969 nos
1102 3911 1413 3970 efficienter
1433 3914 1659 3991 proprie
1682 3934 1914 3973 movere
1938 3914 2156 3973 auxilio
2187 3915 2387 3991 gratiae
2418 3935 2553 3973 suae.
2599 3915 2942 3989 Quocirca‚’'

525 3993 730 4068 inquit,
767 3996 937 4050 “non
967 4001 1056 4050 est
1083 4013 1186 4051 cur
1226 3993 1398 4052 toties
1426 4003 1689 4070 repetant
1736 3995 2036 4071 physicam
2080 3995 2753 4072 praedeterminationem,
2806 4014 2940 4069 quae

524 4092 638 4130 non
652 4081 737 4130 est
749 4072 1005 4149 physica,
1019 4071 1097 4131 id.
1111 4073 1404 4147 naturalis,
1420 4073 1521 4131 sed
1533 4075 1982 4150 supernaturalis
1994 4083 2050 4133 et
2062 4075 2276 4150 divina,
2292 4095 2406 4133 non
2428 4075 2662 4133 moralis
2680 4077 2938 4152 praecise,

526 4152 628 4210 sed
658 4152 1106 4229 supernaturalis
1136 4152 1387 4212 efficiens
1414 4153 1640 4230 proprie
1659 4174 1734 4211 ex
1761 4153 2012 4212 efficacia
2041 4154 2254 4214 divinae
2284 4155 2501 4231 gratiae,
2523 4175 2652 4231 quae
2674 4165 2938 4214 naturam

525 4231 763 4308 perficit,
795 4252 911 4290 non
953 4232 1113 4291 laedit
1142 4233 1457 4307 arbitrium,
1482 4233 1583 4291 sed
1619 4234 1805 4310 ipsum
1838 4243 1997 4292 tanto
2023 4234 2262 4294 liberius
2294 4244 2399 4310 est,
2435 4244 2493 4294 et
2528 4235 2767 4294 liberius
2794 4235 2935 4310 agit,

525 4321 741 4388 quanto
771 4312 957 4388 magis
985 4312 1289 4390 subjicitur
1315 4313 1515 4388 gratiae
1544 4314 1757 4372 actuali
1788 4314 1957 4371 Dei.'’

527 4431 783 4475 Sententia
832 4430 1010 4474 Ortho·
1132 4392 1215 4449 X.
1261 4392 1584 4451 Orthodoxi
1615 4393 1953 4451 Vocationis
1982 4392 2292 4452 efficaciam
2337 4415 2441 4454 nec
2472 4393 2830 4470 suspendunt
2856 4394 2934 4451 ab

585 4490 822 4532 doxon-um
874 4491 1010 4545 quin·
1053 4472 1301 4544 Eventu,
1334 4491 1439 4530 nec
1484 4472 1558 4530 ab
1606 4474 1733 4550 ejus
1783 4472 2174 4550 Congruitatc.
2264 4475 2378 4533 sed
2424 4484 2627 4552 petunt
2655 4494 2689 4532 a
2718 4475 2932 4533 virtute

584 4548 1011 4648 ἓῧξυξὲζΡῖῗζξζ·
1053 4552 1469 4628 supernaturali
1510 4553 1728 4628 gratiae,
1760 4560 1818 4610 et
1859 4553 2058 4611 divina
2099 4575 2166 4613 ac
2209 4554 2487 4614 ineffabili
2519 4555 2627 4613 Dei
2658 4555 2930 4627 motione,

833 4618 861 4660 p
943 4640 949 4646 '
998 4636 1009 4647 '
1051 4651 1180 4707 quae
1210 4631 1290 4689 ita
1319 4631 1572 4690 suaviter
1600 4641 1659 4690 ct
1691 4641 1954 4709 potenter
1982 4634 2152 4693 simul
2182 4636 2471 4694 hominem
2501 4636 2692 4709 afficit,
2725 4643 2786 4693 ut
2815 4655 2934 4690 non
