3221 5200
496 351 564 410 17
573 351 607 408 2
1413 354 1596 395 Locus
1627 354 2027 396 nuonscmus.
2553 335 2810 417 [QUAEs‘r.
2843 358 2901 396 v.

492 507 602 565 suit
622 504 767 565 fides
779 504 821 564 J
825 522 927 561 esu
951 499 1182 574 Christi,
1209 498 1312 557 sed
1329 496 1473 555 fides
1497 495 1624 554 Deo
1647 504 1705 555 et
1725 495 2022 572 promissis
2043 496 2200 555 illius
2222 496 2551 573 adhibita;'’
2576 506 2636 556 et
2647 497 2901 572 Volkel.,

490 587 594 645 lib.
626 586 704 643 iv.
736 604 859 661 cap.
890 585 944 658 3,
969 579 1099 639 vult
1127 577 1355 638 differre
1380 576 1439 634 in
1460 575 1647 635 tribus
1667 574 1838 634 fidem
1861 576 2139 635 Veterum
2157 585 2216 636 et
2236 585 2510 653 nostram,
2535 586 2594 636 et
2621 577 2900 656 inprimis,

496 670 533 700 ‘⁴
555 665 713 742 quod
739 663 911 722 hodie
933 670 1049 720 tam
1073 660 1134 717 in
1154 657 1462 730 Christum,
1487 675 1661 732 quam
1686 655 1744 714 in
1768 656 1959 716 Deum
1981 655 2212 716 credere
2233 657 2577 734 jubeamur-3
2602 658 2740 716 olim
2763 678 2901 717 vero

494 764 856 822 nequaquam
885 743 1059 802 talem
1087 738 1260 798 fidem
1289 736 1570 812 extitisse,
1601 736 1701 795 vel
1728 756 1803 795 ex
1831 756 1899 795 eo
1927 744 2102 814 patet,
2147 736 2303 813 quod
2334 738 2598 798 Christus
2638 748 2777 798 tunc
2804 758 2902 798 nc·

495 844 786 903 quaquam
814 823 1003 882 adhuc
1032 818 1349 879 extiterit.'’

1099 898 1219 956 III.
1266 899 1741 955 Remonstrantes
1761 915 1879 953 non
1907 894 2080 954 alieni
2103 905 2293 955 sunta
2325 896 2666 956 Socinianis.
2710 898 2902 956 Armi-

1014 979 1139 1037 nius
1165 977 1416 1055 quidem,
1450 976 1680 1053 Disput.
1712 975 1784 1034 de
1814 976 1991 1053 Legis
2018 984 2077 1034 et
2105 977 2417 1054 Evangelii
2460 978 2902 1054 comparatione,

492 1060 952 1122 convenientiam
982 1059 1279 1135 utriusque
1308 1056 1665 1114 Testamenti
1691 1055 1836 1114 bene
1859 1055 2104 1114 collocat
2132 1056 2191 1114 in
2219 1076 2335 1115 una
2361 1056 2677 1133 eademque
2694 1058 2907 1117 utrius-

495 1162 609 1219 que
652 1138 908 1213 materia,
954 1138 1091 1196 fidei
1135 1138 1355 1197 scilicet
1399 1135 1728 1194 obedientia
1770 1135 2075 1212 utrobique
2103 1136 2395 1213 requisita,
2427 1145 2486 1196 et
2512 1138 2649 1196 vitae
2678 1145 2907 1196 aeternae

494 1220 829 1279 haereditate
846 1219 1127 1295 promissa
1142 1238 1245 1295 per
1263 1215 1507 1294 justitias
1536 1214 1673 1273 fidei
1701 1215 2153 1292 imputationem,
2178 1224 2235 1275 et
2262 1216 2573 1294 gratiosam
2593 1217 2654 1274 in
2676 1217 2905 1276 Christo

495 1299 863 1376 adoptionem
889 1320 903 1357 ε
949 1299 1147 1357 Unum
1189 1297 1482 1373 objectum
1510 1314 1637 1353 esse
1668 1296 1993 1372 Christum;
2041 1295 2441 1355 Differentiam
2468 1303 2660 1356 autem
2689 1316 2814 1356 esse
2846 1297 2905 1354 in

494 1378 951 1439 accidentalibus
978 1377 1290 1450 nonnullis,
1321 1395 1451 1452 quae
1480 1374 1627 1433 nihil
1655 1373 1938 1452 derogant
1965 1376 2173 1435 unitati
2202 1376 2585 1436 substantiali.
2661 1376 2778 1437 Sed
2805 1377 2905 1455 qui

497 1458 679 1518 secuti
702 1477 831 1516 eum
856 1466 1006 1532 sunt,
1039 1457 1205 1514 aliter
1231 1456 1561 1532 loquuntur.
1626 1453 1990 1532 Apologistae
2013 1476 2062 1515 c.
2094 1456 2194 1514 vii.
2224 1466 2437 1517 vocant
2467 1459 2503 1490 ‘⁴
2531 1457 2906 1534 quaestionem

493 1540 567 1597 de
612 1537 726 1596 fide
765 1537 824 1594 in
866 1537 928 1596 J.
960 1537 1268 1611 Christum,
1311 1535 1409 1592 An
1438 1544 1494 1593 et
1523 1534 1812 1611 quomodo
1840 1554 1910 1593 ea
1937 1536 2045 1594 sub
2074 1536 2149 1594 V.
2181 1536 2248 1595 T.
2276 1537 2466 1596 locum
2495 1537 2778 1612 habuerit,
2823 1538 2907 1595 in·

493 1618 852 1693 concinnam,
883 1617 1214 1693 ambiguam
1243 1624 1301 1675 et
1329 1614 1607 1689 inutilem,
1640 1622 1698 1673 et
1726 1623 1945 1673 certum
1974 1635 2101 1675 esse
2129 1616 2321 1676 locum
2348 1616 2572 1676 nullum
2599 1637 2726 1677 esse
2754 1617 2908 1676 unde

494 1706 767 1777 appareat
796 1697 968 1756 fidem
996 1696 1164 1755 istam
1191 1696 1298 1754 sub
1328 1695 1403 1753 V.
1434 1694 1501 1752 T.
1531 1703 1876 1772 praeceptam
1905 1695 2100 1772 fuisse,
2120 1704 2220 1755 aut
2248 1696 2566 1775 viguisse.”
2651 1697 2909 1756 Tandem

494 1777 865 1840 revelationis
892 1776 1129 1836 modum
1167 1775 1549 1852 distinguunt,
1597 1774 1815 1833 clarum
1860 1777 1956 1834 vel
2001 1777 2327 1853 obscurum,
2358 1784 2418 1836 et
2444 1777 2605 1836 aiunt
2632 1777 2805 1837 fidem
2848 1778 2907 1835 in

493 1861 538 1920 ,J
542 1880 702 1919 esum
733 1858 1025 1918 Christum
1052 1877 1159 1916 nec
1188 1864 1401 1934 aperte,
1432 1875 1538 1913 nec
1567 1854 1801 1930 directe,
1834 1856 1940 1915 sed
1966 1865 2158 1915 tamen
2187 1856 2463 1916 indirecte
2492 1866 2552 1916 et
2580 1858 2821 1917 obscure
2850 1858 2910 1915 in

495 1940 699 1998 Veteri
727 1939 1097 1997 Testamento
1126 1935 1517 2013 praescriptam
1548 1934 1744 2009 fuisse,
1775 1955 1981 2013 nempe
2011 1937 2120 1995 sub
2148 1937 2262 1996 fide
2290 1936 2578 2014 generalis
2609 1937 2722 1996 Dei
2749 1937 2909 1997 favo·
2969 1940 2990 1956 ‘

495 2020 575 2078 ris
624 2028 682 2078 et
730 2018 931 2096 gratiae
977 2017 1449 2094 comprehensam
1494 2023 1553 2074 et
1596 2015 1936 2075 involutam.
2024 2017 2187 2075 Idem
2227 2017 2464 2077 tradunt
2512 2017 2583 2077 de
2628 2019 2910 2094 promisso

496 2100 633 2160 vitae
682 2108 927 2174 aeternae,
981 2117 1105 2174 cap.
1135 2117 1256 2173 xv„
1304 2096 1463 2174 quod
1510 2094 1811 2155 confirmat
1849 2097 2118 2173 Episcop.
2147 2097 2249 2156 lib.
2281 2098 2362 2156 iii.
2393 2117 2438 2155 s.
2471 2100 2508 2154 4
2540 2120 2556 2157 :
2616 2101 2652 2131 ‘⁶
2681 2098 2777 2155 Ex
2819 2098 2913 2156 his

495 2180 663 2238 facile
712 2179 988 2255 colligere
1035 2186 1140 2252 est,
1187 2177 1328 2255 quid
1375 2175 1743 2236 statuendum
1793 2176 1870 2235 sit
1914 2176 1986 2234 de
2031 2178 2351 2253 quaestione
2400 2177 2501 2236 illa
2530 2177 2764 2252 famosa,
2812 2177 2910 2235 An

495 2259 635 2319 vitae
666 2269 894 2319 aeternae
924 2258 1228 2335 promissio
1257 2258 1318 2315 in
1347 2257 1423 2315 V.
1455 2255 1670 2315 foedere
1711 2256 1902 2315 locum
1944 2256 2229 2333 habuerit,
2261 2258 2357 2316 vel
2386 2257 2579 2335 potius
2607 2258 2670 2316 in
2697 2257 2911 2317 foedere

494 2339 621 2417 ipso
651 2340 1065 2416 comprehensa
1108 2338 1296 2397 fuerit.
1386 2337 1449 2397 Si
1490 2336 1644 2395 enim
1674 2335 1952 2413 speciales
1993 2338 2406 2413 promissiones
2451 2338 2514 2395 in
2542 2337 2757 2397 foedere
2786 2338 2912 2415 ipso

494 2420 698 2478 Veteri
725 2422 1015 2495 expressae
1043 2416 1367 2491 videantur,
1419 2415 1717 2476 fatendum
1760 2424 1867 2498 est,
1919 2417 2139 2475 nullam
2183 2417 2320 2476 vitae
2366 2426 2594 2487 aeternae
2639 2419 2910 2478 disertam

494 2499 933 2577 promissionem
962 2498 1023 2555 in
1050 2497 1168 2554 illis
1195 2496 1465 2573 reperiri3
1518 2497 1566 2554 si
1616 2496 1746 2572 quis
1794 2504 1995 2556 contra
2023 2497 2252 2573 sentiat,
2284 2498 2412 2575 ejus
2439 2508 2529 2558 est
2555 2499 2748 2557 locum
2776 2498 2911 2557 dare

494 2580 596 2639 ubi
644 2580 747 2639 illa
792 2586 970 2651 extet,
1022 2575 1177 2653 quod
1222 2585 1362 2653 puto
1391 2575 1477 2634 illi
1514 2575 1871 2652 impossibile
1900 2596 2065 2655 esse;
2115 2577 2231 2638 Sed
2259 2597 2398 2637 vero
2427 2578 2479 2637 si
2505 2578 2915 2656 promissiones

494 2660 796 2735 generales
824 2658 1146 2730 videantur,
1178 2656 1474 2715 fatendum
1503 2676 1578 2713 ex
1597 2656 1781 2715 altera
1806 2666 1968 2733 parte
2011 2665 2099 2717 est
2122 2678 2220 2718 cas
2241 2659 2388 2717 tales
2410 2678 2554 2733 esse,
2579 2666 2644 2717 ut
2671 2659 2912 2736 promis-

495 2740 582 2797 sio
624 2739 762 2797 vitae
812 2746 1040 2795 aeternae
1083 2756 1197 2793 non
1242 2736 1480 2795 subesse
1508 2743 1734 2794 tantum
1762 2736 2046 2813 videatur,
2079 2737 2183 2798 sed
2210 2746 2269 2797 et
2299 2738 2410 2797 Dei
2438 2738 2759 2798 intentione
2786 2759 2913 2798 eam

495 2818 583 2878 eis
612 2817 901 2877 subfuisse
930 2815 1104 2875 etiam
1133 2815 1290 2873 credi
1318 2814 1583 2874 debeat.’'

760 2956 771 2969 ,
1101 2895 1211 2954 IV.
1252 2895 1643 2971 Anabaptz‘stoe
1682 2916 1800 2954 non
1841 2897 2008 2973 pauci
2040 2898 2286 2957 eundem
2315 2906 2508 2956 errant
2534 2917 2802 2973 errorem,
2849 2909 2916 2958 ut

523 2957 977 3016 Anabaptmtarum.
1018 2983 1244 3034 constat
1288 2996 1363 3034 ex
1415 2976 1598 3035 Collo.
1651 2976 1895 3035 Franco,
1927 2986 2034 3037 art.
2071 2980 2161 3053 15,
2200 2980 2290 3054 16,
2337 2978 2439 3037 ubi
2486 2997 2603 3037 non
2631 2978 2801 3037 aliter
2840 2978 2914 3037 de

496 3056 819 3117 Israelitico
847 3056 1060 3134 populo
1090 3056 1422 3133 loquuntur,
1444 3076 1617 3133 quam
1647 3056 1718 3116 de
1748 3056 1943 3133 aliquo
1971 3077 2275 3134 porcorum
2299 3079 2494 3136 grege,
2513 3067 2714 3136 utpote
2742 3079 2913 3135 quem

491 3147 784 3215 nugantur
811 3157 846 3195 a
877 3136 1127 3196 Domino
1168 3137 1229 3195 in
1270 3138 1379 3195 hac
1422 3145 1574 3196 terra
1602 3136 1930 3214 saginatum
1960 3138 2103 3196 citra
2132 3158 2292 3215 spem
2321 3139 2500 3197 ullam
2529 3138 2780 3198 coelestis
2809 3138 2912 3196 im-

492 3218 859 3279 mortalitatis
882 3241 896 3294 ;
948 3218 1101 3277 bona
1129 3226 1351 3277 tantum
1380 3218 1734 3296 temporalia,
1780 3226 1839 3275 et
1867 3218 2276 3294 promissiones
2304 3227 2562 3278 terrenas
2588 3219 2706 3278 illis
2747 3218 2912 3277 datas

490 3307 860 3436 {eplercntcsj
906 3298 1187 3436 qualeofuit
1215 3298 1387 3357 etiam
1423 3299 1648 3358 Serveti
1692 3298 1975 3375 impietas,
2013 3306 2213 3356 contra
2240 3318 2414 3376 quam
2445 3298 2627 3359 solide
2655 3299 2912 3376 disputat

603 3400 700 3453 v1.,
756 3400 792 3435 1.
823 3398 882 3436 ιι.
913 3397 963 3436 c.
1077 3423 1091 3436 .

552 3522 720 3567 Status
740 3520 903 3570 Quaes-

624 3580 788 3623 tionis.

496 961 956 1010 Remonstrantium.

1098 3456 1173 3514 V.
1220 3457 1315 3513 Ex
1364 3456 1575 3532 quibus
1619 3476 1736 3515 non
1784 3457 2027 3516 obscure
2078 3457 2274 3535 colligi
2322 3467 2515 3536 potest
2563 3458 2910 3533 Quaestionis

1022 3535 1238 3593 StatuS.
1324 3536 1454 3593 Non
1483 3536 1776 3611 quaeritur,
1826 3539 1878 3595 1.
1909 3537 2010 3594 An
2040 3537 2228 3597 foedus
2257 3539 2458 3616 gratiae
2486 3539 2711 3598 varium
2740 3539 2914 3597 fuerit

1016 3614 1208 3691 quoad
1225 3614 1619 3691 accidentalia,
1636 3625 1694 3675 et
1705 3616 1965 3675 diversos
1987 3616 2433 3695 dispensationis
2444 3628 2503 3678 et
2513 3618 2914 3696 patefactionis

492 3690 697 3750 modos
726 3699 785 3749 et
812 3691 1027 3767 gradus
1059 3716 1073 3752 :
1120 3694 1395 3753 Fatemur
1438 3694 1591 3752 enim
1621 3696 1729 3755 sub
1758 3697 1864 3755 hac
1894 3698 2060 3773 exio-u
2110 3699 2415 3776 multiplex
2443 3719 2570 3758 esse
2600 3699 2907 3759 discrimen

494 3772 645 3831 inter
686 3771 822 3830 Vet.
869 3780 928 3830 et
969 3773 1041 3831 N.
1074 3773 1250 3849 Test.,
1303 3793 1405 3832 seu
1452 3782 1708 3835 veterem
1757 3785 1816 3835 ct
1859 3798 2069 3836 novam
2113 3779 2508 3849 oeconomiam,
2554 3787 2619 3839 ut
2647 3799 2752 3838 suo
2780 3779 2908 3838 loco

493 3850 870 3929 probabitur:
939 3853 1071 3928 Sed,
1104 3853 1204 3911 An
1248 3853 1401 3912 idem
1444 3854 1618 3913 fuerit
1645 3857 1836 3932 quoad
1876 3859 2238 3918 &abscondam
2268 3868 2327 3918 et
2355 3868 2546 3935 partes
2574 3859 2911 3919 essentiales

491 3932 743 4008 foederis,
774 3932 854 3991 id.
884 3941 1007 3992 tum
1036 3933 1230 4011 quoad
1280 3934 1589 3994 foederatos
1618 3935 1792 4013 ip808,
1842 3946 1964 3997 tum
1993 3938 2187 4016 quoad
2214 3939 2542 4016 pactionem
2572 3939 2904 3998 foederalem

493 4021 694 4072 mutua
737 4014 985 4091 partium
1027 4014 1381 4091 obligatione
1411 4023 1772 4076 constantem
1794 4020 1823 4075 P
1905 4018 2004 4076 An
2061 4018 2212 4077 idem
2268 4019 2573 4096 utrobique
2617 4018 2908 4078 Mediator

493 4093 775 4169 Christus,
807 4094 1008 4154 eadem
1039 4096 1097 4153 in
1128 4095 1419 4155 Christum
1447 4095 1610 4171 fides,
1642 4096 1954 4155 eorundem
1983 4099 2392 4159 beneficiorum
2423 4099 2805 4177 spiritualium
2848 4107 2909 4157 et

491 4174 812 4233 coelestium
841 4176 1267 4252 promissiones»,
1299 4176 1501 4236 eadem
1529 4176 2014 4239 reconciliationis
2040 4187 2100 4238 et
2118 4179 2323 4238 salutis
2344 4179 2459 4254 via,
2491 4180 2750 4238 variante
2779 4187 2903 4238 tan·

492 4264 615 4391 §nn
658 4254 892 4392 fffideris
933 4256 1255 4316 oeconomia
1309 4267 1368 4317 et
1420 4255 1962 4317 administratione?
2044 4258 2213 4334 Quod
2263 4259 2605 4319 Adversarii
2646 4266 2901 4336 negant;

551 4353 617 4392 os
644 4354 679 4392 a
742 4355 1010 4396 rmamus.

571 4413 684 4472 VI.
729 4415 860 4474 Non
909 4417 1199 4492 quaeritur,
1249 4416 1349 4475 An
1396 4417 1598 4476 Patres
1628 4417 1704 4475 V.
1734 4418 1801 4476 T.
1833 4418 2043 4478 salvati
2091 4418 2224 4493 sint,
2275 4428 2335 4479 et
2364 4419 2464 4478 An
2505 4418 2622 4477 illis
2666 4417 2907 4477 remissa

490 4491 702 4552 fuerint
728 4504 964 4571 peccata
983 4500 1012 4554 ?
1053 4496 1154 4554 An
1183 4516 1342 4573 spem
1370 4497 1623 4574 aliquam
1653 4498 1787 4557 vitae
1819 4506 2046 4557 aetemae
2074 4499 2432 4559 habuerint?
2512 4500 2612 4557 An
2643 4498 2908 4557 Christus

488 4571 631 4646 ipsis
658 4574 966 4648 praedictus
989 4576 1160 4635 fuerit
1179 4580 1207 4635 ἶ)
1251 4576 1382 4635 IIoc
1410 4576 1562 4635 enim
1585 4597 1796 4654 negare
1827 4598 1941 4636 non
1971 4579 2255 4638 sustinent
2282 4579 2544 4656 plerique
2572 4599 2644 4637 ex
2677 4578 2907 4636 Adver-

490 4650 691 4711 sariis:
760 4653 891 4729 Sed,
942 4654 1040 4713 An
1090 4656 1163 4713 ad
1210 4655 1500 4716 Christum
1531 4657 1908 4735 respexerint,
1941 4668 1996 4718 ct
2026 4658 2085 4717 in
2115 4679 2214 4736 spc
2244 4659 2402 4720 illius
2431 4658 2660 4719 venturi
2691 4659 2907 4717 servati
