3221 5200
517 362 595 418 20
1425 370 1625 423 ‘Locus
1657 369 2014 410 annuemus.
2560 342 2811 428 [QUAEST.
2845 368 2934 407 ια.

602 517 754 576 VII.
793 515 1029 591 Quarto,
1061 511 1211 587 Quia
1239 511 1366 570 Lex
1392 530 1508 569 non
1550 517 1742 587 potest
1784 508 2039 588 suppleri
2064 509 2167 567 vel‘
2191 507 2419 585 corrigi,
2464 507 2605 585 quin
2633 508 2937 585 imperfec-

522 598 697 658 tionis
724 603 783 655 et
809 594 939 652 vitii
967 601 1257 670 arguatur,
1290 600 1462 668 atque
1491 591 1636 649 adeo
1664 590 1872 649 vitium
1913 591 2102 668 ipsum
2129 589 2191 647 in
2214 589 2405 647 Deum
2428 589 2605 666 Legis
2631 590 2942 648 authorem

520 677 873 751 refundatur,
904 673 1061 751 quod
1089 673 1185 731 vel
1212 671 1466 749 cogitare
1493 671 1750 748 impium.

606 756 787 815 VIII.
851 754 1082 829 Quint0,
1136 752 1286 826 Quia
1331 752 1642 827 Abnegatio
1689 751 1881 825 nostri,
1939 750 2266 808 Tolerantia
2316 749 2532 823 Crucis,
2583 757 2637 806 et
2681 749 2938 807 Imitatio

529 837 752 910 Chresti,
778 836 901 912 jam
929 841 1229 911 praeceptae
1255 831 1487 890 fuerunt
1516 830 1625 889 sub
1653 831 1789 889 Vet.
1819 831 1977 889 Test.
2061 829 2212 887 Nam
2239 828 2471 906 quando
2490 828 2766 906 jubemur
2798 828 2936 886 dili·

525 937 661 995 gere
693 916 881 973 Deum
912 933 1083 991 super
1110 912 1318 986 omnia,
1350 930 1539 968 nonne
1560 910 1835 988 jubemur
1862 929 1930 968 eo
1959 910 2085 985 ipso
2114 909 2401 985 abnegare
2429 928 2536 967 nos
2576 908 2734 985 ipsos
2761 928 2934 985 prop-

525 1006 615 1055 ter
644 996 849 1070 Deum,
882 1003 940 1052 et
969 1012 1196 1051 crucem
1224 992 1469 1050 tolerare
1486 991 1787 1067 patienter,
1812 989 2043 1066 quando
2065 989 2139 1047 ab
2167 1008 2235 1047 eo
2256 989 2425 1047 nobis
2452 989 2766 1065 imponitur
2783 991 2813 1046 Ρ
2856 989 2939 1046 Et

526 1096 703 1153 quum
735 1073 990 1132 Imitatio
1021 1073 1133 1130 Dei
1160 1071 1333 1130 toties
1360 1070 1765 1148 praescribitur,
1796 1089 1987 1127 nonne
2016 1088 2085 1127 eo
2112 1068 2240 1145 ipso
2281 1069 2525 1127 imitatio
2555 1068 2787 1143 Christi,
2831 1068 2938 1143 qui

526 1175 702 1215 verus
732 1155 910 1228 DeuS,
942 1152 1272 1230 praecipi-tur
1289 1154 1319 1209 Ρ
1360 1149 1533 1208 Adde
1576 1149 1734 1227 quod
1777 1149 2033 1208 Imitatie
2063 1148 2278 1207 Christi
2318 1168 2436 1207 non
2473 1146 2588 1205 al-ia
2627 1157 2716 1206 est
2757 1168 2936 1224 quam

525 1243 790 1313 respectu
818 1233 1099 1291 virtutum
1126 1229 1447 1305 moralium,
1478 1249 1722 1305 quarum
1749 1229 1953 1307 regula
1977 1248 2093 1286 non
2134 1228 2273 1286 alibi
2301 1228 2610 1305 quaerenda
2643 1238 2731 1286 est
2759 1248 2935 1304 quam

527 1315 589 1373 in
640 1316 816 1391 Lege.
903 1313 1036 1370 Hoc
1079 1311 1267 1388 ipsum
1294 1310 1473 1368 variis
1515 1309 1798 1386 exemplis
1844 1308 2076 1367 Veteris
2123 1308 2481 1367 Testamenti
2526 1307 2940 1367 confirmatur:

532 1394 737 1470 Quoad
763 1393 1198 1468 abnegationem,
1229 1390 1290 1447 in
1319 1389 1655 1447 Abrahamo
1683 1388 2043 1465 relinquente
2070 1388 2331 1464 patriam,
2363 1397 2422 1446 et
2448 1387 2780 1445 immolante
2823 1386 2936 1444 fili-

528 1495 646 1548 um,
680 1472 902 1531 Levitis
930 1471 1134 1529 fratres
1163 1489 1298 1528 suos
1327 1469 1699 1543 eaedentibuS,
1731 1468 1922 1526 Exod.
1952 1468 2160 1543 xxxii.,
2205 1468 2248 1526 J
2252 1467 2364 1527 obo
2395 1467 2773 1525 benedicente
2805 1466 2940 1525 Deo*

529 1553 592 1611 in
620 1553 899 1625 adversis,
931 1571 1054 1627 cap.
1084 1551 1145 1624 i.‚
1188 1550 1372 1625 Mose,
1406 1548 1667 1623 Daniele,
1699 1556 1758 1606 et
1800 1548 1971 1606 sociis
2013 1547 2141 1624 ejus
2170 1548 2499 1624 voluptates
2544 1566 2743 1605 omnes
2769 1545 2934 1604 fasti-

531 1632 840 1705 dientibus,
874 1631 1058 1688 Hebr.
1087 1629 1168 1688 xi.
1198 1632 1293 1704 25,
1325 1632 1421 1703 26,
1455 1628 1684 1686 Daniel.
1713 1627 1751 1685 i.
1783 1630 1838 1703 8,
1871 1634 1929 1686 et
1956 1647 2112 1703 seq.;
2160 1627 2363 1701 Quoad
2396 1627 2778 1686 Tolerantiam
2805 1647 2935 1684 cru-

532 1714 625 1788 cis,
648 1713 708 1769 in
730 1712 913 1785 Mose,
948 1710 1128 1768 Hebr.
1158 1709 1240 1766 xi.
1271 1711 1366 1783 25,
1389 1711 1483 1783 26,
1518 1707 1824 1784 Prophetis
1847 1706 1955 1765 sub
1985 1707 2247 1781 Achabo‚
2274 1711 2303 1764 1
2329 1707 2475 1784 Reg.
2500 1707 2685 1781 xviii„
2717 1706 2937 1764 Zacha-

531 1793 634 1867 ria,
666 1797 701 1849 2
728 1792 939 1850 Chron.
969 1789 1152 1863 xxiv.,
1189 1788 1372 1847 Sociis
1402 1784 1681 1862 DanieliS,
1714 1808 1763 1845 c.
1784 1787 1884 1862 iii„
1919 1786 2183 1845 Ecclesia
2209 1788 2252 1846 J
2256 1786 2466 1845 uda'ica
2495 1786 2603 1845 sub
2621 1785 2936 1862 Antiocho,

536 1872 633 1928 Ps.
662 1870 806 1928 xliv.
838 1879 896 1929 et
925 1869 1078 1927 Heb.
1108 1870 1219 1945 xi.;
1265 1867 1469 1942 Quoad
1495 1867 1872 1925 Imitationem
1898 1867 2122 1943 clareti,
2146 1867 2208 1923 in
2235 1865 2503 1926 fidelibus
2531 1866 2606 1924 ad
2642 1866 2942 1945 exemplar

535 1950 650 2009 Dei
677 1969 738 2009 se
767 1949 1257 2025 componentibus.

1141 2027 1267 2084 IX.
1322 2026 1506 2084 Aliud
1550 2034 1640 2086 est
1667 2028 1874 2101 Leqem
1900 2027 2083 2102 ipsam
2119 2026 2407 2102 corrigere
2423 2050 2442 2085 :
2505 2026 2689 2085 Aliud
2718 2029 2942 2100 falsam

1059 2106 1588 2183 interpretationem
1638 2105 1967 2165 Scribarum
2021 2114 2086 2165 et·
2125 2107 2546 2171 Pharisaeorum
2596 2106 2941 2164 convellere.

1058 2186 1242 2245 Aliud
1269 2206 1470 2244 novum
1489 2206 1709 2244 sensam
1725 2184 1935 2244 inferre
1954 2186 2102 2262 Legi
2117 2206 2288 2263 quem
2306 2206 2422 2244 non
2439 2186 2690 2244 habebat
2711 2207 2725 2244 τ
2758 2184 2944 2243 Aliud

535 2290 738 2328 novam
766 2269 940 2326 lucem
967 2274 1208 2342 tantum,
1241 2266 1566 2325 evolvendo
1594 2265 1657 2323 id
1684 2265 1843 2342 quod
1882 2266 1943 2323 in
1973 2265 2132 2342 Lege
2175 2266 2408 2342 latebat,
2441 2274 2499 2324 et
2526 2286 2560 2323 a
2590 2265 2945 2323 Ductoribus

535 2368 651 2407 non
701 2347 1120 2422 attendebatur,
1172 2354 1231 2405 et
1285 2347 1368 2405 sic
1416 2347 1753 2422 explicando
1800 2345 2092 2405 declarare
2140 2354 2198 2405 et
2241 2346 2542 2404 restituere
2584 2345 2942 2403 vindicanda

537 2428 800 2487 Christus
830 2428 1000 2485 Matt.
1030 2447 1088 2485 v,
1119 2425 1403 2504 posterius
1431 2426 1583 2502 fecit,
1615 2446 1732 2484 non
1759 2426 1937 2502 prius.
2022 2424 2170 2498 Quia
2190 2445 2306 2483 non
2334 2425 2457 2503 agit
2489 2444 2705 2483 novum
2736 2424 2950 2501 Legis-

534 2508 795 2582 latorem,
828 2506 930 2566 scd
958 2515 1184 2565 tantum
1214 2506 1592 2582 Interpretem
1634 2514 1692 2564 et
1720 2504 2030 2564 Vindicem
2063 2504 2241 2582 Legis
2281 2525 2384 2581 per
2412 2505 2639 2564 Mosem
2667 2504 2836 2580 datae,
2881 2512 2945 2563 et

537 2588 775 2666 opponit
802 2587 957 2645 dicta
985 2606 1105 2661 sua,
1136 2606 1255 2643 non
1298 2584 1468 2644 dictis
1496 2592 1597 2644 aut
1638 2584 1867 2663 scriptis
1910 2584 2112 2660 Mosis,
2144 2584 2246 2643 sed
2280 2584 2606 2645 Scribarum
2649 2591 2707 2643 et
2737 2583 2941 2642 Phari-

536 2687 801 2741 saeorum,
829 2675 1000 2742 prout
1029 2685 1091 2723 se
1120 2665 1220 2722 illa
1248 2663 1321 2722 ab
1344 2665 1597 2741 antiquis
1625 2665 1958 2723 doctoribus
1984 2666 2273 2743 accepisse
2295 2665 2613 2743 jactabant.
2686 2665 2855 2724 Patet
2886 2668 2942 2724 1.

535 2767 612 2805 ex
643 2746 856 2804 Christi
874 2745 1275 2820 propositione,
1307 2765 1364 2802 v.
1395 2747 1490 2819 20,
1522 2743 1624 2802 ubi
1649 2744 1906 2820 loquitur
1945 2744 2018 2803 de
2045 2744 2292 2805 Justitia
2321 2745 2759 2820 Pharisaeorum,
2783 2744 2947 2802 “nisi

536 2825 923 2885 abundaverit
942 2824 1174 2901 justitia
1199 2832 1393 2882 vestra
1419 2824 1726 2900 plusquam
1760 2824 2088 2883 Scribarum
2133 2834 2191 2883 et
2221 2825 2699 2883 Pharisaeomm.''
2783 2825 2952 2901 Ergo

537 2915 738 2964 contra
757 2905 1045 2981 justitiam
1076 2904 1487 2978 Pharisai'cam,
1519 2924 1636 2962 non
1665 2911 1864 2962 contra
1884 2903 2171 2979 justitiam
2202 2904 2360 2981 Lege
2390 2905 2575 2963 Mosis
2609 2904 2953 2982 imperatam

534 3005 706 3062 agere
735 2984 999 3044 intendit.
1043 2988 1099 3043 2.
1114 2984 1210 3042 Ex
1237 2986 1402 3042 modo
1431 2985 1708 3060 loquendi.
1752 2983 1883 3041 Non
1912 2984 2009 3060 ait,
2035 2985 2322 3061 Scriptum
2345 2985 2406 3042 in
2425 2984 2584 3061 Lege
2608 2984 2947 3058 Mosis,vel‚

538 3066 665 3123 Lei(
694 3073 794 3124 aut
823 3065 1022 3124 Moses
1050 3064 1201 3122 dixit
1227 3064 1412 3138 vobis,
1446 3063 1548 3122 sed
1589 3065 1840 3138 audistis,
1872 3084 1948 3121 ex
1981 3065 2198 3123 Scribis
2239 3064 2459 3122 scilicet
2486 3073 2587 3123 aut
2615 3064 2946 3138 Pharisaeis,

536 3147 744 3204 dictum
785 3166 899 3204 esse
939 3146 1200 3222 antiquis,
1231 3144 1327 3203 vel
1372 3146 1443 3202 ab
1470 3146 1732 3221 antiquis.
1816 3144 2014 3221 Atque
2057 3144 2140 3202 ita
2182 3144 2435 3203 ostendit
2477 3163 2540 3202 se
2579 3143 2948 3203 Traditiones

537 3234 764 3286 tantum
797 3226 1121 3300 Saniorum,
1143 3225 1354 3284 Matth.
1384 3245 1485 3283 xv.
1516 3230 1571 3296 2,
1599 3228 1655 3300 3,
1686 3244 1803 3282 non
1829 3244 1971 3283 vero
1997 3224 2181 3300 ipsam
2206 3223 2424 3300 Legem
2447 3224 2632 3282 Mosis
2659 3223 2940 3283 refellere.

541 3310 597 3366 3.
619 3307 714 3364 Ex
744 3310 1005 3382 exemplo
1026 3309 1204 3364 allato
1230 3326 1292 3363 v.
1309 3308 1405 3380 43,
1436 3305 1509 3363 de
1532 3304 1828 3381 diligendo
1850 3303 2131 3381 proxim0,
2158 3310 2215 3362 et
2232 3303 2366 3362 odio
2393 3302 2659 3362 habendo
2686 3303 2946 3379 inimico,

535 3386 694 3462 quod
721 3406 837 3443 non
864 3386 1086 3443 dictum
1114 3392 1201 3441 est
1230 3403 1265 3440 a
1284 3384 1469 3457 Mose,
1485 3384 1590 3458 qui
1614 3384 1789 3441 etiam
1816 3383 2162 3442 contrarium
2184 3383 2461 3461 praecipit,
2484 3383 2673 3442 Levit.
2695 3384 2820 3442 xix.
2849 3385 2943 3458 18,

538 3463 730 3522 Exod.
760 3463 928 3520 xxiii.
958 3466 1014 3534 4,
1036 3465 1090 3535 5,
1123 3470 1181 3519 et
1213 3460 1444 3520 Salomo
1472 3481 1548 3518 ex
1574 3462 1719 3536 ipsc,
1753 3462 1990 3521 Prover.
2018 3482 2162 3521 xxv.
2193 3467 2288 3536 21,
2320 3468 2416 3539 22,
2448 3463 2552 3522 sed
2579 3484 2614 3521 a
2642 3462 2954 3541 Magistris

538 3541 881 3601 Judaeorum
908 3550 968 3600 et
990 3540 1410 3598 Pharisaeorum
1438 3540 1772 3616 majoribus.
1815 3545 1872 3599 4.
1897 3541 1993 3598 Ex
2021 3544 2182 3601 rebus
2209 3544 2342 3619 ipsi-1
2369 3564 2404 3601 a
2426 3543 2655 3602 Christo
2675 3544 2773 3601 vel
2799 3563 2945 3621 prae-

540 3620 724 3697 ceptis
749 3621 848 3679 vel
887 3620 1101 3693 vetitis,
1149 3639 1278 3696 quae
1305 3619 1403 3677 vel
1431 3619 1704 3696 explicite
1732 3621 1828 3679 vel
1873 3620 2153 3699 implicite
2194 3623 2255 3680 in
2297 3623 2457 3700 Lege
2499 3623 2626 3700 ipsa
2665 3622 2949 3682 contineri

538 3708 742 3777 postea
767 3699 1135 3777 probabitur3
1167 3708 1226 3759 et
1254 3719 1328 3757 ex
1356 3699 1485 3758 aliis
1513 3719 1659 3779 quas
1687 3700 1896 3779 rejicit,
1907 3720 2036 3778 quae
2064 3702 2125 3760 in
2149 3703 2307 3780 Lege
2334 3722 2452 3764 non
2480 3702 2780 3778 habentur,
2805 3703 2953 3761 utin

539 3780 915 3858 sequentibus
940 3780 1181 3857 patebit.
2647 3823 2652 3826 ,

620 3860 706 3920 X.
738 3860 1267 3936 Quomodocunque
1295 3859 1476 3919 verba
1502 3859 1615 3919 ista
1644 3860 1780 3941 ἔρῥίδη
1807 3867 1906 3927 τοῖς
1934 3863 2177 3942 hexaem,
2208 3863 2306 3920 vel
2331 3863 2634 3937 subjectiva
2663 3869 2731 3921 ut
2755 3861 2952 3921 valeat

538 3940 693 4000 idem
722 3941 878 4017 quod
908 3945 1002 4000 ὑπὶ
1029 3943 1121 3998 τῦ,
1149 3941 1386 4020 ἀςχαίω,
1418 3941 1626 3999 dictum
1653 3952 1732 4000 est
1757 3944 1828 4000 ab
1856 3945 2116 4018 antiquis,
2137 3942 2293 4019 quod
2320 3943 2450 4002 vult
2469 3944 2627 4000 Besa
2654 3950 2868 4018 noster,
2892 3949 2953 4001 et

536 4030 671 4099 post
698 4040 830 4080 eum
847 4022 1123 4096 Piscator,
1144 4022 1241 4078 vel
1269 4021 1538 4095 objective,
1559 4021 1717 4097 quod
1744 4031 1876 4098 post
1894 4023 2103 4097 Syrum
2124 4020 2253 4080 aliis
2273 4022 2481 4100 placet,
2507 4030 2565 4080 et
2593 4021 2956 4080 commodius

538 4101 785 4175 videtur,
818 4109 884 4160 nt
912 4101 1113 4159 innuat
1139 4105 1260 4181 ηὶς
1284 4101 1395 4165 τοὺς
1422 4100 1681 4180 amalum,
1712 4102 1919 4160 dictum
1937 4110 2016 4159 est
2042 4104 2125 4159 ad
2146 4110 2369 4176 veteres,
2401 4121 2517 4159 non
2547 4102 2807 4178 sequitur
2838 4101 2954 4160 ista

537 4181 693 4241 dicta
733 4201 860 4240 esse
902 4200 937 4239 a
966 4181 1133 4239 Mose
1160 4180 1454 4239 veteribus
1483 4181 1766 4239 Israelitis
1808 4181 1896 4238 sui
1924 4181 2215 4258 temporis,
2247 4181 2384 4258 quia
2409 4201 2528 4239 vox
2568 4182 2679 4238 ista
2706 4181 2952 4258 promis-

538 4280 644 4318 cue
671 4260 916 4320 refertur
941 4260 1017 4319 ad
1043 4261 1290 4337 majores
1318 4260 1574 4336 quosvis,
1606 4268 1667 4318 et
1693 4280 1901 4320 sensus
1928 4261 2166 4318 Domini
2193 4281 2309 4318 non
2339 4260 2488 4320 alius
2509 4269 2614 4335 est,
2640 4281 2813 4337 quam
2834 4261 2879 4319 J
2881 4281 2947 4318 u-

539 4338 794 4398 daeorum
844 4340 1161 4417 Magistros
1211 4339 1387 4416 Legis
1433 4348 1794 4417 corruptores
1842 4341 2144 4417 praeceptis
2193 4361 2227 4398 a
2269 4360 2329 4399 se
2376 4340 2706 4418 depravatis
2745 4340 2952 4399 solitos

540 4417 718 4476 fuisse
744 4428 1060 4495 praetexere
1086 4419 1427 4499 prooemium
1456 4419 1615 4478 istud
1642 4419 1982 4496 speciosum,
2016 4421 2246 4478 Dictum
2273 4440 2387 4479 esee
2414 4421 2674 4497 antiquis,
2697 4420 2778 4479 id.
2799 4440 2950 4498 prae-

540 4505 708 4573 cepta
735 4518 769 4554 a
798 4518 859 4557 se
887 4500 1165 4558 inculcari
1193 4499 1362 4558 solita
1389 4517 1542 4555 nova
1570 4519 1687 4557 non
1714 4518 1858 4573 esse,
1890 4500 1994 4559 sed
2020 4507 2234 4576 vetera,
2266 4508 2325 4559 et
2350 4500 2674 4578 majoribus
2706 4500 2948 4559 Jndaeo·

541 4596 667 4635 rum
690 4577 813 4652 jam
842 4578 980 4636 olim
1008 4579 1239 4639 tradita.
1322 4577 1651 4638 Antithesis
1691 4599 1831 4656 ergo
1859 4600 1895 4638 a
1923 4579 2153 4639 Christo
2200 4579 2522 4640 instituitur
2546 4600 2663 4638 non
2692 4580 2845 4638 inter
2886 4599 2954 4640 se

543 4663 601 4719 et
630 4656 872 4731 Mosem,
904 4665 1003 4716 aut
1032 4658 1250 4737 Legem
1298 4658 1371 4719 ab
1401 4657 1527 4740 ipso
1566 4657 1860 4736 traditam,
1905 4659 2010 4720 sed
2041 4660 2370 4721 Scribarum
2416 4669 2474 4721 et
2525 4660 2953 4722 Pharisaeorum

606 2095 648 2141 1⁴·
649 2099 787 2143 ontes
810 2095 946 2140 Solu-

674 2155 879 2199 tionum.
