3221 5200
296 334 515 382 Quaes‘r.
549 317 637 397 x.]
1011 337 1088 374 nr.
1121 335 1378 374 ransom
1417 336 1486 375 m·
1518 335 1707 376 s‘rAru
1735 337 1988 378 cnms'rr.
2598 326 2713 384 295

291 477 506 535 cutoris
535 476 856 550 saevissimi,
899 477 1110 539 Christi
1152 476 1416 535 Natalem
1462 478 1763 554 supposuit
1792 479 1851 534 in
1889 478 2111 536 calculo
2154 498 2258 537 suo
2300 480 2525 556 privato
2554 481 2707 540 circa

292 563 552 632 tempora
571 557 614 616 J
617 558 890 615 ustiniani
913 557 1068 615 Ann.
1097 557 1263 614 Dom.
1289 559 1424 614 532.
1456 557 1626 630 Quod
1643 558 1942 616 inventum
1954 558 2166 617 Vener.
2191 561 2357 618 Beda
2376 560 2705 637 septingen-

292 636 498 693 tesimo
525 646 659 714 post
701 637 991 695 Christum
1030 656 1179 693 anno
1229 645 1460 695 secutus
1499 645 1604 710 est,
1647 637 1859 713 aliique
1903 657 2019 696 non
2066 639 2252 714 pauci,
2284 639 2385 697 sed
2414 640 2702 716 privatim.

294 714 416 772 Nec
445 715 598 773 enim
627 716 687 773 in
716 717 884 775 Actis
911 717 1047 775 ullis
1073 715 1322 792 publicis
1349 717 1445 774 vel
1475 715 1652 774 sacris
1694 717 1791 774 vel
1819 716 2089 776 civilibus
2119 718 2268 777 AEra
2297 718 2511 778 Christi
2539 721 2701 779 adhi-

290 793 414 852 beri
444 796 618 872 coepit
644 806 776 854 ante
806 796 996 854 Caroli
1026 797 1109 853 M.
1139 804 1396 872 tempora
1424 805 1555 871 post
1584 796 1648 854 C.
1680 797 1817 855 800.

374 874 494 934 111.
542 876 690 934 Utut
736 895 874 934 vero
923 876 1134 934 exinde
1179 875 1490 933 Christiani
1539 876 1900 934 consentiant
1947 874 2007 932 in
2052 876 2216 935 AErae
2245 897 2280 935 a
2308 876 2537 938 Christo
2563 887 2700 937 nato

292 950 479 1012 ductae
508 975 634 1029 usu,
666 955 780 1014 dici
809 965 1002 1015 tamen
1029 975 1145 1013 non
1173 963 1379 1031 potest,
1411 962 1690 1030 quantum
1718 955 1869 1014 inter
1913 975 1992 1030 se,
2025 963 2148 1015 tum
2179 957 2547 1035 Chronologi,
2578 967 2703 1017 tum

290 1032 574 1111 Theologi
602 1035 919 1094 dissideant
946 1036 1007 1092 in
1034 1034 1266 1111 figendo
1295 1042 1450 1092 certo
1485 1043 1542 1092 61
1589 1054 1728 1093 vero
1758 1034 1915 1094 illius
1950 1035 2113 1094 AErae
2140 1036 2437 1114 principiO,
2471 1039 2600 1096 aliis
2628 1040 2703 1095 ad

289 1111 458 1187 hunc,
492 1114 621 1171 aliis
649 1115 724 1173 ad
751 1115 928 1172 alium
957 1134 1169 1172 annum
1197 1114 1590 1172 referentibus,
1666 1115 1753 1171 De
1778 1134 1892 1190 quo
1921 1114 2134 1190 duplex
2154 1127 2420 1176 movetur
2439 1119 2700 1194 quaestio,

289 1211 419 1267 quae
461 1193 556 1251 hic
598 1193 866 1253 distincte
909 1193 1255 1253 excutienda
1295 1193 1437 1251 erit:
1484 1193 1679 1250 Prima
1719 1196 1812 1252 Dc
1837 1214 1969 1253 vero
2009 1195 2241 1254 termino
2267 1197 2424 1254 Anni
2454 1199 2659 1255 natalis
2678 1222 2701 1269 ,-

293 1272 561 1331 Secunda
585 1275 680 1332 Dc
707 1277 823 1348 ejus
843 1276 1038 1332 Mense
1066 1283 1120 1332 et
1138 1274 1268 1331 Die.
1373 1351 1386 1364 .

291 1390 776 1495 ὃθέἑθηὲξιιοηὲἒ
821 1351 1883 1509 Chiinioliglggaridimpnliilcamriecleiishgrlaeijn
1912 1362 2447 1510 gaessgsiigltgdlhldg
2498 1375 2702 1510 32¹3}th

347 1507 452 1550 tali.
821 1514 868 1571 si
892 1533 1008 1571 non
1030 1513 1198 1590 plane
1219 1510 1590 1588 impossibile,
1623 1532 1721 1570 eas
1749 1511 1899 1570 inter
1921 1533 1983 1571 se
2005 1514 2327 1590 conciliare,
2360 1515 2546 1574 obiter
2572 1527 2701 1574 tan-

289 1599 413 1648 tum
461 1592 776 1670 praecipuas
821 1603 1104 1651 notamus.
1187 1592 1458 1666 Scaliyer,
1515 1590 1805 1666 Calvisius,
1853 1593 2118 1650 Helvicus
2174 1593 2410 1651 Annum
2454 1595 2703 1654 natalem

292 1670 505 1730 Christi
548 1672 797 1732 referunt
837 1672 913 1731 ad
953 1691 1167 1730 annum
1207 1670 1409 1728 mundi
1463 1672 1640 1744 3947,
1708 1671 1938 1729 Periodi
1994 1673 2246 1731 Julianae
2288 1677 2464 1748 4711,
2526 1675 2704 1733 Urbis

292 1751 538 1810 conditae
569 1756 701 1826 750,
749 1752 1166 1810 Nabonassaris
1212 1754 1346 1824 745,
1394 1750 1651 1826 Augusti
1692 1771 1728 1807 a
1774 1751 1931 1809 coede
1975 1751 2122 1810 Julii
2171 1756 2267 1827 41,
2315 1753 2621 1811 Emendati
2670 1775 2706 1812 a

290 1830 334 1887 J
339 1831 456 1888 ulio
500 1832 823 1890 Calendarii
872 1837 968 1905 43,
1019 1830 1271 1889 Herodis
1319 1829 1484 1906 regni
1529 1832 1625 1902 33,
1678 1838 1737 1888 61
1784 1830 1920 1888 vitae
1970 1834 2065 1904 70,
2111 1832 2271 1890 Coss.
2318 1832 2385 1889 L.
2437 1832 2703 1890 Cornelio

293 1909 540 1969 Lentulo
569 1919 627 1970 et
670 1913 752 1970 M.
797 1912 1034 1970 Valerio
1064 1910 1398 1969 Messalin0.
1445 1910 1824 1986 Lamberqius
1853 1910 1911 1966 in
1940 1910 2106 1968 annis
2135 1911 2331 1986 Urbis,
2364 1920 2422 1970 et
2449 1912 2492 1971 J
2496 1912 2704 1971 ulianis

288 2008 358 2046 ac
387 1991 775 2049 Nabonassari
802 1991 1103 2065 consentit,
1136 1990 1237 2048 sed
1265 1989 1432 2048 annis
1473 1989 1675 2047 mundi
1703 2000 1819 2048 tres
1848 1990 2010 2047 addit
2038 1990 2333 2049 referendo
2375 1991 2450 2049 ad
2490 2011 2703 2049 annum

290 2071 468 2127 3950.
511 2073 775 2129 Petavius
802 2071 930 2129 vult
958 2090 1083 2128 esse
1127 2072 1303 2128 3979.
1348 2070 1617 2129 Salianus
1657 2068 1889 2145 longius
1931 2069 2118 2128 adhuc
2159 2090 2470 2130 excurrens
2499 2072 2574 2129 ad
2601 2092 2693 2130 an-

289 2168 429 2205 num
473 2150 673 2207 mundi
700 2154 857 2208 4052
889 2149 1167 2208 extendit.
1215 2150 1525 2207 Tor-niellus
1551 2169 1730 2207 unum
1760 2149 2061 2207 subtrahit.
2122 2151 2209 2208 Ne
2224 2151 2347 2226 jam
2377 2152 2521 2209 alios
2549 2172 2702 2208 com-

290 2247 670 2287 memoremus
714 2229 811 2306 qui
846 2231 978 2307 plus
1007 2229 1269 2286 minusve
1297 2228 1433 2286 hinc
1473 2227 1771 2303 recedunt,
1818 2229 1969 2287 AEra
2010 2229 2268 2306 vulgaris
2320 2230 2586 2308 Dionysii
2617 2252 2702 2289 re·

288 2307 454 2384 ponit
482 2308 634 2366 circa
660 2328 872 2366 annum
900 2308 1100 2366 mundi
1142 2309 1319 2366 3949.

293 2424 430 2527 Τὶἓὲ,
467 2430 775 2529 οἓ“““ἓ;.ἓξὲξ
816 2468 874 2526 10
893 2388 971 2526 ΥΟ·
1017 2387 2012 2526 Πὲοῗῗηὲῗέᾛῗῗὲᾞὲίἱῗᾱὲἓί
2017 2389 2485 2526 1ἓ,ξὲἓὲἓξὲξὲ
2516 2390 2701 2528 Τῗὲἱζ

432 2498 464 2526 n
2479 2513 2492 2526 ο
2655 2492 2665 2510 ⁸

348 2499 602 2645 {51³th
688 2557 771 2589 no·
810 2488 1080 2626 pugtariihs
1109 2547 1350 2607 multum
1380 2546 1565 2606 facere
1595 2547 1670 2606 ad
1698 2547 1831 2606 fidei
1861 2555 2070 2606 nostrae
2110 2547 2410 2625 ἀσφάλειαν,
2451 2556 2517 2608 111
2558 2550 2701 2609 scia·

405 2612 422 2645 t
449 2631 461 2644 ‘
811 2649 939 2688 mus
967 2628 1201 2706 praecise
1230 2648 1345 2705 quo
1373 2648 1525 2686 anno
1568 2636 1737 2686 natus
1779 2628 1853 2686 sit
1896 2628 2174 2705 Christus,
2205 2629 2376 2687 modo
2405 2638 2701 2689 teneamus

287 2704 347 2763 in
377 2707 502 2784 ejus
530 2708 890 2768 nativitatem
922 2729 1056 2768 vere
1098 2728 1434 2767 concurrere
1477 2710 1835 2767 characteres
1863 2710 2136 2785 temporis
2177 2730 2212 2767 a
2255 2710 2557 2786 Prophetis
2599 2730 2700 2767 no-

289 2787 413 2844 tati.
500 2789 702 2865 Itaque
721 2790 914 2847 missis
942 2789 1355 2867 quaestionibus
1384 2788 1561 2847 variis
1589 2788 2051 2862 intricatissimis,
2082 2809 2209 2865 quae
2236 2789 2333 2847 hic
2376 2799 2699 2855 moventur,

289 2866 497 2924 sufficit
539 2888 690 2926 nunc
728 2868 962 2944 quidem
1011 2868 1335 2940 observare,
1377 2868 1729 2926 tutissimum
1778 2886 1905 2925 esse
1940 2868 2301 2943 acquiescere
2346 2868 2407 2925 in
2452 2869 2523 2926 iis
2573 2891 2702 2946 quae

293 2944 588 3020 Scriptura
616 2948 722 3004 hac
752 2949 811 3003 in
840 2957 1000 3024 parte
1021 2948 1247 3005 tradere
1268 2946 1436 3004 nobis
1464 2947 1652 3004 voluit
1668 2946 1743 3003 ad
1765 2946 2212 3003 confirmandam
2234 2948 2405 3005 fidem
2428 2958 2702 3007 nostram.

291 3024 567 3099 Proponit
597 3045 733 3083 vero
761 3026 863 3083 illa
888 3026 1097 3082 natalis
1137 3025 1350 3082 Christi
1379 3025 1739 3082 characteres
1773 3044 2103 3082 communes
2132 3027 2339 3101 potius,
2372 3046 2541 3100 quam
2587 3028 2703 3084 sin·

289 3103 536 3179 gulares,
562 3104 659 3179 qui
685 3113 908 3180 tempus
947 3104 1179 3178 quidem
1208 3104 1531 3160 natalitium
1553 3102 1916 3177 aliquatenus
1939 3102 2428 3176 circumscribunt,
2462 3105 2701 3162 Annum

288 3202 427 3240 vero
470 3183 704 3258 praecise
746 3202 1029 3259 nusquam
1073 3181 1396 3257 designant.
1481 3180 1625 3237 Tres
1666 3200 1804 3237 vero
1846 3180 2207 3256 potissimum
2256 3189 2527 3239 notantur
2567 3184 2700 3240 cha-

289 3270 539 3320 racteres
587 3263 646 3318 in
697 3262 866 3320 Novo
917 3263 1302 3334 TestamentO,
1360 3279 1433 3317 ex
1485 3259 1697 3335 quibus
1744 3258 2026 3334 judicium
2072 3260 2196 3316 fieri
2244 3267 2433 3336 potest
2478 3260 2702 3319 Natalis

290 3342 520 3400 Christi.
606 3342 834 3399 Primus
863 3342 922 3398 in
950 3341 1229 3400 notatione
1257 3339 1445 3415 Requi
1461 3340 1713 3397 Herodis
1760 3339 1820 3395 in
1850 3339 2014 3414 cujus
2043 3339 2246 3396 diebus
2274 3348 2442 3397 natus
2472 3339 2697 3415 dicitur,

289 3423 498 3480 Matth.
530 3422 589 3481 ii.
624 3425 675 3495 1,
712 3422 906 3481 “Jesu
924 3431 1059 3478 nato
1090 3418 1429 3492 Betlehemi,
1452 3426 1703 3495 tempore
1730 3418 1983 3476 Herodis
2002 3418 2241 3494 Regis.'’
2304 3418 2603 3477 Secundus
2641 3421 2700 3477 in

288 3503 664 3578 dcsiynationc
704 3501 1087 3577 descriptionis
1115 3500 1291 3557 totius
1334 3498 1505 3572 orbiS,
1537 3498 1815 3557 institutae
1858 3518 1893 3555 a
1922 3498 2168 3575 Cyrenio
2211 3498 2393 3575 Syriae
2426 3500 2695 3573 Praeside,

287 3582 600 3658 imperante
646 3582 933 3659 Auguste,
981 3581 1122 3638 Luc.
1153 3580 1211 3637 ii.
1261 3584 1310 3654 1,
1344 3584 1399 3637 2.
1484 3579 1713 3637 Tertius
1739 3578 1802 3635 in
1836 3598 2105 3636 concursu
2133 3579 2275 3637 anni
2298 3579 2500 3638 decimi
2522 3582 2705 3656 quinti

292 3663 512 3736 Tiberii,
558 3672 612 3720 et
651 3663 913 3720 tricesimi
954 3661 1179 3732 Christe}
1226 3658 1457 3736 quando
1499 3659 1825 3735 baptizatus
1873 3667 1977 3734 est,
2012 3659 2153 3718 Luc.
2204 3659 2283 3717 iii.
2329 3662 2380 3733 1,
2413 3679 2542 3717 cum
2599 3664 2696 3720 23.

289 3741 551 3799 Christus
580 3741 789 3799 dicitur
816 3742 991 3799 fuisse
1018 3741 1078 3805 ὥς
1107 3742 1215 3798 ἔπη
1241 3739 1523 3820 verdum»,
1548 3748 1853 3815 postquam
1876 3739 2201 3815 baptizatus
2229 3747 2318 3796 est
2346 3758 2380 3796 a
2406 3739 2449 3798 J
2453 3740 2695 3814 ohanne,

287 3819 362 3877 ad
390 3840 561 3895 quem
589 3821 829 3878 verbum
859 3821 970 3879 Dei
999 3821 1207 3878 dicitur
1248 3820 1461 3879 factum
1503 3838 1654 3876 anno
1683 3818 1905 3875 decimo
1948 3820 2148 3893 quinto
2191 3818 2406 3876 Tiberii
2438 3818 2696 3877 Caesaris.

292 3899 409 3958 Sed
437 3918 635 3957 omnes
674 3899 772 3958 isti
800 3900 1156 3959 characteres
1198 3899 1496 3975 generales
1524 3906 1659 3956 sunt
1686 3905 1744 3955 et
1769 3897 2069 3970 indefiniti,
2101 3897 2201 3973 qui
2230 3896 2438 3954 docent
2464 3897 2697 3972 quidem

289 3978 580 4038 Christum
609 3986 807 4037 natum
835 3981 892 4036 in
920 3981 1108 4037 dicbus
1149 3980 1414 4051 Herodis,
1445 3985 1504 4036 et
1531 3986 1777 4052 tempore
1818 3976 2201 4050 dcsm‘ptionis
2231 3976 2441 4050 primae
2469 3974 2633 4033 factae
2664 3997 2699 4032 a

289 4059 553 4135 Cyreni0,
586 4058 689 4117 sed
730 4078 837 4117 1166
865 4058 1172 4134 designant
1213 4057 1448 4134 praecise
1494 4076 1704 4114 annum
1736 4055 1900 4130 regni
1932 4054 2200 4127 Herodis,
2245 4062 2345 4111 aut
2386 4053 2553 4111 istius
2595 4055 2693 4112 de·

288 4138 632 4215 scriptionis.
720 4138 852 4195 Duo
887 4147 1107 4196 tantum
1135 4137 1231 4195 hic
1259 4144 1415 4194 certa
1457 4144 1591 4194 sunt
1632 4142 1691 4193 et
1732 4133 2070 4191 indubitata.
2157 4132 2369 4205 PrimO,
2403 4132 2695 4191 Christum

286 4239 399 4276 non
430 4239 556 4277 6886
584 4229 800 4293 natum,
832 4238 937 4276 nec
967 4226 1098 4275 ante
1120 4217 1421 4293 imperium
1451 4214 1726 4297 Augusti,
1758 4223 1816 4270 61
1842 4231 2082 4287 regnum
2116 4211 2385 4285 HerodiS,
2417 4231 2523 4269 nec
2544 4221 2693 4288 post.

290 4298 571 4373 Secundo,
605 4299 868 4357 Natalem
899 4299 1024 4375 ejus
1050 4296 1302 4355 incidere
1330 4295 1389 4353 in
1419 4295 1622 4353 ultima
1650 4292 1903 4349 Herodis
1932 4301 2204 4368 tempora,
2230 4310 2358 4349 cum
2387 4300 2519 4367 post
2546 4311 2694 4349 mor-

284 4387 401 4434 tem
427 4378 677 4436 Herodis
701 4379 962 4438 Christus
983 4377 1167 4436 redux
1189 4396 1263 4435 ex
1295 4376 1547 4453 Egypto‚
1573 4382 1638 4430 ut
1658 4370 1851 4429 παιδίου
1872 4371 2059 4428 adhuc
2088 4371 2458 4444 describatur,
2481 4371 2693 4432 Matth.

285 4456 344 4513 ii.
376 4461 470 4527 20,
503 4458 578 4515 id.
611 4458 668 4516 in
697 4469 893 4518 tenera
914 4467 1099 4517 aetate.
1187 4454 1412 4513 Deinde
1445 4451 1696 4510 Herodis
1738 4459 1980 4509 mortem
2022 4450 2214 4508 statim
2244 4450 2505 4508 subnecti
2535 4452 2695 4510 velut

280 4537 518 4598 ,θεήλατον
547 4548 675 4612 post
703 4538 940 4597 insidias
970 4538 1197 4596 Christo
1228 4542 1491 4608 structas,
1522 4542 1580 4590 et
1618 4531 2075 4589 crudelissimum
2105 4529 2524 4588 infanticidium
2555 4531 2691 4590 Bet-

283 4616 494 4673 lehemi
523 4618 853 4676 exercitum.
