3221 5200
304 380 504 429 Quaesr
547 358 662 439 111.]
1228 376 1306 415 ns·
1350 375 1895 416 sANc‘rchrxoxs.
2597 358 2707 413 621

307 531 576 598 praestare
627 519 723 576 vel
768 515 1031 574 omittere
1078 515 1250 574 liceat
1294 536 1396 594 pro
1445 516 1726 575 arbitratu
1773 524 1987 574 nostro,
2077 513 2343 572 Secunda
2370 533 2582 584 eorum,
2614 514 2714 589 qui

309 609 615 677 peccantes
639 598 697 654 in
720 615 963 654 excessu
981 594 1281 669 affirmant,
1307 605 1366 655 et
1386 604 1595 672 urgent
1618 596 2016 654 necessitatem
2035 593 2225 651 meriti
2254 603 2311 651 et
2340 593 2709 667 causalitatis,

310 681 511 757 quales
541 679 677 736 olim
707 685 869 734 erant
898 673 1176 732 Pharisai
1194 684 1251 733 et
1280 676 1802 750 Pseudo-Apostoli,
1827 674 1926 750 qui
1949 693 2120 750 opera
2142 671 2217 729 ad
2236 673 2711 746 justificationem

308 758 632 817 necessaria
660 774 785 814 esse
816 753 1273 828 contendebant;
1305 775 1450 830 quos
1478 755 1652 812 hodie
1682 762 1998 830 sequuntur
2027 753 2307 829 Pontificii
2330 760 2388 809 et
2406 753 2710 811 Sociniani.

305 839 502 896 Tertia
529 856 742 908 eorum,
775 833 874 909 qui
902 833 1153 890 medium
1183 833 1334 891 inter
1359 833 1475 891 duo
1505 834 1616 891 ista
1644 842 1902 891 extrema
1930 840 2206 906 tenente3‚
2239 851 2344 888 nec
2374 831 2712 907 simpliciter

303 926 536 994 negant,
568 936 673 974 nec
704 912 1038 988 simpliciter
1058 920 1358 987 asserunt3
1408 911 1523 969 Sed
1551 913 1804 989 aliquam
1833 912 2230 971 necessitatem
2277 929 2472 968 eorum
2502 930 2711 984 agnos-

304 1007 442 1055 cunt
470 1005 669 1055 contra
699 992 1043 1064 Libertinos,
1077 991 1179 1048 sed
1208 991 1606 1049 necessitatem
1636 991 1825 1049 meriti
1855 1001 2052 1050 contra
2085 989 2416 1049 Pontificios
2445 999 2710 1048 constan-

306 1085 393 1135 ter
420 1077 705 1151 rejiciunt.
791 1071 932 1144 Quae
962 1070 1247 1128 sententia
1274 1079 1361 1128 est
1392 1070 1877 1128 Orthodoxorum.

906 1149 1026 1206 ΙΙΙ.
1076 1149 1243 1206 Unde
1271 1158 1445 1225 patet,
1480 1149 1609 1207 Non
1639 1149 1818 1225 quaeri
1862 1150 1957 1207 hic
2009 1151 2096 1207 De
2144 1149 2483 1207 Necessitate
2509 1148 2709 1224 meriti,

362 1221 749 1324 Statuizsonauaes·
802 1228 1164 1300 causalitatis,
1197 1236 1255 1285 et
1283 1229 1615 1299 efficientiae:
1656 1229 1753 1284 An
1782 1228 1935 1285 bona
1962 1246 2137 1304 opera
2166 1229 2409 1287 dicenda
2457 1228 2571 1286 sint
2614 1247 2712 1286 ne-

634 1312 644 1323 ‘
808 1307 1056 1365 cessaria
1084 1307 1159 1364 ad
1188 1308 1429 1365 salutem
1452 1307 1807 1364 efficiendam
1838 1309 1933 1365 vel
1975 1308 2382 1383 acquirendam
2427 1307 2497 1365 de
2534 1307 2714 1379 jure?

306 1385 437 1441 Hoc
466 1385 615 1442 enim
653 1386 728 1444 ad
757 1387 930 1444 aliam
958 1387 1405 1444 controversiam
1435 1387 1700 1463 pertinet,
1733 1385 1803 1444 de
1826 1406 1941 1464 qua
1969 1386 2134 1444 infra.
2204 1388 2320 1445 Sed
2342 1388 2430 1445 De
2450 1387 2708 1445 Necessi-

303 1473 416 1522 tate
438 1465 619 1538 medii,
644 1468 975 1540 proesentiae,
1001 1475 1060 1525 et
1086 1467 1443 1524 connexionis
1472 1486 1573 1524 seu
1595 1467 1809 1524 ordinis
1830 1489 1850 1522 .·
1909 1466 2008 1523 An
2035 1466 2398 1542 requirantur
2438 1476 2711 1543 tanquam

305 1543 558 1601 medium
587 1553 645 1603 et
667 1546 762 1603 via
790 1546 865 1604 ad
895 1546 1137 1605 salutem
1167 1545 1570 1622 possidendam
1589 1549 1618 1603 P
1661 1545 1830 1620 Quod
1859 1547 2182 1605 statuimus.

386 1624 494 1680 IV.
544 1624 706 1682 Licet
734 1646 872 1684 vero
903 1625 1227 1702 Propositio
1259 1626 1328 1683 de
1359 1625 1700 1683 necessitate
1730 1626 2008 1683 bonorum
2061 1625 2309 1700 Operum
2340 1624 2414 1681 ad
2444 1624 2704 1699 salutem,

301 1722 429 1777 quae
460 1704 739 1777 superiori
770 1705 962 1763 seculo
992 1725 1026 1762 a
1057 1705 1376 1763 Pontificiis
1406 1705 1513 1762 sub
1557 1705 1746 1778 specie
1798 1703 2216 1761 conciliationis
2243 1704 2302 1758 in
2333 1702 2578 1760 formula
2609 1704 2706 1760 In-

301 1780 638 1838 terimistica
666 1783 1098 1856 obtrudebatur,
1132 1783 1235 1840 sed
1263 1784 1451 1858 reipsa
1476 1791 1544 1841 ut
1592 1783 1805 1839 sensim
1835 1783 2054 1857 puritas
2099 1780 2376 1839 doctrinae
2401 1781 2472 1838 de
2494 1781 2707 1856 justifi-

301 1858 526 1916 catione
556 1870 1028 1936 corrumperetur,
1060 1863 1273 1936 rejecta
1300 1861 1470 1918 fuerit
1518 1880 1552 1916 a
1601 1860 1777 1917 variis
1826 1860 2140 1938 Theologis
2192 1859 2552 1932 Lutheranis,
2584 1867 2708 1916 tan-

300 1957 472 2014 quam
504 1937 692 1996 minus
722 1938 1023 1996 commoda
1051 1949 1108 1996 et
1136 1939 1471 2015 periculosa.
1506 1939 1622 1996 imo
1651 1947 1708 1996 et
1736 1958 1771 1995 a
1798 1939 2142 2014 quibusdam
2172 1959 2246 1996 ex
2288 1938 2547 2012 Nostris;
2596 1939 2708 1997 Pu-

298 2026 489 2075 tamus
518 2026 709 2075 tamen
738 2037 868 2075 cum
898 2018 1025 2074 aliis
1054 2037 1221 2093 posse
1252 2018 1374 2075 sine
1418 2017 1674 2094 periculo
1718 2018 1967 2093 retineri,
2020 2019 2067 2075 si
2097 2019 2204 2076 rite
2233 2018 2569 2095 explicetur,
2594 2017 2709 2075 imo

299 2105 357 2154 et
386 2095 700 2172 urgendam
731 2116 856 2154 esse
887 2116 1188 2153 censemus
1218 2105 1417 2154 contra
1456 2097 1870 2173 Epicureorum
1907 2097 2215 2171 licentiam,
2246 2104 2312 2153 ut
2360 2097 2494 2154 lieet
2539 2116 2712 2171 opera

299 2176 444 2232 nihil
474 2175 729 2233 conferre
760 2175 1025 2233 dicantur
1051 2175 1126 2233 ad
1154 2175 1397 2234 salutem
1427 2175 1852 2252 acquirendam,
1883 2177 2207 2234 neccssaria
2234 2185 2424 2234 tamen
2456 2183 2712 2234 statuan-

299 2264 394 2313 tur
422 2255 496 2312 ad
524 2273 648 2311 eam
679 2255 1066 2327 obtinendam,
1098 2264 1165 2312 ut
1204 2255 1333 2312 ’sine
1379 2255 1495 2312 illis
1523 2274 1692 2312 nemo
1742 2255 1952 2313 salvari
1991 2265 2180 2331 queat,
2215 2254 2303 2313 Ut
2331 2255 2412 2312 ita
2439 2255 2714 2313 liberetur

301 2333 533 2409 Religio
555 2342 750 2392 nostra
771 2354 806 2391 a
834 2334 1136 2391 calumniis
1165 2333 1562 2409 putidissimis,
1584 2333 1796 2409 quibus
1823 2334 2181 2412 iniquissime
2210 2335 2424 2410 passim
2453 2334 2708 2410 proscin-

299 2412 455 2471 ditur
482 2432 518 2470 a
547 2413 882 2487 Pontificiis,
913 2413 1079 2489 quasi
1108 2413 1183 2471 sit
1211 2413 1487 2489 magistra
1535 2413 1862 2489 impietatis,
1914 2423 1973 2472 et
2019 2414 2265 2471 licentiae
2295 2434 2361 2472 ac
2391 2412 2714 2472 securitatis

298 2493 545 2550 carnalis
573 2493 856 2568 pulvinar.

301 2611 581 2656 Necessitas
636 2613 781 2656 bono·
886 2571 961 2629 V.
995 2571 1158 2631 Licet
1180 2580 1370 2631 autem
1390 2571 1704 2631 necessitas
1723 2572 1833 2630 ista
1842 2573 1964 2648 jam
1978 2591 2052 2630 ex
2070 2580 2231 2649 parte
2254 2580 2472 2631 asserta
2491 2570 2581 2645 sit,
2598 2571 2706 2645 Qu.

359 2684 469 2714 rum
565 2670 782 2727 Operum
824 2653 880 2725 i.,
901 2652 1001 2709 ubi
1019 2652 1091 2711 de
1115 2653 1473 2711 connexione
1496 2652 1978 2710 Sanctificationis
2001 2672 2128 2710 eum
2159 2653 2585 2712 Justifieatione
2615 2672 2707 2710 ac-

302 2786 327 2829 1
360 2731 624 2832 pxrqpattur:
653 2788 683 2830 d
716 2792 768 2831 to
822 2740 945 2791 tum
970 2740 1075 2806 est,
1088 2732 1329 2791 ulterius
1347 2732 1536 2791 adhue
1548 2731 1856 2807 colligitur,
1871 2732 2019 2789 Tum
2038 2752 2111 2790 ex
2125 2734 2244 2791 Dei
2261 2735 2544 2807 mandate,
2560 2731 2709 2790 Tum

333 2819 344 2830 ‘
478 2801 649 2831 mmm
686 2801 714 2830 ⁸
771 2819 781 2829 '
825 2832 899 2870 ex
927 2812 1042 2869 Rei
1079 2813 1251 2888 ipsius
1298 2821 1526 2885 natura,
1558 2819 1618 2869 et
1645 2812 1906 2869 Hominis
1920 2811 2122 2889 fidelis
2151 2813 2475 2871 conditione.
2563 2812 2707 2869 Cum

299 2892 451 2949 enim
484 2892 595 2949 Dei
624 2892 892 2949 voluntas
922 2891 999 2949 sit
1026 2912 1291 2968 suprema
1318 2900 1378 2950 et
1406 2891 1873 2968 indispensabilis
1895 2891 2065 2949 officii
2084 2893 2266 2951 nostri
2295 2892 2495 2968 regula
2518 2912 2531 2964 ;
2579 2891 2709 2947 Non

300 2978 489 3045 potest
517 2989 633 3026 non
662 2968 883 3027 censeri
912 2990 1130 3027 summe
1160 2971 1484 3028 neccssaria
1509 2971 1790 3028 bonorum
1822 2990 2056 3046 operum
2087 2971 2299 3046 praxis,
2337 2989 2510 3045 quam
2540 2969 2711 3026 toties

299 3058 359 3106 et
386 3057 503 3105 tam
531 3066 803 3123 expresse
833 3047 1197 3105 commendat
1225 3057 1283 3105 et
1310 3049 1569 3124 praecipit
1598 3050 1658 3105 in
1688 3049 1884 3106 Verbo
1913 3067 2016 3105 suo
2049 3050 2349 3105 Dominus.
2437 3048 2594 3104 Loca
2621 3065 2706 3104 re·

298 3127 443 3185 ferre
462 3126 607 3183 nihil
628 3126 848 3198 attinet,
874 3125 1011 3201 quia
1036 3126 1251 3201 passim
1281 3126 1454 3183 obvia
1483 3136 1618 3184 sunt
1641 3149 1654 3198 3
1700 3126 2072 3184 consulantur
2098 3126 2400 3203 praecipue,
2437 3129 2464 3181 1
2500 3126 2703 3183 Thess.

299 3206 377 3263 iv.
410 3209 463 3279 3,
490 3208 565 3280 43
616 3204 811 3263 11J0h.
834 3204 914 3261 iv,
946 3207 1017 3260 21
1048 3225 1062 3276 ;
1124 3204 1264 3262 Joh.
1296 3204 1417 3260 xiii.
1451 3206 1563 3277 343
1612 3204 1822 3262 Matth.
1853 3224 1909 3261 v.
1945 3207 2054 3278 163
2104 3208 2132 3262 1
2169 3206 2294 3262 Pet.
2318 3205 2355 3262 i.
2390 3208 2481 3277 15,
2519 3206 2609 3276 16,
2651 3211 2710 3261 et

301 3291 338 3343 2
371 3285 495 3343 Pet.
526 3285 561 3340 i.
596 3286 650 3357 5,
683 3286 737 3356 6,
763 3285 817 3357 7,
854 3284 962 3356 10;
1011 3283 1178 3340 Rom.
1221 3282 1300 3340 vi.
1346 3283 1432 3357 ΙΙ,
1468 3284 1559 3355 12,
1592 3291 1650 3340 et
1678 3282 1778 3339 xii.
1815 3286 1865 3355 l,
1898 3286 1951 3356 2,
1985 3281 2091 3340 See.
2178 3284 2254 3342 Et
2282 3292 2503 3341 tantum
2548 3283 2712 3341 abest

298 3374 363 3423 ut
390 3363 681 3422 licentiam
710 3381 812 3440 pro
841 3361 1118 3420 arbitratu
1148 3360 1384 3419 vivendi
1413 3361 1621 3437 cuique
1651 3362 1952 3436 relinquat,
1997 3370 2063 3420 ut
2099 3371 2292 3439 aperte
2323 3381 2448 3420 eam
2478 3362 2710 3419 damnet

297 3451 357 3502 et
385 3444 716 3515 detestetur,
751 3441 918 3499 Rom.
949 3442 1027 3498 vi.
1056 3445 1106 3516 l,
1139 3444 1194 3515 2,
1231 3442 1336 3515 15;
1371 3440 1503 3499 Gal.
1535 3460 1590 3498 v,
1627 3444 1734 3514 13;
1785 3443 1812 3495 1
1848 3441 2049 3499 Thess,
2081 3442 2158 3499 iv.
2192 3448 2223 3499 7
2251 3464 2265 3517 ς
2303 3446 2328 3498 1
2368 3442 2490 3499 Pet.
2521 3441 2581 3498 ii.
2616 3442 2708 3515 16,

299 3532 357 3581 et
376 3522 579 3580 fideles
607 3522 876 3579 debitores
904 3540 1030 3579 esse
1060 3528 1290 3593 statuat,
1336 3520 1436 3597 qui
1465 3520 1540 3578 ad
1566 3540 1778 3578 novam
1808 3520 2190 3579 obedientiam
2220 3542 2374 3580 nexu
2405 3520 2711 3579 indissolu-

299 3602 420 3677 bili,
452 3611 511 3660 et
552 3600 989 3677 indispensabili
1037 3600 1297 3659 obstricti
1347 3608 1498 3673 sunt,
1545 3602 1713 3658 Rom.
1744 3600 1866 3659 viii.
1903 3605 1993 3675 12,
2026 3610 2083 3661 et
2112 3602 2234 3658 xiii.
2268 3606 2300 3658 7
2329 3624 2343 3678 ;
2392 3604 2420 3658 1
2455 3601 2595 3659 Joh.
2626 3600 2705 3658 iv.

303 3685 394 3753 11,
427 3702 540 3739 non
569 3682 741 3740 modo
769 3680 1111 3738 necessitate
1130 3680 1421 3755 praecepti,
1448 3680 1549 3738 sed
1578 3681 1751 3739 etiam
1781 3681 1964 3739 medii.

380 3760 491 3818 VI.
538 3760 707 3834 Quod
734 3781 809 3818 ex
842 3760 950 3817 Rei
978 3768 1198 3834 natura,
1231 3768 1289 3817 et
1320 3760 1590 3819 Hominis
1634 3768 1787 3818 statu
1815 3781 1881 3817 ac
1911 3759 2237 3818 conditione
2268 3759 2478 3816 clarius
2520 3764 2710 3832 potest

297 3838 694 3912 demonstrari,
727 3839 851 3895 sive
880 3839 954 3896 ad
976 3842 1184 3896 Foedus
1218 3839 1443 3897 Gratiae
1472 3859 1600 3897 cum
1630 3839 1757 3914 ipso
1786 3839 1992 3897 initum
2034 3839 2422 3913 respiciamus,
2469 3836 2591 3893 sive
2620 3843 2706 3892 at·

298 3916 601 3975 tendamus
631 3916 1046 3975 ad-doctrinam
1077 3918 1394 3990 Evanyelii,
1427 3937 1599 3992 quam
1629 3917 1944 3993 profitetur,
1979 3917 2102 3973 sive
2124 3915 2200 3973 ad
2227 3925 2432 3972 statum
2466 3915 2705 3987 Gratioe,

298 3996 356 4053 in
379 4013 494 4072 quo
523 3995 852 4067 collocatur,
886 3995 1009 4052 sive
1032 3995 1106 4052 ad
1128 3996 1411 4072 Beneficia
1440 4016 1567 4071 quae
1598 3995 1731 4052 inde
1760 3995 2027 4070 pendent,
2051 4003 2170 4052 tam
2201 3995 2503 4071 praeterita,
2535 4013 2709 4069 quam

295 4074 617 4152 praesentia,
650 4081 708 4133 et
736 4073 961 4147 sutura3
1009 4093 1137 4149 quae
1168 4074 1360 4130 omnia
1380 4074 1662 4132 bonorum
1691 4094 1924 4150 operum
1956 4074 2355 4132 necessitatem
2384 4072 2707 4131 absolutam

296 4162 427 4232 post
455 4174 516 4212 se
546 4154 796 4212 trahunt.

902 4230 1047 4289 VII.
1094 4233 1173 4289 Et
1213 4231 1287 4289 ad
1317 4234 1523 4289 Faedus
1578 4232 1808 4307 quidem
1853 4232 2008 4308 quod
2050 4232 2271 4306 attinet,
2316 4250 2483 4289 nemo
2526 4230 2711 4289 nescit

824 4310 1049 4369 duabus
1078 4311 1336 4388 partibus
1365 4317 1647 4384 constare,
1682 4312 1838 4370 Hinc
1870 4312 2243 4387 promissione
2277 4331 2312 4368 a
2347 4318 2508 4387 parte
2557 4310 2706 4384 Dei3

823 4390 968 4448 Inde
997 4410 1135 4448 vero
1179 4390 1494 4448 obedientias
1534 4392 1889 4466 stipulatione
1930 4411 1964 4448 a
2004 4401 2165 4467 parte
2207 4391 2473 4449 hominis.
2560 4389 2708 4446 Nam

297 4475 362 4525 ut
394 4467 553 4526 Deus
582 4469 642 4526 in
671 4489 739 4529 eo
769 4470 1073 4546 pollicetur
1091 4490 1151 4528 se
1170 4471 1290 4528 fore
1314 4473 1501 4528 Deum
1529 4480 1794 4547 nostrum,
1815 4471 1944 4530 vult
1961 4471 2131 4529 etiam
2157 4471 2410 4529 vicissim
2440 4477 2504 4527 ut
2532 4468 2711 4526 simus

296 4546 348 4619 ej
359 4567 425 4603 us
454 4548 720 4623 populuS,
753 4551 833 4607 Et
859 4557 926 4609 ut
952 4550 1255 4627 promissio
1285 4550 1386 4607 illa
1413 4550 1778 4627 omnigenam
1811 4551 1921 4609 Dei
1950 4550 2406 4609 benedictionem
2450 4548 2707 4622 includit,

299 4626 390 4684 Ita
419 4626 702 4702 obligatio
734 4630 862 4702 ista,
897 4630 1082 4689 omnis
1112 4630 1340 4707 generis
1369 4628 1554 4688 officia
1582 4631 1656 4688 ab
1685 4630 1914 4689 homine
1946 4632 2071 4689 Deo
2100 4631 2294 4689 debita
2332 4630 2618 4706 importat,
2649 4637 2715 4686 ut

296 4292 340 4339 2.
370 4294 417 4338 A
439 4292 639 4396 F‘ZQOE
658 4293 780 4338 Gra·

534 4364 589 4396 ω.
