3221 5200
476 317 592 376 560
1227 327 1416 366 Locus
1445 325 1711 365 uncinus
1742 326 1983 366 SEXTUS.
2532 309 2786 390 [Q'UAEST.
2821 333 2884 374 Π.

471 474 631 532 tibus
658 489 696 528 a
721 468 894 526 nobis
925 465 1408 541 apprehenditur,
1438 465 1584 521 dum
1612 483 1720 538 per
1744 483 1934 523 novos
1960 466 2098 522 fidei
2142 474 2308 524 actus
2339 464 2559 524 Christi
2605 470 2882 528 meritum

472 551 644 609 nobis
692 548 943 605 subinde
992 545 1357 620 applicamus
1403 543 1464 599 in
1494 542 1824 599 remedium
1867 544 2356 617 quotidianorum
2398 553 2772 619 peccatorum
2820 551 2882 605 in

472 648 606 703 quae
648 625 1022 683 incurrimus,
1124 623 1258 679 Imo
1295 621 1433 677 licet
1478 622 1900 677 concederetur
1940 622 2036 679 hic
2075 622 2333 696 intelligi
2368 623 2621 696 justitiae
2664 629 2882 685 exerci-

470 708 643 779 tium,
673 704 825 761 utin
855 702 1007 759 M.S.
1031 702 1288 759 habetur
1315 705 1582 756 tincturam
1607 708 1862 770 ποιησάτω,
1881 706 1951 756 ut
1969 709 2306 775 opponatur
2334 701 2526 758 verbis
2549 706 2883 776 praeceden-

464 785 644 853 tibus,
676 785 776 858 qai
819 783 1065 856 injustus
1106 789 1204 850 est,
1234 778 1476 854 injustus
1521 777 1595 835 sit
1634 778 1817 853 mayis
1842 799 1866 842 ,·
1907 777 2051 835 Non
2101 778 2235 835 ideo
2265 779 2556 837 obtinebit
2590 784 2882 841 sententia

472 862 939 920 Pontificiorum.

550 940 746 998 XIII.
791 935 1140 1012 Justzficatio
1189 935 1366 1010 impii,
1411 934 1486 991 de
1534 953 1659 1008 qua
1706 935 1935 992 Paulus
1982 934 2269 1009 loquitur,
2318 934 2491 991 Rom.
2536 936 2613 992 iv.
2660 938 2714 1008 5,
2758 957 2878 997 non

468 1021 643 1076 debet
690 1015 894 1074 referri
937 1015 1012 1071 ad
1054 1014 1304 1087 justitiae
1352 1013 1678 1070 habitualis
1720 1012 2079 1070 infusionem
2128 1021 2235 1069 aut
2278 1011 2727 1086 incrementum,
2777 1020 2879 1074 sed

465 1097 724 1172 pertinet
752 1095 827 1150 ad
858 1091 1262 1148 remissionem
1292 1098 1687 1165 peccatorum,
1718 1098 1786 1147 ut
1815 1091 1888 1147 ab
1922 1091 2217 1164 Apostolo
2246 1109 2320 1146 ex
2362 1091 2594 1148 Davide
2624 1095 2879 1168 explica-

464 1183 582 1231 tur.
653 1172 803 1228 .Imo
831 1190 952 1228 non
979 1169 1135 1226 foret
1152 1169 1500 1244 justificatio
1528 1169 1715 1243 impii,
1745 1169 1793 1225 si
1821 1170 1941 1226 alio
1971 1187 2146 1224 sensu
2177 1177 2526 1239 sumeretur,
2557 1190 2740 1244 quam
2768 1192 2875 1247 pro

462 1251 834 1308 absolutione
856 1248 1130 1323 judiciali
1157 1249 1217 1304 in
1247 1250 1463 1305 throno
1491 1247 1717 1320 gratiae.
1778 1246 1997 1303 Fateor
2021 1246 2214 1302 Deum
2239 1247 2597 1328 declarando
2617 1250 2872 1322 justum,

463 1329 678 1386 debere
707 1328 885 1384 etiam
915 1345 985 1383 eo
1014 1327 1142 1400 ipso
1170 1326 1362 1383 facere
1382 1326 1638 1399 justum,
1670 1332 1737 1381 ut
1772 1325 2067 1398 judicium
2095 1324 2226 1397 ejus
2254 1323 2329 1380 sit
2370 1328 2698 1384 secundum
2726 1330 2878 1386 veri-

464 1413 666 1464 tatem.
752 1407 870 1463 Sed
897 1406 1079 1460 homo
1107 1412 1302 1477 potest
1327 1403 1450 1459 fieri
1488 1402 1691 1473 justus
1718 1402 2012 1472 bifariam,
2041 1403 2138 1457 vel
2184 1402 2245 1457 in
2285 1420 2362 1472 se,
2394 1405 2489 1460 vel
2517 1404 2579 1460 in
2608 1405 2745 1476 alio,
2777 1410 2873 1464 vel

463 1503 539 1541 ex
569 1484 746 1557 Lege,
776 1482 874 1539 vel
901 1501 976 1538 ex
1006 1481 1355 1554 Evangelio,
1427 1480 1591 1537 Deus
1619 1499 1759 1553 ergo
1779 1479 2014 1552 justum
2043 1479 2200 1548 facit,
2231 1498 2409 1553 quem
2429 1481 2732 1554 justificat,
2752 1503 2874 1542 non

459 1563 522 1618 in
572 1580 650 1630 se,
701 1561 874 1635 quasi
920 1579 993 1616 ex
1042 1559 1265 1615 intuitu
1302 1558 1550 1631 justitiae
1596 1557 1937 1614 inhaerentis
1972 1558 2208 1630 justum
2256 1558 2599 1630 declararet,
2650 1564 2749 1618 sed
2798 1582 2873 1620 ex

459 1639 686 1696 intuitu
726 1639 974 1713 justitiae
1002 1637 1310 1711 imputatae
1339 1636 1402 1691 in
1434 1636 1686 1694 Christo.
1759 1634 2149 1692 Abominatio
2178 1636 2419 1708 quidem
2461 1645 2553 1695 est
2599 1639 2641 1695 J
2646 1641 2869 1711 ehovae,

459 1718 565 1793 qui
599 1717 888 1790 justificat
914 1715 1165 1789 impium
1208 1715 1357 1772 citra
1382 1715 1646 1772 debitam
1694 1711 2178 1783 satisfactionem,
2208 1714 2312 1769 sed
2359 1714 2522 1771 Deus
2550 1718 2664 1774 hoc
2692 1736 2869 1776 sensu

457 1797 697 1852 nullum
725 1795 973 1868 impium
994 1793 1300 1866 justificat,
1330 1793 1472 1849 dato
1500 1792 1673 1849 nobis
1716 1792 1779 1848 in
1828 1792 2185 1866 Sponsorem
2232 1792 2483 1863 Christo,
2514 1795 2620 1867 qui
2663 1815 2868 1870 poenas

459 1874 632 1929 nobis
661 1874 890 1929 debitas
918 1872 977 1927 in
1010 1890 1070 1928 se
1098 1871 1333 1945 recepit.
2688 1929 2701 1940 ‚

538 1951 719 2008 XIV.
753 1951 882 2008 Etsi
899 1951 1176 2024 quaedam
1194 1967 1364 2005 voces
1382 1950 1434 2023 ej
1444 1951 1649 2007 usdem
1669 1948 1893 2005 ordinis
1914 1968 2049 2005 cum
2062 1949 2485 2023 justificatione
2501 1951 2871 2012 effectionem

455 2029 517 2085 in
567 2030 835 2102 subjecto
879 2028 1207 2101 designent,
1238 2045 1356 2083 non
1405 2029 1613 2085 eadem
1657 2034 1747 2083 est
1789 2026 1959 2083 istius
2003 2028 2172 2098 ratio,
2216 2046 2370 2100 quae,
2401 2029 2549 2086 alias
2594 2031 2866 2104 barbara,

453 2107 746 2164 latinitate
759 2109 982 2163 donata
1002 2112 1093 2161 est
1114 2106 1190 2160 ad
1215 2105 1661 2178 exprimendam
1672 2105 1795 2160 vim
1808 2115 1885 2160 ent
1908 2123 2063 2175 μήκη
2089 2113 2148 2162 et
2166 2112 2368 2172 δικαιοῦν,
2382 2125 2637 2180 quarum
2656 2118 2869 2168 neutra

453 2203 692 2241 sensum
720 2185 1032 2260 physicum
1061 2182 1340 2240 admittit.
1414 2183 1511 2240 Sic
1536 2183 1989 2255 magnificamus
2013 2191 2072 2240 et
2090 2184 2488 2257 justificamus
2512 2186 2724 2260 Deum,
2744 2207 2866 2245 non

453 2281 527 2319 ex
548 2281 733 2337 parvo
761 2281 1067 2335 magnum,
1088 2261 1184 2316 vel
1211 2280 1286 2317 ex
1313 2261 1537 2335 injusto
1557 2261 1795 2334 justum
1812 2261 2104 2332 faciendo,
2130 2263 2232 2318 sed
2254 2269 2487 2319 tantum
2511 2266 2868 2323 declarative

451 2359 589 2397 eum
619 2348 688 2397 ut
715 2343 896 2398 talem
926 2340 1299 2396 celebrando.
1806 2371 1809 2374 ·

1389 2496 1792 2565 QUAESTIO
1841 2496 1930 2554 ΙΙ.

445 2660 550 2713 An
606 2674 781 2711 causa
833 2654 1137 2728 impulsiva
1194 2665 1248 2709 et
1303 2654 1625 2720 meritoria,
1672 2665 1920 2727 propter
1974 2673 2145 2731 quam
2189 2655 2354 2709 homo
2396 2655 2763 2729 justzficatur
2803 2662 2867 2716 in

525 2731 1026 2866 &ndggopegit'igi‘
1053 2731 1301 2788 Justitia
1340 2731 1623 2787 inhoerens
1663 2732 1819 2788 nobis
1860 2731 2078 2805 infusa,
2108 2731 2193 2788 vel
2220 2732 2366 2789 bona
2409 2729 2648 2806 Opera?
2704 2735 2766 2791 N
2769 2754 2863 2811 eg.

526 2967 577 3025 Ι.
611 2966 762 3026 Cum
780 2986 854 3023 ex
871 2967 1226 3041 praecedenti
1245 2966 1590 3034 Quaestione
1609 2975 2052 3025 constetvocem
2067 2966 2509 3042 justificationis
2527 2987 2648 3027 esse
2664 2971 2865 3030 foren-

443 3065 585 3117 sem,
604 3055 663 3103 et
673 3046 1041 3120 judicialiter
1063 3046 1124 3103 in
1147 3048 1260 3104 hoc
1281 3046 1523 3119 negotio
1542 3047 1716 3117 sumi,
1736 3048 1880 3123 quia
1897 3048 2096 3122 agitur
2113 3049 2186 3104 de
2205 3048 2384 3103 modo
2403 3065 2523 3121 quo
2546 3051 2861 3110 subsistere

443 3134 639 3200 potest
665 3128 846 3183 homo
874 3132 1146 3199 peccator
1173 3145 1372 3183 coram
1391 3125 1627 3199 judicio
1657 3126 1789 3195 Dei,
1819 3134 1879 3183 et
1905 3126 2141 3183 veniam
2170 3133 2543 3201 peccatorum
2566 3146 2702 3185 cum
2722 3131 2861 3204 jure

445 3206 522 3262 ad
552 3205 737 3262 vitam
760 3204 1058 3274 obtinere;
1092 3203 1532 3279 Inquirendum
1553 3212 1644 3261 est
1671 3213 1809 3263 ante
1833 3206 2049 3275 omnia,
2074 3207 2378 3281 quodnam
2406 3204 2482 3259 sit
2508 3204 2861 3265 fundamen-

445 3291 575 3339 tum
594 3283 764 3339 istius
792 3282 833 3339 J
841 3282 1264 3354 ustificationis,
1296 3301 1401 3339 seu
1429 3301 1708 3356 quaenam
1739 3285 1815 3340 sit
1832 3302 1972 3340 vera
1993 3291 2052 3340 et
2068 3283 2308 3357 propria
2334 3300 2513 3338 causa
2540 3285 2857 3358 meritoria,

445 3362 618 3434 cujus
646 3361 870 3417 intuitu
898 3378 933 3416 a
962 3359 1090 3416 Deo
1119 3361 1452 3418 absolvitur
1479 3364 1516 3417 'a
1555 3363 1825 3434 peccatis,
1856 3369 1916 3417 et
1955 3363 2032 3417 ad
2060 3362 2246 3417 vitam
2289 3361 2685 3433 adjudicatur.
2767 3366 2860 3422 De

446 3457 567 3511 qua
592 3438 784 3511 primo
815 3448 922 3491 »aa-¹
948 3448 1069 3509 aen»
1096 3456 1171 3494 ex
1200 3438 1481 3494 methodo
1527 3436 1784 3495 Paulina
1828 3440 2146 3510 agendum,
2177 3445 2247 3492 ut
2275 3438 2599 3507 videamus,
2634 3439 2709 3496 In
2739 3461 2859 3516 quo

445 3533 564 3569 non
595 3514 908 3582 consistat;
953 3517 1212 3571 secundo
1243 3523 1373 3567 aava
1397 3524 1538 3582 Sim,
1573 3516 1644 3570 In
1674 3534 1795 3589 quo
1824 3517 2139 3571 statuenda
2168 3514 2262 3569 sit.

1041 3590 1132 3647 ΙΙ.
1181 3590 1635 3647 Observandum
1659 3599 1855 3647 autem
1879 3592 1975 3647 hic
1996 3592 2057 3646 in
2080 3599 2465 3657 antecessum,
2488 3591 2683 3649 Deum
2702 3601 2863 3655 δικω-

955 3676 1106 3739 amhn
1133 3686 1249 3725 non
1293 3686 1463 3742 posse
1505 3686 1867 3742 quemquam
1903 3669 2139 3739 justum
2179 3667 2589 3740 pronunciare,
2620 3679 2679 3729 ct
2718 3676 2860 3749 jure

961 3748 1038 3803 ad
1065 3748 1250 3804 vitam
1278 3747 1518 3815 donare,
1549 3745 1664 3801 nisi
1708 3745 1932 3801 intuitu
1973 3745 2223 3817 justitiae
2266 3745 2522 3817 alicujus
2564 3752 2856 3827 perfectae,

447 3845 582 3901 quae
613 3824 998 3882 necessariam
1026 3844 1163 3882 cum
1191 3825 1316 3882 vita
1342 3823 1773 3881 connexionem
1801 3824 2017 3891 habet;
2062 3823 2178 3881 Sed
2212 3823 2511 3895 justitiam
2541 3828 2705 3887 illam
2734 3852 2859 3891 non

449 3923 571 3961 esse
601 3904 780 3959 unius
807 3904 1058 3977 generis.
1143 3903 1305 3961 Nam
1335 3909 1406 3958 ut
1432 3903 1554 3958 duo
1585 3910 1728 3959 sunt
1756 3903 2023 3972 Foedera,
2051 3921 2186 3976 quae
2218 3902 2384 3959 Deus
2426 3922 2561 3962 cum
2604 3909 2861 3968 homini-

450 3984 561 4038 bus
591 3982 801 4055 pacisci
828 3983 1039 4052 voluit,
1061 3983 1280 4056 Legale
1311 3999 1516 4050 unum,
1539 3988 1598 4037 et
1623 3980 1846 4038 Gratioe
1874 3982 2129 4037 alterum
2155 4002 2169 4050 ;
2218 3980 2315 4037 Ita
2341 3988 2401 4036 et
2429 3983 2609 4041 datur
2636 3989 2857 4061 duplex

450 4060 491 4117 J
497 4060 716 4129 ustitia,
743 4061 979 4133 Legalis
1001 4069 1060 4117 et
1091 4059 1465 4133 Evangelica,
1487 4059 1668 4132 juxta
1694 4078 1875 4133 quam
1903 4059 2143 4132 gemina
2169 4060 2349 4115 etiam
2378 4061 2554 4118 datur
2572 4064 2860 4137 justifica-

448 4140 550 4207 tio,
582 4157 684 4195 seu
713 4140 937 4211 duplex
964 4140 1116 4195 ratio
1145 4138 1497 4196 subsistendi
1525 4155 1724 4193 coram
1755 4138 1883 4195 Deo
1914 4138 1976 4192 in
1996 4137 2245 4209 judicio,
2278 4137 2516 4211 Legalis
2556 4148 2615 4197 et
2659 4142 2859 4205 Evan-

450 4217 658 4290 gelica.
747 4215 865 4273 Illa
913 4217 1177 4274 consistit
1229 4218 1290 4272 in
1348 4216 1686 4273 obedientia
1729 4216 1985 4289 propria,
2036 4234 2142 4273 seu
2191 4215 2447 4289 perfecta
2499 4234 2636 4273 cum
2693 4220 2857 4300 Lege

451 4293 879 4363 conformitate,
899 4313 1034 4368 quae
1063 4302 1151 4351 est
1173 4295 1231 4349 in
1254 4312 1324 4351 eo
1346 4294 1449 4368 qui
1471 4294 1890 4368 justificandus
1912 4302 2025 4363 est;
2061 4294 2187 4350 Ista
2208 4293 2621 4351 inobedientia
2643 4298 2853 4377 aliena,

492 3656 664 3725 Status
688 3654 859 3725 Quaes·

599 3721 759 3757 tionis.

362 4384 371 4392 ·
450 4392 555 4429 seu
585 4373 994 4430 observatione
1020 4372 1279 4447 perfecta
1308 4372 1502 4443 Legis,
1533 4391 1668 4445 quae
1697 4373 1764 4428 fit
1791 4389 1827 4427 a
1869 4370 2164 4444 Sponsore
2191 4372 2322 4426 loco
2351 4370 2513 4427 illius
2541 4374 2646 4446 qui
2678 4377 2858 4450 justi-

450 4452 716 4507 ficandus
743 4458 846 4507 est.
933 4451 1055 4507 Illa
1081 4450 1142 4505 in
1172 4450 1361 4519 nobis),
1397 4450 1523 4506 Ista
1539 4450 1600 4505 in
1624 4449 1875 4507 Christo.
1941 4449 2031 4505 De
2054 4450 2243 4522 prima
2270 4449 2491 4506 Paulus
2513 4451 2654 4523 agit,
2677 4454 2851 4522 Rom,

450 4528 510 4584 ii.
550 4530 637 4600 13,
670 4537 703 4562 ‘⁶
727 4530 857 4585 Non
886 4529 992 4603 qui
1020 4529 1276 4585 audiunt
1303 4526 1543 4601 Legem,
1574 4529 1676 4585 sed
1707 4527 1811 4602 qui
1839 4533 2122 4616 praestant
2139 4526 2607 4599 justificantur,’'
2627 4531 2706 4593 Et
2726 4558 2850 4616 cap.

451 4626 510 4661 x.
541 4606 596 4675 5,
629 4615 664 4641 “
683 4607 884 4663 Moses
910 4607 1187 4664 describit
1221 4606 1517 4679 justitiam
1562 4625 1669 4679 per
1699 4606 1940 4678 Legem,
1970 4605 2187 4673 dicens,
2215 4605 2343 4662 fore
2388 4615 2472 4675 ut,
2503 4609 2606 4682 qui
2655 4616 2857 4677 fecerit
