3221 5200
298 333 526 384 Quaezsr.
556 312 651 395 11.]
912 325 917 328 ⁴
1059 336 1137 375 m:
1160 335 1427 378 ransom
1446 335 1521 376 m*
1543 336 1735 379 suro
1756 335 2009 380 cnmsri.
2598 323 2717 388 259

300 514 534 645 ..333
547 514 787 620 „¹333ssss
832 475 1377 634 ορὶὲἓόἶίῗὲῖ
1418 478 1860 619 ΕΣΞΟΞᾸἙᾘ
1882 477 2725 639 ὃῖἔοᾚωὲῐέρὲἔὲἰζωῶἴ

301 633 489 703 Chry-²1
514 638 578 718 ‘et
607 635 712 691 05¹¹·
735 647 783 678 0·
826 638 943 698 sias
984 638 1224 698 Annum
1252 639 1601 718 beneplaciti
1629 639 2099 718 promulgaturus
2121 649 2292 717 esset,
2324 650 2384 702 et
2407 642 2722 704 salutarem

298 693 527 751 P⁰¹¹b¹¹⁸’
820 713 990 777 Evan
1068 719 1134 778 lii
1174 720 1495 779 doctrinam
1523 721 1806 781 allaturus
1833 720 1910 778 ad
1935 720 2285 780 medendum
2307 722 2576 782 contritis
2594 743 2722 782 cor-

297 798 392 874 de,
438 806 498 859 et
538 797 965 876 praedicandam
1030 800 1330 859 'bertatem
1363 801 1628 879 captivis,
1661 809 1720 861 et
1749 800 2246 878 Redemptionem,
2334 801 2477 876 Quis
2503 802 2718 862 doctri-

297 899 437 938 nam
465 900 499 937 a
526 880 569 940 J
573 899 677 938 esu
703 892 901 939 nostro
927 880 1297 958 praedicatam
1344 882 1563 958 recolit,
1595 882 1834 958 quinon
1862 881 2061 941 videat
2086 902 2220 941 eum
2247 881 2579 960 plenissime
2607 884 2721 943 hoc

298 960 363 1018 in
385 959 577 1037 seipso
600 960 947 1037 implevisse,
979 961 1120 1021 dum
1150 961 1537 1039 Evangelium
1566 962 1795 1022 coelitus
1824 962 1994 1021 nobis
2020 963 2232 1038 attulit,
2263 962 2421 1039 quod
2448 963 2718 1022 illustris·

300 1041 482 1100 simos
509 1040 724 1117 ubique
752 1041 946 1100 radios
976 1041 1317 1101 Divinitatis
1344 1043 1625 1102 micantes
1653 1063 1769 1120 prae
1799 1062 1860 1101 se
1887 1042 2017 1118 fert,
2048 1051 2108 1102 et
2136 1044 2196 1101 in
2224 1063 2340 1120 quo
2368 1043 2717 1121 perfectissi-

297 1141 456 1181 mam
477 1121 589 1180 Dei
617 1121 977 1182 voluntatem
1006 1121 1176 1181 nobis
1204 1122 1535 1199 aperiendo,
1559 1129 1680 1181 tam
1719 1122 1913 1200 quoad
1941 1132 2247 1202 praecepta,
2270 1144 2445 1200 quam
2473 1123 2717 1201 promis·

297 1221 383 1276 sa,
413 1201 774 1279 Religionem
793 1202 1061 1278 instituit,
1083 1222 1199 1279 qua
1225 1203 1387 1262 nulla
1454 1202 1607 1261 urior
1632 1211 1691 1262 et
1717 1202 1971 1262 divinior
1996 1223 2250 1280 unquam
2277 1203 2405 1279 fuit,
2436 1225 2567 1282 quae
2593 1212 2720 1268 tota

297 1282 575 1360 pietatem
597 1290 656 1341 et
678 1283 1014 1342 charitatem
1045 1283 1241 1361 spirat,
1273 1290 1333 1343 et
1360 1224 1451 1342 adJ
1462 1282 1709 1361 gloriam
1740 1283 1852 1342 Dei
1879 1295 1939 1344 et
1959 1284 2258 1345 hominum
2287 1284 2533 1346 salutem
2559 1305 2716 1346 com·

293 1370 498 1440 parata
523 1372 612 1422 est
632 1366 661 1422 ἲ

384 1443 636 1502 XVIII.
678 1444 792 1502 Tot
832 1443 1025 1517 etiam,
1069 1451 1130 1504 et
1158 1451 1319 1504 tanta
1358 1443 1593 1505 fuerunt
1621 1444 1750 1522 ejus
1782 1444 1987 1524 Opera,
2019 1453 2084 1506 ut
2111 1466 2218 1506 nec
2246 1445 2578 1522 illustriora,
2609 1466 2719 1507 nec

297 1524 483 1603 plura,
528 1544 635 1584 nec
677 1525 896 1601 majora
936 1524 1250 1583 desiderari
1291 1534 1392 1585 aut
1432 1525 1726 1603 expectari
1768 1526 2061 1603 potuerint
2086 1547 2122 1585 a
2145 1527 2380 1603 Messia,
2410 1527 2628 1587 fatente
2657 1526 2719 1586 id

295 1605 490 1682 ipsum
518 1605 689 1664 turba
714 1605 869 1682 apud
890 1606 933 1665 J
937 1605 1029 1664 oh.
1060 1605 1162 1664 vii.
1193 1609 1288 1681 31,
1337 1609 1372 1641 ‘⁴
1393 1606 1657 1666 Christus
1673 1626 1804 1665 cum
1834 1607 2075 1679 venerit,
2106 1626 2180 1665 an
2209 1608 2379 1684 signa
2397 1609 2566 1684 plura
2581 1607 2721 1670 edet

298 1684 374 1744 iis
414 1704 546 1762 quse
588 1684 696 1743 iste
739 1685 923 1744 edidit
947 1686 1028 1744 ⁴?''
1075 1686 1233 1746 Hinc
1261 1687 1441 1746 Jesus
1483 1687 1656 1745 toties
1688 1695 1967 1764 provocat
2004 1685 2080 1744 ad
2107 1706 2283 1764 opera
2308 1705 2415 1745 sua
2441 1696 2718 1763 tanquam

300 1765 536 1842 signum
559 1765 941 1824 certissimum
970 1767 1293 1826 vocationis
1312 1787 1448 1842 suae,
1473 1768 1514 1827 J
1519 1767 1614 1825 ob.
1645 1767 1724 1826 iv.
1756 1770 1851 1841 36,
1877 1775 1936 1825 et
1962 1766 2065 1824 vii.
2094 1770 2191 1841 37,
2225 1769 2320 1840 38,
2352 1775 2412 1825 et
2438 1787 2498 1824 x.
2531 1769 2627 1841 37,
2658 1774 2720 1826 et

300 1866 402 1904 xv.
434 1850 547 1921 24;
591 1845 707 1904 imo
749 1845 1137 1923 interrogatus
1177 1867 1213 1905 a
1254 1848 1526 1908 Johanne
1566 1866 1671 1924 per
1710 1846 2045 1923 discipulos,
2090 1845 2192 1904 An
2232 1854 2386 1905 esset
2415 1845 2717 1906 Messias-¹

292 1927 566 2007 έςχὸμυος,
591 1926 753 1984 nulla
771 1926 884 1984 alia
905 1946 965 1985 re
984 1927 1156 1986 fidem
1179 1927 1317 1987 fecit
1345 1947 1407 1986 se
1426 1946 1557 1986 eum
1581 1927 1768 2003 ipsum
1788 1945 1934 2001 esse,
1959 1946 2132 2003 quam
2154 1925 2561 1986 miraculorum
2581 1945 2716 1986 suo-

297 2028 428 2067 rum
455 2006 825 2067 multitudine
849 2015 927 2066 ·et
966 2007 1400 2084 magnitudine3
1431 2006 1743 2084 respondet
1776 2026 1947 2084 opere
1981 2026 2099 2064 non
2126 2007 2338 2082 verbis,
2369 2005 2523 2065 facto
2544 2006 2719 2067 citius

297 2107 475 2164 quam
515 2087 689 2164 dicto,
723 2087 934 2147 Mattb.
965 2087 1046 2146 xi.
1077 2091 1133 2164 4,
1166 2090 1222 2147 5.
1254 2088 1531 2146 Messiam
1574 2087 1727 2146 enim
1767 2089 2159 2167 &noscat-⁰003»
2198 2094 2257 2145 et
2297 2086 2591 2146 miraculis
2627 2085 2716 2145 in·

300 2168 528 2246 signem
569 2187 698 2227 esse
739 2167 1011 2227 debuisse
1052 2168 1223 2227 docet
1252 2169 1457 2243 Isaias,
1504 2187 1650 2225 xxv.
1697 2171 1752 2242 4,
1786 2171 1841 2242 5,
1896 2170 1932 2200 ‘⁶
1957 2168 2119 2226 Deus
2161 2166 2323 2225 venit
2361 2175 2423 2226 et
2464 2166 2718 2227 salvabit
2765 2196 2768 2199 >

301 2268 426 2323 nos,
458 2249 625 2308 Tunc
652 2248 982 2326 aperientur
1008 2249 1159 2307 oculi
1191 2268 1490 2323 caecorum,
1522 2266 1691 2306 aures
1719 2247 2023 2307 surdorum
2051 2246 2388 2324 patefient,''
2420 2245 2530 2306 Suc.
2561 2247 2714 2306 Nam

299 2330 351 2388 si
382 2329 507 2389 Lex
538 2329 724 2407 signis
753 2336 811 2387 et
837 2327 1123 2406 prodigiis
1147 2327 1259 2387 fuit
1286 2328 1557 2405 gloriosa,
1588 2327 1793 2405 quidni
1822 2326 2212 2403 Evangelium
2238 2329 2267 2386 Ρ
2323 2331 2360 2385 2
2392 2327 2522 2387 Cor.
2546 2327 2627 2387 iii.
2659 2331 2715 2404 7,

299 2411 356 2485 8,
414 2419 474 2469 et
522 2409 572 2469 si
616 2409 865 2469 Messias
907 2407 1108 2467 debuit
1148 2427 1275 2468 esse
1317 2412 1411 2468 καὶ»
1452 2408 1805 2467 admirabilis
1845 2407 1907 2465 in
1951 2408 2223 2482 Persona,
2267 2426 2383 2466 non
2423 2407 2615 2466 minus
2656 2408 2718 2467 in

300 2491 605 2568 Operibus.
690 2489 984 2549 Christum
1025 2496 1219 2550 autem
1260 2489 1475 2549 talibus
1516 2489 1789 2568 operibus
1827 2488 2048 2548 clarum
2079 2507 2140 2547 se
2169 2487 2491 2548 reddidisse
2519 2488 2562 2547 J
2565 2487 2720 2548 udaei

300 2569 413 2649 ipsi
467 2570 698 2631 diffiteri
726 2590 842 2630 non
871 2577 1200 2648 potuerunt.
1284 2570 1598 2650 Josephus,
1649 2570 1752 2630 lib.
1809 2570 1973 2630 xviii.
2026 2589 2151 2647 cap.
2215 2571 2305 2643 14,
2356 2578 2529 2630 vocat
2583 2588 2716 2628 eum

286 2649 585 2792 Ξζίῗέἱζ
612 2649 761 2812 Ῐῖξζῖ
781 2651 2271 2813 {3⁶55ss&2233{xgffiississffffissifssfflussoiss
2293 2649 2718 2810 {baffissuiiui‘

286 2813 485 2872 trior-a
526 2833 653 2873 esse
694 2834 811 2872 non
853 2822 1164 2891 potuerunt
1191 2816 1319 2892 ejus
1346 2815 1642 2889 miracula,
1674 2815 1811 2892 quia
1837 2834 1955 2874 non
1985 2813 2202 2873 fiebant
2230 2813 2379 2873 clam
2408 2813 2469 2871 in
2496 2813 2715 2891 angulo

298 2901 358 2951 et
400 2912 646 2965 recessu,
698 2913 871 2968 quem
911 2895 1360 2971 praestigiatores
1402 2903 1707 2972 quaerunt3
1751 2894 1856 2953 sed
1889 2898 2092 2971 palam
2132 2901 2192 2953 et
2232 2894 2479 2971 publice,
2525 2913 2718 2953 coram

300 2971 442 3044 sole,
472 2969 535 3025 in
562 2970 750 3028 triviis
779 2980 836 3028 et
865 2973 1148 3046 compitis,
1180 2974 1395 3048 ubique
1422 2974 1699 3047 locorum,
1731 2981 1789 3032 et
1818 2974 1876 3030 in
1905 2974 2089 3033 oculis
2116 2973 2370 3031 hostium
2399 2973 2714 3032 infensissi-

300 3066 546 3105 morum.
631 3047 763 3106 Non
795 3051 991 3123 plura,
1023 3056 1112 3106 tot
1138 3050 1291 3106 enim
1312 3051 1500 3110 fuisse
1528 3053 1612 3109 ait
1638 3051 1680 3109 J
1684 3052 1959 3127 ohannes,
1990 3059 2055 3110 ut
2084 3052 2135 3109 si
2161 3051 2293 3126 quis
2320 3072 2389 3110 ea
2416 3052 2718 3128 sigillatim

301 3126 621 3203 scripturus
640 3135 807 3199 esset,
824 3125 1074 3185 mundus
1102 3127 1327 3203 integer
1346 3128 1528 3186 libros
1545 3129 1690 3186 istos
1712 3148 1913 3205 capere
1931 3148 2050 3187 non
2067 3136 2282 3205 posset,
2305 3130 2349 3188 J
2351 3130 2446 3187 oh.
2468 3131 2593 3188 xxi.
2617 3134 2717 3190 25.

299 3207 434 3266 Non
476 3208 700 3283 majora
739 3205 960 3265 ratione
1001 3215 1239 3281 naturae,
1270 3206 1408 3283 quia
1446 3227 1563 3266 non
1604 3207 1837 3266 fuerunt
1862 3216 2086 3266 tantum
2115 3215 2344 3266 ostenta
2370 3216 2429 3266 et
2455 3208 2723 3285 prodigia

290 3286 550 3361 horrida,
583 3307 713 3364 quae
746 3296 1022 3348 terrorem
1050 3285 1389 3362 incuterent,
1421 3286 1617 3365 qualia
1653 3285 1886 3346 fuerunt
1924 3288 2093 3364 signa
2121 3286 2380 3362 Legalia,
2412 3286 2514 3347 sed
2541 3287 2716 3347 bene·

297 3370 430 3428 ficia
471 3368 761 3445 salutaria,
802 3388 842 3426 a
883 3366 1094 3445 quibus
1127 3387 1244 3426 non
1270 3368 1445 3428 modo
1473 3388 1590 3427 non
1619 3367 2006 3428 abhorrebant
2042 3366 2321 3441 homines,
2353 3366 2457 3426 sed
2485 3366 2560 3426 ad
2588 3388 2719 3445 quae

295 3449 551 3510 videnda
577 3458 636 3509 et
658 3448 1043 3527 percipienda,
1073 3449 1367 3510 turmatim
1394 3449 1766 3509 advolabant.
1851 3448 1984 3507 Non
2000 3447 2232 3507 fuerunt
2250 3448 2414 3525 siqua
2433 3449 2716 3528 vulyaria,

298 3539 358 3590 et
406 3530 694 3589 mirabilia
720 3551 851 3608 quae
892 3530 1147 3589 humana
1187 3539 1309 3590 arte
1337 3531 1434 3590 vel
1463 3530 1750 3590 diabolica
1776 3529 2037 3607 praestari
2063 3536 2367 3608 poterant3
2413 3530 2515 3589 sed
2544 3551 2715 3608 gran-

297 3611 411 3686 dia,
443 3611 735 3686 inusitata,
766 3619 825 3670 et
862 3631 991 3687 quae
1019 3611 1247 3672 nonnisi
1276 3611 1479 3671 divina
1503 3611 1720 3671 virtute
1741 3610 1863 3669 fieri
1886 3617 2154 3689 poterant
2179 3632 2194 3686 3
2238 3611 2428 3688 qualis
2456 3621 2546 3672 est
2559 3632 2719 3672 mor·

297 3699 527 3751 tuorum
556 3692 872 3765 suscitatio,
898 3712 1178 3752 caecorum
1196 3701 1484 3767 natorum,
1516 3700 1574 3750 et
1594 3692 1926 3751 morborum
1954 3691 2160 3750 «indm
2182 3691 2422 3767 sanatio,
2455 3689 2563 3751 &c.
2595 3692 2716 3753 Ra-

295 3772 458 3832 tione
470 3773 678 3847 objecti,
691 3792 809 3831 non
826 3773 1059 3833 fuerunt
1073 3773 1237 3849 siqua
1238 3772 1644 3848 particularia,
1661 3772 1785 3830 sive
1804 3781 1973 3833 eertae
1987 3793 2175 3833 rerum
2190 3772 2402 3851 speciei
2419 3771 2711 3848 adstricta,

301 3853 406 3912 sed
446 3853 806 3927 universalia,
850 3861 1195 3931 potestatem
1224 3853 1351 3930 ejus
1390 3873 1458 3911 ac
1499 3852 1804 3930 imperium
1846 3853 1906 3911 in
1949 3873 2149 3912 omnes
2177 3859 2470 3911 creaturas
2498 3860 2714 3912 testan-

300 3933 398 4009 tia,
430 3933 489 3991 in
512 3933 677 4008 coe10,
710 3934 769 3991 in
802 3942 971 4008 terra,
1005 3933 1063 3990 in
1091 3933 1274 4010 aquis,
1309 3932 1368 3990 in
1393 3933 1773 4007 daemonibus,
1805 3934 1866 3991 in
1893 3933 2243 4006 hominibus,
2275 3932 2335 3990 in
2363 3931 2628 4008 panibus,
2652 3932 2716 3991 in

300 4013 620 4089 arboribus,
653 4012 761 4073 Sco.
793 4013 1041 4075 Ratione
1078 4013 1247 4087 modi,
1291 4033 1408 4072 non
1450 4033 1671 4091 ,magno
1715 4013 1804 4071 illi
1847 4033 1993 4091 opus
2038 4020 2161 4071 erat
2196 4011 2492 4072 molimine
2531 4010 2608 4069 ad
2644 4032 2715 4071 ea

297 4093 640 4172 praestanda,
668 4093 771 4153 md
811 4094 934 4153 solo
977 4093 1160 4153 verbo
1198 4102 1261 4153 et
1299 4101 1447 4153 nutu
1472 4113 1543 4153 ea
1567 4094 1898 4171 praestabat,
1931 4092 2104 4152 modo
2131 4091 2256 4151 sine
2273 4089 2509 4167 mediis,
2529 4091 2715 4152 modo

297 4194 430 4234 cum
470 4173 695 4250 mediis,
727 4195 789 4233 se
829 4174 1167 4252 plerumque
1221 4174 1542 4251 inutilibus,
1573 4174 1690 4233 imo
1732 4173 2050 4250 contrariis,
2093 4171 2268 4235 modo
2298 4191 2509 4248 coram,
2530 4171 2712 4232 modo

294 4255 512 4333 procul,
542 4255 660 4314 imo
688 4254 861 4315 etiarn
889 4255 1118 4315 absens.

378 4335 568 4394 XIX.
614 4335 767 4410 Quid
795 4334 870 4394 ad
896 4336 1021 4394 haeo
1049 4342 1329 4412 reponent
1355 4334 1552 4395 Judaei
1575 4339 1604 4394 ¹?
1644 4334 1748 4395 An
1775 4334 1921 4395 alios
1948 4332 2124 4394 etia-m
2160 4331 2439 4392 miracula
2465 4331 2716 4393 fecisse?

301 4415 420 4475 Sed
446 4415 577 4492 quis
605 4423 709 4490 tot,
749 4424 808 4475 et
834 4423 1013 4490 tanta,
1044 4416 1177 4493 quis
1198 4416 1354 4493 talia,
1387 4424 1446 4475 et
1490 4435 1559 4475 eo
1588 4415 1761 4475 modo
1799 4435 2055 4494 unquam
2084 4412 2421 4491 praestitisse
2449 4413 2714 4491 legitur?

294 4494 399 4553 An
426 4496 710 4555 mirabilia
735 4504 960 4556 tantum
988 4496 1183 4572 fuisse,
1213 4516 1331 4556 non
1358 4516 1500 4556 vera
1524 4495 1847 4555 miracula?
1933 4494 2051 4555 Sed
2077 4493 2220 4573 quid
2245 4513 2448 4554 verum
2467 4493 2713 4556 miracu-

292 4576 433 4650 lum,
485 4575 597 4636 nisi
644 4576 801 4654 quod
845 4577 1023 4636 totius
1068 4586 1291 4638 naturae
1330 4576 1510 4636 finitae
1558 4584 1619 4637 et
1662 4585 1869 4636 cteatae
1915 4576 2073 4635 vires
2119 4582 2369 4653 superat,
2399 4575 2589 4652 qualis
2626 4585 2717 4638 est

293 4656 507 4719 mortui
534 4657 824 4732 excitatiO,
844 4658 1185 4721 »morborum
1206 4657 1623 4718 insanabilium
1643 4665 1710 4718 et
1733 4656 2169 4736 desperatorum
2198 4655 2437 4735 curatio,
2477 4655 2710 4718 Demo·
