<?xml version="1.0" encoding="UTF-8"?>
<!DOCTYPE html PUBLIC "-//W3C//DTD XHTML 1.0 Transitional//EN"
    "http://www.w3.org/TR/xhtml1/DTD/xhtml1-transitional.dtd">
<html xmlns="http://www.w3.org/1999/xhtml" xml:lang="en" lang="en">
 <head>
  <title>
</title>
<meta http-equiv="Content-Type" content="text/html;charset=utf-8" />
  <meta name='ocr-system' content='tesseract 3.04.00' />
  <meta name='ocr-capabilities' content='ocr_page ocr_carea ocr_par ocr_line ocrx_word'/>
</head>
<body>
  <div class='ocr_page' id='page_1' title='image "./institutiotheol01turrgoog_0437.png"; bbox 0 0 3221 5200; ppageno 0'>
   <div class='ocr_carea' id='block_1_1' title="bbox 263 353 2680 437">
    <p class='ocr_par' dir='ltr' id='par_1_1' title="bbox 263 353 2680 437">
     <span class='ocr_line' id='line_1_1' title="bbox 263 353 2680 437; baseline 0 -23"><span class='ocrx_word' id='word_1_1' title='bbox 263 374 482 422; x_wconf 62' lang='lat' dir='ltr'>QuAEs&#39;r.</span> <span class='ocrx_word' id='word_1_2' title='bbox 515 353 670 434; x_wconf 58' lang='lat' dir='ltr'>xlm]</span> <span class='ocrx_word' id='word_1_3' title='bbox 978 373 1054 412; x_wconf 78' lang='lat' dir='ltr'>DE</span> <span class='ocrx_word' id='word_1_4' title='bbox 1099 375 1331 416; x_wconf 70' lang='lat' dir='ltr'>ort-1010</span> <span class='ocrx_word' id='word_1_5' title='bbox 1374 376 1609 416; x_wconf 73' lang='lat' dir='ltr'>cnms&#39;m</span> <span class='ocrx_word' id='word_1_6' title='bbox 1655 374 2048 415; x_wconf 66' lang='lat' dir='ltr'>mssmssomo.</span> <span class='ocrx_word' id='word_1_7' title='bbox 2564 357 2680 437; x_wconf 66' lang='lat'>499</span> 
     </span>
    </p>
   </div>
   <div class='ocr_carea' id='block_1_2' title="bbox 264 513 2723 4750">
    <p class='ocr_par' dir='ltr' id='par_1_2' title="bbox 264 513 2697 1876">
     <span class='ocr_line' id='line_1_2' title="bbox 264 513 2681 593; baseline -0 -21"><span class='ocrx_word' id='word_1_8' title='bbox 264 522 667 591; x_wconf 77' lang='lat' dir='ltr'><strong>argumentum</strong></span> <span class='ocrx_word' id='word_1_9' title='bbox 713 515 881 573; x_wconf 87' lang='lat' dir='ltr'>Pauli</span> <span class='ocrx_word' id='word_1_10' title='bbox 908 535 1023 592; x_wconf 92' lang='lat' dir='ltr'>quo</span> <span class='ocrx_word' id='word_1_11' title='bbox 1052 535 1127 574; x_wconf 88' lang='lat' dir='ltr'>ex</span> <span class='ocrx_word' id='word_1_12' title='bbox 1156 516 1387 576; x_wconf 87' lang='lat' dir='ltr'>datione</span> <span class='ocrx_word' id='word_1_13' title='bbox 1432 518 1663 592; x_wconf 79' lang='lat' dir='ltr'>Christi,</span> <span class='ocrx_word' id='word_1_14' title='bbox 1710 516 1935 593; x_wconf 83' lang='lat' dir='ltr'><strong>colligit</strong></span> <span class='ocrx_word' id='word_1_15' title='bbox 1972 515 2226 573; x_wconf 90' lang='lat' dir='ltr'>omnium</span> <span class='ocrx_word' id='word_1_16' title='bbox 2271 513 2681 574; x_wconf 88' lang='lat' dir='ltr'>beneficiorum</span> 
     </span>
     <span class='ocr_line' id='line_1_3' title="bbox 265 594 2685 676; baseline 0.001 -24"><span class='ocrx_word' id='word_1_17' title='bbox 265 595 599 652; x_wconf 86' lang='lat' dir='ltr'>salutarium</span> <span class='ocrx_word' id='word_1_18' title='bbox 644 594 1027 670; x_wconf 89' lang='lat' dir='ltr'>collationem,</span> <span class='ocrx_word' id='word_1_19' title='bbox 1077 599 1112 628; x_wconf 76' lang='lat'>‘⁴</span> <span class='ocrx_word' id='word_1_20' title='bbox 1136 596 1249 671; x_wconf 88' lang='lat' dir='ltr'>Qui</span> <span class='ocrx_word' id='word_1_21' title='bbox 1290 598 1521 676; x_wconf 90' lang='lat' dir='ltr'>proprio</span> <span class='ocrx_word' id='word_1_22' title='bbox 1566 598 1720 656; x_wconf 90' lang='lat' dir='ltr'>Filio</span> <span class='ocrx_word' id='word_1_23' title='bbox 1762 617 1879 655; x_wconf 92' lang='lat' dir='ltr'>non</span> <span class='ocrx_word' id='word_1_24' title='bbox 1916 595 2219 673; x_wconf 84' lang='lat' dir='ltr'>perpercit,</span> <span class='ocrx_word' id='word_1_25' title='bbox 2253 595 2352 651; x_wconf 89' lang='lat' dir='ltr'>sed</span> <span class='ocrx_word' id='word_1_26' title='bbox 2382 616 2486 672; x_wconf 89' lang='lat' dir='ltr'>pro</span> <span class='ocrx_word' id='word_1_27' title='bbox 2516 597 2685 654; x_wconf 88' lang='lat' dir='ltr'>nobis</span> 
     </span>
     <span class='ocr_line' id='line_1_4' title="bbox 268 674 2682 755; baseline 0.001 -24"><span class='ocrx_word' id='word_1_28' title='bbox 268 674 535 732; x_wconf 89' lang='lat' dir='ltr'>omnibus</span> <span class='ocrx_word' id='word_1_29' title='bbox 580 674 742 732; x_wconf 90' lang='lat' dir='ltr'>illum</span> <span class='ocrx_word' id='word_1_30' title='bbox 789 676 1043 751; x_wconf 84' lang='lat' dir='ltr'><strong>tradidit,</strong></span> <span class='ocrx_word' id='word_1_31' title='bbox 1091 679 1379 753; x_wconf 90' lang='lat' dir='ltr'>quomodo</span> <span class='ocrx_word' id='word_1_32' title='bbox 1408 699 1524 737; x_wconf 89' lang='lat' dir='ltr'>non</span> <span class='ocrx_word' id='word_1_33' title='bbox 1552 678 1833 755; x_wconf 79' lang='lat' dir='ltr'>largietur</span> <span class='ocrx_word' id='word_1_34' title='bbox 1859 677 2053 735; x_wconf 91' lang='lat' dir='ltr'>omnia</span> <span class='ocrx_word' id='word_1_35' title='bbox 2081 696 2210 733; x_wconf 89' lang='lat' dir='ltr'>cum</span> <span class='ocrx_word' id='word_1_36' title='bbox 2242 676 2366 750; x_wconf 84' lang='lat' dir='ltr'>ipso</span> <span class='ocrx_word' id='word_1_37' title='bbox 2384 680 2412 734; x_wconf 72' lang='grc' dir='ltr'><em>Ρ</em></span> <span class='ocrx_word' id='word_1_38' title='bbox 2432 678 2465 702; x_wconf 90' lang='grc'>”</span> <span class='ocrx_word' id='word_1_39' title='bbox 2513 677 2682 735; x_wconf 81' lang='lat' dir='ltr'>Rom.</span> 
     </span>
     <span class='ocr_line' id='line_1_5' title="bbox 268 753 2686 835; baseline 0.002 -25"><span class='ocrx_word' id='word_1_40' title='bbox 268 753 391 811; x_wconf 86' lang='lat' dir='ltr'>viii.</span> <span class='ocrx_word' id='word_1_41' title='bbox 423 757 520 812; x_wconf 84' lang='lat'>32.</span> <span class='ocrx_word' id='word_1_42' title='bbox 594 754 765 812; x_wconf 83' lang='lat' dir='ltr'><strong>Ratio</strong></span> <span class='ocrx_word' id='word_1_43' title='bbox 793 755 1009 832; x_wconf 90' lang='lat' dir='ltr'>petitur</span> <span class='ocrx_word' id='word_1_44' title='bbox 1036 776 1072 814; x_wconf 90' lang='lat' dir='ltr'>a</span> <span class='ocrx_word' id='word_1_45' title='bbox 1097 758 1300 835; x_wconf 87' lang='lat' dir='ltr'>majori</span> <span class='ocrx_word' id='word_1_46' title='bbox 1330 759 1403 816; x_wconf 90' lang='lat' dir='ltr'>ad</span> <span class='ocrx_word' id='word_1_47' title='bbox 1431 759 1640 832; x_wconf 86' lang='lat' dir='ltr'>minus,</span> <span class='ocrx_word' id='word_1_48' title='bbox 1671 758 1959 833; x_wconf 89' lang='lat' dir='ltr'>nimirum,</span> <span class='ocrx_word' id='word_1_49' title='bbox 1994 757 2106 830; x_wconf 86' lang='lat' dir='ltr'>Qui</span> <span class='ocrx_word' id='word_1_50' title='bbox 2135 755 2235 813; x_wconf 84' lang='lat' dir='ltr'>dat</span> <span class='ocrx_word' id='word_1_51' title='bbox 2267 756 2496 832; x_wconf 82' lang='lat' dir='ltr'>Filium,</span> <span class='ocrx_word' id='word_1_52' title='bbox 2529 757 2686 833; x_wconf 88' lang='lat' dir='ltr'>quod</span> 
     </span>
     <span class='ocr_line' id='line_1_6' title="bbox 269 835 2683 914; baseline 0.001 -24"><span class='ocrx_word' id='word_1_53' title='bbox 269 835 459 910; x_wconf 88' lang='lat' dir='ltr'>majus</span> <span class='ocrx_word' id='word_1_54' title='bbox 486 842 575 892; x_wconf 88' lang='lat' dir='ltr'>est</span> <span class='ocrx_word' id='word_1_55' title='bbox 604 835 726 893; x_wconf 91' lang='lat' dir='ltr'>sine</span> <span class='ocrx_word' id='word_1_56' title='bbox 756 835 951 911; x_wconf 89' lang='lat' dir='ltr'>dubio,</span> <span class='ocrx_word' id='word_1_57' title='bbox 976 838 1264 914; x_wconf 90' lang='lat' dir='ltr'>quomodo</span> <span class='ocrx_word' id='word_1_58' title='bbox 1294 860 1407 897; x_wconf 92' lang='lat' dir='ltr'>non</span> <span class='ocrx_word' id='word_1_59' title='bbox 1438 839 1601 896; x_wconf 90' lang='lat' dir='ltr'>daret</span> <span class='ocrx_word' id='word_1_60' title='bbox 1630 838 1820 911; x_wconf 90' lang='lat' dir='ltr'>fidem,</span> <span class='ocrx_word' id='word_1_61' title='bbox 1852 845 1911 895; x_wconf 88' lang='lat' dir='ltr'>et</span> <span class='ocrx_word' id='word_1_62' title='bbox 1939 846 2146 895; x_wconf 87' lang='lat' dir='ltr'>caetera</span> <span class='ocrx_word' id='word_1_63' title='bbox 2174 836 2367 893; x_wconf 87' lang='lat' dir='ltr'>omnia</span> <span class='ocrx_word' id='word_1_64' title='bbox 2394 836 2545 894; x_wconf 90' lang='lat' dir='ltr'>dona</span> <span class='ocrx_word' id='word_1_65' title='bbox 2574 837 2683 894; x_wconf 87' lang='lat' dir='ltr'>sal-</span> 
     </span>
     <span class='ocr_line' id='line_1_7' title="bbox 271 913 2682 996; baseline 0.002 -26"><span class='ocrx_word' id='word_1_66' title='bbox 271 913 458 988; x_wconf 86' lang='lat' dir='ltr'>vifica,</span> <span class='ocrx_word' id='word_1_67' title='bbox 503 914 661 991; x_wconf 91' lang='lat' dir='ltr'>quod</span> <span class='ocrx_word' id='word_1_68' title='bbox 701 916 892 974; x_wconf 89' lang='lat' dir='ltr'>minus</span> <span class='ocrx_word' id='word_1_69' title='bbox 921 920 1057 975; x_wconf 83' lang='lat' dir='ltr'>est?</span> <span class='ocrx_word' id='word_1_70' title='bbox 1112 937 1294 993; x_wconf 90' lang='lat' dir='ltr'>eoque</span> <span class='ocrx_word' id='word_1_71' title='bbox 1329 919 1532 996; x_wconf 76' lang='lat' dir='ltr'>magiS,</span> <span class='ocrx_word' id='word_1_72' title='bbox 1564 918 1738 995; x_wconf 91' lang='lat' dir='ltr'>quod,</span> <span class='ocrx_word' id='word_1_73' title='bbox 1771 926 1834 975; x_wconf 92' lang='lat' dir='ltr'>ut</span> <span class='ocrx_word' id='word_1_74' title='bbox 1857 918 2100 995; x_wconf 85' lang='lat' dir='ltr'>jamjam</span> <span class='ocrx_word' id='word_1_75' title='bbox 2128 915 2426 993; x_wconf 82' lang='lat' dir='ltr'>probaturi</span> <span class='ocrx_word' id='word_1_76' title='bbox 2467 937 2682 991; x_wconf 77' lang='lat' dir='ltr'>sumuS,</span> 
     </span>
     <span class='ocr_line' id='line_1_8' title="bbox 273 994 2689 1075; baseline 0.002 -23"><span class='ocrx_word' id='word_1_77' title='bbox 273 994 537 1052; x_wconf 88' lang='lat' dir='ltr'>Christus</span> <span class='ocrx_word' id='word_1_78' title='bbox 580 995 831 1072; x_wconf 87' lang='lat' dir='ltr'>seipsum</span> <span class='ocrx_word' id='word_1_79' title='bbox 862 1016 964 1072; x_wconf 91' lang='lat' dir='ltr'>pro</span> <span class='ocrx_word' id='word_1_80' title='bbox 993 997 1160 1056; x_wconf 91' lang='lat' dir='ltr'>nobis</span> <span class='ocrx_word' id='word_1_81' title='bbox 1189 998 1485 1075; x_wconf 86' lang='lat' dir='ltr'>tradendo,</span> <span class='ocrx_word' id='word_1_82' title='bbox 1528 998 1720 1055; x_wconf 89' lang='lat' dir='ltr'>omnia</span> <span class='ocrx_word' id='word_1_83' title='bbox 1746 999 1859 1056; x_wconf 88' lang='lat' dir='ltr'>ista</span> <span class='ocrx_word' id='word_1_84' title='bbox 1885 997 2037 1056; x_wconf 87' lang='lat' dir='ltr'>dona</span> <span class='ocrx_word' id='word_1_85' title='bbox 2064 1016 2193 1054; x_wconf 90' lang='lat' dir='ltr'>cum</span> <span class='ocrx_word' id='word_1_86' title='bbox 2225 996 2407 1054; x_wconf 88' lang='lat' dir='ltr'>salute</span> <span class='ocrx_word' id='word_1_87' title='bbox 2450 998 2689 1056; x_wconf 87' lang='lat' dir='ltr'>meritus</span> 
     </span>
     <span class='ocr_line' id='line_1_9' title="bbox 272 1074 2688 1155; baseline 0.002 -24"><span class='ocrx_word' id='word_1_88' title='bbox 272 1083 376 1132; x_wconf 89' lang='lat' dir='ltr'>est.</span> <span class='ocrx_word' id='word_1_89' title='bbox 439 1074 610 1133; x_wconf 89' lang='lat' dir='ltr'>Unde</span> <span class='ocrx_word' id='word_1_90' title='bbox 641 1076 1102 1136; x_wconf 83' lang='lat' dir='ltr'>concludendum</span> <span class='ocrx_word' id='word_1_91' title='bbox 1131 1087 1235 1154; x_wconf 89' lang='lat' dir='ltr'>est,</span> <span class='ocrx_word' id='word_1_92' title='bbox 1263 1079 1377 1136; x_wconf 90' lang='lat' dir='ltr'>Vel</span> <span class='ocrx_word' id='word_1_93' title='bbox 1406 1079 1665 1155; x_wconf 78' lang='lat' dir='ltr'>reprobis</span> <span class='ocrx_word' id='word_1_94' title='bbox 1693 1079 1886 1135; x_wconf 84' lang='lat' dir='ltr'>omnia</span> <span class='ocrx_word' id='word_1_95' title='bbox 1913 1077 2036 1135; x_wconf 86' lang='lat' dir='ltr'>dari</span> <span class='ocrx_word' id='word_1_96' title='bbox 2067 1096 2197 1133; x_wconf 87' lang='lat' dir='ltr'>cum</span> <span class='ocrx_word' id='word_1_97' title='bbox 2229 1076 2475 1152; x_wconf 88' lang='lat' dir='ltr'>Christo,</span> <span class='ocrx_word' id='word_1_98' title='bbox 2508 1078 2556 1135; x_wconf 92' lang='lat' dir='ltr'>si</span> <span class='ocrx_word' id='word_1_99' title='bbox 2586 1098 2688 1153; x_wconf 89' lang='lat' dir='ltr'>pro</span> 
     </span>
     <span class='ocr_line' id='line_1_10' title="bbox 272 1154 2690 1233; baseline 0.002 -22"><span class='ocrx_word' id='word_1_100' title='bbox 272 1154 343 1212; x_wconf 92' lang='lat' dir='ltr'>iis</span> <span class='ocrx_word' id='word_1_101' title='bbox 382 1164 642 1213; x_wconf 88' lang='lat' dir='ltr'>mortuus</span> <span class='ocrx_word' id='word_1_102' title='bbox 665 1165 786 1231; x_wconf 82' lang='lat' dir='ltr'>est3</span> <span class='ocrx_word' id='word_1_103' title='bbox 829 1157 940 1214; x_wconf 94' lang='lat' dir='ltr'>Vel</span> <span class='ocrx_word' id='word_1_104' title='bbox 973 1158 1023 1215; x_wconf 91' lang='lat' dir='ltr'>si</span> <span class='ocrx_word' id='word_1_105' title='bbox 1051 1167 1181 1216; x_wconf 81' lang='lat' dir='ltr'>non‘</span> <span class='ocrx_word' id='word_1_106' title='bbox 1206 1158 1431 1232; x_wconf 88' lang='lat' dir='ltr'>dantur,</span> <span class='ocrx_word' id='word_1_107' title='bbox 1473 1167 1537 1217; x_wconf 94' lang='lat' dir='ltr'>ut</span> <span class='ocrx_word' id='word_1_108' title='bbox 1565 1159 1637 1217; x_wconf 90' lang='lat' dir='ltr'>de</span> <span class='ocrx_word' id='word_1_109' title='bbox 1668 1178 1735 1216; x_wconf 88' lang='lat' dir='ltr'>eo</span> <span class='ocrx_word' id='word_1_110' title='bbox 1773 1157 1924 1216; x_wconf 89' lang='lat' dir='ltr'>inter</span> <span class='ocrx_word' id='word_1_111' title='bbox 1961 1176 2161 1215; x_wconf 88' lang='lat' dir='ltr'>omnes</span> <span class='ocrx_word' id='word_1_112' title='bbox 2209 1165 2451 1231; x_wconf 85' lang='lat' dir='ltr'>constat,</span> <span class='ocrx_word' id='word_1_113' title='bbox 2503 1178 2690 1233; x_wconf 89' lang='lat' dir='ltr'>neque</span> 
     </span>
     <span class='ocr_line' id='line_1_11' title="bbox 272 1235 2686 1314; baseline 0.001 -21"><span class='ocrx_word' id='word_1_114' title='bbox 272 1235 447 1293; x_wconf 88' lang='lat' dir='ltr'>etiam</span> <span class='ocrx_word' id='word_1_115' title='bbox 477 1235 767 1293; x_wconf 82' lang='lat' dir='ltr'>Christum</span> <span class='ocrx_word' id='word_1_116' title='bbox 796 1257 899 1313; x_wconf 94' lang='lat' dir='ltr'>pro</span> <span class='ocrx_word' id='word_1_117' title='bbox 927 1238 1045 1295; x_wconf 89' lang='lat' dir='ltr'>illis</span> <span class='ocrx_word' id='word_1_118' title='bbox 1074 1258 1199 1298; x_wconf 89' lang='lat' dir='ltr'>esse</span> <span class='ocrx_word' id='word_1_119' title='bbox 1228 1239 1521 1299; x_wconf 87' lang='lat' dir='ltr'>traditum.</span> <span class='ocrx_word' id='word_1_120' title='bbox 1608 1239 1730 1297; x_wconf 88' lang='lat' dir='ltr'>Nec</span> <span class='ocrx_word' id='word_1_121' title='bbox 1759 1239 1909 1295; x_wconf 82' lang='lat' dir='ltr'>solvi</span> <span class='ocrx_word' id='word_1_122' title='bbox 1937 1244 2129 1314; x_wconf 85' lang='lat' dir='ltr'>potest</span> <span class='ocrx_word' id='word_1_123' title='bbox 2157 1237 2342 1294; x_wconf 88' lang='lat' dir='ltr'>nodus</span> <span class='ocrx_word' id='word_1_124' title='bbox 2374 1238 2421 1294; x_wconf 91' lang='lat' dir='ltr'>si</span> <span class='ocrx_word' id='word_1_125' title='bbox 2451 1236 2686 1313; x_wconf 73' lang='lat' dir='ltr'>dixeriS,</span> 
     </span>
     <span class='ocr_line' id='line_1_12' title="bbox 274 1315 2689 1396; baseline 0.002 -25"><span class='ocrx_word' id='word_1_126' title='bbox 274 1316 370 1390; x_wconf 88' lang='lat' dir='ltr'>agi</span> <span class='ocrx_word' id='word_1_127' title='bbox 400 1315 470 1372; x_wconf 90' lang='lat' dir='ltr'>de</span> <span class='ocrx_word' id='word_1_128' title='bbox 501 1315 807 1375; x_wconf 82' lang='lat' dir='ltr'>traditione</span> <span class='ocrx_word' id='word_1_129' title='bbox 852 1317 1102 1395; x_wconf 85' lang='lat' dir='ltr'>speciali,</span> <span class='ocrx_word' id='word_1_130' title='bbox 1155 1340 1284 1396; x_wconf 82' lang='lat' dir='ltr'>quae</span> <span class='ocrx_word' id='word_1_131' title='bbox 1314 1318 1465 1377; x_wconf 87' lang='lat' dir='ltr'>facta</span> <span class='ocrx_word' id='word_1_132' title='bbox 1493 1319 1569 1377; x_wconf 87' lang='lat' dir='ltr'>sit</span> <span class='ocrx_word' id='word_1_133' title='bbox 1613 1338 1716 1396; x_wconf 93' lang='lat' dir='ltr'>pro</span> <span class='ocrx_word' id='word_1_134' title='bbox 1756 1318 2154 1376; x_wconf 79' lang='lat' dir='ltr'>CredentibuS.</span> <span class='ocrx_word' id='word_1_135' title='bbox 2241 1317 2405 1390; x_wconf 81' lang='lat' dir='ltr'>Quia,</span> <span class='ocrx_word' id='word_1_136' title='bbox 2458 1326 2689 1393; x_wconf 85' lang='lat' dir='ltr'>praeter·</span> 
     </span>
     <span class='ocr_line' id='line_1_13' title="bbox 276 1396 2694 1475; baseline 0.001 -22"><span class='ocrx_word' id='word_1_137' title='bbox 276 1415 450 1471; x_wconf 87' lang='lat' dir='ltr'>quam</span> <span class='ocrx_word' id='word_1_138' title='bbox 505 1396 662 1471; x_wconf 90' lang='lat' dir='ltr'>quod</span> <span class='ocrx_word' id='word_1_139' title='bbox 722 1398 902 1472; x_wconf 87' lang='lat' dir='ltr'>gratis</span> <span class='ocrx_word' id='word_1_140' title='bbox 948 1400 1289 1475; x_wconf 79' lang='lat' dir='ltr'>supponitur</span> <span class='ocrx_word' id='word_1_141' title='bbox 1327 1400 1451 1457; x_wconf 87' lang='lat' dir='ltr'>dari</span> <span class='ocrx_word' id='word_1_142' title='bbox 1493 1399 1860 1457; x_wconf 83' lang='lat' dir='ltr'>traditionem</span> <span class='ocrx_word' id='word_1_143' title='bbox 1913 1398 2126 1456; x_wconf 84' lang='lat' dir='ltr'>Christi</span> <span class='ocrx_word' id='word_1_144' title='bbox 2176 1397 2580 1471; x_wconf 86' lang='lat' dir='ltr'>universalem,</span> <span class='ocrx_word' id='word_1_145' title='bbox 2629 1408 2694 1457; x_wconf 88' lang='lat' dir='ltr'>nt</span> 
     </span>
     <span class='ocr_line' id='line_1_14' title="bbox 276 1475 2694 1554; baseline 0.001 -22"><span class='ocrx_word' id='word_1_146' title='bbox 276 1483 445 1533; x_wconf 87' lang='lat' dir='ltr'>antea</span> <span class='ocrx_word' id='word_1_147' title='bbox 473 1475 725 1551; x_wconf 86' lang='lat' dir='ltr'>dictum;</span> <span class='ocrx_word' id='word_1_148' title='bbox 774 1478 917 1534; x_wconf 90' lang='lat' dir='ltr'>Cum</span> <span class='ocrx_word' id='word_1_149' title='bbox 947 1478 1093 1537; x_wconf 89' lang='lat' dir='ltr'>fides</span> <span class='ocrx_word' id='word_1_150' title='bbox 1121 1480 1197 1537; x_wconf 87' lang='lat' dir='ltr'>sit</span> <span class='ocrx_word' id='word_1_151' title='bbox 1225 1479 1445 1538; x_wconf 84' lang='lat' dir='ltr'>fructus</span> <span class='ocrx_word' id='word_1_152' title='bbox 1488 1479 1644 1537; x_wconf 90' lang='lat' dir='ltr'>illius</span> <span class='ocrx_word' id='word_1_153' title='bbox 1684 1478 1904 1553; x_wconf 75' lang='lat' dir='ltr'>mortiS,</span> <span class='ocrx_word' id='word_1_154' title='bbox 1942 1498 2058 1536; x_wconf 91' lang='lat' dir='ltr'>non</span> <span class='ocrx_word' id='word_1_155' title='bbox 2087 1486 2280 1554; x_wconf 90' lang='lat' dir='ltr'>potest</span> <span class='ocrx_word' id='word_1_156' title='bbox 2308 1477 2392 1533; x_wconf 90' lang='lat' dir='ltr'>illi</span> <span class='ocrx_word' id='word_1_157' title='bbox 2421 1478 2694 1553; x_wconf 81' lang='lat' dir='ltr'>praemitti</span> 
     </span>
     <span class='ocr_line' id='line_1_15' title="bbox 277 1556 2696 1635; baseline 0.001 -22"><span class='ocrx_word' id='word_1_158' title='bbox 277 1563 343 1613; x_wconf 88' lang='lat' dir='ltr'>ut</span> <span class='ocrx_word' id='word_1_159' title='bbox 391 1556 645 1614; x_wconf 87' lang='lat' dir='ltr'>conditio</span> <span class='ocrx_word' id='word_1_160' title='bbox 690 1559 1081 1634; x_wconf 82' lang='lat' dir='ltr'>praeeedanea.</span> <span class='ocrx_word' id='word_1_161' title='bbox 1188 1559 1361 1617; x_wconf 90' lang='lat' dir='ltr'>Adde</span> <span class='ocrx_word' id='word_1_162' title='bbox 1401 1559 1556 1635; x_wconf 86' lang='lat' dir='ltr'>quod</span> <span class='ocrx_word' id='word_1_163' title='bbox 1587 1580 1716 1617; x_wconf 87' lang='lat' dir='ltr'>cum</span> <span class='ocrx_word' id='word_1_164' title='bbox 1747 1579 1822 1617; x_wconf 89' lang='lat' dir='ltr'>ex</span> <span class='ocrx_word' id='word_1_165' title='bbox 1852 1558 2050 1617; x_wconf 90' lang='lat' dir='ltr'>ordine</span> <span class='ocrx_word' id='word_1_166' title='bbox 2095 1557 2247 1634; x_wconf 88' lang='lat' dir='ltr'>apud</span> <span class='ocrx_word' id='word_1_167' title='bbox 2278 1557 2454 1615; x_wconf 89' lang='lat' dir='ltr'>Viros</span> <span class='ocrx_word' id='word_1_168' title='bbox 2493 1558 2696 1616; x_wconf 88' lang='lat' dir='ltr'>doctos</span> 
     </span>
     <span class='ocr_line' id='line_1_16' title="bbox 278 1635 2696 1712; baseline 0.001 -20"><span class='ocrx_word' id='word_1_169' title='bbox 278 1644 507 1712; x_wconf 90' lang='lat' dir='ltr'>recepto</span> <span class='ocrx_word' id='word_1_170' title='bbox 557 1635 853 1695; x_wconf 79' lang='lat' dir='ltr'>decretum</span> <span class='ocrx_word' id='word_1_171' title='bbox 902 1640 1105 1697; x_wconf 89' lang='lat' dir='ltr'>mortis</span> <span class='ocrx_word' id='word_1_172' title='bbox 1155 1639 1371 1699; x_wconf 86' lang='lat' dir='ltr'>Christi</span> <span class='ocrx_word' id='word_1_173' title='bbox 1415 1640 1719 1698; x_wconf 83' lang='lat' dir='ltr'>antecedat</span> <span class='ocrx_word' id='word_1_174' title='bbox 1761 1638 2054 1697; x_wconf 89' lang='lat' dir='ltr'>decretum</span> <span class='ocrx_word' id='word_1_175' title='bbox 2085 1638 2157 1695; x_wconf 86' lang='lat' dir='ltr'>de</span> <span class='ocrx_word' id='word_1_176' title='bbox 2186 1636 2378 1693; x_wconf 87' lang='lat' dir='ltr'>danda</span> <span class='ocrx_word' id='word_1_177' title='bbox 2405 1637 2536 1711; x_wconf 81' lang='lat' dir='ltr'>fide,</span> <span class='ocrx_word' id='word_1_178' title='bbox 2579 1658 2696 1695; x_wconf 92' lang='lat' dir='ltr'>non</span> 
     </span>
     <span class='ocr_line' id='line_1_17' title="bbox 277 1717 2697 1794; baseline 0.001 -22"><span class='ocrx_word' id='word_1_179' title='bbox 277 1724 468 1790; x_wconf 85' lang='lat' dir='ltr'>potest</span> <span class='ocrx_word' id='word_1_180' title='bbox 497 1717 739 1793; x_wconf 90' lang='lat' dir='ltr'>concipi,</span> <span class='ocrx_word' id='word_1_181' title='bbox 779 1719 1068 1794; x_wconf 91' lang='lat' dir='ltr'>quomodo</span> <span class='ocrx_word' id='word_1_182' title='bbox 1098 1720 1269 1777; x_wconf 89' lang='lat' dir='ltr'>simul</span> <span class='ocrx_word' id='word_1_183' title='bbox 1290 1727 1349 1778; x_wconf 92' lang='lat' dir='ltr'>et</span> <span class='ocrx_word' id='word_1_184' title='bbox 1377 1720 1554 1778; x_wconf 87' lang='lat' dir='ltr'>semel</span> <span class='ocrx_word' id='word_1_185' title='bbox 1582 1720 1644 1776; x_wconf 90' lang='lat' dir='ltr'>in</span> <span class='ocrx_word' id='word_1_186' title='bbox 1673 1719 1876 1777; x_wconf 90' lang='lat' dir='ltr'>eodem</span> <span class='ocrx_word' id='word_1_187' title='bbox 1905 1727 2039 1778; x_wconf 87' lang='lat' dir='ltr'>actu</span> <span class='ocrx_word' id='word_1_188' title='bbox 2068 1717 2494 1793; x_wconf 88' lang='lat' dir='ltr'>simplicissimo</span> <span class='ocrx_word' id='word_1_189' title='bbox 2528 1726 2697 1794; x_wconf 89' lang='lat' dir='ltr'>potu-</span> 
     </span>
     <span class='ocr_line' id='line_1_18' title="bbox 281 1794 1881 1876; baseline 0.003 -25"><span class='ocrx_word' id='word_1_190' title='bbox 281 1794 388 1852; x_wconf 82' lang='lat' dir='ltr'>erit</span> <span class='ocrx_word' id='word_1_191' title='bbox 417 1796 566 1853; x_wconf 83' lang='lat' dir='ltr'>tradi</span> <span class='ocrx_word' id='word_1_192' title='bbox 593 1817 698 1873; x_wconf 90' lang='lat' dir='ltr'>pro</span> <span class='ocrx_word' id='word_1_193' title='bbox 728 1799 1010 1872; x_wconf 75' lang='lat' dir='ltr'>omnibuS,</span> <span class='ocrx_word' id='word_1_194' title='bbox 1044 1807 1102 1857; x_wconf 89' lang='lat' dir='ltr'>et</span> <span class='ocrx_word' id='word_1_195' title='bbox 1129 1820 1233 1876; x_wconf 89' lang='lat' dir='ltr'>pro</span> <span class='ocrx_word' id='word_1_196' title='bbox 1261 1799 1608 1875; x_wconf 89' lang='lat' dir='ltr'>quibusdam</span> <span class='ocrx_word' id='word_1_197' title='bbox 1637 1807 1881 1857; x_wconf 86' lang='lat' dir='ltr'>tantum.</span> 
     </span>
    </p>

    <p class='ocr_par' dir='ltr' id='par_1_3' title="bbox 277 1875 2714 3473">
     <span class='ocr_line' id='line_1_19' title="bbox 887 1875 2699 1953; baseline -0.001 -18"><span class='ocrx_word' id='word_1_198' title='bbox 887 1879 1102 1936; x_wconf 88' lang='lat' dir='ltr'>XXV.</span> <span class='ocrx_word' id='word_1_199' title='bbox 1158 1879 1389 1953; x_wconf 84' lang='lat' dir='ltr'>QuintO,</span> <span class='ocrx_word' id='word_1_200' title='bbox 1415 1881 1520 1936; x_wconf 76' lang='lat' dir='ltr'>Ex</span> <span class='ocrx_word' id='word_1_201' title='bbox 1545 1899 1764 1936; x_wconf 83' lang='lat' dir='ltr'>summa</span> <span class='ocrx_word' id='word_1_202' title='bbox 1787 1878 2073 1935; x_wconf 81' lang='lat' dir='ltr'>dilectione</span> <span class='ocrx_word' id='word_1_203' title='bbox 2099 1875 2325 1934; x_wconf 75' lang='lat' dir='ltr'>Christi.</span> <span class='ocrx_word' id='word_1_204' title='bbox 2351 1876 2465 1933; x_wconf 88' lang='lat' dir='ltr'>Pro</span> <span class='ocrx_word' id='word_1_205' title='bbox 2488 1876 2699 1952; x_wconf 87' lang='lat' dir='ltr'>quibus</span> 
     </span>
     <span class='ocr_line' id='line_1_20' title="bbox 809 1956 2699 2033; baseline -0.001 -18"><span class='ocrx_word' id='word_1_206' title='bbox 809 1958 1071 2016; x_wconf 86' lang='lat' dir='ltr'>Christus</span> <span class='ocrx_word' id='word_1_207' title='bbox 1100 1967 1360 2016; x_wconf 88' lang='lat' dir='ltr'>mortuus</span> <span class='ocrx_word' id='word_1_208' title='bbox 1390 1966 1478 2016; x_wconf 87' lang='lat' dir='ltr'>est</span> <span class='ocrx_word' id='word_1_209' title='bbox 1507 1977 1605 2016; x_wconf 88' lang='lat' dir='ltr'>eos</span> <span class='ocrx_word' id='word_1_210' title='bbox 1633 1965 1932 2033; x_wconf 81' lang='lat' dir='ltr'>tantopere</span> <span class='ocrx_word' id='word_1_211' title='bbox 1962 1956 2186 2031; x_wconf 87' lang='lat' dir='ltr'>dilexit,</span> <span class='ocrx_word' id='word_1_212' title='bbox 2217 1963 2283 2013; x_wconf 92' lang='lat' dir='ltr'>ut</span> <span class='ocrx_word' id='word_1_213' title='bbox 2310 1957 2494 2031; x_wconf 86' lang='lat' dir='ltr'>major</span> <span class='ocrx_word' id='word_1_214' title='bbox 2522 1956 2699 2013; x_wconf 88' lang='lat' dir='ltr'>dilee-</span> 
     </span>
     <span class='ocr_line' id='line_1_21' title="bbox 807 2034 2698 2115; baseline -0.001 -20"><span class='ocrx_word' id='word_1_215' title='bbox 807 2038 888 2095; x_wconf 90' lang='lat' dir='ltr'>tio</span> <span class='ocrx_word' id='word_1_216' title='bbox 919 2038 1042 2095; x_wconf 86' lang='lat' dir='ltr'>dari</span> <span class='ocrx_word' id='word_1_217' title='bbox 1071 2058 1185 2095; x_wconf 89' lang='lat' dir='ltr'>non</span> <span class='ocrx_word' id='word_1_218' title='bbox 1215 2038 1415 2113; x_wconf 87' lang='lat' dir='ltr'>possit.</span> <span class='ocrx_word' id='word_1_219' title='bbox 1489 2040 1525 2070; x_wconf 74' lang='lat'>‘⁴</span> <span class='ocrx_word' id='word_1_220' title='bbox 1546 2039 1829 2115; x_wconf 89' lang='lat' dir='ltr'>Majorem</span> <span class='ocrx_word' id='word_1_221' title='bbox 1860 2036 2256 2108; x_wconf 88' lang='lat' dir='ltr'>charitatem,&#39;&#39;</span> <span class='ocrx_word' id='word_1_222' title='bbox 2288 2034 2475 2111; x_wconf 90' lang='lat' dir='ltr'>inquit</span> <span class='ocrx_word' id='word_1_223' title='bbox 2505 2035 2698 2093; x_wconf 80' lang='lat' dir='ltr'>Chris·</span> 
     </span>
     <span class='ocr_line' id='line_1_22' title="bbox 283 2116 2702 2193; baseline -0 -19"><span class='ocrx_word' id='word_1_224' title='bbox 283 2125 393 2192; x_wconf 82' lang='lat' dir='ltr'>tuS,</span> <span class='ocrx_word' id='word_1_225' title='bbox 442 2118 582 2175; x_wconf 84' lang='lat' dir='ltr'>Joh.</span> <span class='ocrx_word' id='word_1_226' title='bbox 615 2138 714 2175; x_wconf 84' lang='lat' dir='ltr'>xv.</span> <span class='ocrx_word' id='word_1_227' title='bbox 750 2119 842 2190; x_wconf 89' lang='lat'>13,</span> <span class='ocrx_word' id='word_1_228' title='bbox 876 2120 1098 2176; x_wconf 84' lang='lat' dir='ltr'>“nemo</span> <span class='ocrx_word' id='word_1_229' title='bbox 1144 2118 1335 2190; x_wconf 89' lang='lat' dir='ltr'>habet,</span> <span class='ocrx_word' id='word_1_230' title='bbox 1367 2138 1538 2192; x_wconf 84' lang='lat' dir='ltr'>quam</span> <span class='ocrx_word' id='word_1_231' title='bbox 1572 2118 1621 2174; x_wconf 89' lang='lat' dir='ltr'>si</span> <span class='ocrx_word' id='word_1_232' title='bbox 1651 2117 1781 2193; x_wconf 90' lang='lat' dir='ltr'>quis</span> <span class='ocrx_word' id='word_1_233' title='bbox 1824 2117 2072 2173; x_wconf 83' lang='lat' dir='ltr'>animam</span> <span class='ocrx_word' id='word_1_234' title='bbox 2121 2123 2299 2193; x_wconf 85' lang='lat' dir='ltr'>ponat</span> <span class='ocrx_word' id='word_1_235' title='bbox 2348 2135 2451 2192; x_wconf 91' lang='lat' dir='ltr'>pro</span> <span class='ocrx_word' id='word_1_236' title='bbox 2501 2116 2702 2173; x_wconf 87' lang='lat' dir='ltr'>amicis</span> 
     </span>
     <span class='ocr_line' id='line_1_23' title="bbox 284 2194 2701 2272; baseline 0 -20"><span class='ocrx_word' id='word_1_237' title='bbox 284 2197 458 2253; x_wconf 88' lang='lat' dir='ltr'>suis.‘&#39;</span> <span class='ocrx_word' id='word_1_238' title='bbox 519 2197 597 2254; x_wconf 88' lang='lat' dir='ltr'>Et</span> <span class='ocrx_word' id='word_1_239' title='bbox 628 2197 861 2272; x_wconf 89' lang='lat' dir='ltr'>Paulus,</span> <span class='ocrx_word' id='word_1_240' title='bbox 885 2198 1053 2255; x_wconf 86' lang='lat' dir='ltr'>Rom.</span> <span class='ocrx_word' id='word_1_241' title='bbox 1084 2218 1141 2255; x_wconf 84' lang='lat' dir='ltr'>v.</span> <span class='ocrx_word' id='word_1_242' title='bbox 1168 2201 1221 2270; x_wconf 85' lang='lat'>7,</span> <span class='ocrx_word' id='word_1_243' title='bbox 1255 2200 1310 2270; x_wconf 87' lang='lat'>8,</span> <span class='ocrx_word' id='word_1_244' title='bbox 1343 2196 1710 2255; x_wconf 90' lang='lat' dir='ltr'>dilectionem</span> <span class='ocrx_word' id='word_1_245' title='bbox 1740 2198 1909 2254; x_wconf 89' lang='lat' dir='ltr'>istam</span> <span class='ocrx_word' id='word_1_246' title='bbox 1937 2197 2021 2254; x_wconf 86' lang='lat' dir='ltr'>ita</span> <span class='ocrx_word' id='word_1_247' title='bbox 2049 2194 2429 2271; x_wconf 83' lang='lat' dir='ltr'>commendat,</span> <span class='ocrx_word' id='word_1_248' title='bbox 2475 2204 2540 2253; x_wconf 92' lang='lat' dir='ltr'>ut</span> <span class='ocrx_word' id='word_1_249' title='bbox 2581 2216 2701 2253; x_wconf 90' lang='lat' dir='ltr'>rem</span> 
     </span>
     <span class='ocr_line' id='line_1_24' title="bbox 284 2273 2703 2353; baseline 0.001 -23"><span class='ocrx_word' id='word_1_250' title='bbox 284 2273 454 2351; x_wconf 88' lang='lat' dir='ltr'>plane</span> <span class='ocrx_word' id='word_1_251' title='bbox 484 2275 684 2333; x_wconf 90' lang='lat' dir='ltr'>miram</span> <span class='ocrx_word' id='word_1_252' title='bbox 715 2286 772 2334; x_wconf 89' lang='lat' dir='ltr'>et</span> <span class='ocrx_word' id='word_1_253' title='bbox 801 2276 1117 2336; x_wconf 88' lang='lat' dir='ltr'>inauditam</span> <span class='ocrx_word' id='word_1_254' title='bbox 1159 2277 1309 2335; x_wconf 89' lang='lat' dir='ltr'>inter</span> <span class='ocrx_word' id='word_1_255' title='bbox 1349 2276 1629 2351; x_wconf 89' lang='lat' dir='ltr'>homines,</span> <span class='ocrx_word' id='word_1_256' title='bbox 1671 2277 1847 2333; x_wconf 88' lang='lat' dir='ltr'>“Vix</span> <span class='ocrx_word' id='word_1_257' title='bbox 1876 2285 1981 2349; x_wconf 87' lang='lat' dir='ltr'>est,</span> <span class='ocrx_word' id='word_1_258' title='bbox 2013 2285 2078 2335; x_wconf 91' lang='lat' dir='ltr'>ut</span> <span class='ocrx_word' id='word_1_259' title='bbox 2105 2276 2235 2353; x_wconf 89' lang='lat' dir='ltr'>quis</span> <span class='ocrx_word' id='word_1_260' title='bbox 2281 2276 2560 2333; x_wconf 87' lang='lat' dir='ltr'>moriatur</span> <span class='ocrx_word' id='word_1_261' title='bbox 2601 2296 2703 2351; x_wconf 91' lang='lat' dir='ltr'>pro</span> 
     </span>
     <span class='ocr_line' id='line_1_25' title="bbox 277 2355 2705 2433; baseline 0.001 -22"><span class='ocrx_word' id='word_1_262' title='bbox 277 2355 458 2432; x_wconf 85' lang='lat' dir='ltr'>just0,</span> <span class='ocrx_word' id='word_1_263' title='bbox 484 2355 587 2413; x_wconf 88' lang='lat' dir='ltr'>sed</span> <span class='ocrx_word' id='word_1_264' title='bbox 609 2355 753 2414; x_wconf 89' lang='lat' dir='ltr'>forte</span> <span class='ocrx_word' id='word_1_265' title='bbox 781 2376 886 2432; x_wconf 93' lang='lat' dir='ltr'>pro</span> <span class='ocrx_word' id='word_1_266' title='bbox 908 2357 1034 2414; x_wconf 80' lang='lat' dir='ltr'>viro</span> <span class='ocrx_word' id='word_1_267' title='bbox 1062 2356 1243 2433; x_wconf 91' lang='lat' dir='ltr'>probo</span> <span class='ocrx_word' id='word_1_268' title='bbox 1272 2357 1482 2432; x_wconf 86' lang='lat' dir='ltr'>aliquis</span> <span class='ocrx_word' id='word_1_269' title='bbox 1513 2356 1820 2415; x_wconf 83' lang='lat' dir='ltr'>sustinebit</span> <span class='ocrx_word' id='word_1_270' title='bbox 1849 2364 2146 2433; x_wconf 89' lang='lat' dir='ltr'>oppetere;</span> <span class='ocrx_word' id='word_1_271' title='bbox 2178 2356 2543 2415; x_wconf 88' lang='lat' dir='ltr'>commendat</span> <span class='ocrx_word' id='word_1_272' title='bbox 2565 2376 2705 2413; x_wconf 78' lang='lat' dir='ltr'>vero</span> 
     </span>
     <span class='ocr_line' id='line_1_26' title="bbox 286 2435 2705 2513; baseline 0 -21"><span class='ocrx_word' id='word_1_273' title='bbox 286 2435 623 2494; x_wconf 86' lang='lat' dir='ltr'>charitatem</span> <span class='ocrx_word' id='word_1_274' title='bbox 664 2456 827 2494; x_wconf 88' lang='lat' dir='ltr'>suam</span> <span class='ocrx_word' id='word_1_275' title='bbox 869 2437 1030 2494; x_wconf 90' lang='lat' dir='ltr'>Deus</span> <span class='ocrx_word' id='word_1_276' title='bbox 1060 2437 1118 2493; x_wconf 90' lang='lat' dir='ltr'>in</span> <span class='ocrx_word' id='word_1_277' title='bbox 1147 2457 1215 2494; x_wconf 87' lang='lat' dir='ltr'>eo</span> <span class='ocrx_word' id='word_1_278' title='bbox 1245 2437 1402 2512; x_wconf 93' lang='lat' dir='ltr'>quod</span> <span class='ocrx_word' id='word_1_279' title='bbox 1431 2457 1560 2494; x_wconf 90' lang='lat' dir='ltr'>cum</span> <span class='ocrx_word' id='word_1_280' title='bbox 1604 2445 1935 2513; x_wconf 84' lang='lat' dir='ltr'>peccatores</span> <span class='ocrx_word' id='word_1_281' title='bbox 1977 2456 2249 2510; x_wconf 86' lang='lat' dir='ltr'>essemus,</span> <span class='ocrx_word' id='word_1_282' title='bbox 2297 2436 2559 2494; x_wconf 86' lang='lat' dir='ltr'>Christus</span> <span class='ocrx_word' id='word_1_283' title='bbox 2601 2456 2705 2512; x_wconf 90' lang='lat' dir='ltr'>pro</span> 
     </span>
     <span class='ocr_line' id='line_1_27' title="bbox 284 2515 2705 2593; baseline 0.001 -22"><span class='ocrx_word' id='word_1_284' title='bbox 284 2515 452 2574; x_wconf 91' lang='lat' dir='ltr'>nobis</span> <span class='ocrx_word' id='word_1_285' title='bbox 501 2525 761 2575; x_wconf 88' lang='lat' dir='ltr'>mortuus</span> <span class='ocrx_word' id='word_1_286' title='bbox 811 2518 957 2575; x_wconf 90' lang='lat' dir='ltr'>est.’&#39;</span> <span class='ocrx_word' id='word_1_287' title='bbox 1044 2516 1131 2576; x_wconf 84' lang='lat' dir='ltr'>At</span> <span class='ocrx_word' id='word_1_288' title='bbox 1165 2517 1276 2575; x_wconf 88' lang='lat' dir='ltr'>hoc</span> <span class='ocrx_word' id='word_1_289' title='bbox 1320 2517 1392 2574; x_wconf 90' lang='lat' dir='ltr'>de</span> <span class='ocrx_word' id='word_1_290' title='bbox 1449 2517 1718 2574; x_wconf 91' lang='lat' dir='ltr'>omnibus</span> <span class='ocrx_word' id='word_1_291' title='bbox 1752 2525 1810 2575; x_wconf 91' lang='lat' dir='ltr'>et</span> <span class='ocrx_word' id='word_1_292' title='bbox 1856 2517 2102 2593; x_wconf 88' lang='lat' dir='ltr'>singulis</span> <span class='ocrx_word' id='word_1_293' title='bbox 2148 2516 2262 2574; x_wconf 88' lang='lat' dir='ltr'>diei</span> <span class='ocrx_word' id='word_1_294' title='bbox 2308 2516 2525 2592; x_wconf 90' lang='lat' dir='ltr'>nequit,</span> <span class='ocrx_word' id='word_1_295' title='bbox 2574 2536 2705 2573; x_wconf 89' lang='lat' dir='ltr'>eum</span> 
     </span>
     <span class='ocr_line' id='line_1_28' title="bbox 286 2596 2704 2675; baseline 0.001 -22"><span class='ocrx_word' id='word_1_296' title='bbox 286 2596 440 2673; x_wconf 88' lang='lat' dir='ltr'>apud</span> <span class='ocrx_word' id='word_1_297' title='bbox 470 2617 670 2656; x_wconf 90' lang='lat' dir='ltr'>omncs</span> <span class='ocrx_word' id='word_1_298' title='bbox 698 2606 939 2672; x_wconf 89' lang='lat' dir='ltr'>constet,</span> <span class='ocrx_word' id='word_1_299' title='bbox 968 2597 1203 2656; x_wconf 89' lang='lat' dir='ltr'>Petrum</span> <span class='ocrx_word' id='word_1_300' title='bbox 1231 2598 1421 2675; x_wconf 88' lang='lat' dir='ltr'>magis</span> <span class='ocrx_word' id='word_1_301' title='bbox 1440 2619 1474 2655; x_wconf 92' lang='lat' dir='ltr'>a</span> <span class='ocrx_word' id='word_1_302' title='bbox 1494 2598 1724 2656; x_wconf 88' lang='lat' dir='ltr'>Christo</span> <span class='ocrx_word' id='word_1_303' title='bbox 1747 2596 2022 2656; x_wconf 88' lang='lat' dir='ltr'>dilectum</span> <span class='ocrx_word' id='word_1_304' title='bbox 2052 2596 2245 2670; x_wconf 86' lang='lat' dir='ltr'>fuisse,</span> <span class='ocrx_word' id='word_1_305' title='bbox 2272 2618 2443 2675; x_wconf 70' lang='lat' dir='ltr'>quani</span> <span class='ocrx_word' id='word_1_306' title='bbox 2467 2597 2510 2655; x_wconf 84' lang='lat' dir='ltr'><strong>J</strong></span> <span class='ocrx_word' id='word_1_307' title='bbox 2514 2596 2704 2655; x_wconf 85' lang='lat' dir='ltr'>udam.</span> 
     </span>
     <span class='ocr_line' id='line_1_29' title="bbox 288 2677 2708 2755; baseline 0 -20"><span class='ocrx_word' id='word_1_308' title='bbox 288 2677 410 2735; x_wconf 89' lang='lat' dir='ltr'>Nec</span> <span class='ocrx_word' id='word_1_309' title='bbox 439 2678 567 2754; x_wconf 86' lang='lat' dir='ltr'>capi</span> <span class='ocrx_word' id='word_1_310' title='bbox 595 2686 802 2755; x_wconf 90' lang='lat' dir='ltr'>potest,</span> <span class='ocrx_word' id='word_1_311' title='bbox 848 2678 1136 2754; x_wconf 87' lang='lat' dir='ltr'>quomodo</span> <span class='ocrx_word' id='word_1_312' title='bbox 1168 2699 1386 2737; x_wconf 85' lang='lat' dir='ltr'>summe</span> <span class='ocrx_word' id='word_1_313' title='bbox 1417 2679 1694 2736; x_wconf 87' lang='lat' dir='ltr'>dilexisse</span> <span class='ocrx_word' id='word_1_314' title='bbox 1725 2677 1840 2737; x_wconf 89' lang='lat' dir='ltr'>diei</span> <span class='ocrx_word' id='word_1_315' title='bbox 1867 2678 2066 2755; x_wconf 85' lang='lat' dir='ltr'>possit,</span> <span class='ocrx_word' id='word_1_316' title='bbox 2119 2698 2264 2754; x_wconf 89' lang='lat' dir='ltr'>quos</span> <span class='ocrx_word' id='word_1_317' title='bbox 2294 2688 2567 2755; x_wconf 87' lang='lat' dir='ltr'>tanquam</span> <span class='ocrx_word' id='word_1_318' title='bbox 2620 2697 2708 2735; x_wconf 87' lang='lat' dir='ltr'>se·</span> 
     </span>
     <span class='ocr_line' id='line_1_30' title="bbox 287 2757 2710 2836; baseline 0 -23"><span class='ocrx_word' id='word_1_319' title='bbox 287 2776 462 2815; x_wconf 89' lang='lat' dir='ltr'>verus</span> <span class='ocrx_word' id='word_1_320' title='bbox 500 2759 543 2817; x_wconf 87' lang='lat' dir='ltr'><strong>J</strong></span> <span class='ocrx_word' id='word_1_321' title='bbox 548 2758 701 2816; x_wconf 87' lang='lat' dir='ltr'>udex</span> <span class='ocrx_word' id='word_1_322' title='bbox 742 2767 1015 2817; x_wconf 84' lang='lat' dir='ltr'>aeternum</span> <span class='ocrx_word' id='word_1_323' title='bbox 1058 2758 1411 2835; x_wconf 85' lang='lat' dir='ltr'>torquendos</span> <span class='ocrx_word' id='word_1_324' title='bbox 1438 2759 1560 2836; x_wconf 86' lang='lat' dir='ltr'>jam</span> <span class='ocrx_word' id='word_1_325' title='bbox 1597 2760 1825 2817; x_wconf 83' lang='lat' dir='ltr'>Satanae</span> <span class='ocrx_word' id='word_1_326' title='bbox 1854 2758 2187 2833; x_wconf 85' lang='lat' dir='ltr'>tradiderat,</span> <span class='ocrx_word' id='word_1_327' title='bbox 2219 2760 2314 2817; x_wconf 88' lang='lat' dir='ltr'>vel</span> <span class='ocrx_word' id='word_1_328' title='bbox 2344 2757 2710 2816; x_wconf 86' lang='lat' dir='ltr'>irrecovabili</span> 
     </span>
     <span class='ocr_line' id='line_1_31' title="bbox 291 2837 2708 2915; baseline 0 -21"><span class='ocrx_word' id='word_1_329' title='bbox 291 2837 540 2895; x_wconf 90' lang='lat' dir='ltr'>Decreto</span> <span class='ocrx_word' id='word_1_330' title='bbox 579 2839 896 2898; x_wconf 87' lang='lat' dir='ltr'>traditurus</span> <span class='ocrx_word' id='word_1_331' title='bbox 934 2847 1075 2898; x_wconf 87' lang='lat' dir='ltr'>erat.</span> <span class='ocrx_word' id='word_1_332' title='bbox 1163 2839 1285 2897; x_wconf 88' lang='lat' dir='ltr'>Nec</span> <span class='ocrx_word' id='word_1_333' title='bbox 1314 2839 1429 2896; x_wconf 89' lang='lat' dir='ltr'>diei</span> <span class='ocrx_word' id='word_1_334' title='bbox 1457 2847 1650 2915; x_wconf 88' lang='lat' dir='ltr'>potest</span> <span class='ocrx_word' id='word_1_335' title='bbox 1679 2839 1775 2915; x_wconf 86' lang='lat' dir='ltr'>agi</span> <span class='ocrx_word' id='word_1_336' title='bbox 1805 2838 1877 2896; x_wconf 90' lang='lat' dir='ltr'>de</span> <span class='ocrx_word' id='word_1_337' title='bbox 1906 2838 2130 2896; x_wconf 88' lang='lat' dir='ltr'>actibus</span> <span class='ocrx_word' id='word_1_338' title='bbox 2160 2839 2416 2897; x_wconf 83' lang='lat' dir='ltr'>externis</span> <span class='ocrx_word' id='word_1_339' title='bbox 2446 2838 2708 2895; x_wconf 89' lang='lat' dir='ltr'>dilectio-</span> 
     </span>
     <span class='ocr_line' id='line_1_32' title="bbox 288 2917 2712 2996; baseline 0 -22"><span class='ocrx_word' id='word_1_340' title='bbox 288 2917 407 2992; x_wconf 90' lang='lat' dir='ltr'>nis;</span> <span class='ocrx_word' id='word_1_341' title='bbox 439 2918 575 2993; x_wconf 85' lang='lat' dir='ltr'>quia</span> <span class='ocrx_word' id='word_1_342' title='bbox 596 2928 977 2994; x_wconf 68' lang='lat' dir='ltr'>praeterquam</span> <span class='ocrx_word' id='word_1_343' title='bbox 997 2918 1153 2995; x_wconf 87' lang='lat' dir='ltr'>quod</span> <span class='ocrx_word' id='word_1_344' title='bbox 1171 2929 1335 2977; x_wconf 88' lang='lat' dir='ltr'>aetus</span> <span class='ocrx_word' id='word_1_345' title='bbox 1354 2919 1576 2976; x_wconf 84' lang='lat' dir='ltr'>externi</span> <span class='ocrx_word' id='word_1_346' title='bbox 1599 2926 1929 2996; x_wconf 87' lang='lat' dir='ltr'>supponunt</span> <span class='ocrx_word' id='word_1_347' title='bbox 1947 2919 2230 2992; x_wconf 87' lang='lat' dir='ltr'>internos;</span> <span class='ocrx_word' id='word_1_348' title='bbox 2259 2920 2306 2975; x_wconf 87' lang='lat' dir='ltr'>si</span> <span class='ocrx_word' id='word_1_349' title='bbox 2327 2918 2590 2975; x_wconf 85' lang='lat' dir='ltr'>Christus</span> <span class='ocrx_word' id='word_1_350' title='bbox 2608 2938 2712 2993; x_wconf 90' lang='lat' dir='ltr'>pro</span> 
     </span>
     <span class='ocr_line' id='line_1_33' title="bbox 289 2996 2709 3073; baseline 0 -19"><span class='ocrx_word' id='word_1_351' title='bbox 289 2996 556 3054; x_wconf 87' lang='lat' dir='ltr'>omnibus</span> <span class='ocrx_word' id='word_1_352' title='bbox 580 3006 637 3055; x_wconf 90' lang='lat' dir='ltr'>et</span> <span class='ocrx_word' id='word_1_353' title='bbox 660 2998 906 3073; x_wconf 88' lang='lat' dir='ltr'>singulis</span> <span class='ocrx_word' id='word_1_354' title='bbox 934 3008 1125 3056; x_wconf 89' lang='lat' dir='ltr'>actum</span> <span class='ocrx_word' id='word_1_355' title='bbox 1156 2998 1331 3057; x_wconf 88' lang='lat' dir='ltr'>istum</span> <span class='ocrx_word' id='word_1_356' title='bbox 1360 2999 1707 3056; x_wconf 86' lang='lat' dir='ltr'>exteriorem</span> <span class='ocrx_word' id='word_1_357' title='bbox 1735 2998 1976 3070; x_wconf 86' lang='lat' dir='ltr'>exeruit,</span> <span class='ocrx_word' id='word_1_358' title='bbox 2005 3017 2120 3072; x_wconf 92' lang='lat' dir='ltr'>quo</span> <span class='ocrx_word' id='word_1_359' title='bbox 2142 2998 2328 3073; x_wconf 86' lang='lat' dir='ltr'>major</span> <span class='ocrx_word' id='word_1_360' title='bbox 2347 2998 2468 3054; x_wconf 85' lang='lat' dir='ltr'>dari</span> <span class='ocrx_word' id='word_1_361' title='bbox 2493 2997 2709 3071; x_wconf 89' lang='lat' dir='ltr'>nequit,</span> 
     </span>
     <span class='ocr_line' id='line_1_34' title="bbox 290 3076 2709 3153; baseline 0 -20"><span class='ocrx_word' id='word_1_362' title='bbox 290 3076 549 3152; x_wconf 87' lang='lat' dir='ltr'>sequitur</span> <span class='ocrx_word' id='word_1_363' title='bbox 578 3076 721 3133; x_wconf 88' lang='lat' dir='ltr'>nihil</span> <span class='ocrx_word' id='word_1_364' title='bbox 750 3077 936 3152; x_wconf 89' lang='lat' dir='ltr'>magis</span> <span class='ocrx_word' id='word_1_365' title='bbox 964 3077 1225 3152; x_wconf 65' lang='lat' dir='ltr'>praestari</span> <span class='ocrx_word' id='word_1_366' title='bbox 1253 3097 1423 3153; x_wconf 87' lang='lat' dir='ltr'>posse</span> <span class='ocrx_word' id='word_1_367' title='bbox 1446 3097 1481 3134; x_wconf 87' lang='lat' dir='ltr'>a</span> <span class='ocrx_word' id='word_1_368' title='bbox 1504 3077 1735 3135; x_wconf 89' lang='lat' dir='ltr'>Christo</span> <span class='ocrx_word' id='word_1_369' title='bbox 1764 3096 1867 3152; x_wconf 93' lang='lat' dir='ltr'>pro</span> <span class='ocrx_word' id='word_1_370' title='bbox 1899 3076 2134 3149; x_wconf 73' lang='lat' dir='ltr'>Electis,</span> <span class='ocrx_word' id='word_1_371' title='bbox 2161 3097 2330 3152; x_wconf 90' lang='lat' dir='ltr'>quam</span> <span class='ocrx_word' id='word_1_372' title='bbox 2356 3096 2459 3152; x_wconf 86' lang='lat' dir='ltr'>pro</span> <span class='ocrx_word' id='word_1_373' title='bbox 2491 3077 2709 3150; x_wconf 83' lang='lat' dir='ltr'>Repro-</span> 
     </span>
     <span class='ocr_line' id='line_1_35' title="bbox 290 3154 2714 3230; baseline -0 -17"><span class='ocrx_word' id='word_1_374' title='bbox 290 3156 397 3227; x_wconf 85' lang='lat' dir='ltr'>bis,</span> <span class='ocrx_word' id='word_1_375' title='bbox 430 3154 585 3230; x_wconf 92' lang='lat' dir='ltr'>quod</span> <span class='ocrx_word' id='word_1_376' title='bbox 608 3176 776 3213; x_wconf 90' lang='lat' dir='ltr'>nemo</span> <span class='ocrx_word' id='word_1_377' title='bbox 805 3176 921 3212; x_wconf 91' lang='lat' dir='ltr'>non</span> <span class='ocrx_word' id='word_1_378' title='bbox 950 3156 1111 3214; x_wconf 86' lang='lat' dir='ltr'>videt</span> <span class='ocrx_word' id='word_1_379' title='bbox 1138 3176 1265 3214; x_wconf 88' lang='lat' dir='ltr'>esse</span> <span class='ocrx_word' id='word_1_380' title='bbox 1294 3155 1626 3213; x_wconf 88' lang='lat' dir='ltr'>absurdum.</span> <span class='ocrx_word' id='word_1_381' title='bbox 1699 3156 1821 3212; x_wconf 91' lang='lat' dir='ltr'>Nec</span> <span class='ocrx_word' id='word_1_382' title='bbox 1853 3155 1900 3212; x_wconf 89' lang='lat' dir='ltr'>si</span> <span class='ocrx_word' id='word_1_383' title='bbox 1931 3156 2165 3213; x_wconf 88' lang='lat' dir='ltr'>Electos</span> <span class='ocrx_word' id='word_1_384' title='bbox 2194 3156 2339 3212; x_wconf 87' lang='lat' dir='ltr'>alios</span> <span class='ocrx_word' id='word_1_385' title='bbox 2368 3155 2496 3212; x_wconf 87' lang='lat' dir='ltr'>aliis</span> <span class='ocrx_word' id='word_1_386' title='bbox 2525 3155 2714 3229; x_wconf 86' lang='lat' dir='ltr'>magis</span> 
     </span>
     <span class='ocr_line' id='line_1_36' title="bbox 291 3234 2713 3312; baseline -0.001 -19"><span class='ocrx_word' id='word_1_387' title='bbox 291 3235 515 3312; x_wconf 85' lang='lat' dir='ltr'>diligat,</span> <span class='ocrx_word' id='word_1_388' title='bbox 548 3235 740 3311; x_wconf 91' lang='lat' dir='ltr'>quoad</span> <span class='ocrx_word' id='word_1_389' title='bbox 769 3235 1114 3293; x_wconf 87' lang='lat' dir='ltr'>charismata</span> <span class='ocrx_word' id='word_1_390' title='bbox 1141 3236 1366 3293; x_wconf 88' lang='lat' dir='ltr'>interna</span> <span class='ocrx_word' id='word_1_391' title='bbox 1399 3235 1665 3311; x_wconf 85' lang='lat' dir='ltr'>Spiritus,</span> <span class='ocrx_word' id='word_1_392' title='bbox 1698 3254 1940 3310; x_wconf 89' lang='lat' dir='ltr'>quorum</span> <span class='ocrx_word' id='word_1_393' title='bbox 1972 3235 2280 3292; x_wconf 83' lang='lat' dir='ltr'>diversitas</span> <span class='ocrx_word' id='word_1_394' title='bbox 2302 3234 2611 3310; x_wconf 86' lang='lat' dir='ltr'>requiritur</span> <span class='ocrx_word' id='word_1_395' title='bbox 2638 3235 2713 3291; x_wconf 89' lang='lat' dir='ltr'>ad</span> 
     </span>
     <span class='ocr_line' id='line_1_37' title="bbox 294 3313 2714 3392; baseline -0.001 -18"><span class='ocrx_word' id='word_1_396' title='bbox 294 3314 563 3392; x_wconf 85' lang='lat' dir='ltr'>Corporis</span> <span class='ocrx_word' id='word_1_397' title='bbox 594 3315 681 3373; x_wconf 86' lang='lat' dir='ltr'>sui</span> <span class='ocrx_word' id='word_1_398' title='bbox 712 3315 943 3391; x_wconf 85' lang='lat' dir='ltr'>mystici</span> <span class='ocrx_word' id='word_1_399' title='bbox 971 3315 1407 3392; x_wconf 87' lang='lat' dir='ltr'>perfectionem;</span> <span class='ocrx_word' id='word_1_400' title='bbox 1447 3316 1557 3372; x_wconf 89' lang='lat' dir='ltr'>hoc</span> <span class='ocrx_word' id='word_1_401' title='bbox 1589 3315 1817 3373; x_wconf 88' lang='lat' dir='ltr'>obstare</span> <span class='ocrx_word' id='word_1_402' title='bbox 1847 3322 2054 3390; x_wconf 90' lang='lat' dir='ltr'>potest,</span> <span class='ocrx_word' id='word_1_403' title='bbox 2087 3314 2394 3389; x_wconf 88' lang='lat' dir='ltr'>quominus</span> <span class='ocrx_word' id='word_1_404' title='bbox 2423 3313 2714 3371; x_wconf 87' lang='lat' dir='ltr'>maximus</span> 
     </span>
     <span class='ocr_line' id='line_1_38' title="bbox 292 3393 2712 3473; baseline -0.001 -20"><span class='ocrx_word' id='word_1_405' title='bbox 292 3396 508 3473; x_wconf 86' lang='lat' dir='ltr'>gradus</span> <span class='ocrx_word' id='word_1_406' title='bbox 527 3395 871 3471; x_wconf 89' lang='lat' dir='ltr'>dilectionis,</span> <span class='ocrx_word' id='word_1_407' title='bbox 903 3416 1017 3465; x_wconf 79' lang='lat' dir='ltr'>qua</span> <span class='ocrx_word' id='word_1_408' title='bbox 1045 3405 1320 3472; x_wconf 91' lang='lat' dir='ltr'>utrosque</span> <span class='ocrx_word' id='word_1_409' title='bbox 1348 3403 1688 3473; x_wconf 87' lang='lat' dir='ltr'>prosecutus</span> <span class='ocrx_word' id='word_1_410' title='bbox 1710 3402 1814 3468; x_wconf 89' lang='lat' dir='ltr'>est,</span> <span class='ocrx_word' id='word_1_411' title='bbox 1841 3395 1916 3452; x_wconf 90' lang='lat' dir='ltr'>sit</span> <span class='ocrx_word' id='word_1_412' title='bbox 1944 3394 2154 3472; x_wconf 88' lang='lat' dir='ltr'>positio</span> <span class='ocrx_word' id='word_1_413' title='bbox 2182 3394 2388 3452; x_wconf 80' lang='lat' dir='ltr'>animae</span> <span class='ocrx_word' id='word_1_414' title='bbox 2417 3414 2522 3470; x_wconf 90' lang='lat' dir='ltr'>pro</span> <span class='ocrx_word' id='word_1_415' title='bbox 2553 3393 2712 3470; x_wconf 87' lang='lat' dir='ltr'>ipsis.</span> 
     </span>
    </p>

    <p class='ocr_par' dir='ltr' id='par_1_4' title="bbox 294 3474 2723 4750">
     <span class='ocr_line' id='line_1_39' title="bbox 904 3474 2711 3551; baseline -0.001 -18"><span class='ocrx_word' id='word_1_416' title='bbox 904 3477 1154 3534; x_wconf 86' lang='lat' dir='ltr'>XXVI.</span> <span class='ocrx_word' id='word_1_417' title='bbox 1204 3477 1401 3551; x_wconf 88' lang='lat' dir='ltr'>Sexto,</span> <span class='ocrx_word' id='word_1_418' title='bbox 1438 3477 1532 3533; x_wconf 86' lang='lat' dir='ltr'>Ex</span> <span class='ocrx_word' id='word_1_419' title='bbox 1560 3484 1774 3533; x_wconf 78' lang='lat' dir='ltr'>natura</span> <span class='ocrx_word' id='word_1_420' title='bbox 1801 3475 2128 3551; x_wconf 76' lang='lat' dir='ltr'>Sponsionis</span> <span class='ocrx_word' id='word_1_421' title='bbox 2160 3475 2375 3534; x_wconf 75' lang='lat' dir='ltr'>Christi</span> <span class='ocrx_word' id='word_1_422' title='bbox 2412 3474 2563 3532; x_wconf 89' lang='lat' dir='ltr'>idem</span> <span class='ocrx_word' id='word_1_423' title='bbox 2595 3474 2711 3532; x_wconf 90' lang='lat' dir='ltr'>col-</span> 
     </span>
     <span class='ocr_line' id='line_1_40' title="bbox 823 3555 2712 3633; baseline -0.002 -19"><span class='ocrx_word' id='word_1_424' title='bbox 823 3557 1041 3633; x_wconf 87' lang='lat' dir='ltr'>ligitur.</span> <span class='ocrx_word' id='word_1_425' title='bbox 1129 3557 1274 3616; x_wconf 90' lang='lat' dir='ltr'>Cum</span> <span class='ocrx_word' id='word_1_426' title='bbox 1304 3557 1457 3615; x_wconf 89' lang='lat' dir='ltr'>enim</span> <span class='ocrx_word' id='word_1_427' title='bbox 1488 3556 1959 3616; x_wconf 83' lang='lat' dir='ltr'>substitutionem</span> <span class='ocrx_word' id='word_1_428' title='bbox 1990 3555 2205 3614; x_wconf 88' lang='lat' dir='ltr'>Christi</span> <span class='ocrx_word' id='word_1_429' title='bbox 2233 3555 2293 3611; x_wconf 92' lang='lat' dir='ltr'>in</span> <span class='ocrx_word' id='word_1_430' title='bbox 2342 3555 2535 3613; x_wconf 89' lang='lat' dir='ltr'>locum</span> <span class='ocrx_word' id='word_1_431' title='bbox 2580 3574 2712 3611; x_wconf 91' lang='lat' dir='ltr'>nos-</span> 
     </span>
     <span class='ocr_line' id='line_1_41' title="bbox 820 3634 2714 3714; baseline -0.002 -19"><span class='ocrx_word' id='word_1_432' title='bbox 820 3646 974 3695; x_wconf 88' lang='lat' dir='ltr'>trum</span> <span class='ocrx_word' id='word_1_433' title='bbox 1003 3638 1289 3714; x_wconf 88' lang='lat' dir='ltr'>importet,</span> <span class='ocrx_word' id='word_1_434' title='bbox 1322 3647 1386 3695; x_wconf 93' lang='lat' dir='ltr'>ut</span> <span class='ocrx_word' id='word_1_435' title='bbox 1413 3657 1531 3695; x_wconf 90' lang='lat' dir='ltr'>non</span> <span class='ocrx_word' id='word_1_436' title='bbox 1560 3644 1784 3695; x_wconf 87' lang='lat' dir='ltr'>tantum</span> <span class='ocrx_word' id='word_1_437' title='bbox 1814 3644 2075 3694; x_wconf 88' lang='lat' dir='ltr'>mortuus</span> <span class='ocrx_word' id='word_1_438' title='bbox 2099 3636 2174 3694; x_wconf 87' lang='lat' dir='ltr'>sit</span> <span class='ocrx_word' id='word_1_439' title='bbox 2192 3636 2345 3694; x_wconf 92' lang='lat' dir='ltr'>bono</span> <span class='ocrx_word' id='word_1_440' title='bbox 2365 3644 2581 3709; x_wconf 88' lang='lat' dir='ltr'>nostr0,</span> <span class='ocrx_word' id='word_1_441' title='bbox 2610 3634 2714 3692; x_wconf 86' lang='lat' dir='ltr'>sed</span> 
     </span>
     <span class='ocr_line' id='line_1_42' title="bbox 294 3714 2712 3791; baseline 0 -20"><span class='ocrx_word' id='word_1_442' title='bbox 294 3714 423 3772; x_wconf 90' lang='lat' dir='ltr'>loco</span> <span class='ocrx_word' id='word_1_443' title='bbox 451 3724 665 3789; x_wconf 88' lang='lat' dir='ltr'>nostr0,</span> <span class='ocrx_word' id='word_1_444' title='bbox 696 3724 762 3773; x_wconf 92' lang='lat' dir='ltr'>ut</span> <span class='ocrx_word' id='word_1_445' title='bbox 790 3726 959 3775; x_wconf 86' lang='lat' dir='ltr'>antea</span> <span class='ocrx_word' id='word_1_446' title='bbox 987 3718 1224 3791; x_wconf 90' lang='lat' dir='ltr'>dictum,</span> <span class='ocrx_word' id='word_1_447' title='bbox 1256 3725 1315 3776; x_wconf 90' lang='lat' dir='ltr'>et</span> <span class='ocrx_word' id='word_1_448' title='bbox 1342 3727 1542 3777; x_wconf 89' lang='lat' dir='ltr'>contra</span> <span class='ocrx_word' id='word_1_449' title='bbox 1575 3717 1950 3776; x_wconf 86' lang='lat' dir='ltr'>Socianianos</span> <span class='ocrx_word' id='word_1_450' title='bbox 1981 3715 2162 3774; x_wconf 89' lang='lat' dir='ltr'>solide</span> <span class='ocrx_word' id='word_1_451' title='bbox 2193 3736 2226 3773; x_wconf 86' lang='lat' dir='ltr'>a</span> <span class='ocrx_word' id='word_1_452' title='bbox 2249 3715 2477 3773; x_wconf 86' lang='lat' dir='ltr'>Nostris</span> <span class='ocrx_word' id='word_1_453' title='bbox 2506 3715 2712 3791; x_wconf 88' lang='lat' dir='ltr'>proba-</span> 
     </span>
     <span class='ocr_line' id='line_1_43' title="bbox 295 3793 2716 3871; baseline -0.001 -20"><span class='ocrx_word' id='word_1_454' title='bbox 295 3801 417 3851; x_wconf 88' lang='lat' dir='ltr'>tum</span> <span class='ocrx_word' id='word_1_455' title='bbox 447 3793 572 3865; x_wconf 85' lang='lat' dir='ltr'>fuit,</span> <span class='ocrx_word' id='word_1_456' title='bbox 604 3795 684 3852; x_wconf 89' lang='lat' dir='ltr'>ita</span> <span class='ocrx_word' id='word_1_457' title='bbox 713 3803 778 3852; x_wconf 90' lang='lat' dir='ltr'>nt</span> <span class='ocrx_word' id='word_1_458' title='bbox 811 3797 1129 3871; x_wconf 88' lang='lat' dir='ltr'>Sponsione</span> <span class='ocrx_word' id='word_1_459' title='bbox 1176 3817 1281 3855; x_wconf 89' lang='lat' dir='ltr'>sua</span> <span class='ocrx_word' id='word_1_460' title='bbox 1329 3817 1497 3855; x_wconf 89' lang='lat' dir='ltr'>omne</span> <span class='ocrx_word' id='word_1_461' title='bbox 1543 3817 1740 3855; x_wconf 89' lang='lat' dir='ltr'>eorum</span> <span class='ocrx_word' id='word_1_462' title='bbox 1791 3796 2066 3870; x_wconf 90' lang='lat' dir='ltr'>debitum,</span> <span class='ocrx_word' id='word_1_463' title='bbox 2119 3815 2363 3871; x_wconf 90' lang='lat' dir='ltr'>quorum</span> <span class='ocrx_word' id='word_1_464' title='bbox 2412 3813 2716 3869; x_wconf 87' lang='lat' dir='ltr'>personam</span> 
     </span>
     <span class='ocr_line' id='line_1_44' title="bbox 299 3872 2715 3951; baseline 0 -22"><span class='ocrx_word' id='word_1_465' title='bbox 299 3872 589 3945; x_wconf 88' lang='lat' dir='ltr'>sustinuit,</span> <span class='ocrx_word' id='word_1_466' title='bbox 622 3872 682 3929; x_wconf 91' lang='lat' dir='ltr'>in</span> <span class='ocrx_word' id='word_1_467' title='bbox 712 3893 773 3930; x_wconf 89' lang='lat' dir='ltr'>se</span> <span class='ocrx_word' id='word_1_468' title='bbox 802 3877 1176 3948; x_wconf 88' lang='lat' dir='ltr'>transtulerit,</span> <span class='ocrx_word' id='word_1_469' title='bbox 1208 3884 1266 3933; x_wconf 89' lang='lat' dir='ltr'>et</span> <span class='ocrx_word' id='word_1_470' title='bbox 1294 3877 1367 3933; x_wconf 90' lang='lat' dir='ltr'>ab</span> <span class='ocrx_word' id='word_1_471' title='bbox 1392 3877 1462 3933; x_wconf 90' lang='lat' dir='ltr'>iis</span> <span class='ocrx_word' id='word_1_472' title='bbox 1480 3877 1799 3949; x_wconf 75' lang='lat' dir='ltr'>abstulerit,</span> <span class='ocrx_word' id='word_1_473' title='bbox 1824 3885 1883 3933; x_wconf 90' lang='lat' dir='ltr'>et</span> <span class='ocrx_word' id='word_1_474' title='bbox 1903 3884 2176 3951; x_wconf 88' lang='lat' dir='ltr'>tanquam</span> <span class='ocrx_word' id='word_1_475' title='bbox 2199 3894 2363 3932; x_wconf 89' lang='lat' dir='ltr'>suum</span> <span class='ocrx_word' id='word_1_476' title='bbox 2383 3873 2715 3949; x_wconf 88' lang='lat' dir='ltr'>plenissime</span> 
     </span>
     <span class='ocr_line' id='line_1_45' title="bbox 297 3951 2713 4030; baseline -0.001 -21"><span class='ocrx_word' id='word_1_477' title='bbox 297 3951 663 4027; x_wconf 84' lang='lat' dir='ltr'>expunxerit,</span> <span class='ocrx_word' id='word_1_478' title='bbox 711 3971 827 4008; x_wconf 91' lang='lat' dir='ltr'>non</span> <span class='ocrx_word' id='word_1_479' title='bbox 856 3954 1045 4010; x_wconf 88' lang='lat' dir='ltr'>minus</span> <span class='ocrx_word' id='word_1_480' title='bbox 1074 3974 1247 4029; x_wconf 88' lang='lat' dir='ltr'>quam</span> <span class='ocrx_word' id='word_1_481' title='bbox 1278 3956 1326 4011; x_wconf 88' lang='lat' dir='ltr'>si</span> <span class='ocrx_word' id='word_1_482' title='bbox 1355 3955 1466 4030; x_wconf 89' lang='lat' dir='ltr'>ipsi</span> <span class='ocrx_word' id='word_1_483' title='bbox 1495 3955 1580 4011; x_wconf 90' lang='lat' dir='ltr'>illi</span> <span class='ocrx_word' id='word_1_484' title='bbox 1610 3962 1941 4030; x_wconf 89' lang='lat' dir='ltr'>peccatores</span> <span class='ocrx_word' id='word_1_485' title='bbox 1956 3955 2066 4011; x_wconf 91' lang='lat' dir='ltr'>hoc</span> <span class='ocrx_word' id='word_1_486' title='bbox 2085 3954 2274 4030; x_wconf 90' lang='lat' dir='ltr'>ipsum</span> <span class='ocrx_word' id='word_1_487' title='bbox 2292 3951 2713 4027; x_wconf 76' lang='lat' dir='ltr'>praestitissent,</span> 
     </span>
     <span class='ocr_line' id='line_1_46' title="bbox 298 4031 2715 4109; baseline -0.002 -19"><span class='ocrx_word' id='word_1_488' title='bbox 298 4031 522 4108; x_wconf 89' lang='lat' dir='ltr'>concipi</span> <span class='ocrx_word' id='word_1_489' title='bbox 552 4051 666 4088; x_wconf 90' lang='lat' dir='ltr'>non</span> <span class='ocrx_word' id='word_1_490' title='bbox 698 4040 888 4107; x_wconf 91' lang='lat' dir='ltr'>potest</span> <span class='ocrx_word' id='word_1_491' title='bbox 916 4032 1205 4108; x_wconf 88' lang='lat' dir='ltr'>quomodo</span> <span class='ocrx_word' id='word_1_492' title='bbox 1234 4033 1319 4090; x_wconf 88' lang='lat' dir='ltr'>illi</span> <span class='ocrx_word' id='word_1_493' title='bbox 1341 4054 1447 4109; x_wconf 89' lang='lat' dir='ltr'>pro</span> <span class='ocrx_word' id='word_1_494' title='bbox 1475 4033 1688 4108; x_wconf 88' lang='lat' dir='ltr'>quibus</span> <span class='ocrx_word' id='word_1_495' title='bbox 1729 4041 1990 4091; x_wconf 89' lang='lat' dir='ltr'>mortuus</span> <span class='ocrx_word' id='word_1_496' title='bbox 2040 4040 2129 4090; x_wconf 88' lang='lat' dir='ltr'>est</span> <span class='ocrx_word' id='word_1_497' title='bbox 2178 4041 2235 4089; x_wconf 89' lang='lat' dir='ltr'>et</span> <span class='ocrx_word' id='word_1_498' title='bbox 2285 4031 2564 4090; x_wconf 85' lang='lat' dir='ltr'>satisfecit</span> <span class='ocrx_word' id='word_1_499' title='bbox 2606 4031 2715 4086; x_wconf 86' lang='lat' dir='ltr'>hoc</span> 
     </span>
     <span class='ocr_line' id='line_1_47' title="bbox 297 4109 2717 4190; baseline -0.002 -20"><span class='ocrx_word' id='word_1_500' title='bbox 297 4121 485 4190; x_wconf 87' lang='lat' dir='ltr'>pact0,</span> <span class='ocrx_word' id='word_1_501' title='bbox 516 4111 741 4189; x_wconf 87' lang='lat' dir='ltr'>possint</span> <span class='ocrx_word' id='word_1_502' title='bbox 768 4111 956 4169; x_wconf 88' lang='lat' dir='ltr'>adhuc</span> <span class='ocrx_word' id='word_1_503' title='bbox 986 4119 1213 4170; x_wconf 85' lang='lat' dir='ltr'>aeternae</span> <span class='ocrx_word' id='word_1_504' title='bbox 1242 4112 1633 4170; x_wconf 88' lang='lat' dir='ltr'>maledictioni</span> <span class='ocrx_word' id='word_1_505' title='bbox 1663 4112 1888 4189; x_wconf 87' lang='lat' dir='ltr'>subjici,</span> <span class='ocrx_word' id='word_1_506' title='bbox 1921 4120 1979 4169; x_wconf 91' lang='lat' dir='ltr'>et</span> <span class='ocrx_word' id='word_1_507' title='bbox 2007 4110 2081 4168; x_wconf 91' lang='lat' dir='ltr'>ad</span> <span class='ocrx_word' id='word_1_508' title='bbox 2110 4131 2310 4186; x_wconf 86' lang='lat' dir='ltr'>poenas</span> <span class='ocrx_word' id='word_1_509' title='bbox 2353 4109 2717 4168; x_wconf 86' lang='lat' dir='ltr'>commeritas</span> 
     </span>
     <span class='ocr_line' id='line_1_48' title="bbox 298 4190 2715 4267; baseline -0.002 -18"><span class='ocrx_word' id='word_1_510' title='bbox 298 4193 563 4252; x_wconf 83' lang='lat' dir='ltr'>ferendas</span> <span class='ocrx_word' id='word_1_511' title='bbox 591 4192 800 4250; x_wconf 88' lang='lat' dir='ltr'>iterum</span> <span class='ocrx_word' id='word_1_512' title='bbox 829 4192 1109 4267; x_wconf 86' lang='lat' dir='ltr'>obligari;</span> <span class='ocrx_word' id='word_1_513' title='bbox 1155 4191 1309 4267; x_wconf 88' lang='lat' dir='ltr'>quod</span> <span class='ocrx_word' id='word_1_514' title='bbox 1341 4191 1649 4249; x_wconf 88' lang='lat' dir='ltr'>dicendum</span> <span class='ocrx_word' id='word_1_515' title='bbox 1699 4200 1788 4249; x_wconf 88' lang='lat' dir='ltr'>est</span> <span class='ocrx_word' id='word_1_516' title='bbox 1836 4199 2046 4262; x_wconf 89' lang='lat' dir='ltr'>tamen,</span> <span class='ocrx_word' id='word_1_517' title='bbox 2099 4191 2147 4248; x_wconf 90' lang='lat' dir='ltr'>si</span> <span class='ocrx_word' id='word_1_518' title='bbox 2195 4210 2300 4267; x_wconf 90' lang='lat' dir='ltr'>pro</span> <span class='ocrx_word' id='word_1_519' title='bbox 2349 4190 2495 4265; x_wconf 87' lang='lat' dir='ltr'>aliis,</span> <span class='ocrx_word' id='word_1_520' title='bbox 2543 4208 2715 4266; x_wconf 84' lang='lat' dir='ltr'>quam</span> 
     </span>
     <span class='ocr_line' id='line_1_49' title="bbox 301 4269 2717 4349; baseline -0.001 -19"><span class='ocrx_word' id='word_1_521' title='bbox 301 4293 403 4349; x_wconf 96' lang='lat' dir='ltr'>pro</span> <span class='ocrx_word' id='word_1_522' title='bbox 434 4273 671 4347; x_wconf 79' lang='lat' dir='ltr'>Electis,</span> <span class='ocrx_word' id='word_1_523' title='bbox 704 4280 793 4330; x_wconf 88' lang='lat' dir='ltr'>est</span> <span class='ocrx_word' id='word_1_524' title='bbox 819 4281 1096 4345; x_wconf 75' lang='lat' dir='ltr'>mortuuS,</span> <span class='ocrx_word' id='word_1_525' title='bbox 1130 4291 1261 4329; x_wconf 87' lang='lat' dir='ltr'>eum</span> <span class='ocrx_word' id='word_1_526' title='bbox 1288 4272 1398 4328; x_wconf 90' lang='lat' dir='ltr'>hoe</span> <span class='ocrx_word' id='word_1_527' title='bbox 1429 4271 1594 4329; x_wconf 78' lang='lat' dir='ltr'>bonae</span> <span class='ocrx_word' id='word_1_528' title='bbox 1622 4270 1758 4329; x_wconf 90' lang='lat' dir='ltr'>fidei</span> <span class='ocrx_word' id='word_1_529' title='bbox 1788 4279 1845 4328; x_wconf 89' lang='lat' dir='ltr'>et</span> <span class='ocrx_word' id='word_1_530' title='bbox 1865 4269 2110 4348; x_wconf 83' lang='lat' dir='ltr'>justitiae</span> <span class='ocrx_word' id='word_1_531' title='bbox 2141 4270 2252 4328; x_wconf 89' lang='lat' dir='ltr'>Dei</span> <span class='ocrx_word' id='word_1_532' title='bbox 2281 4277 2475 4347; x_wconf 87' lang='lat' dir='ltr'>aperte</span> <span class='ocrx_word' id='word_1_533' title='bbox 2505 4289 2717 4346; x_wconf 87' lang='lat' dir='ltr'>repug-</span> 
     </span>
     <span class='ocr_line' id='line_1_50' title="bbox 300 4350 2716 4428; baseline -0.002 -17"><span class='ocrx_word' id='word_1_534' title='bbox 300 4363 416 4411; x_wconf 90' lang='lat' dir='ltr'>net.</span> <span class='ocrx_word' id='word_1_535' title='bbox 502 4353 650 4409; x_wconf 85' lang='lat' dir='ltr'>Nam</span> <span class='ocrx_word' id='word_1_536' title='bbox 681 4353 729 4410; x_wconf 91' lang='lat' dir='ltr'>si</span> <span class='ocrx_word' id='word_1_537' title='bbox 758 4352 1015 4411; x_wconf 88' lang='lat' dir='ltr'>debitum</span> <span class='ocrx_word' id='word_1_538' title='bbox 1047 4372 1148 4428; x_wconf 89' lang='lat' dir='ltr'>per</span> <span class='ocrx_word' id='word_1_539' title='bbox 1169 4352 1338 4409; x_wconf 86' lang='lat' dir='ltr'>istam</span> <span class='ocrx_word' id='word_1_540' title='bbox 1373 4350 1752 4428; x_wconf 83' lang='lat' dir='ltr'>Sponsionem</span> <span class='ocrx_word' id='word_1_541' title='bbox 1795 4351 1854 4407; x_wconf 90' lang='lat' dir='ltr'>in</span> <span class='ocrx_word' id='word_1_542' title='bbox 1902 4350 2193 4409; x_wconf 85' lang='lat' dir='ltr'>Christum</span> <span class='ocrx_word' id='word_1_543' title='bbox 2240 4350 2580 4409; x_wconf 85' lang='lat' dir='ltr'>translatum</span> <span class='ocrx_word' id='word_1_544' title='bbox 2610 4357 2716 4423; x_wconf 88' lang='lat' dir='ltr'>est,</span> 
     </span>
     <span class='ocr_line' id='line_1_51' title="bbox 301 4430 2720 4508; baseline -0.001 -19"><span class='ocrx_word' id='word_1_545' title='bbox 301 4441 360 4490; x_wconf 89' lang='lat' dir='ltr'>et</span> <span class='ocrx_word' id='word_1_546' title='bbox 388 4441 758 4508; x_wconf 84' lang='lat' dir='ltr'>expunctum,</span> <span class='ocrx_word' id='word_1_547' title='bbox 792 4452 960 4492; x_wconf 89' lang='lat' dir='ltr'>nemo</span> <span class='ocrx_word' id='word_1_548' title='bbox 990 4452 1106 4489; x_wconf 88' lang='lat' dir='ltr'>non</span> <span class='ocrx_word' id='word_1_549' title='bbox 1136 4431 1314 4504; x_wconf 83' lang='lat' dir='ltr'>videt,</span> <span class='ocrx_word' id='word_1_550' title='bbox 1347 4432 1429 4488; x_wconf 87' lang='lat' dir='ltr'>ita</span> <span class='ocrx_word' id='word_1_551' title='bbox 1449 4451 1483 4489; x_wconf 90' lang='lat' dir='ltr'>a</span> <span class='ocrx_word' id='word_1_552' title='bbox 1501 4430 1787 4508; x_wconf 88' lang='lat' dir='ltr'>primariis</span> <span class='ocrx_word' id='word_1_553' title='bbox 1809 4430 2168 4489; x_wconf 87' lang='lat' dir='ltr'>debitoribus</span> <span class='ocrx_word' id='word_1_554' title='bbox 2198 4450 2323 4489; x_wconf 88' lang='lat' dir='ltr'>esse</span> <span class='ocrx_word' id='word_1_555' title='bbox 2354 4430 2627 4504; x_wconf 85' lang='lat' dir='ltr'>ablatum,</span> <span class='ocrx_word' id='word_1_556' title='bbox 2653 4436 2720 4487; x_wconf 90' lang='lat' dir='ltr'>ut</span> 
     </span>
     <span class='ocr_line' id='line_1_52' title="bbox 302 4510 2718 4590; baseline -0.001 -22"><span class='ocrx_word' id='word_1_557' title='bbox 302 4512 377 4569; x_wconf 90' lang='lat' dir='ltr'>ab</span> <span class='ocrx_word' id='word_1_558' title='bbox 406 4512 521 4568; x_wconf 80' lang='lat' dir='ltr'>inis</span> <span class='ocrx_word' id='word_1_559' title='bbox 552 4513 761 4571; x_wconf 87' lang='lat' dir='ltr'>solutio</span> <span class='ocrx_word' id='word_1_560' title='bbox 791 4513 916 4589; x_wconf 84' lang='lat' dir='ltr'>ejus</span> <span class='ocrx_word' id='word_1_561' title='bbox 945 4512 1192 4589; x_wconf 85' lang='lat' dir='ltr'>amplius</span> <span class='ocrx_word' id='word_1_562' title='bbox 1222 4513 1381 4590; x_wconf 85' lang='lat' dir='ltr'>exigi</span> <span class='ocrx_word' id='word_1_563' title='bbox 1411 4532 1527 4570; x_wconf 91' lang='lat' dir='ltr'>non</span> <span class='ocrx_word' id='word_1_564' title='bbox 1556 4511 1759 4588; x_wconf 88' lang='lat' dir='ltr'>possit,</span> <span class='ocrx_word' id='word_1_565' title='bbox 1793 4510 1896 4568; x_wconf 88' lang='lat' dir='ltr'>sed</span> <span class='ocrx_word' id='word_1_566' title='bbox 1924 4511 2092 4569; x_wconf 89' lang='lat' dir='ltr'>liberi</span> <span class='ocrx_word' id='word_1_567' title='bbox 2123 4520 2181 4569; x_wconf 92' lang='lat' dir='ltr'>et</span> <span class='ocrx_word' id='word_1_568' title='bbox 2210 4510 2462 4568; x_wconf 87' lang='lat' dir='ltr'>exsoluti</span> <span class='ocrx_word' id='word_1_569' title='bbox 2491 4510 2566 4577; x_wconf 83' lang='lat' dir='ltr'>ab</span> <span class='ocrx_word' id='word_1_570' title='bbox 2597 4528 2718 4567; x_wconf 92' lang='lat' dir='ltr'>om-</span> 
     </span>
     <span class='ocr_line' id='line_1_53' title="bbox 302 4590 2719 4669; baseline -0 -22"><span class='ocrx_word' id='word_1_571' title='bbox 302 4592 360 4648; x_wconf 86' lang='lat' dir='ltr'>ni</span> <span class='ocrx_word' id='word_1_572' title='bbox 392 4611 562 4667; x_wconf 86' lang='lat' dir='ltr'>poena</span> <span class='ocrx_word' id='word_1_573' title='bbox 589 4591 648 4648; x_wconf 89' lang='lat' dir='ltr'>in</span> <span class='ocrx_word' id='word_1_574' title='bbox 689 4601 981 4669; x_wconf 87' lang='lat' dir='ltr'>posterum</span> <span class='ocrx_word' id='word_1_575' title='bbox 1030 4600 1318 4651; x_wconf 87' lang='lat' dir='ltr'>maneant.</span> <span class='ocrx_word' id='word_1_576' title='bbox 1405 4592 1533 4667; x_wconf 84' lang='lat' dir='ltr'>Quo</span> <span class='ocrx_word' id='word_1_577' title='bbox 1583 4591 1873 4668; x_wconf 86' lang='lat' dir='ltr'>pertinent</span> <span class='ocrx_word' id='word_1_578' title='bbox 1920 4590 2050 4649; x_wconf 88' lang='lat' dir='ltr'>loca</span> <span class='ocrx_word' id='word_1_579' title='bbox 2103 4591 2430 4668; x_wconf 80' lang='lat' dir='ltr'>Scripturae,</span> <span class='ocrx_word' id='word_1_580' title='bbox 2484 4610 2612 4666; x_wconf 81' lang='lat' dir='ltr'>quae</span> <span class='ocrx_word' id='word_1_581' title='bbox 2662 4590 2719 4646; x_wconf 89' lang='lat' dir='ltr'>in</span> 
     </span>
     <span class='ocr_line' id='line_1_54' title="bbox 304 4670 2723 4750; baseline -0.001 -21"><span class='ocrx_word' id='word_1_582' title='bbox 304 4671 593 4730; x_wconf 87' lang='lat' dir='ltr'>Christum</span> <span class='ocrx_word' id='word_1_583' title='bbox 622 4672 704 4730; x_wconf 81' lang='lat' dir='ltr'>ita</span> <span class='ocrx_word' id='word_1_584' title='bbox 732 4673 1010 4731; x_wconf 89' lang='lat' dir='ltr'>translata</span> <span class='ocrx_word' id='word_1_585' title='bbox 1040 4673 1218 4732; x_wconf 88' lang='lat' dir='ltr'>fuisse</span> <span class='ocrx_word' id='word_1_586' title='bbox 1246 4682 1483 4750; x_wconf 86' lang='lat' dir='ltr'>peccata</span> <span class='ocrx_word' id='word_1_587' title='bbox 1532 4681 1729 4730; x_wconf 86' lang='lat' dir='ltr'>nostra</span> <span class='ocrx_word' id='word_1_588' title='bbox 1773 4681 2056 4747; x_wconf 88' lang='lat' dir='ltr'>asserunt,</span> <span class='ocrx_word' id='word_1_589' title='bbox 2107 4680 2168 4730; x_wconf 89' lang='lat' dir='ltr'>ut</span> <span class='ocrx_word' id='word_1_590' title='bbox 2209 4670 2512 4747; x_wconf 84' lang='lat' dir='ltr'>castigatio</span> <span class='ocrx_word' id='word_1_591' title='bbox 2561 4670 2723 4747; x_wconf 84' lang='lat' dir='ltr'>pacis</span> 
     </span>
    </p>
   </div>
   <div class='ocr_carea' id='block_1_3' title="bbox 280 1939 765 2056">
    <p class='ocr_par' dir='ltr' id='par_1_5' title="bbox 280 1939 765 2056">
     <span class='ocr_line' id='line_1_55' title="bbox 280 1939 764 1987; baseline 0.014 -6"><span class='ocrx_word' id='word_1_592' title='bbox 280 1939 324 1985; x_wconf 89' lang='lat'>5.</span> <span class='ocrx_word' id='word_1_593' title='bbox 355 1940 429 1985; x_wconf 82' lang='lat' dir='ltr'>Ex</span> <span class='ocrx_word' id='word_1_594' title='bbox 468 1956 661 1987; x_wconf 80' lang='lat' dir='ltr'>summa</span> <span class='ocrx_word' id='word_1_595' title='bbox 695 1945 764 1987; x_wconf 85' lang='lat' dir='ltr'>di-</span> 
     </span>
     <span class='ocr_line' id='line_1_56' title="bbox 320 1999 765 2056; baseline 0.007 -14"><span class='ocrx_word' id='word_1_596' title='bbox 320 1999 528 2045; x_wconf 84' lang='lat' dir='ltr'>lectione</span> <span class='ocrx_word' id='word_1_597' title='bbox 550 2000 734 2046; x_wconf 84' lang='lat' dir='ltr'>Christi</span> <span class='ocrx_word' id='word_1_598' title='bbox 753 2018 765 2056; x_wconf 87' lang='lat'>;</span> 
     </span>
    </p>
   </div>
   <div class='ocr_carea' id='block_1_4' title="bbox 290 3540 780 3654">
    <p class='ocr_par' dir='ltr' id='par_1_6' title="bbox 290 3540 780 3654">
     <span class='ocr_line' id='line_1_57' title="bbox 290 3540 780 3614; baseline 0.002 -28"><span class='ocrx_word' id='word_1_599' title='bbox 290 3540 411 3588; x_wconf 59' lang='lat' dir='ltr'>&amp;Ex</span> <span class='ocrx_word' id='word_1_600' title='bbox 430 3549 609 3614; x_wconf 67' lang='lat' dir='ltr'>natura</span> <span class='ocrx_word' id='word_1_601' title='bbox 626 3542 780 3600; x_wconf 90' lang='lat' dir='ltr'>Spon-</span> 
     </span>
     <span class='ocr_line' id='line_1_58' title="bbox 456 3615 633 3654; baseline 0.011 -10"><span class='ocrx_word' id='word_1_602' title='bbox 456 3615 606 3646; x_wconf 75' lang='lat' dir='ltr'>sroms</span> <span class='ocrx_word' id='word_1_603' title='bbox 622 3616 633 3654; x_wconf 89' lang='lat'><strong>;</strong></span> 
     </span>
    </p>
   </div>
  </div>
 </body>
</html>
