3221 5200
216 393 438 442 QUAEST·
471 376 586 458 1V·]
729 403 758 420 ⁴
1039 400 1117 441 ns
1149 399 1485 441 vocxmona
1515 400 1591 440 ET
1622 399 1777 440 mos.
2508 382 2582 438 47
2589 381 2625 438 5

216 533 548 613 AEgyptum
577 549 878 613 procurata
907 540 981 600 sit
1009 563 1045 600 a
1090 542 1202 600 Dei
1250 542 1614 620 providentia
1660 561 1764 618 per
1792 538 2275 616 dispensationem
2307 546 2365 596 et
2394 559 2634 597 concur-

131 639 146 644 -
216 633 346 671 sum
377 636 571 674 earum
602 619 855 677 omnium
899 621 1471 697 circumstantiarum,
1504 642 1633 699 quae
1663 622 1928 680 effectum
1958 618 2114 678 istud
2141 626 2273 695 post
2295 638 2355 676 se
2387 627 2631 676 traxere.

121 731 128 740 .
223 692 394 753 Unde
424 695 467 755 J
471 698 719 774 osephus
748 701 1011 776 agnoscit
1043 703 1231 760 Deum
1261 703 1450 779 ipsum
1493 722 1554 759 se
1581 703 1644 758 in
1672 699 2000 777 AEgyptum
2030 699 2272 772 misisse,
2306 709 2363 756 et
2392 719 2633 756 conver-

133 827 146 832 -
217 773 361 832 tisse
392 776 451 832 in
480 777 695 835 bonum
733 780 889 855 quod
938 781 1141 841 fratres
1186 783 1584 858 cogitaverant
1629 782 1685 839 in
1718 781 1948 853 malum,
1984 779 2131 837 Gen.
2160 778 2202 837 l.
2233 782 2329 836 20.
2416 779 2456 836 J
2462 798 2553 835 am
2585 779 2635 836 si

133 881 142 888 -
218 855 587 930 providentia
619 859 745 932 Dei,
778 880 906 935 quae
935 881 1037 937 per
1066 862 1553 939 dispensationem
1596 861 1953 936 objectorum
1988 867 2047 917 et
2075 859 2635 916 circumstantiarum

219 944 489 993 versatur
517 937 668 995 circa
695 939 927 1015 malum,
961 962 1076 999 non
1111 942 1302 1000 reddit
1343 962 1474 999 eum
1502 941 1726 1018 peccati
1754 941 2053 998 authorem
2077 962 2091 1014 ;
2138 939 2256 996 Cur
2283 939 2636 1015 dispensatio

221 1014 580 1090 objectorum
610 1026 668 1075 et
712 1019 1288 1096 circumstantiarum,
1320 1042 1449 1098 quae
1467 1041 1575 1079 nos
1603 1021 1679 1078 ad
1718 1021 2008 1078 Christum
2049 1018 2240 1093 trahit,
2274 1018 2476 1075 reddet
2505 1038 2637 1076 eum

220 1096 522 1154 authorem
547 1100 940 1159 conversionis
969 1111 1179 1160 nostrae
1197 1105 1225 1160 P
1310 1102 1387 1160 Et
1429 1102 1477 1158 si
1520 1100 1700 1177 impii,
1731 1101 1867 1158 licet
1896 1120 1930 1157 a
1957 1100 2133 1156 variis
2163 1098 2577 1156 tentationibus
2606 1118 2641 1155 a

225 1174 337 1232 Dei
368 1176 732 1252 providentia
762 1180 1041 1256 singulari
1063 1182 1411 1259 dispensatis
1440 1181 1515 1238 ad
1543 1181 1757 1237 malum
1787 1180 2037 1256 impulsi,
2069 1198 2185 1236 non
2215 1177 2486 1236 desinunt
2514 1196 2641 1236 esse

221 1256 497 1314 authores
525 1259 746 1333 peccati
777 1260 903 1334 sui;
951 1261 1067 1319 Cur
1107 1261 1308 1320 fideles
1346 1262 1444 1337 qui
1490 1280 1607 1319 non
1646 1260 1760 1317 alia
1804 1260 2024 1317 ratione
2064 1267 2465 1335 supponuntur
2492 1258 2644 1315 trahi

221 1334 301 1390 ad
313 1335 622 1411 Christum,
647 1358 820 1414 quam
847 1360 950 1416 per
966 1340 1415 1418 propositionem
1426 1341 1802 1418 objectorum,
1817 1347 1875 1398 et
1887 1348 2166 1398 certarum
2189 1339 2643 1396 circumstantia-

221 1434 352 1472 rum
382 1415 868 1493 dispensationem
897 1430 954 1478 et
983 1441 1341 1497 concursum,
1366 1441 1481 1479 non
1505 1430 1699 1479 essent
1721 1420 1936 1498 pariter
1955 1420 2227 1477 authores
2252 1419 2647 1476 conversionis

228 1513 349 1552 suae
368 1498 396 1552 Ρ

310 1575 543 1633 XLVI.
589 1577 684 1634 Ex
712 1578 923 1654 quibus
952 1579 1119 1638 facile
1167 1589 1256 1639 est
1298 1580 1640 1639 concludere
1668 1599 1867 1638 veram
1913 1579 2260 1637 discriminis
2305 1578 2455 1636 inter
2482 1578 2646 1636 verbi

226 1654 522 1713 auditores
569 1676 802 1715 causam
842 1679 958 1716 non
986 1661 1157 1718 aliam
1181 1681 1306 1719 esse
1336 1681 1522 1737 posse,
1556 1679 1730 1736 quam
1759 1660 2033 1718 virtutem
2063 1678 2329 1716 arcanam
2360 1667 2417 1715 et
2444 1659 2645 1715 imme-

227 1734 444 1792 diatam
478 1736 725 1811 Spiritus
759 1739 817 1795 S.
863 1740 1144 1815 quosdam
1194 1760 1311 1817 prae
1341 1741 1471 1798 aliis
1500 1739 1820 1797 afficientia.
1906 1739 2276 1814 Quaecunque
2323 1738 2473 1794 enim
2519 1737 2647 1794 aliae

226 1812 420 1872 afferri
460 1825 719 1891 possunt,
773 1818 869 1875 vel
913 1840 948 1876 a
989 1820 1309 1894 nativitate,
1362 1828 1420 1878 et
1475 1827 1945 1895 temperamentO,
1998 1817 2093 1874 vel
2144 1817 2218 1873 ab
2269 1816 2645 1890 institutione,

227 1893 327 1951 vel
355 1913 390 1951 a
417 1897 719 1972 praeceptis
763 1906 820 1956 et
849 1899 1149 1976 exemplis,
1184 1900 1277 1957 vel
1309 1919 1344 1956 a
1386 1899 1681 1956 beneficiis
1711 1907 1768 1955 et
1797 1897 2238 1969 calamitatibuS,
2271 1896 2366 1952 vel
2407 1896 2479 1952 ab
2520 1896 2650 1953 aliis

225 1973 290 2032 id
340 1994 525 2050 genus
574 1976 1018 2036 circumstantiis
1068 1987 1126 2036 et
1181 1978 1580 2053 adminiculis;
1657 1978 2049 2054 Praeterquam
2106 1975 2262 2052 quod
2317 1974 2646 2050 increduliS,

228 2055 445 2131 pariter
486 2075 553 2112 ac
582 2054 868 2130 fidelibus,
915 2067 1237 2134 competere
1279 2067 1538 2135 possunt,
1586 2058 1819 2115 Certum
1866 2066 1953 2114 cst
1995 2056 2134 2114 talia
2174 2075 2289 2113 non
2332 2074 2475 2129 esse,
2522 2074 2651 2131 quae

230 2134 884 2211 causalitatemproprie
914 2136 1126 2196 dictam
1154 2137 1423 2212 habeant,
1455 2157 1584 2214 quae
1614 2137 1880 2194 effectum
1910 2137 2100 2213 ipsum
2128 2136 2435 2212 attingant,
2468 2143 2526 2192 et
2554 2155 2654 2192 cor

227 2212 484 2271 hominis
509 2215 834 2272 necessario
863 2225 1219 2291 convertant,
1251 2226 1381 2276 utut
1409 2217 1635 2294 possint
1673 2216 1821 2273 illud
1863 2226 2155 2291 utcunque
2198 2234 2561 2272 commovere
2592 2223 2650 2272 et

232 2292 505 2350 excitare.
593 2294 806 2351 Fateor
833 2296 1207 2354 attentionem
1238 2306 1297 2355 et
1326 2296 1696 2370 docilitatem,
1728 2316 1831 2372 per
1851 2315 2024 2371 quam
2051 2295 2315 2352 homines
2344 2294 2489 2352 fiunt
2513 2299 2653 2349 3:035-

233 2377 409 2436 Saum.
441 2372 484 2430 J
488 2373 657 2431 ohan.
680 2373 759 2430 vi.
792 2376 887 2448 45,
920 2396 1048 2452 quae
1091 2377 1148 2433 in
1199 2377 1290 2434 his
1339 2376 1531 2453 potius
1580 2395 1754 2452 quam
1783 2376 1844 2433 in
1874 2376 1991 2433 illis
2012 2375 2277 2448 occurrit,
2311 2374 2484 2450 hujus
2533 2374 2649 2432 dis·

234 2450 491 2510 criminis
520 2472 753 2510 causam
800 2474 944 2513 esse.
1034 2455 1150 2514 Sed
1195 2476 1326 2515 cum
1355 2477 1390 2514 a
1437 2464 1644 2514 natura
1672 2475 1787 2513 non
1818 2455 2001 2532 possit
2029 2475 2173 2529 esse,
2222 2455 2325 2513 sed
2354 2475 2388 2511 a
2428 2454 2647 2529 Gratia,

233 2530 520 2607 siquidem
551 2552 750 2591 omnes
773 2554 972 2593 sumus
1014 2537 1226 2614 pariter
1253 2536 1328 2595 ad
1356 2556 1557 2594 vocem
1592 2536 1702 2593 Dei
1734 2535 1909 2610 surdi,
1940 2535 2057 2593 imo
2100 2544 2157 2593 et
2198 2535 2367 2612 plane
2411 2535 2651 2611 mortui;

233 2612 330 2669 vel
359 2632 434 2671 ex
463 2634 532 2672 eo
562 2614 780 2674 Gratiae
801 2616 1148 2675 immediatae
1175 2618 1490 2676 necessitas
1509 2624 1567 2675 et
1587 2616 1803 2675 veritas
1833 2617 2046 2675 invicte
2075 2616 2367 2693 probatur.

842 2696 1110 2756 XLVII.
1197 2698 1468 2756 Efficacia
1495 2718 1625 2775 quae
1667 2696 1940 2755 tribuitur
1976 2716 2163 2755 causae
2212 2695 2653 2771 instrumentali,

283 2751 665 2857 Ἑοῐζξξζῃέιῗιω
755 2777 901 2834 nihil
930 2777 1181 2836 detrahit
1209 2798 1396 2836 causae
1419 2777 1738 2855 principali,
1784 2797 1891 2835 nec
1920 2775 2044 2834 eam
2077 2776 2351 2850 excludit,
2386 2775 2487 2833 sed
2519 2795 2653 2853 sup-

761 2857 943 2933 ponit.
1029 2857 1238 2917 Omnia
1285 2877 1423 2935 ergo
1480 2857 1687 2934 elogia,
1746 2878 1875 2933 quae
1939 2857 2137 2916 Verbo
2191 2856 2538 2935 tribuuntur,
2590 2865 2656 2915 ut

237 2936 394 3011 quod
439 2937 516 2995 sit
565 2936 1047 3013 Regenerationis
1094 2946 1307 2995 nostrae
1358 2958 1571 3012 semen,
1630 2937 1787 3014 quod
1836 2937 2123 2995 illuminet
2170 2945 2439 3009 mentem,
2499 2936 2656 3012 quod

237 3016 556 3073 sanctificet
584 3015 774 3090 corda,
807 3015 962 3091 quod
990 3017 1199 3091 quovis
1242 3017 1437 3091 gladio
1467 3016 1704 3093 ancipiti
1732 3017 2124 3091 penetrantius
2154 3016 2445 3091 pertingat
2474 3034 2657 3091 usque

239 3094 315 3151 ad
343 3093 687 3151 divisionem
711 3094 934 3167 animae,
980 3104 1037 3153 et
1060 3094 1286 3168 similia,
1320 3096 1595 3153 evincunt
1645 3094 1878 3169 quidem
1922 3096 2356 3152 conversionem
2386 3113 2501 3150 non
2532 3095 2659 3151 fieri

240 3174 365 3232 sine
395 3171 611 3248 Verb0,
647 3174 724 3231 Et
756 3173 1034 3249 Spiritum
1089 3174 1147 3232 S.
1200 3194 1268 3232 eo
1316 3174 1403 3231 uti
1451 3183 1725 3249 tanquam
1756 3193 1973 3249 organo
2002 3173 2395 3230 efficacissimo
2425 3172 2500 3229 ad
2529 3174 2657 3249 ejus

240 3253 714 3331 productionem;
791 3252 907 3310 Sed
951 3272 1068 3311 non
1123 3252 1376 3311 inferunt
1424 3253 1619 3312 statim
1668 3252 1898 3310 nonnisi
1940 3272 2043 3329 per
2083 3252 2325 3310 verbum
2379 3251 2656 3327 Spiritum

242 3334 505 3410 operari:
544 3333 716 3407 ‚Cum
746 3332 970 3409 quaevis
1012 3332 1230 3391 oblatio
1278 3332 1460 3391 Verbi
1510 3332 1801 3409 objectiva
1828 3331 2001 3389 etiam
2044 3331 2455 3406 efficacissima,
2488 3331 2650 3390 irrita

243 3433 470 3490 semper
491 3421 645 3472 esset
666 3412 874 3488 futura,
909 3412 1031 3471 sine
1075 3412 1407 3471 immediata
1451 3413 1702 3489 Spiritus
1731 3411 1960 3485 virtute,
1993 3421 2057 3470 ut
2085 3420 2253 3470 antea
2286 3412 2490 3470 visum.
2532 3412 2544 3424 ⁸

325 3494 628 3552 XLVIII.
675 3493 954 3567 Quamvis
985 3493 1246 3552 Verbum
1274 3513 1389 3551 non
1421 3492 1666 3551 sufficiat
1707 3493 1781 3550 ad
1823 3492 2258 3550 conversionem
2302 3492 2424 3550 sine
2456 3492 2661 3551 Gratia

243 3574 591 3649 immediata,
646 3573 778 3632 Non
807 3582 1108 3651 propterea
1151 3575 1312 3632 Deus
1355 3575 1520 3651 argui
1550 3582 1757 3650 potest,
1810 3571 1966 3650 quod
2007 3573 2259 3630 medium
2307 3572 2657 3631 insufficiens

242 3654 514 3713 adhibeat
543 3654 616 3711 ad
644 3653 1074 3730 producendum
1097 3653 1363 3713 effectum
1394 3654 1551 3732 quod
1578 3654 1860 3728 intendit3
1906 3652 2019 3711 Vc]
2042 3662 2377 3730 peccatores
2407 3653 2659 3729 aliquem

241 3734 631 3792 excusationis
672 3742 1018 3810 praetextum
1060 3735 1371 3793 obtendere
1394 3755 1583 3812 posse.
1670 3735 1819 3809 Quia
1840 3753 1955 3791 non
1979 3733 2192 3791 desinit
2210 3734 2467 3791 Verbum
2500 3733 2653 3790 suffi-

244 3813 403 3870 ciens
431 3832 556 3871 esse
586 3814 644 3869 in
674 3814 874 3871 ordine
919 3834 1042 3889 su0,
1065 3815 1336 3874 nimirum
1367 3836 1400 3872 a
1422 3824 1583 3892 parte
1634 3814 1862 3891 objecti.
1950 3814 2026 3870 Et
2064 3813 2112 3870 si
2151 3821 2345 3869 manet
2392 3812 2659 3869 inefficax

245 3891 304 3949 in
334 3891 608 3967 reprobiS,
639 3912 755 3949 non
792 3893 858 3949 fit
885 3913 987 3969 per
1016 3913 1076 3951 se
1116 3915 1190 3952 ex
1240 3894 1468 3953 defectu
1498 3894 1697 3967 Verbi,
1750 3892 1853 3951 sed
1909 3911 2012 3968 per
2072 3892 2339 3949 accidens
2389 3911 2463 3949 ex
2512 3891 2656 3947 vitio

245 3970 539 4046 hominis;
592 3970 749 4047 quod
798 3979 1021 4030 tantum
1071 3973 1250 4047 abest,
1283 3982 1347 4031 ut
1394 3974 1559 4032 illum
1608 3979 1865 4047 excuset,
1916 3979 1982 4028 ut
2022 3979 2242 4028 reatum
2294 3971 2421 4047 ejus
2469 3971 2656 4045 magis

245 4071 280 4109 a
323 4059 544 4125 gravet.

281 4071 570 4188 gXLIX.
615 4128 781 4187 Licet
807 4130 980 4188 homo
1023 4129 1083 4187 in
1125 4138 1280 4189 statu
1323 4132 1545 4207 peccati
1587 4149 1883 4205 nunquam
1926 4128 2237 4187 destitutus
2260 4129 2334 4187 sit
2383 4128 2656 4188 facultate

244 4210 493 4270 naturali
514 4208 878 4286 intelligendi
921 4217 979 4267 et
1008 4209 1257 4285 volendi,
1316 4230 1430 4287 qua
1474 4209 1769 4268 feraturin
1800 4210 2088 4285 objectum
2124 4208 2234 4285 ipsi
2280 4209 2654 4285 propositum,

247 4299 305 4350 et
345 4291 492 4350 illud
540 4290 743 4349 saltem
792 4288 984 4366 quoad
1026 4291 1145 4347 vim
1196 4290 1563 4348 terminorum
1612 4290 1671 4347 e‘t
1711 4289 2099 4365 cognitionem
2141 4308 2295 4346 mere
2324 4289 2655 4346 historicam

245 4378 539 4448 utcunque
568 4390 770 4448 capere
815 4370 1038 4447 possit:
1083 4370 1177 4429 Ita
1224 4378 1417 4429 tamen
1459 4377 1760 4446 corruptus
1803 4377 1907 4443 est,
1939 4377 2005 4427 ut
2046 4368 2206 4426 nulla
2247 4368 2533 4445 capacitas
2561 4370 2657 4427 vel

248 4450 551 4527 dispositio
577 4451 811 4509 moralis
839 4450 1085 4527 amplius
1129 4451 1188 4508 in
1215 4451 1340 4529 ipso
1372 4450 1621 4528 supersit
1669 4449 1744 4506 ad
1791 4449 1938 4507 bene
1966 4448 2272 4526 agendum,
2326 4449 2508 4507 donec
2555 4470 2659 4525 per

251 4530 513 4588 Gratiam
541 4531 931 4589 immediatam
960 4531 1299 4608 disponatur
1326 4530 1402 4589 ad
1427 4529 1811 4607 receptionem
1862 4529 2171 4587 salutarem
2202 4528 2401 4603 Verbi,
2433 4538 2493 4586 ct
2521 4550 2655 4606 cog-

248 4609 527 4669 nitionem
556 4612 680 4688 ejus
700 4612 1032 4687 practicam.

331 4690 399 4749 L.
446 4690 634 4765 Quum
669 4691 917 4767 Spiritus
945 4691 1274 4750 immediate
1315 4711 1497 4767 agens
1527 4688 1584 4747 in
1615 4690 1784 4748 nobis
1812 4708 2106 4765 nunquam
2152 4689 2228 4747 sit
2274 4688 2396 4748 sine
2438 4689 2654 4764 Verb0,
