3221 5200
545 312 661 369 516
1373 325 1557 366 Locus
1587 324 1844 367 uncinus
1873 325 2143 375 Quartus
2550 307 2808 390 [QcAEsT.
2846 329 2978 369 xiv.

553 468 827 526 Patribus
854 477 907 526 et
935 467 1166 525 Liberis.
1253 467 1411 543 Ergo
1454 475 1510 524 et
1551 466 1831 524 beneficia
1859 465 2139 540 FoederiS,
2170 467 2365 542 qualia
2394 475 2528 527 sunt
2555 469 2807 527 remissio
2842 491 2979 545 pec·

552 558 822 622 catorum,
848 556 905 605 et
926 547 1304 620 sanctificatio,
1328 546 1402 602 ad
1424 566 1522 603 eos
1544 546 1827 622 pertinere
1851 546 2078 620 debent,
2101 566 2175 604 ex
2193 547 2236 605 J
2240 567 2318 604 er.
2350 548 2537 618 xxxi„
2557 549 2762 622 xxxii„
2787 557 2847 607 et
2870 570 2977 626 pro

553 636 708 686 statu
750 629 999 705 ipsorum
1044 647 1100 696 a,
1123 628 1248 684 Deo
1289 625 1432 701 ipsis
1473 625 1983 684 communicantur.
2069 625 2196 700 Quo
2254 646 2426 685 sensu
2470 628 2643 703 juxta
2687 629 2977 705 quosdam

550 706 806 765 fidelium
848 707 1017 764 liberi
1057 706 1325 764 dicuntur
1364 706 1548 762 sancti
1587 704 1786 779 Paule,
1838 709 1865 761 1
1915 705 2042 762 Cor.
2087 705 2186 763 vii.
2236 709 2326 764 14.
2424 707 2588 766 Licet
2623 708 2734 766 hoc
2761 709 2976 768 melius

551 786 831 845 referatur
858 785 933 843 ad
962 786 1324 844 sanctitatem
1365 794 1661 841 externam
1694 792 1751 842 et
1779 784 2109 842 soederalem
2140 804 2268 860 quae
2298 785 2415 844 illis
2443 788 2731 864 competit,
2764 808 2972 846 secun-

553 866 691 925 dum
721 885 911 942 quam,
944 866 1080 941 quia
1106 872 1422 921 nascuntur
1463 883 1537 920 ex
1579 864 1913 939 parentibus
1955 863 2248 922 foederatis
2290 874 2348 922 et
2372 866 2729 942 Christianis,
2763 868 2973 927 saltem

552 965 628 1003 ex
670 946 867 1017 altero,
914 953 1219 1002 censentur
1260 944 1431 1001 etiam
1476 943 1535 999 in
1561 944 1855 1001 sanctitate
1883 943 2080 1018 geniti,
2111 943 2173 1001 id
2200 944 2260 1000 in
2293 945 2733 1021 ChristianismO,
2764 958 2825 1006 et
2852 968 2970 1006 non

553 1025 614 1082 in
644 1023 1021 1098 EthnicismO,
1053 1023 1154 1100 qui
1184 1031 1366 1080 status
1395 1030 1517 1081 erat
1545 1031 1823 1093 ἁκιοαμίας
1854 1031 1912 1080 et
1940 1022 2303 1099 impuritatis

553 1143 596 1186 2.
631 1134 858 1200 Regnum
890 1141 1036 1186 coelo-
1160 1102 1303 1161 XV.
1347 1105 1405 1159 2.
1464 1101 1614 1175 Quia
1654 1101 1730 1159 ad
1771 1102 2018 1160 infantes
2060 1103 2309 1178 pertinet
2351 1104 2623 1181 Regnum
2663 1106 2962 1181 coelorum,

613 1214 723 1244 rum
746 1201 806 1245 ad
829 1214 911 1245 eos
932 1214 1038 1252 per·
1080 1182 1289 1241 Matth.
1319 1182 1443 1239 xix.
1480 1185 1551 1238 14
1578 1203 1589 1236 :
1651 1182 1809 1256 Ergo
1848 1189 1906 1239 et
1934 1183 2310 1258 regeneratio,
2343 1183 2465 1241 sine
2495 1204 2610 1260 qua
2636 1204 2754 1242 non
2797 1184 2969 1243 datur

620 1259 784 1312 tinem
1078 1262 1153 1319 ad
1201 1261 1347 1320 illud
1373 1261 1661 1335 introituS,
1706 1261 1845 1319 Joh.
1892 1261 1971 1318 iii.
2017 1264 2071 1335 3,
2118 1264 2173 1320 5.
2260 1262 2425 1321 Licet
2466 1272 2658 1321 autem
2702 1265 2968 1323 Christus

555 1344 666 1401 hoc
711 1341 951 1401 Adultis
993 1350 1274 1418 proponat
1314 1341 1375 1397 in
1417 1339 1748 1416 exemplum
1789 1340 2148 1414 humilitatis,
2194 1350 2259 1399 ut
2300 1342 2515 1401 similes
2543 1343 2736 1419 pueris
2776 1345 2968 1421 quoad

555 1443 743 1481 mores
798 1442 925 1481 esse
981 1420 1189 1479 debere
1246 1419 1527 1494 ostendat,
1571 1428 1639 1477 ut
1678 1418 1739 1476 in
1782 1439 2023 1496 regnum
2064 1422 2339 1480 coelorum
2381 1421 2793 1499 admittantur;
2840 1424 2971 1482 Non

556 1502 818 1561 excludit
846 1510 1056 1576 tamen,
1102 1499 1204 1558 sed
1247 1498 1491 1557 includit
1531 1498 1592 1555 in
1634 1498 1745 1556 ista
1785 1499 2163 1576 promissione
2213 1501 2369 1578 ipsos
2401 1501 2667 1578 infantes,
2699 1525 2733 1561 a
2760 1504 2971 1580 quibus

745 1603 781 1638 n
833 1603 849 1638 1
893 1601 968 1639 m.

552 1582 1040 1760 ἓζῗθῖῃέἶὸἶώῃ,
1165 1660 1343 1718 XVI.
1388 1663 1444 1719 3.
1489 1659 1638 1734 Quia
1665 1660 1876 1718 dantur
1902 1660 2167 1758 exempla
2195 1661 2485 1719 variorum
2514 1661 2837 1736 infantium,
2868 1663 2969 1739 qui

616 1763 740 1805 tium
778 1762 863 1816 qui
905 1773 1040 1804 sano-
1083 1740 1425 1799 sanctificati
1466 1738 1698 1798 fuerunt
1744 1740 1818 1797 ab
1867 1748 2047 1815 utere,
2096 1749 2162 1798 ut
2209 1749 2435 1799 constat
2477 1762 2552 1799 ex
2592 1742 2869 1817 Jcremia,
2911 1753 2970 1801 et

616 1818 790 1864 tificati
807 1819 1041 1870 suenum
1081 1821 1353 1880 «Iohanne
1398 1819 1680 1896 Baptista,
1724 1819 1849 1878 Jer.
1895 1820 1931 1877 i.
1978 1823 2031 1893 5,
2067 1819 2207 1877 Luc.
2237 1819 2277 1877 i.
2312 1824 2404 1896 15,
2436 1822 2534 1880 80.
2621 1820 2786 1880 Licet
2815 1822 2970 1880 enim

555 1903 822 1981 quaedam
870 1903 965 1961 hic
1014 1907 1317 1959 occurrant
1358 1899 1674 1975 singularia
1717 1906 1775 1956 et
1823 1898 2292 1973 extraordinaria,
2338 1920 2467 1976 quae
2504 1900 2579 1959 ad
2607 1900 2764 1977 ipsos
2793 1902 2969 1977 solos,

555 2004 673 2041 non
711 1984 786 2041 ad
834 1983 980 2041 alios
1026 1980 1406 2058 pertinebant,
1454 1979 1601 2037 bene
1648 1987 1845 2037 tamen
1881 1978 2016 2037 hinc
2059 1979 2352 2056 colligitur
2380 1980 2629 2038 infantes
2655 1981 2969 2058 participes

555 2063 681 2120 fieri
708 2083 876 2139 posse
910 2061 1157 2139 Spiritus
1200 2060 1413 2134 Sancti,
1457 2057 1559 2134 qui
1606 2077 1736 2115 cum
1786 2058 2005 2116 otiosus
2048 2078 2173 2116 esse
2208 2079 2323 2116 non
2364 2060 2564 2136 possit,
2607 2070 2873 2136 operetur
2910 2062 2974 2118 in

556 2142 699 2219 ipsis
747 2151 939 2202 motus
987 2149 1046 2199 et
1091 2138 1494 2197 inclinationes
1536 2137 1692 2196 aetati
1734 2137 1987 2214 ipsorum
2044 2139 2470 2215 convenientes,
2530 2160 2660 2216 quae
2702 2140 2976 2199 dicuntur

556 2242 741 2280 semen
751 2223 911 2300 fidei,
945 2241 1044 2279 seu
1074 2219 1353 2297 principia
1380 2216 1867 2276 sanctificationis

1168 2298 1382 2356 XVII.
1426 2300 1483 2355 4.
1516 2296 1666 2370 Quia
1687 2297 1933 2355 infantes
1962 2297 2197 2357 trahunt
2224 2317 2300 2356 ex
2326 2299 2575 2357 naturali
2604 2299 2975 2375 generatione

1087 2385 1230 2436 mnas
1278 2384 1449 2451 indas,
1509 2384 1568 2434 et
1622 2376 1904 2453 principia
1963 2385 2081 2435 tam
2138 2378 2453 2436 theoretica
2497 2397 2669 2455 quam
2719 2380 2975 2456 practica

1088 2455 1264 2532 Legis
1312 2455 1606 2530 naturalia,
1666 2464 1725 2514 et
1780 2456 1829 2513 si
1885 2454 2076 2513 Adam
2120 2457 2180 2514 in
2221 2457 2553 2533 integritate
2607 2459 2972 2535 perstitisset,

558 2539 753 2617 imago
796 2538 1011 2613 divina,
1057 2555 1184 2612 quse
1228 2535 1287 2591 in
1330 2534 1633 2592 sanctitate
1677 2535 1956 2611 consistit,
1997 2556 2100 2614 per
2131 2537 2602 2614 propagationem
2645 2538 2719 2595 ad
2758 2538 2978 2597 liberos

560 2621 686 2696 ejus
729 2620 1068 2677 transiisset.
1155 2614 1307 2689 Quid
1357 2615 1549 2672 obstat
1590 2634 1729 2691 crgo
1777 2616 1917 2692 quin
1961 2636 2035 2673 ex
2078 2618 2498 2693 supernaturali
2539 2618 2978 2695 regeneratione

559 2698 846 2775 accipiant
895 2696 1113 2755 semina
1158 2693 1422 2770 quaedam
1469 2693 1623 2768 fidei,
1682 2703 1739 2752 et
1794 2694 2107 2770 primordia
2156 2696 2640 2772 sanctificationis,
2671 2716 2799 2755 cum
2849 2717 2979 2757 non

558 2779 750 2836 minus
779 2796 1018 2853 capaces
1047 2773 1163 2832 sint
1190 2773 1430 2831 istorum
1458 2793 1560 2849 per
1588 2773 1852 2849 gratiam,
1884 2794 2056 2849 quam
2085 2775 2315 2834 illorum
2343 2796 2446 2852 per
2473 2787 2732 2836 naturam
2751 2778 2780 2834 Ῥ

1163 2851 1414 2910 XVIII.
1461 2852 1627 2911 Licet
1669 2873 1783 2911 non
1826 2854 2132 2912 videantur
2171 2855 2231 2911 in
2272 2855 2588 2915 infantibus
2628 2856 2857 2931 indicia,
2895 2877 2977 2916 ex

1081 2932 1293 3010 quibus
1340 2932 1538 3010 colligi
1586 2933 1769 3011 possit
1818 2952 1918 2991 eos
1966 2953 2092 2992 esse
2134 2933 2378 2992 donatos
2425 2936 2643 3012 Spiritu
2675 2938 2887 2995 Sancto
2918 2946 2980 2995 et

1085 3013 1302 3073 semine
1330 3012 1483 3090 fidei,
1513 3013 1652 3091 quia
1678 3014 1788 3072 hoc
1816 3033 1918 3090 per
1945 3021 2172 3073 aetatem
2199 3033 2316 3071 non
2342 3014 2512 3091 licet3
2560 3017 2690 3075 Non
2713 3017 2979 3092 sequitur

558 3096 671 3154 hoc
699 3094 841 3172 ipsis
869 3114 994 3153 esse
1024 3094 1446 3171 denegandum,
1478 3114 1609 3153 cum
1651 3094 1798 3152 ratio
1840 3093 2043 3152 salutis
2071 3094 2325 3170 ipsorum
2352 3096 2675 3155 necessario
2704 3096 2813 3155 hoc
2841 3115 2976 3173 pos·

557 3175 722 3247 tulet,
753 3182 812 3234 et
840 3175 1120 3252 exemplis
1149 3174 1339 3233 allatis
1368 3174 1717 3233 contrarium
1745 3180 1955 3250 pateat.

641 3254 832 3312 XIX.
878 3255 962 3314 Ut
1002 3262 1134 3313 ante
1171 3253 1412 3312 rationis
1448 3274 1618 3312 usum
1662 3253 1923 3311 homines
1964 3252 2277 3312 rationales
2314 3253 2461 3313 bene
2503 3254 2789 3330 dicuntur,
2835 3254 2979 3331 quia

559 3334 778 3392 habent
825 3333 1168 3410 principium
1215 3333 1455 3391 rationis
1508 3333 1570 3389 in
1615 3332 1807 3390 anima
1853 3331 2156 3406 rationali3
2216 3334 2309 3392 Ita
2354 3334 2501 3391 nihil
2542 3334 2735 3394 obstat
2773 3334 2980 3393 fideles

558 3413 675 3470 dici
723 3421 856 3470 ante
903 3411 1076 3469 fidem
1122 3411 1423 3486 actualem,
1474 3411 1613 3488 quia
1658 3430 1854 3469 semen
1902 3412 2059 3487 quod
2100 3412 2271 3471 datur
2309 3413 2468 3490 ipsiS,
2513 3422 2602 3472 est
2628 3413 2976 3490 principium

554 3491 707 3564 fidei,
738 3511 813 3548 ex
840 3510 956 3566 quo
983 3499 1137 3548 recte
1165 3490 1622 3565 denominantur,
1668 3490 1956 3565 quomodo
1983 3500 2312 3568 peccatores
2339 3502 2492 3552 recte
2521 3493 2805 3569 dicuntur,
2836 3493 2977 3552 licet

560 3570 782 3647 peccati
812 3578 975 3627 actus
1002 3568 1259 3627 nondum
1287 3589 1522 3628 exerere
1550 3569 1791 3646 possint.

634 3649 790 3707 XX.
838 3648 901 3708 Si
941 3648 1042 3726 qui
1083 3667 1158 3707 ex
1199 3648 1429 3707 Nostris
1469 3657 1687 3727 negant
1725 3648 1900 3707 fidem
1942 3669 2068 3709 esse
2109 3651 2170 3709 in
2211 3651 2545 3727 infantibus,
2587 3653 2683 3711 vel
2718 3652 2858 3729 ipsis
2886 3652 2967 3710 ad

556 3730 803 3790 salutem
832 3748 958 3788 esse
987 3728 1385 3804 necessariam,
1431 3736 1496 3788 ut
1536 3749 1613 3787 ex
1654 3728 2000 3807 quibusdam
2040 3730 2186 3789 locis
2225 3733 2520 3809 Martyris,
2553 3733 2742 3807 Bezae,
2775 3729 2975 3790 Pisca-

557 3811 715 3886 toris,
748 3809 1077 3887 colligitur3
1136 3809 1368 3868 Certum
1411 3817 1500 3868 est
1540 3809 1650 3867 hoc
1678 3808 1751 3868 de
1779 3808 1893 3868 fide
1934 3810 2147 3869 actuali
2173 3811 2423 3889 intelligi
2450 3812 2729 3870 adversus
2759 3812 2977 3870 Luthe-

556 3911 744 3963 raum,
795 3910 912 3949 non
960 3889 1033 3949 de
1082 3889 1298 3949 semine
1341 3889 1494 3965 fidei,
1539 3890 1637 3948 vel
1683 3889 1902 3967 Spiritu
1942 3891 2412 3968 regenerationis,
2456 3911 2627 3968 quem
2657 3890 2980 3950 infantibus

554 3971 730 4030 tribui
779 3991 895 4028 non
924 3969 1101 4029 semel
1149 3977 1429 4030 asserunt.
1516 3969 1760 4046 Martyr,
1801 3970 1877 4029 lo.
1909 3990 2054 4028 com.
2087 3970 2173 4029 Cl.
2203 3971 2281 4029 iv.
2314 3991 2437 4049 cap.
2469 3974 2524 4045 8,
2554 3992 2612 4048 p.
2643 3973 2779 4046 826,
2810 3980 2973 4047 post·

555 4070 729 4127 quam
776 4051 927 4109 dixit
980 4049 1333 4127 Scripturam
1385 4050 1620 4109 Sacram
1668 4068 1786 4107 non
1831 4050 2021 4108 dicere
2050 4051 2339 4131 parvulos
2369 4050 2619 4125 credere,
2651 4048 2759 4108 &a
2791 4050 2977 4124 addit,

557 4134 594 4164 ‘⁸
616 4131 850 4204 Judico,
900 4130 1040 4188 satis
1084 4149 1228 4204 esse,
1278 4138 1345 4188 ut
1393 4137 1720 4189 statuantur
1756 4129 1857 4206 qui
1900 4130 2168 4188 servandi
2208 4139 2358 4205 sunt,
2390 4151 2458 4189 eo
2487 4130 2644 4207 quod
2671 4149 2775 4207 per
2804 4130 2976 4189 Elec·

553 4210 770 4268 tionem
799 4210 873 4267 ad
902 4209 1191 4287 peculium
1222 4209 1334 4267 Dei
1360 4210 1701 4287 pertineant,
1738 4208 1955 4287 Spiritu
2001 4210 2214 4269 Sancto
2241 4209 2527 4288 perfundi,
2560 4210 2660 4286 qui
2688 4209 2856 4268 radix
2887 4218 2984 4269 est

552 4289 705 4362 fidei,
738 4289 877 4366 spei,
909 4288 1221 4363 charitatiS,
1267 4297 1325 4347 et
1366 4289 1622 4347 omnium
1663 4287 1959 4364 virtutum,
2004 4309 2150 4365 quas
2191 4298 2393 4367 postea
2419 4289 2604 4349 exerit
2631 4297 2690 4349 et
2718 4289 2985 4348 declarat

553 4368 615 4425 in
641 4368 779 4426 filiis
810 4367 937 4442 Dei,
969 4387 1148 4445 quum
1176 4387 1279 4444 per
1307 4375 1533 4427 aetatem
1561 4368 1757 4427 licet.'’
1845 4368 1938 4426 Ita
1969 4368 2193 4428 Calvin.
2224 4370 2323 4429 lib.
2356 4371 2436 4429 iv.
2468 4369 2662 4429 Instit.
2694 4389 2820 4446 cap.
2850 4370 2984 4429 xvi.

553 4456 692 4505 sect.
743 4451 833 4521 17,
882 4450 917 4480 “
941 4447 1041 4522 At,
1087 4446 1392 4523 quomodO,
1436 4448 1723 4524 inquiunt,
1769 4456 2184 4524 regenerantur
2225 4448 2492 4525 infantes,
2536 4470 2643 4508 nec
2684 4449 2823 4507 boni
2868 4469 2990 4509 nee

551 4526 688 4582 mali
738 4526 1067 4602 cognitione
1113 4525 1342 4604 praediti
1362 4529 1391 4583 Ρ
1473 4528 1595 4586 Nos
1640 4535 1833 4586 autem
1881 4528 2313 4605 respondemus,
2366 4550 2512 4607 opus
2563 4529 2693 4604 Dei,
2745 4530 2989 4588 etiamsi

554 4603 747 4678 captui
776 4612 973 4662 nostro
999 4625 1117 4663 non
1146 4606 1459 4681 subjaceat,
1503 4626 1620 4664 non
1662 4614 1856 4666 tamen
1897 4627 2025 4667 esse
2050 4608 2294 4668 nullum.
2380 4610 2561 4668 Porro
2588 4608 2841 4668 infantes
2870 4610 2985 4688 qui

559 2357 603 2402 4.
632 2358 829 2402 Dantur
847 2359 898 2402 in
924 2358 1044 2414 ipsis

617 2418 759 2464 κοιναὶ
784 2417 947 2463 lma'oea.

633 2918 817 2988 Fontes
840 2915 983 2961 Solu-

698 2982 909 3020 tronum.
