3221 5200
447 334 560 391 623
1214 351 1394 394 Locus
1426 351 1682 393 oremus
1713 352 2018 392 serimus.
2519 333 2776 416 [quaesta
2805 353 2864 396 v.

450 495 687 551 verbum
715 495 964 552 merendi
989 515 1139 572 saepe
1162 497 1313 573 apud
1342 498 1538 554 Patres
1562 494 1792 570 ponitur
1819 514 1922 570 pro
1952 496 2227 572 consequi,
2251 498 2509 571 obtinere,
2537 498 2859 574 impetrare.

456 576 612 649 Aug.
665 577 844 632 Serm.
874 578 970 648 49,
996 574 1065 633 de
1097 576 1394 653 Tempore,
1430 579 1464 607 “
1490 575 1767 632 Peccator
1794 574 1866 631 de
1897 595 1958 632 se
2007 596 2123 633 non
2172 576 2451 653 desperet,
2485 578 2621 654 quia
2652 578 2868 636 Paulus

456 655 661 712 meruit
690 654 1169 732 indulgentiam.''
1256 657 1526 715 AmbrOS.
1556 653 1658 711 lib.
1689 675 1748 712 x.
1799 655 1858 711 in
1890 655 2031 713 Luc.
2062 676 2186 731 cap.
2217 657 2381 730 xxii„
2417 661 2451 689 ‘⁴
2476 658 2526 717 O
2547 678 2713 734 aqua,
2738 680 2866 734 quae

459 736 890 793 Sacramentum
922 736 1134 793 Christi
1163 756 1288 794 esse
1316 733 1593 807 meruisti,
1625 754 1754 810 quae
1782 734 1945 792 lavas
1983 737 2192 810 omnia,
2224 757 2328 794 nec
2371 737 2639 796 lavaris.''
2716 740 2870 796 Hinc

456 835 529 871 cx
562 815 777 892 Greg0.
812 815 1073 874 Ecclesia
1106 817 1270 873 Rom.
1301 815 1472 888 canit,
1509 817 1543 846 ‘⁴
1567 814 1618 872 O
1656 813 1798 872 felix
1836 815 2023 892 culpa,
2055 837 2185 892 quae
2215 817 2388 875 talem
2417 818 2629 876 meruit
2656 819 2868 876 habere

459 894 961 972 Redemptorem.’¹
1008 896 1185 971 Cujus
1214 895 1374 953 vocis
1402 895 1646 952 abusum
1675 915 1790 952 non
1819 894 2185 955 dissimulant
2212 897 2321 973 ipsi
2353 897 2658 956 Pontificii.
2728 899 2866 956 Cas-

456 979 666 1033 sander·
695 976 751 1032 in
789 975 980 1034 Schol.
1012 974 1087 1031 ad
1117 975 1337 1051 Hymn.
1365 974 1587 1032 Eccles.
1619 995 1676 1051 p.
1706 976 1837 1047 179,
1887 978 1921 1008 “
1941 977 2303 1036 Vocabulum
2330 979 2635 1053 merendi,”
2660 978 2862 1054 inquit,

461 1059 495 1087 ‘⁶
521 1056 675 1132 apud
708 1065 927 1114 veteres
958 1054 1398 1113 Ecclesiasticos
1452 1055 1772 1131 Scriptores
1821 1055 1972 1114 idem
2024 1057 2138 1116 fere
2186 1058 2343 1116 valet
2390 1058 2546 1135 quod
2574 1059 2866 1135 consequi,

456 1156 555 1193 scu
587 1145 780 1211 aptum
812 1134 1193 1209 idoneumque
1222 1134 1347 1193 fieri
1374 1135 1450 1193 ad
1471 1135 1997 1211 consequendum,''
2046 1138 2201 1212 quod
2224 1137 2427 1214 probat
2457 1159 2530 1196 ex
2559 1139 2711 1197 Loco
2753 1139 2864 1214 Cy·-

454 1216 654 1291 priani,
688 1215 784 1290 qui
828 1212 984 1288 quod
1029 1214 1245 1273 Paulus
1294 1215 1434 1273 dicit
1456 1230 1591 1273 ἀλλα
1617 1228 1695 1271 καὶ
1721 1226 1912 1292 taciem,
1964 1221 1988 1274 1
2035 1217 2182 1275 Tim.
2214 1219 2250 1275 i.
2288 1221 2377 1293 13,
2425 1219 2867 1277 misericordiam

454 1304 768 1351 consecutus
794 1313 932 1365 sum,
964 1293 1141 1352 vertit
1166 1295 1242 1351 ad
1270 1296 1311 1354 J
1319 1296 1626 1356 ubaianum
1649 1298 2092 1355 misericordiam
2130 1298 2324 1370 merui,
2357 1308 2414 1356 et
2442 1299 2656 1358 ibidem
2687 1299 2865 1372 addit,

461 1378 496 1405 ‘⁶
515 1393 641 1449 quae
671 1372 832 1430 vocis
861 1373 1019 1431 notio
1050 1375 1097 1431 si
1128 1374 1456 1448 retineatur,
1489 1376 1687 1450 multa,
1720 1397 1847 1452 quae
1867 1377 2066 1434 durius
2097 1377 2210 1435 dici
2238 1377 2524 1451 videntur,
2557 1379 2784 1437 mitiora
2812 1389 2869 1437 et

455 1452 842 1510 commodiora
870 1454 1283 1529 apparebunt.’'
1331 1455 1515 1529 Vega,
1537 1455 1638 1513 lib.
1671 1456 1792 1512 viii.
1819 1456 1889 1513 de
1913 1456 1955 1514 J
1961 1456 2133 1514 ustifi.
2171 1459 2300 1529 108,
2329 1459 2364 1487 ‘⁶
2385 1458 2515 1514 Non
2535 1478 2624 1515 me
2655 1459 2864 1532 fugit‚''

454 1532 657 1607 inquit,
693 1533 1001 1608 “usurpari
1016 1533 1169 1608 apud
1190 1532 1390 1590 Patres
1418 1552 1628 1591 nomen
1647 1534 1852 1608 meriti,
1879 1534 1977 1591 ubi
1995 1534 2154 1591 nulla
2175 1545 2262 1592 est
2281 1535 2425 1592 ratio
2449 1536 2654 1609 meriti,
2676 1555 2863 1611 neque

453 1611 523 1669 de
555 1632 828 1688 congru0,
858 1632 1044 1688 neque
1091 1612 1162 1671 de
1208 1612 1554 1689 condigno.’'
1641 1613 1862 1671 Eodem
1909 1633 2083 1671 sensu
2132 1613 2426 1671 Authores
2476 1614 2866 1673 Confessionis

454 1693 834 1768 Augustanae,
868 1692 999 1751 Art.
1032 1696 1085 1768 6,
1117 1713 1319 1750 vocem
1357 1693 1546 1751 meriti
1587 1702 1884 1769 usurpant,
1917 1700 1979 1750 ut
2008 1702 2065 1750 et
2094 1693 2270 1770 Apol.
2300 1702 2405 1751 art.
2437 1697 2532 1767 20,
2559 1702 2624 1752 ut
2651 1715 2861 1772 agnos·

455 1773 533 1830 cit
564 1773 834 1830 Bellarm.
864 1773 965 1830 lib.
996 1794 1053 1831 v.
1084 1773 1156 1831 de
1183 1773 1405 1833 Justifi.
1437 1794 1561 1850 cap.
1597 1775 1650 1831 1.
1735 1773 1830 1832 Ex
1879 1793 1994 1850 quo
2023 1792 2165 1831 vero
2214 1774 2455 1831 verbum
2504 1775 2778 1848 merendi,
2811 1785 2870 1834 et

452 1872 571 1910 vox
600 1853 931 1912 meritorum
960 1852 1269 1929 improprio
1299 1853 1410 1912 isto
1440 1873 1613 1912 sensu
1635 1852 1991 1930 frequentius
2037 1861 2312 1930 usurpata
2340 1862 2462 1927 est3
2511 1855 2866 1914 Posteriores

457 1933 794 1991 Scholarum
829 1933 1109 1990 Doctores
1160 1933 1492 1991 Pharisaico
1539 1934 1847 2010 supercilio
1890 1934 2010 2009 jam
2060 1942 2376 2011 turgentes,
2407 1935 2713 2011 phrasibus
2757 1935 2865 1993 Pa-

454 2021 603 2070 trum
635 2013 784 2070 male
814 2021 869 2070 et
898 2022 1105 2089 praeter
1132 2022 1380 2071 mentem
1433 2013 1688 2090 ipsorum
1732 2014 2000 2090 acceptiS,
2053 2013 2241 2072 dicere
2285 2024 2583 2092 coeperunt
2608 2016 2870 2072 homines

453 2092 572 2149 suis
603 2093 871 2168 operibus
899 2093 1123 2169 proprie
1156 2093 1357 2151 mereri
1397 2094 1570 2151 vitam
1603 2101 1893 2168 aeternam,
1934 2104 1992 2152 et
2027 2094 2181 2152 bona
2220 2114 2392 2171 opera
2421 2116 2546 2154 esse
2576 2095 2866 2153 meritoria

450 2172 586 2230 vitae
618 2183 862 2245 aeternae,
895 2193 1009 2231 non
1040 2173 1224 2230 solum
1256 2193 1328 2230 ex
1352 2182 1539 2250 pact0,
1573 2172 1678 2231 sed
1706 2174 1878 2231 etiam
1908 2173 2129 2232 ratione
2152 2173 2331 2250 ipsius
2360 2176 2565 2251 operis.

452 2290 650 2348 Triplex
690 2294 919 2337 meritum
1060 2251 1178 2309 ΙΙΙ.
1227 2252 1513 2311 Pontificii
1544 2254 1802 2312 meritum
1849 2254 2030 2330 vulgo
2073 2253 2370 2328 definiunt,
2430 2255 2738 2313 Actionem
2769 2254 2860 2312 cui

510 2351 742 2406 Comani,
780 2325 939 2408 Digni,
983 2332 1224 2391 debetur
1252 2332 1445 2409 aliqua
1467 2353 1704 2391 merces,
1772 2333 2005 2409 Species
2034 2333 2134 2391 alii
2164 2333 2323 2408 duas,
2356 2333 2455 2391 alii
2484 2344 2599 2393 tres
2617 2335 2863 2392 faciunt:

512 2409 767 2479 cond-igni,
786 2410 934 2464 juxta
977 2411 1161 2469 Aliud
1182 2413 1448 2470 meritum
1478 2413 1728 2489 confi-ui,
1756 2412 1939 2471 Aliud
1968 2414 2140 2489 diyni,
2174 2413 2357 2471 Aliud
2380 2415 2654 2485 conde'yni.
2685 2414 2863 2472 Meri·

510 2468 808 2512 Pontmeios.
975 2501 1087 2549 tum
1112 2493 1348 2566 conyrui
1372 2501 1585 2549 vocant
1614 2513 1753 2567 opus
1780 2494 2073 2551 moraliter
2089 2493 2320 2568 bonum,
2349 2498 2572 2567 factum
2600 2515 2673 2551 ea:
2694 2495 2866 2551 libero

449 2576 701 2649 arbitrie,
732 2595 843 2633 non
872 2575 1067 2648 adjuto
1094 2593 1133 2629 a
1151 2571 1362 2647 qratia.
1450 2571 1669 2649 Nempe
1699 2572 1856 2649 quod
1884 2592 2200 2650 congruum
2232 2573 2306 2631 sit
2328 2585 2383 2632 et
2403 2574 2750 2632 conveniens
2780 2573 2865 2631 di-

451 2656 601 2712 vinae
626 2653 886 2725 bonitati,
912 2650 1204 2710 moraliter
1226 2652 1370 2710 bene
1400 2652 1697 2728 dispositis
1726 2661 1784 2711 et
1812 2652 2153 2711 facientibus
2177 2652 2331 2727 quod
2361 2654 2417 2709 in
2450 2673 2509 2710 se
2538 2662 2643 2724 est,
2675 2654 2861 2710 infun-

448 2735 580 2790 dere
611 2733 854 2807 gratiam
868 2730 1315 2807 justificationiS.
1399 2732 1671 2788 Meritum
1693 2732 1864 2806 aliqui,
1913 2739 2173 2789 statuunt
2214 2750 2338 2788 csse
2369 2732 2734 2789 idoneitatem
2761 2751 2864 2789 seu

446 2811 826 2888 aptitudinem
857 2809 1144 2885 operantis
1173 2808 1246 2865 ad
1302 2809 1723 2885 assequendum
1752 2810 1813 2867 id
1842 2810 1997 2885 quod
2044 2819 2310 2885 meretur,
2340 2819 2404 2868 ut
2445 2810 2694 2869 nominis
2721 2810 2868 2869 ratio

448 2899 678 2968 petatur
704 2889 895 2966 potius
923 2909 959 2946 a
985 2907 1229 2965 persona
1258 2898 1544 2964 operante,
1578 2909 1749 2964 quam
1801 2889 1874 2947 ab
1923 2889 2050 2966 ipso
2099 2909 2286 2965 opere,
2334 2898 2618 2967 quatenus
2647 2891 2868 2949 scilicet

448 2971 626 3049 digna
654 2979 917 3029 censetur
945 2990 980 3028 a
1012 2969 1154 3041 Dee,
1186 2988 1314 3044 quse
1361 2976 1650 3026 mereatur
1696 2969 1875 3027 vitam
1926 2977 2215 3028 aeternam.
2302 2970 2566 3047 Denique
2596 2973 2867 3030 Meritum

450 3051 713 3127 concliyni
738 3051 943 3109 volunt
971 3069 1097 3107 esse
1120 3050 1319 3107 bonum
1348 3068 1487 3125 opus
1500 3051 1729 3122 factum
1774 3071 1847 3108 ex
1875 3050 2047 3108 libero
2075 3051 2311 3108 arbitrio
2353 3054 2546 3127 adjuto
2574 3073 2614 3109 α
2649 3053 2862 3128 qratia,

448 3132 604 3209 quod
633 3132 748 3190 tale
778 3131 870 3205 sit,
904 3138 966 3189 ut
994 3130 1227 3188 omnino
1257 3129 1496 3205 dignum
1529 3130 1604 3188 sit
1634 3131 1735 3188 tali
1766 3130 2046 3206 mercede,
2071 3150 2189 3188 non
2213 3133 2398 3189 solum
2438 3152 2511 3189 ex
2541 3142 2727 3207 pacto,
2760 3132 2864 3189 sed

448 3213 618 3271 etiam
650 3221 881 3288 propter
922 3210 1294 3269 intrinsecum
1346 3210 1603 3268 valorem
1650 3212 1856 3288 operiS,
1909 3218 1968 3270 et
2016 3211 2404 3287 aequalitatem
2456 3212 2605 3270 inter
2633 3232 2777 3288 opus
2806 3220 2865 3269 et

450 3293 791 3351 mercedem.
882 3291 997 3350 Sed
1027 3291 1284 3368 plerique
1314 3310 1387 3348 ex
1415 3290 1876 3365 RecentioribuS,
1926 3300 1993 3349 ut
2039 3290 2313 3349 Bellarm.
2344 3300 2400 3349 et
2430 3292 2545 3365 alii,
2577 3300 2694 3349 tres
2723 3291 2865 3348 istas

452 3374 671 3450 species
690 3372 765 3429 ad
794 3372 938 3429 duas
967 3372 1329 3444 contrahunt,
1362 3369 1491 3427 ideo
1542 3371 1792 3429 maxime
1843 3371 1980 3446 quia
2029 3370 2104 3427 V.
2157 3371 2232 3429 V.
2285 3392 2484 3429 vocem
2515 3381 2631 3436 ἔξω,
2655 3392 2728 3429 ex
2750 3391 2866 3447 qua

449 3453 716 3510 meritum
746 3450 952 3508 elicere
982 3450 1202 3521 volunt,
1229 3449 1399 3506 modo
1420 3469 1522 3525 per
1544 3452 1792 3525 dae'ynum,
1828 3459 1890 3508 ut
1914 3450 2098 3525 Apoc.
2131 3450 2210 3507 iii.
2236 3454 2289 3523 4,
2315 3450 2486 3509 modo
2516 3470 2618 3527 per
2637 3452 2863 3526 condiq-

450 3552 581 3589 num
610 3530 801 3602 vertit,
835 3537 899 3586 ut
926 3529 1145 3585 nullum
1178 3529 1284 3585 hac
1314 3527 1373 3583 in
1402 3536 1560 3602 parte
1592 3529 1667 3587 sit
1694 3530 1992 3605 utriusque
2022 3528 2346 3603 discrimen,
2381 3530 2649 3587 Bellarm.
2676 3530 2776 3587 lib.
2807 3550 2865 3588 v·

452 3610 523 3668 de
554 3610 593 3667 J
601 3608 770 3665 ustifi.
803 3626 925 3682 cap.
981 3607 1072 3663 16.
1160 3605 1314 3662 Hinc
1345 3607 1457 3663 alia
1486 3606 1756 3666 dicuntur
1804 3627 1929 3665 esse
1975 3606 2179 3665 merita
2222 3609 2421 3684 gratiae
2472 3608 2542 3665 de
2587 3628 2860 3684 congruO,

454 3689 568 3747 alia
597 3686 797 3745 merita
825 3684 1025 3762 gloriae
1055 3683 1125 3741 de
1156 3683 1461 3760 condigno,

536 3768 645 3827 IV.
692 3765 1014 3824 Fatendum
1045 3773 1134 3822 est
1162 3772 1353 3822 tamen
1375 3783 1490 3823 non
1517 3764 1718 3840 paucis
1766 3785 1842 3824 ex
1871 3764 2191 3823 Pontifieiis
2240 3765 2665 3825 distinctionem
2696 3766 2866 3827 istam

451 3849 643 3907 minus
671 3846 919 3905 arridere
948 3852 1005 3903 et
1034 3844 1408 3920 incongruam
1436 3843 1640 3917 videri,
1671 3844 1772 3920 qui
1799 3844 1959 3902 nulla
1987 3844 2112 3902 dari
2139 3845 2341 3903 merita
2359 3844 2430 3904 de
2448 3867 2705 3925 congruo
2734 3870 2865 3908 cen-

455 3939 620 4003 sent;
666 3928 816 3986 inter
832 3945 978 4003 quos
989 3925 1242 3983 Thomas
1254 3924 1605 3998 W'aldenSiS,
1632 3934 1690 3983 et
1703 3925 1919 3984 Paulus
1932 3926 2269 4003 BurgensiS,
2292 3926 2572 3986 referente
2594 3929 2866 3988 Bellarm.

455 4010 555 4067 lib.
587 4029 643 4065 v.
675 4007 746 4065 de
776 4005 1030 4066 Justific.
1061 4025 1184 4081 cap.
1221 4007 1314 4074 16,
1362 4005 1640 4082 StapletO.
1670 4004 1710 4065 l.
1755 4005 1813 4065 ii.
1858 4005 1931 4064 de
1959 4027 2115 4083 pecc.
2147 4006 2292 4083 orig.
2333 4027 2457 4084 cap.
2498 4012 2573 4082 43
2628 4012 2663 4041 “
2688 4010 2863 4067 Meri·

455 4099 575 4147 tum
607 4087 679 4145 de
708 4086 1022 4163 congru0‚'’
1054 4084 1256 4160 inquit,
1293 4087 1329 4116 “
1354 4094 1617 4162 respectu
1645 4085 1843 4162 primae
1874 4087 2093 4163 gratiae,
2118 4088 2240 4163 jam
2260 4086 2396 4144 olim
2426 4089 2728 4165 explosum
2758 4098 2863 4163 est,

455 4189 560 4227 nec
589 4188 624 4225 a
650 4165 1072 4243 probatioribus
1119 4164 1509 4239 ScholasticiS,
1562 4174 1627 4224 ut
1654 4185 1689 4223 a
1721 4166 1779 4224 S.
1811 4167 2034 4224 Thoma
2061 4167 2121 4223 in
2155 4167 2392 4224 Summa
2431 4176 2488 4227 et
2537 4168 2866 4244 posteriori·

454 4249 565 4307 bus
594 4246 838 4322 scriptis,
870 4246 1111 4321 ejusque
1140 4245 1484 4321 sequacibus
1513 4265 1764 4322 unquam
1784 4246 2156 4304 admissum.'’
2217 4246 2482 4305 Becanus
2504 4247 2780 4324 agnoscit,
2806 4266 2863 4323 q.

461 4333 513 4387 1.
545 4348 667 4405 cap.
699 4327 796 4400 iv„
855 4326 1122 4383 Meritum
1155 4327 1223 4382 de
1252 4322 1498 4401 conyru'o
1519 4326 1759 4401 proprie
1808 4347 1919 4383 non
1966 4326 2168 4383 habere
2196 4327 2470 4385 rationem
2514 4327 2713 4400 meriti,
2762 4325 2865 4385 sed

453 4417 676 4469 tantum
700 4404 998 4483 cujusdam
1023 4405 1430 4481 congruentiae,
1455 4425 1522 4462 ac
1539 4404 1778 4481 proinde
1807 4425 1922 4462 non
1943 4425 2178 4464 necesse
2198 4425 2323 4464 esse
2354 4405 2424 4464 de
2454 4426 2521 4463 eo
2551 4405 2862 4482 disputare,

455 4489 592 4564 quia
620 4487 763 4543 nihil
792 4485 930 4543 certi
961 4485 1033 4542 de
1062 4505 1130 4543 eo
1159 4485 1424 4542 affirmari
1454 4484 1654 4560 possit.
1739 4484 1886 4557 Quia
1916 4494 2104 4543 tamen
2133 4486 2207 4544 ab
2236 4486 2364 4543 aliis
2393 4506 2505 4542 non
2535 4487 2735 4563 paucis
2764 4486 2863 4544 ad-

455 4568 569 4624 huc
599 4566 889 4639 retinetur,
924 4573 985 4624 ut
1014 4586 1048 4623 a
1079 4565 1423 4640 vasquezio,
1457 4565 1751 4637 Caietano,
1784 4573 1843 4623 et
1863 4564 2009 4638 aliis,
2041 4574 2098 4623 et
2121 4576 2348 4640 recepta
2376 4574 2464 4623 est
2487 4565 2869 4625 communiter

456 4645 605 4702 inter
636 4645 789 4720 ipsos
818 4644 1117 4717 sententia,
1152 4644 1375 4702 vanitas
1404 4645 1529 4721 ejus
1558 4644 1810 4703 breviter
1838 4644 2282 4703 demonstranda
2313 4645 2436 4703 crit.
