3221 5200
506 378 583 434 48
1418 394 1602 435 Locus
1633 393 1990 436 monemus.
2547 370 2804 454 [QuAEs'r.
2838 393 2919 435 tx.

502 540 931 611 oppugnatores
958 541 1049 592 est
1076 534 1419 593 sancitum.''
1465 534 1550 593 At
1578 554 1748 593 nemo
1775 534 1960 593 nescit
1984 533 2305 593 Concilium
2332 534 2461 609 hoc,
2491 533 2757 593 habitum
2783 554 2917 592 ann.

507 617 643 687 787,
664 623 723 672 et
739 613 890 672 inter
907 613 1292 673 Oecumenica
1319 615 1394 673 ab
1421 614 1565 692 ipsis
1592 615 1856 690 relatum,
1877 614 2270 674 adorationem
2296 614 2626 692 Imaginum
2645 634 2921 691 expresse

505 694 807 768 sanxisse3
855 693 1027 752 Unde
1057 693 1307 752 Actione
1337 698 1392 769 7,
1423 694 1788 753 anathemate
1816 695 2064 771 percutit
2091 713 2208 769 eos,
2240 693 2341 770 qui
2368 694 2465 752 vel
2502 694 2786 771 tantisper
2813 694 2920 752 du-

504 773 710 848 bitant,
744 772 845 830 An
873 773 989 832 sint
1016 773 1324 833 adorandas
1356 774 1668 851 Imagines.
1756 776 1792 807 ‘⁴
1812 774 2212 833 Gloriosorum
2242 774 2604 851 Angelorum
2649 782 2709 832 et
2740 774 2919 833 Sanc-

503 860 696 911 torum
727 853 1021 930 Imagines
1050 853 1372 912 adorandas
1412 862 1701 931 putamus.
1790 854 1855 913 Si
1895 854 2025 930 quis
2053 872 2194 911 vero
2238 853 2320 912 ita
2346 873 2464 911 non
2491 863 2581 912 est
2607 853 2915 928 animatus,

506 932 611 991 sed
639 932 794 991 circa
819 932 1277 992 venerandarum
1329 934 1660 1011 Imaginum
1705 933 2100 992 adorationem
2140 932 2368 992 laborat
2411 943 2470 991 et
2510 933 2755 1007 dubitat,
2786 953 2921 991 eum

428 1034 435 1037 ·
505 1013 953 1071 anathematizat
981 1020 1181 1071 sancta
1207 1022 1267 1071 et
1292 1012 1624 1072 veneranda
1655 1013 1988 1091 Synodus.”
2074 1013 2219 1071 Cum
2248 1032 2388 1071 vero
2422 1012 2767 1089 quibusdam
2799 1033 2922 1072 vox

505 1092 857 1152 adorationis
885 1092 1219 1151 duriuscula
1245 1092 1557 1168 videretur,
1578 1102 1638 1151 et
1665 1102 1731 1152 ut
1747 1093 1980 1151 mollius
1999 1092 2389 1169 loquerentur,
2414 1093 2673 1151 dicerent
2703 1096 2739 1125 ‘⁴
2762 1093 2919 1150 Ima-

506 1173 674 1249 gines
701 1192 828 1231 esse
855 1172 1275 1248 venerandas,''
1312 1173 1586 1249 Synodus
1616 1171 1752 1231 Act.
1776 1173 1855 1231 iv.
1886 1172 1971 1231 sic
1991 1173 2052 1229 in
2073 1191 2174 1231 eos
2195 1172 2504 1248 invehitur,
2539 1174 2576 1206 “
2593 1191 2795 1231 omnes
2816 1173 2921 1248 qui

506 1271 569 1310 se
615 1271 806 1309 sacras
850 1251 1134 1328 imagines
1178 1252 1443 1310 venerari
1486 1252 1848 1328 confitentur,
1881 1251 2274 1310 adorationem
2319 1259 2511 1310 autem
2551 1261 2839 1326 recusant,
2884 1272 2924 1310 a

510 1332 723 1390 Sancto
753 1331 925 1389 Patre
956 1329 1270 1390 Anastasio
1312 1331 1740 1409 redarguuntur
1781 1341 1849 1391 ut
1888 1331 2265 1409 hypocritae,'’
2297 1340 2357 1390 et
2383 1332 2465 1390 ait
2493 1351 2593 1390 eos
2626 1335 2662 1364 “
2688 1332 2921 1390 Sanctis

506 1410 760 1469 convitia
787 1409 1038 1470 dicere.'’
1124 1411 1269 1469 Cum
1296 1430 1436 1488 ergo
1468 1411 1791 1470 Concilium
1819 1411 2221 1470 Tridentinum
2244 1411 2525 1488 approbet
2551 1411 2831 1488 quicquid
2855 1412 2922 1470 in

503 1490 606 1550 illa
639 1489 875 1566 Synodo
905 1490 1190 1548 sancitum
1220 1499 1326 1565 est,
1357 1499 1518 1568 patet
1544 1510 1662 1548 non
1690 1490 1864 1549 aliam
1891 1489 2068 1549 fuisse
2098 1492 2225 1568 ejus
2252 1491 2618 1549 sententiam.

585 1570 662 1629 V.
707 1569 893 1643 Quam
921 1569 1221 1628 confirmat
1247 1570 1500 1628 secundo
1537 1572 1752 1647 praxis
1788 1570 2125 1647 quotidiana
2171 1570 2321 1629 inter
2366 1570 2523 1647 ipsos
2567 1579 2812 1647 recepta,
2858 1570 2922 1628 in

506 1668 622 1725 qua
649 1657 875 1708 constat
901 1649 1178 1726 populum
1208 1669 1400 1708 coram
1442 1650 1793 1727 imaginibus
1834 1651 2227 1727 procumbere,
2272 1650 2405 1708 illas
2444 1650 2710 1724 osculari,
2756 1651 2923 1709 Thus

506 1729 624 1787 illis
653 1728 900 1804 adolere,
935 1728 1165 1788 Altaria
1192 1729 1431 1809 erigere,
1461 1750 1663 1808 preces
1691 1728 1911 1805 offerre,
1942 1738 2081 1789 vota
2117 1749 2466 1808 nuncupare,
2511 1729 2682 1788 ferias
2725 1749 2921 1789 sacras

505 1808 823 1883 instituere,
855 1817 913 1868 et
941 1809 1160 1868 similes
1186 1808 1539 1868 adorationis
1567 1818 1626 1869 et
1654 1810 1844 1868 cultus
1871 1816 2066 1887 partes
2093 1809 2332 1868 deferre.
2418 1809 2496 1867 Et
2522 1830 2596 1868 ne
2637 1810 2769 1886 quis
2808 1830 2920 1886 pu-

505 1896 590 1947 tet
617 1888 894 1965 populum
922 1888 984 1945 in
1011 1888 1112 1947 illa
1138 1889 1306 1965 praxi
1334 1909 1588 1967 peccare,
1635 1890 1918 1947 Doctores
1944 1909 2084 1947 vero
2124 1890 2445 1966 praecipuos
2485 1889 2647 1948 aliud
2686 1890 2918 1964 sentire,

506 1987 624 2026 non
652 1966 884 2026 difficile
912 1976 1001 2026 est
1028 1968 1348 2043 ostendere,
1378 1978 1630 2028 mentem
1659 1970 1911 2046 ipsorum
1940 1970 2077 2027 huic
2102 1969 2271 2047 praxi
2312 1968 2677 2046 respondere.
2761 1969 2922 2027 Hinc

506 2048 778 2123 Thomas,
803 2047 884 2104 iii.
907 2067 964 2123 q.
989 2050 1085 2122 25,
1117 2047 1341 2106 articul.
1370 2051 1421 2122 1,
1446 2049 1574 2108 vult
1602 2049 1821 2107 cultum
1848 2048 2033 2107 latriae
2061 2049 2323 2107 exhiberi
2351 2049 2507 2107 cruci
2538 2048 2770 2124 Christi,
2799 2069 2922 2107 non

507 2128 700 2186 minus
728 2147 796 2185 ac
844 2126 957 2205 ipsi
987 2127 1250 2201 Christ03
1299 2131 1334 2161 ‘⁴
1365 2126 1513 2187 Cum
1549 2147 1689 2206 ergo
1720 2128 1984 2187 Christus
2031 2128 2301 2187 adoretur
2342 2128 2675 2188 adoratione
2714 2129 2918 2204 latrias,

508 2226 866 2284 consequens
895 2216 1003 2282 est,
1032 2206 1189 2284 quod
1215 2207 1343 2283 ejus
1371 2207 1564 2285 imago
1592 2208 1668 2267 sit
1696 2207 2030 2267 adoratione
2068 2207 2253 2266 latriae
2295 2207 2645 2267 adoranda.''
2731 2208 2918 2283 Quem

510 2287 1193 2425 {nm
1223 2367 1797 2427 hm..-
1824 2367 2244 2427 ,ἃ
2316 2288 2637 2427 m}

509 2445 843 2504 adoratione
871 2386 1134 2521 lan-15¹3„
1179 2460 1353 2523 quam
1382 2413 1725 2506 sebtentiam
1753 2448 2007 2505 maxima
2033 2385 2166 2524 pugg
2190 2388 2506 2506 Deciorum
2534 2376 2921 2525 amtgfgefim‘

508 2526 858 2599 Alexander,
889 2528 1312 2600 Bonaventura,
1343 2528 1684 2604 Richardm,
1716 2529 2068 2603 Paludanus,
2113 2527 2465 2604 Capreolus,
2490 2527 2713 2603 (lasere,
2747 2528 2923 2588 Cani-

509 2606 639 2681 sius,
676 2607 1011 2679 Turrianus,
1043 2614 1101 2664 et
1129 2604 1227 2663 alii
1255 2606 1504 2682 plurimi,
1536 2624 1683 2683 quos
1711 2607 1786 2665 ad
1827 2608 2066 2684 triginta
2090 2627 2276 2684 usque
2314 2616 2612 2667 enumerat
2650 2610 2917 2684 Vasquez,

508 2685 612 2743 lib.
653 2684 714 2742 ii.
758 2684 833 2742 de
874 2684 1117 2742 Adorat.
1164 2684 1328 2762 Disp.
1358 2688 1414 2762 8,
1456 2706 1505 2744 c.
1536 2689 1592 2745 3.
1678 2687 1814 2765 Ipse
1841 2706 1982 2745 vero
2025 2706 2250 2745 summa
2289 2688 2655 2747 contentione
2694 2698 2922 2765 perten-

508 2762 598 2821 dit
625 2762 912 2840 quaslibet
938 2783 1030 2822 res
1058 2763 1402 2823 inanimatas
1430 2765 1656 2824 adorari
1684 2785 1852 2843 posse
1891 2767 2073 2825 latriae
2101 2768 2279 2826 cultu.
2365 2768 2495 2826 Imo
2535 2777 2595 2827 et
2634 2767 2917 2826 festucam

510 2850 571 2901 et
598 2841 824 2900 radium
857 2843 1026 2918 Solis,
1059 2843 1168 2902 sub
1196 2859 1311 2921 quo
1340 2844 1483 2904 latet
1512 2846 1814 2918 Diabolus,
1843 2846 1994 2904 libro
2023 2846 2104 2906 iii.
2148 2847 2361 2925 disput.
2410 2850 2462 2923 1,
2507 2868 2575 2906 ca
2617 2892 2631 2906 .
2674 2852 2711 2905 2
2753 2856 2812 2906 et
2860 2850 2921 2908 3.

512 2922 788 2981 Bellarm.
816 2922 917 2981 lib.
948 2922 1020 2981 de
1051 2923 1236 3001 Imag.
1268 2943 1318 2981 c.
1362 2928 1457 3000 21,
1488 2926 1620 2983 vult
1659 2925 1943 3002 imagines
1983 2926 2115 3002 coli,
2157 2946 2274 2986 non
2317 2927 2504 2986 solum
2545 2947 2579 2986 o
2657 2934 2922 3003 prototy-

508 3022 666 3080 pum,
699 3021 801 3061 seu
827 3021 947 3060 rem
979 3002 1377 3080 significatam,
1410 3004 1513 3064 sed
1541 3005 1715 3064 etiam
1744 3006 1820 3064 ob
1850 3005 2086 3083 seipsas,
2118 3006 2199 3065 ita
2225 3015 2293 3065 ut
2318 3007 2614 3066 veneratio
2647 3005 2922 3066 termine—

510 3083 693 3142 turin
724 3082 1065 3160 Imaginem.
1151 3083 1287 3143 Huc
1312 3085 1563 3163 pertinet
1602 3084 1761 3164 quod
1800 3086 2034 3163 publico
2075 3095 2135 3144 et
2176 3086 2400 3145 solenni
2439 3088 2555 3146 ritu
2596 3086 2754 3146 Crux
2795 3086 2926 3164 ipsa

509 3163 814 3222 invocatur
841 3163 901 3220 in
931 3163 1188 3242 Hymno,
1233 3165 1333 3244 qui
1375 3165 1468 3224 die
1512 3166 1762 3225 Veneris
1802 3174 1934 3225 ante
1979 3166 2203 3225 Pascha
2243 3168 2654 3243 pronunciatur
2693 3167 2754 3224 in
2795 3167 2926 3244 ejus

510 3243 878 3318 adoratione;
923 3244 1060 3304 dum
1090 3245 1243 3304 enim
1276 3245 1563 3305 Sacerdos
1600 3246 1881 3324 detegens
1909 3247 2167 3321 Crucem,
2193 3246 2291 3319 ait,
2323 3248 2473 3305 Ecce
2499 3246 2743 3323 Liqnum
2775 3247 2924 3307 Cru-

510 3324 604 3397 cis,
622 3332 695 3394 et
723 3325 947 3383 Chorus
986 3324 1311 3402 respondet,
1364 3327 1553 3384 Venite
1593 3329 1910 3401 adoremus,
1953 3324 2150 3386 Oratio
2192 3325 2267 3383 ad
2307 3326 2492 3403 ipsam
2537 3326 2822 3404 dirigitur,
2872 3328 2925 3386 Ο

517 3402 682 3462 Crux
702 3404 837 3476 Ave,
867 3423 992 3477 spes
1019 3404 1202 3477 unica,
1234 3407 1364 3462 Hoc
1391 3406 1679 3463 Passionis
1707 3415 1969 3481 tempore,
1999 3407 2160 3482 Auye
2190 3406 2307 3481 piis
2337 3407 2636 3482 justifiam,
2681 3407 2926 3483 Reisque

511 3484 663 3539 dona
690 3482 927 3538 veniam.
1013 3482 1091 3539 Et
1118 3501 1190 3539 ne
1220 3483 1352 3559 quis
1378 3492 1544 3562 putet
1569 3483 1683 3542 hoc
1708 3485 2094 3560 metonymice
2124 3485 2239 3544 dici
2281 3485 2354 3544 de
2384 3485 2692 3560 CrucifixO,
2737 3486 2811 3544 ab
2852 3505 2922 3544 eo

511 3559 705 3618 statim
736 3578 1005 3635 expresse
1035 3560 1429 3638 distinguitur,
1460 3566 1581 3621 sola
1610 3564 1968 3639 diqnafuisti
1984 3568 2153 3638 sem
2179 3567 2313 3624 secli
2336 3567 2603 3641 pretium,
2636 3564 2747 3624 &c-
2830 3565 2926 3623 lta

510 3639 571 3696 in
603 3638 835 3696 Pontifi.
882 3639 1051 3697 Rom.
1097 3639 1136 3698 f.
1178 3644 1314 3715 205,
1366 3644 1425 3700 in
1472 3642 1756 3719 Ingressu
1798 3643 2022 3721 Legati,
2074 3648 2110 3679 “
2140 3645 2298 3704 Crux
2342 3645 2550 3723 Legati
2594 3644 2924 3723 Apostolici

510 3718 620 3777 erit
647 3717 722 3776 ad
750 3717 1031 3855 detextram,
1061 3720 1201 3797 quia
1223 3720 1394 3780 latria
1432 3722 1520 3779 illi
1562 3722 1821 3800 debetur,
1865 3732 1926 3783 et
1962 3724 2194 3802 gladius
2223 3725 2595 3805 Imperatoris
2623 3725 2698 3783 ad
2747 3725 2924 3784 sinis·-

510 3798 718 3872 tram,''
809 3817 859 3856 c.

593 3879 705 3938 VI.
752 3879 964 3937 Fateor
1010 3880 1306 3938 nonnullis
1346 3880 1497 3940 inter
1539 3882 1875 3942 Pontificios
1915 3884 2065 3942 hanc
2108 3886 2450 3944 sententiam
2492 3904 2609 3943 non
2651 3883 2922 3961 arridere,

510 3959 610 4035 qui
640 3957 991 4036 imaginibus
1020 3959 1132 4018 Dei
1159 3960 1382 4019 nullum
1411 3961 1630 4020 cultum
1660 3961 1868 4021 deferri
1897 3963 2108 4022 debere
2133 3965 2500 4042 pertendunt,
2533 3964 2636 4024 sed
2664 3985 2765 4023 eas
2791 3973 2921 4023 tan-

511 4048 633 4098 tum
663 4038 963 4098 habendas
988 4059 1116 4099 esse
1145 4038 1221 4097 ad
1257 4041 1573 4117 historiam,
1620 4050 1680 4101 et
1719 4062 1910 4102 rerum
1950 4045 2367 4120 preteritarum
2409 4045 2759 4120 memoriam,
2805 4063 2925 4102 non

510 4127 577 4177 ut
604 4119 874 4178 adoretur
900 4119 1026 4196 ipsa
1053 4120 1264 4197 imago,
1297 4120 1400 4179 sed
1427 4130 1653 4182 tantum
1682 4142 1874 4181 coram
1904 4124 2169 4201 Imagine
2197 4125 2385 4202 ipsum
2415 4125 2745 4201 exemplar;
2790 4143 2926 4201 quae

511 4199 797 4258 sententia
822 4198 933 4257 fuit
965 4199 1239 4276 Greqorii
1261 4201 1483 4277 Maqm',
1513 4202 1615 4278 qui
1642 4203 1916 4261 Serenum
1943 4203 2369 4263 Massiliensem
2416 4205 2769 4282 Episcopum
2796 4204 2926 4261 lau-

511 4277 630 4355 dat,
659 4278 818 4357 quod
848 4278 1176 4357 Imaginum
1204 4281 1424 4338 cultum
1455 4281 1832 4358 damnaverit,
1865 4282 1969 4341 sed
1995 4283 2057 4340 in
2099 4303 2167 4343 eo
2197 4285 2395 4362 carpit,
2427 4284 2584 4360 quod
2629 4283 2932 4361 Imagines

511 4357 764 4434 fregerit,
794 4358 897 4417 lib.
928 4360 1009 4419 iii.
1039 4360 1206 4437 epist.
1237 4362 1293 4434 9,
1329 4363 1364 4394 ‘⁶
1394 4360 1563 4435 Quod
1590 4382 1660 4421 ea
1687 4361 1914 4420 adorari
1941 4363 2228 4422 vetuisses
2255 4364 2490 4422 omnino
2534 4363 2924 4438 laudavimus,

511 4436 754 4512 fregisse
781 4458 921 4497 vero
949 4440 1459 4517 reprehendimus3
1504 4440 1664 4500 aliud
1692 4451 1781 4500 est
1808 4440 2092 4518 picturam
2121 4443 2375 4519 adorare,
2407 4444 2569 4503 aliud
2609 4463 2712 4521 per
2736 4444 2930 4521 pictu-

509 4535 590 4573 rae
617 4515 932 4593 historiam,
957 4520 1100 4595 quid
1127 4520 1204 4578 sit
1231 4518 1587 4578 adorandum
1617 4520 1973 4580 addiscere.”
2032 4522 2132 4580 Ad
2159 4543 2332 4600 quem
2355 4524 2579 4582 accedit
2607 4525 2931 4582 Dua-andus

511 4594 836 4672 Episcopus
876 4597 1240 4659 Mimatensis
1281 4599 1342 4657 in
1386 4599 1578 4659 Ratio.
1622 4600 1723 4659 lib.
1768 4601 1846 4658 iv.
1889 4622 1946 4678 p.
1991 4605 2046 4677 2,
2092 4601 2165 4661 de
2206 4608 2248 4662 4
2286 4612 2451 4681 parte
2493 4605 2654 4677 Can.‚
2705 4603 2932 4663 Germ

511 4674 902 4735 Cancellarius
944 4678 1302 4753 Parisiensis,
1346 4679 1416 4739 T.
1459 4684 1515 4753 2,
1570 4680 1770 4740 Decla.
1813 4676 2038 4742 Defect.
2086 4683 2309 4746 Eccles.
2351 4703 2409 4744 n.
2461 4687 2558 4760 67,
2595 4684 2927 4758 ΗοῑςΙιοωε,
