3221 5200
270 397 492 445 Quaesr.
526 377 641 458 1x.]
1283 397 1360 438 ns
1391 397 1542 437 Lacr:
1572 399 1692 439 nm.
2606 388 2682 444 55

266 558 462 596 aeneus
491 545 671 615 typus
698 535 810 596 fuit
839 536 1049 596 Christi
1074 559 1088 613 ;
1136 537 1320 597 Aliud
1345 558 1485 597 vero
1516 538 1739 616 Imago.
1804 543 1861 597 2.
1892 539 2015 599 Nec
2045 538 2374 616 Cherubini,
2405 562 2512 601 nec
2545 543 2676 603 Ser·

264 638 408 694 pens
438 637 635 676 aeneus
663 617 885 676 adorati
915 627 1065 692 sunt,
1096 617 1309 677 fatente
1339 619 1464 694 ipso
1484 619 1830 696 VasqueziO.
1905 620 2064 678 Deus
2093 620 2326 696 quidem
2394 622 2674 700 ollicetur,

269 697 458 755 Exod.
490 718 632 755 xxv.
655 702 751 771 22,
785 716 845 755 se
875 716 1281 773 responsurum
1311 698 1465 757 Mosi
1493 718 1525 757 e
1553 698 1744 758 medio
1775 700 2246 775 Cherubinorum,
2279 642 2393 759 sed,
2410 722 2509 760 eos
2538 703 2674 762 ado·-

265 796 390 835 rare
419 777 686 853 nuspiam
715 777 989 853 praecipit,
1020 796 1127 835 nec
1156 778 1230 835 ad
1259 778 1476 835 cultum
1505 787 1640 837 sunt
1665 777 1856 854 positi,
1887 788 2084 856 utpote
2115 789 2279 839 extra
2305 792 2674 858 conspectum

264 856 465 932 populi
514 875 689 932 supra
732 856 946 913 Arcam
991 857 1050 913 in
1099 857 1310 916 Sancto
1359 857 1717 917 Sanctorum.
1803 858 2005 932 Quoad
2051 860 2384 936 Serpentem
2431 881 2671 939 aeneum,

269 944 493 993 tantum
523 936 688 993 abest
716 944 782 994 ut
809 935 1075 1012 religiose
1105 937 1217 994 coli
1246 936 1523 1010 debuerit,
1554 945 1620 995 ut
1661 938 1833 996 etiam
1863 937 2125 1015 dejectus
2167 939 2242 997 sit
2286 949 2346 998 et
2388 942 2671 1001 contritus

265 1015 339 1072 ab
370 1015 627 1073 Ezechia
647 1014 825 1091 Rege,
851 1035 981 1073 cum
1011 1014 1196 1074 colere
1226 1016 1371 1074 illud
1400 1017 1441 1075 J
1446 1016 1596 1074 udaei
1626 1018 1958 1094 inciperent,
1984 1019 2183 1094 2Reg.
2206 1019 2454 1094 xviii.4;
2488 1022 2674 1080 sanati

270 1112 413 1171 ergo
442 1095 675 1153 fuerunt
715 1095 1013 1169 Israelitae,
1049 1115 1167 1152 non
1212 1096 1373 1154 cultu
1410 1096 1682 1173 religioso
1718 1097 1894 1173 hujus
1933 1099 2230 1174 serpentis,
2272 1099 2374 1156 sed
2413 1100 2671 1177 ejusdem

265 1183 506 1250 aspectu
527 1175 703 1250 juxta
732 1173 843 1231 Dei
870 1174 1203 1233 mandatum
1232 1174 1402 1234 fact0.
1461 1176 1584 1234 Nec
1612 1176 1803 1234 obstat
1831 1176 1987 1252 quod
2015 1178 2074 1234 in
2103 1177 2334 1235 sublimi
2363 1179 2491 1237 loco
2519 1180 2673 1255 posi-

265 1262 362 1311 tus
392 1255 484 1327 sit,
517 1253 672 1329 quod
710 1254 1040 1330 postulabat
1067 1255 1212 1313 ratio
1242 1255 1382 1332 typi,
1416 1264 1473 1314 et
1500 1264 1768 1332 aspectus
1795 1256 2128 1315 necessitas,
2213 1257 2360 1315 Nam
2392 1266 2451 1316 et
2483 1259 2584 1317 Sol
2613 1269 2671 1319 et

266 1342 424 1391 astra
453 1333 688 1390 sublimi
713 1334 843 1392 loco
878 1334 1065 1409 posita
1094 1342 1242 1409 sunt,
1275 1354 1390 1392 non
1419 1335 1619 1411 utique
1647 1334 1722 1393 ad
1750 1335 1988 1393 cultum.

349 1412 543 1470 XXI.
590 1413 873 1471 Adoratio
903 1412 1139 1490 Angeli,
1170 1434 1300 1490 quae
1344 1414 1497 1472 facta
1544 1414 1656 1473 fuit
1701 1433 1818 1472 non
1857 1415 2035 1473 semel
2069 1435 2103 1473 a
2143 1415 2510 1492 Patriarchis,
2556 1437 2672 1476 non

266 1491 426 1550 favet
454 1492 637 1550 cultui
670 1492 1014 1569 Imaginum,
1047 1494 1184 1569 quia
1224 1493 1540 1552 adorabant
1569 1494 1864 1570 Angelum
1900 1494 2234 1568 increatum,
2266 1495 2366 1571 qui
2401 1515 2517 1554 non
2546 1506 2670 1556 tan·

267 1580 391 1629 tum
419 1579 546 1629 erat
562 1572 605 1630 J
608 1572 827 1646 ehovae,
861 1572 963 1630 sed
990 1573 1113 1650 ipse
1142 1572 1391 1649 Jehova,
1423 1582 1487 1631 ut
1516 1593 1589 1631 ex
1612 1574 2057 1632 circumstantiis
2085 1575 2341 1633 locorum
2371 1574 2523 1633 clare
2552 1577 2669 1635 col·

264 1651 483 1727 ligitur,
516 1660 575 1709 et
603 1659 897 1710 ostensum
927 1661 1015 1710 est
1043 1651 1197 1727 alibi,
1233 1653 1369 1711 Loc.
1402 1653 1546 1710 VII.
1579 1651 1648 1725 Q.
1679 1656 1734 1727 9,
1766 1654 1874 1711 Th.
1908 1658 2003 1711 22.

348 1730 576 1787 XXII.
621 1730 813 1804 Quum
848 1731 1182 1807 Apostolus,
1218 1732 1348 1791 Gal.
1390 1732 1471 1791 iii.
1507 1735 1557 1806 1,
1599 1732 1741 1791 dicit
1773 1734 2056 1791 Christum
2086 1732 2269 1805 ,titisse
2313 1742 2443 1791 ante
2484 1738 2670 1793 oculos

272 1809 498 1868 Galatis
526 1810 820 1886 depictum,
853 1811 997 1868 inter
1023 1812 1171 1885 ipsos
1198 1812 1542 1890 cructfitum,
1582 1831 1700 1870 non
1729 1812 1986 1888 loquitur
2013 1811 2085 1868 dc
2117 1810 2445 1886 Imaginum
2485 1814 2670 1871 cruci-

264 1889 369 1946 fixi
414 1889 827 1962 efformatione,
873 1909 1002 1966 quae
1050 1890 1147 1949 vel
1194 1891 1462 1967 penicillo
1506 1891 1759 1967 pictoris,
1811 1892 1906 1949 vel
1955 1889 2195 1948 dolabra
2244 1891 2504 1948 statuarii
2554 1893 2671 1953 sint

266 1968 467 2043 factae3
500 1968 603 2027 sed
632 1969 703 2026 de
732 1969 1136 2045 praedicatione
1168 1971 1492 2046 Evangelii,
1532 1990 1636 2047 per
1662 1990 1835 2047 quam
1879 1970 2187 2028 exhibetur
2214 1969 2381 2029 nobis
2401 1979 2467 2029 ut
2488 1972 2669 2030 cruci-

264 2047 436 2122 fixus,
468 2068 648 2124 quum
679 2048 896 2107 Paulus
938 2049 1084 2106 nihil
1125 2050 1283 2108 aliud
1328 2050 1440 2108 sibi
1487 2050 1757 2126 proponit
1799 2049 2142 2123 docendum,
2175 2068 2348 2125 quam
2379 2049 2669 2108 Christum

268 2128 629 2203 crucifixum,
665 2130 694 2185 1
730 2128 859 2187 Cor.
890 2128 949 2187 ii.
979 2133 1034 2202 2,
1067 2136 1126 2187 et
1151 2129 1392 2188 verbum
1422 2132 1711 2210 πςωγςαίφη
1741 2149 1856 2206 quo
1885 2130 2069 2188 utitur
2096 2128 2305 2205 Apost.
2347 2127 2507 2186 aliud
2550 2149 2666 2188 non

269 2207 319 2263 si
407 2207 421 2219 ‘
469 2215 580 2265 cat.

202 2268 211 2277 ’
323 2206 611 2344 ἕὶῐζιιξζΙΙΙ.
656 2287 863 2344 Ηοιιοι·
893 2287 1171 2364 Imaginis
1208 2306 1325 2345 non
1352 2288 1559 2346 transit
1601 2288 1675 2345 ad
1713 2295 2086 2365 prototypum
2126 2293 2184 2346 et
2215 2288 2525 2364 exemplar,
2557 2289 2669 2348 nisi

273 2365 402 2440 ipse
424 2366 670 2425 voluerit
696 2376 796 2424 aut
823 2366 1151 2439 instituerit,
1183 2367 1283 2442 qui
1311 2367 1607 2443 exemplar
1635 2375 1741 2425 est.
1818 2367 1920 2424 Sin
1948 2386 2087 2424 vero
2114 2366 2473 2443 prohibuerit
2516 2368 2666 2427 Ima-

270 2445 469 2520 ginem
510 2445 616 2502 sibi
642 2446 779 2521 fieri,
826 2455 925 2504 aut
953 2465 1077 2503 eam
1107 2446 1392 2519 honorari,
1425 2447 1637 2522 injuria
1677 2445 1938 2519 afficitur,
1971 2446 2021 2503 si
2062 2447 2193 2523 quis
2221 2445 2500 2504 adversus
2541 2449 2669 2524 ejus

265 2525 623 2582 voluntatem
652 2534 745 2583 eat
768 2547 781 2602 ;
826 2525 984 2603 quod
1011 2526 1105 2583 hic
1133 2545 1168 2582 a
1199 2526 1325 2583 Deo
1352 2524 1566 2583 factum
1594 2524 2008 2603 pertendimus.
2094 2525 2216 2583 Nec
2242 2525 2397 2583 bona
2425 2525 2668 2586 intentio

262 2613 458 2682 potest
500 2605 594 2663 hic
636 2606 911 2680 sufficere,
943 2607 1080 2682 quia
1120 2606 1191 2663 de
1221 2606 1474 2664 bonitate
1517 2607 1723 2683 operis,
1768 2625 1885 2664 non
1919 2625 1994 2664 ex
2022 2605 2340 2665 intentione
2382 2606 2663 2683 facientia,

268 2684 376 2742 sed
420 2705 495 2741 ex
526 2685 796 2743 mandato
822 2685 1198 2762 Legislatoris
1217 2686 1595 2761 judicandum
1625 2693 1731 2744 est.

342 2764 595 2823 XXIV.
641 2765 699 2821 A
742 2764 916 2823 Cultu
944 2765 1203 2822 Nominis
1230 2767 1359 2840 Dei,
1401 2766 1500 2842 qui
1531 2765 1936 2842 praescribitur,
1975 2765 2164 2824 Exod.
2196 2786 2296 2822 xx.
2330 2768 2384 2840 7,
2421 2773 2479 2824 et
2510 2766 2661 2826 Phil.

260 2843 318 2900 ii.
354 2845 447 2917 10,
478 2843 555 2901 ad
583 2844 800 2901 cultum
833 2844 1159 2920 Imaginum
1185 2864 1300 2903 non
1324 2845 1480 2903 valet
1508 2844 1934 2922 consequentia,
1966 2845 2102 2921 quia
2130 2854 2267 2904 tunc
2296 2863 2522 2919 nomen,
2547 2866 2661 2904 non

259 2941 363 2999 pro
392 2923 638 2999 syllabis
671 2932 729 2982 et
774 2923 957 2981 literis
985 2925 1221 3000 praecise
1251 2925 1509 2999 sumitur,
1555 2924 1658 2983 sed
1686 2944 1790 3001 pro
1817 2924 1944 3000 ipsa
1977 2943 2037 2982 re
2075 2944 2178 3001 per
2204 2944 2413 2983 nomen
2445 2924 2661 3000 signifi-

263 3010 406 3074 cata,
440 3022 557 3079 quo
588 3022 761 3061 sensu
792 3003 1025 3061 Hebraei
1056 3004 1242 3080 ipsum
1274 3003 1461 3062 Deum
1490 3025 1609 3078 ev,
1641 3024 1856 3072 nomen,
1887 3022 2218 3080 nuncupare
2249 3004 2453 3061 solent.

338 3081 556 3140 XXV.
603 3083 767 3140 Licet
806 3082 1113 3141 Christiani
1156 3083 1322 3159 signo
1366 3083 1582 3156 Crucis,
1626 3082 1728 3140 sed
1771 3084 2087 3161 ἀνυπάςκτρ,
2134 3091 2192 3140 et
2232 3082 2292 3138 in
2334 3089 2463 3139 aere
2506 3089 2663 3140 certo

256 3159 570 3237 digitorum
590 3170 748 3219 motu
769 3161 1011 3220 formato
1039 3169 1279 3235 tantum,
1304 3170 1436 3219 ante
1460 3161 1899 3219 Constantinum
1923 3162 2005 3217 M.
2028 3163 2150 3236 jam
2171 3160 2262 3217 usi
2288 3158 2574 3234 legantur,
2598 3168 2664 3220 ut

259 3260 336 3297 ex
362 3241 584 3298 Tertul.
616 3241 688 3299 de
718 3241 883 3298 Cor0.
913 3241 1052 3300 mili.
1084 3262 1133 3299 c.
1156 3241 1238 3298 iii.
1268 3247 1527 3314 constat;
1571 3258 1688 3296 non
1717 3239 1928 3296 factum
1959 3238 2068 3296 fuit
2095 3238 2215 3295 ulla
2241 3238 2371 3313 lege
2406 3237 2660 3313 Scriptu-

260 3339 354 3394 rae,
388 3320 491 3378 sed
520 3321 646 3378 sola
673 3320 1103 3395 consuetudine,
1135 3328 1200 3378 ut
1228 3319 1442 3377 ibidem
1470 3319 1719 3394 fatetur3
1763 3337 1870 3375 nec
1897 3318 2007 3375 hoc
2050 3316 2279 3393 signnm
2308 3314 2662 3377 adhibebant

259 3409 323 3457 ut
369 3400 745 3474 adorandum,
793 3401 887 3459 vel
932 3408 997 3458 ut
1046 3400 1404 3477 operativum
1450 3417 1524 3457 ex
1571 3417 1741 3474 opere
1787 3405 2038 3474 operato,
2068 3406 2134 3455 ut
2178 3395 2324 3454 falso
2371 3396 2661 3473 pertendit

260 3478 433 3554 Bell„
461 3479 565 3538 lib.
596 3480 635 3537 i.
666 3479 737 3538 de
770 3481 951 3556 Imag.
983 3500 1108 3557 cap.
1138 3479 1376 3554 ultimo;
1426 3476 1529 3537 sed
1569 3485 1793 3536 tantum
1823 3484 1886 3536 ut
1915 3477 2146 3554 signum
2175 3475 2566 3549 discretivum,
2599 3485 2658 3535 et

258 3566 555 3633 tesseram,
602 3578 719 3636 qua
763 3580 823 3617 se
873 3560 1120 3618 invicem
1172 3558 1482 3617 Christiani
1531 3558 1999 3631 internoscerent,
2045 3564 2105 3615 et
2145 3565 2209 3614 ut
2250 3555 2406 3633 quod
2447 3556 2656 3633 probro

257 3637 397 3713 ipsis
427 3639 776 3712 vertebatur,
808 3640 965 3714 qnod
1003 3638 1344 3698 crucifixum
1385 3638 1656 3710 colerent,
1702 3637 1787 3694 illi
1830 3637 2028 3713 gloriae
2070 3636 2477 3709 adscriberent,
2510 3644 2657 3695 teste

256 3719 448 3775 Musio
470 3718 530 3774 in
548 3717 592 3776 J
595 3736 678 3777 os,
698 3718 842 3775 xxii.
889 3718 1044 3776 Hinc
1066 3719 1339 3776 Minutizw
1357 3718 1525 3774 Felix
1546 3717 1604 3773 in
1627 3716 1930 3789 Octavio,“
1961 3716 2232 3790 Cruces,’'
2259 3715 2463 3791 inquit,
2493 3718 2529 3747 “
2549 3735 2658 3774 nec

258 3797 517 3872 colimus,
533 3816 640 3855 nec
654 3804 946 3874 optamus;
976 3817 1083 3855 vos
1094 3799 1262 3875 plane
1281 3797 1381 3873 qui
1401 3797 1627 3873 ligneos
1646 3796 1803 3854 Deos
1821 3795 2184 3868 consecratis,
2202 3814 2399 3852 cruces
2409 3794 2653 3870 ligneas,

255 3887 319 3934 ut
343 3877 598 3934 Deorum
618 3884 941 3935 vestrorum
959 3885 1151 3955 partes
1169 3875 1424 3951 forsitan,
1446 3875 1757 3934 adoratis.''
1806 3876 1869 3933 Si
1899 3874 2309 3932 Constantinus
2329 3873 2412 3929 M.
2433 3872 2655 3930 visione

255 3956 492 4029 coelesti,
507 3976 637 4032 quse
664 3956 968 4014 victoriam
986 3957 1045 4013 in
1068 3956 1234 4033 signo
1264 3956 1450 4014 crucis
1476 3954 1871 4032 portendebat,
1894 3973 2025 4013 cum
2052 3953 2143 4010 his
2171 3951 2383 4025 verbis,
2403 3950 2485 4007 ἐν
2512 3950 2665 4027 vohs-q

255 4038 373 4108 νίκα,
406 4043 705 4112 pennotus
733 4036 1079 4112 perhibetur,
1111 4044 1176 4094 ut
1206 4035 1492 4093 Labarum
1521 4035 1581 4092 in
1621 4034 1863 4091 formam
1890 4033 2076 4090 crucis
2114 4030 2453 4105 conficeret;
2501 4030 2578 4087 Et
2607 4030 2654 4088 si

256 4114 482 4173 Helena
510 4115 641 4191 ejus
669 4124 852 4173 mater
876 4116 1098 4192 lignum
1127 4116 1313 4173 crucis
1342 4114 1552 4172 dicitur
1578 4112 1732 4190 apud
1760 4113 1803 4172 J
1806 4111 2188 4188 erosolymam
2217 4109 2524 4180 invenisse,
2560 4127 2652 4166 an.

253 4196 383 4270 326,
409 4194 570 4271 quod
588 4214 762 4270 qnam
785 4203 1113 4272 suspectum
1134 4215 1259 4253 esse
1288 4194 1512 4267 debeat,
1534 4193 1630 4251 vel
1651 4192 1837 4250 solum
1861 4191 2151 4250 silentium
2182 4187 2421 4247 Eusebii
2449 4186 2654 4246 docere

252 4283 478 4350 potest3
541 4275 673 4332 Non
702 4283 1005 4351 propterea
1032 4275 1221 4334 cultus
1247 4274 1402 4333 ullus
1432 4272 1602 4332 Cruci
1628 4271 1890 4329 redditus
1927 4270 2177 4346 legitur:
2223 4269 2350 4325 Imo
2380 4265 2652 4359 Ambros.

248 4352 311 4409 in
339 4363 484 4413 orat.
517 4353 712 4412 funeb.
734 4354 1046 4413 Theodosii
1071 4354 1183 4411 hoc
1212 4372 1483 4429 expresse
1510 4351 1756 4410 refellit:
1783 4354 1818 4384 “
1839 4350 2125 4423 Helena,''
2156 4347 2359 4424 inquit,
2385 4347 2655 4406 “invenit

253 4432 513 4508 titulum3
550 4434 773 4510 Regem
801 4433 1081 4508 adoravit,
1113 4452 1230 4491 non
1256 4432 1480 4509 lignum
1509 4431 1725 4506 utique,
1741 4430 1878 4506 quia
1903 4428 1998 4486 hic
2027 4427 2262 4505 gentilis
2283 4434 2371 4485 est
2398 4446 2572 4502 error,
2598 4435 2658 4487 et

253 4515 478 4572 vanitas
509 4514 879 4591 impiorum.''
967 4513 1029 4572 Si
1058 4512 1267 4571 exinde
1297 4513 1482 4570 crucis
1523 4509 1806 4584 imagines
1846 4505 2124 4586 paulatim
2152 4506 2491 4566 introductae
2519 4514 2657 4566 sunt

250 4590 306 4648 in
335 4593 605 4652 Oratoria
636 4593 1107 4668 Christianorum,
1139 4591 1595 4668 repugnantibus
1623 4590 1762 4647 licet
1787 4587 1986 4646 multis
2019 4585 2161 4644 viris
2187 4586 2315 4664 piis,
2346 4607 2461 4645 non
2490 4593 2655 4645 erant

249 4669 433 4730 adhuc
463 4672 821 4731 adorationis
860 4673 1105 4749 objecta,
1139 4671 1240 4729 sed
1267 4670 1405 4728 fidei
1435 4669 1776 4728 Christianae
1806 4665 2086 4745 symbola,
2118 4666 2299 4726 donec
2329 4666 2652 4726 subsecutis
