3221 5200
272 369 496 423 otas-‚six
526 347 668 429 vm]
1307 366 1388 409 nn
1417 366 1570 408 Laos
1599 364 1721 408 nm.
2614 354 2689 413 39

270 514 369 573 hic
398 512 697 589 Vulgatus
726 507 1003 586 sequitur.
1089 509 1168 570 Et
1195 509 1246 569 si
1272 507 1417 568 nihil
1458 509 1619 569 aliud
1659 516 1999 586 occurreret,
2031 527 2150 569 vox
2184 509 2508 571 servatoris
2536 509 2690 572 suffi-

272 595 372 670 cit,
416 601 482 651 ut
509 590 927 650 concludamus
967 588 1185 648 cultum
1225 589 1562 668 religiosum
1604 590 1715 648 soli
1759 590 1885 647 Deo
1926 609 2052 649 esse
2094 590 2482 650 deferendum.
2569 593 2693 652 Nec

273 671 670 751 reponendum
699 671 813 744 hic,
844 669 1202 728 exclusivum
1231 669 1487 728 additam
1516 676 1740 728 tantum
1769 689 1895 728 esse
1923 670 2336 746 posterioribus
2362 672 2575 746 verbis,
2594 672 2698 731 ubi

278 753 530 812 occurrit
555 750 800 809 verbum
830 748 1068 829 λιτςιόο,
1113 768 1230 808 non
1257 749 1562 826 prioribus,
1606 748 1683 808 ad
1723 748 2166 825 indigitandum‚
2212 752 2431 810 cultum
2459 752 2693 829 quidem

274 832 615 909 religiosum
643 849 1006 889 communem
1034 849 1160 887 esse
1185 830 1312 888 Deo
1341 837 1399 887 et
1424 828 1669 903 Sanctis,
1695 828 1797 888 sed
1817 833 2048 910 λετςιίκι
2074 829 2181 888 soli
2203 832 2328 889 Deo
2350 840 2692 909 competere.

277 913 429 987 Quia
477 931 609 970 cum
659 909 860 968 eadem
901 909 1124 986 species
1164 910 1355 968 cultus
1395 929 1499 986 per
1535 914 1592 967 τὶ
1633 911 1887 967 adorare
1927 921 1986 968 et
2009 911 2221 969 serm're
2261 910 2611 987 designetur,
2645 911 2696 970 si

273 991 563 1070 particula
590 989 893 1049 exclusiva
919 988 1152 1047 additur
1175 988 1294 1063 uni,
1325 988 1672 1066 intelligitur
1697 997 1757 1047 et
1784 989 1949 1047 alteri
1977 989 2191 1049 addita.
2258 990 2482 1048 Deinde
2516 992 2694 1050 Satan

277 1091 396 1130 non
442 1072 593 1147 petit
639 1071 885 1149 meua»,
931 1068 1036 1127 sed
1075 1068 1406 1149 nemetum,
1457 1071 1574 1127 hoec
1615 1069 1803 1126 omnia
1845 1069 1943 1127 tibi
1980 1071 2142 1143 dabo,
2186 1069 2392 1147 inquit,
2436 1071 2514 1128 ὃν
2541 1073 2695 1129 τινὰ.
2747 1068 2752 1071 ’

276 1153 612 1231 πρυ-κυνέης
636 1176 737 1223 μοι,
784 1168 955 1225 quam
997 1168 1129 1206 cum
1159 1150 1422 1207 Christus
1462 1149 1574 1225 ipsi
1601 1147 1866 1225 deneget,
1910 1168 1980 1206 eo
2021 1149 2148 1226 ipso
2189 1149 2403 1210 invicte
2451 1159 2698 1211 testatur

278 1242 401 1290 tam
429 1231 747 1311 venulam-n
772 1248 945 1305 quam
974 1231 1205 1308 meda·
1232 1229 1340 1287 soli
1372 1229 1498 1286 Deo
1527 1227 1743 1287 deberi.

891 1308 1046 1366 XII.
1104 1307 1387 1383 Secundo,
1435 1307 1585 1383 Quia
1627 1307 1929 1368 Invocatio
1975 1310 2316 1369 Sanctorum
2363 1330 2470 1369 nec
2519 1312 2696 1371 babet

278 1376 328 1421 2.
342 1376 416 1421 Ex
443 1378 636 1421 defectu
654 1391 769 1434 pru-
1531 1387 1545 1401 ·
2268 1391 2281 1404 ·
2487 1392 2500 1405 ·

302 1436 429 1492 copti
447 1438 499 1479 et
520 1435 746 1492 exempli.
799 1397 1164 1480 proeceptum,
1207 1408 1315 1446 nec
1345 1407 1706 1480 promissum,
1756 1406 1862 1481 nec
1903 1393 2217 1466 exemplum
2266 1410 2325 1447 m
2379 1391 2691 1486 Scriptura,

808 1487 924 1545 quo
950 1476 1183 1542 nitatur,
1219 1467 1479 1544 adeoque
1518 1467 1666 1525 mh1l
1697 1467 1857 1527 ahud
1897 1478 2002 1543 est,
2034 1490 2206 1547 quam
2236 1471 2581 1552 ὅθιλοοςηαιίιι
2607 1492 2695 1530 vi-

280 1548 434 1606 tiosa
461 1555 522 1607 et
549 1547 913 1606 damnabilis.
1000 1547 1260 1624 Urgetur
1287 1547 1520 1624 quidem
1548 1547 1764 1624 passim
1798 1548 2088 1608 invocatio
2120 1550 2247 1625 Dei,
2280 1552 2383 1609 sed
2412 1572 2694 1629 nusquam

280 1628 502 1687 mentio
528 1627 596 1685 fit
636 1627 1020 1686 invocationis
1060 1635 1466 1686 creaturarum.
1552 1628 1680 1686 Imo
1709 1638 1767 1687 et
1792 1632 1848 1686 τὶ
1876 1649 2048 1688 orare
2089 1630 2426 1706 simpliciter
2464 1632 2699 1708 ponitur

280 1727 401 1765 non
444 1706 623 1766 semel
649 1726 755 1784 pro
796 1727 959 1765 orare
989 1707 1196 1780 Deum,
1228 1707 1364 1783 quia
1390 1706 1552 1765 nulla
1577 1707 1693 1765 alia
1732 1708 1994 1784 legitima
2022 1708 2192 1768 datur
2232 1709 2539 1785 invocatio,
2583 1712 2697 1769 nisi

284 1788 418 1847 Dei.
486 1787 628 1845 ,Nec
656 1785 933 1845 diffitetur
959 1789 1190 1845 Banna
1207 1787 1267 1844 in
1294 1787 1354 1846 ii.
1384 1792 1440 1861 2,
1471 1807 1528 1863 q.
1563 1791 1617 1845 1.
1648 1785 1779 1846 Art.
1805 1790 1908 1846 10:
1941 1791 1976 1821 “
2000 1789 2123 1846 Nec
2152 1808 2441 1865 expresse,
2472 1808 2578 1847 nec
2607 1789 2695 1846 in·

280 1868 543 1941 volute,'’
588 1866 791 1943 inquit,
840 1868 876 1898 “
909 1867 1217 1944 Scripturae
1244 1866 1456 1925 docent
1481 1867 1770 1926 orationes
1797 1866 1873 1924 ad
1906 1868 2148 1926 Sanctos
2189 1886 2315 1926 esse
2344 1868 2696 1928 faciendas.'’

284 1948 385 2006 Sic
407 1948 574 2005 Eckz'.
600 1946 805 2004 Enchi.
829 1966 879 2004 c.
902 1965 1022 2021 xv.,
1047 1946 1254 2005 Salme.
1280 1946 1444 2023 Disp.
1470 1950 1525 2019 7,
1546 1947 1607 2003 in
1631 1950 1660 2003 1
1682 1946 1905 2007 Tim..c.
1923 1947 1982 2006 ii.
2051 1948 2318 2007 Cottonus
2338 1948 2502 2007 Insti.
2531 1948 2632 2006 lib.
2657 1950 2696 2009 i.

278 2048 333 2087 c.
364 2030 485 2086 26:
548 2029 584 2059 ‘⁴
609 2024 776 2100 Quod
818 2025 892 2084 ad
931 2034 1282 2103 praeceptum
1309 2025 1382 2085 de
1424 2025 1764 2084 invocandis
1808 2026 2053 2101 Sanctis,
2099 2027 2363 2085 Ecclesia
2402 2047 2698 2104 nunquam

279 2107 481 2166 docuit
508 2106 690 2164 ullum
726 2114 942 2179 extare,
987 2105 1100 2163 nisi
1128 2115 1406 2181 quantum
1442 2104 1717 2181 jubemur
1755 2124 1954 2182 parere
1998 2106 2334 2164 Ecclesiae.’'
2419 2109 2695 2166 Bellarm.

280 2187 386 2245 lib.
415 2188 454 2245 i.
484 2186 559 2244 de
590 2186 755 2244 Beat.
789 2185 984 2243 Sanct.
1014 2204 1139 2261 cap.
1169 2187 1264 2258 20,
1298 2184 1440 2242 dicit
1482 2187 1518 2218 ‘⁴
1539 2184 1875 2243 mandatum
1918 2205 2035 2242 non
2077 2185 2307 2260 requiri,
2338 2186 2569 2261 quando
2598 2206 2696 2245 ne·

284 2266 529 2325 cessitas
549 2265 674 2343 ipsa
699 2284 807 2323 nos
834 2263 1135 2341 impellit.''
1224 2263 1341 2322 Sed
1369 2263 1550 2339 gratis
1591 2266 1880 2400 fflfilffonit'
1925 2263 2051 2321 dari
2079 2265 2254 2322 ullam
2296 2265 2698 2325 necessitatem

285 2345 426 2404 talis
454 2345 675 2419 cultus3
722 2344 850 2403 Imo
892 2363 1023 2402 cum
1052 2341 1328 2420 quicquid
1368 2341 1435 2401 fit
1476 2342 1600 2401 sine
1724 2363 1755 2401 e
1784 2354 2082 2419 peccatum
2113 2344 2204 2418 sit,
2249 2344 2423 2402 talem
2459 2345 2694 2422 cultum,

283 2426 391 2501 qui
420 2445 456 2482 a
485 2425 609 2483 Deo
635 2443 927 2501 nunquam
955 2423 1170 2500 legitur
1208 2421 1525 2495 institutus,
1556 2421 1832 2480 vitiosum
1873 2442 2000 2481 esse
2027 2441 2261 2482 necesse
2304 2433 2409 2483 est.
2494 2422 2699 2500 Quoad

283 2505 572 2583 exempla,
604 2504 854 2563 fatentur
882 2503 991 2562 sub
1021 2503 1096 2560 V.
1120 2502 1188 2560 Τ.
1218 2521 1336 2560 ιιοιι
1364 2510 1653 2578 receptam
1679 2501 1857 2561 fuisse
1885 2502 2224 2561 Sanctorum
2254 2504 2695 2580 invocationem,

281 2585 424 2662 quia
450 2605 568 2644 non
596 2591 801 2662 putant
826 2590 1088 2661 receptos
1115 2581 1293 2642 fuisse
1321 2582 1381 2639 in
1409 2580 1638 2656 coelum,
1670 2581 1775 2642 sed
1800 2581 1989 2641 adhuc
2016 2582 2194 2642 fuisse
2222 2583 2283 2642 in
2311 2583 2508 2645 limbo.
2576 2585 2697 2647 Sub

283 2666 358 2724 N.
400 2686 544 2724 vero
586 2664 749 2722 nulla
789 2664 990 2736 oratic,
1037 2663 1134 2721 vel
1177 2662 1253 2720 ad
1296 2662 1366 2720 Β.
1403 2662 1724 2738 Virginem,
1768 2663 1863 2721 vel
1906 2663 1981 2721 ad
2023 2662 2358 2744 Apostolos,
2404 2673 2506 2723 aut
2544 2665 2697 2725 ullos

280 2746 551 2820 Sanctos,
602 2744 822 2803 directa
868 2743 1099 2820 legitur,
1151 2740 1310 2819 quod
1352 2740 1630 2801 vanitatis
1677 2742 1807 2820 ejus
1854 2742 2211 2803 luculentum
2258 2745 2479 2822 praebet
2524 2764 2694 2825 argu·

281 2835 561 2885 mentum.

431 2973 442 2983 ·
740 2969 752 2982 .
893 2903 1084 2963 XIII.
1128 2907 1184 2964 3.
1230 2903 1531 2964 Invocatio
1560 2906 1832 2982 supponit
1858 2905 1919 2964 in
1941 2905 2245 2967 invocante
2272 2908 2463 2983 fidem,
2497 2909 2606 2968 Ro.
2638 2928 2697 2966 x.

279 2971 324 3016 3.
350 2971 477 3042 0⁰3⁸
496 2973 668 3016 carent
689 2985 773 3041 ⁸9¹·
819 2987 912 3057 14,
956 2993 1015 3045 et
1056 2984 1117 3041 in
1168 2984 1503 3043 Invocando
1548 2984 1864 3060 scientiam,
1911 2988 2246 3063 potentiam,
2291 2989 2648 3046 voluntatem
2679 3010 2694 3063 3

327 3033 771 3143 ἕῖξᾏῗῃῃρᾷξῗᾷἓ
812 3065 1111 3123 scientiam
1137 3073 1204 3123 ut
1230 3065 1605 3123 necessitates
1632 3073 1859 3123 nostras
1886 3083 2086 3123 omnes
2112 3075 2443 3140 cognoscat,
2487 3075 2547 3125 et
2573 3086 2698 3124 ora-

334 3146 653 3214 requiruntur
718 3145 769 3189 ¹¹¹
813 3144 999 3201 tiones
1040 3162 1240 3202 omnes
1280 3151 1398 3200 tam
1442 3143 1629 3200 orales
1677 3162 1850 3219 quam
1897 3145 2178 3201 mentales
2226 3145 2439 3219 ubique
2483 3146 2697 3219 audiat,

331 3204 526 3305 {gr-‘¹¹²³
577 3216 769 3247 mvoea-
811 3223 998 3299 sitque
1024 3242 1228 3282 revera
1253 3220 1674 3302 ιιςὸιογυόστηςς
1719 3222 2052 3294 Potentiam,
2083 3230 2149 3280 ut
2179 3223 2362 3298 possit
2387 3222 2699 3280 laboranti-

807 3301 919 3360 bus
946 3322 1277 3361 succurrere
1299 3324 1314 3376 3
1364 3304 1723 3376 Voluntatem,
1747 3309 1813 3359 ut
1838 3299 1983 3358 velit
2009 3319 2116 3358 nos
2137 3301 2362 3377 juvare,
2395 3310 2454 3360 et
2481 3301 2700 3360 cultum

283 3380 440 3439 hunc
468 3380 581 3438 sibi
609 3379 820 3439 deferri
847 3382 1117 3458 postulet.
1202 3380 1288 3440 At
1328 3381 1440 3439 ista
1467 3381 1526 3438 in
1559 3381 1748 3438 Deum
1788 3379 1975 3438 solum
2016 3389 2366 3457 competunt,
2410 3380 2513 3459 qui
2540 3383 2697 3440 solus

280 3469 373 3518 est
402 3460 696 3536 objectum
722 3458 875 3535 fidei,
920 3461 1079 3519 solus
1105 3458 1492 3541 ηςδιογιόσ-ης
1526 3468 1584 3519 et
1612 3458 1942 3534 omniscius,
1988 3459 2146 3518 solus
2188 3461 2566 3537 omnipotens,
2598 3462 2699 3539 qui

281 3538 361 3596 ad
387 3559 450 3597 se
480 3548 668 3613 vocat,
701 3547 761 3596 et
779 3559 947 3598 aures
967 3541 1143 3598 habet
1170 3554 1397 3617 apertas
1418 3540 1493 3597 ad
1520 3559 1720 3616 preces
1742 3539 2204 3616 supplicantium.
2290 3540 2493 3615 Quoad
2520 3541 2696 3600 Sanc-

280 3626 376 3676 tos
406 3639 562 3694 vero,
593 3638 701 3676 nec
729 3627 955 3678 constat
982 3618 1054 3678 de
1084 3639 1280 3677 eorum
1309 3620 1565 3694 scientia,
1595 3619 1789 3677 minus
1816 3618 1887 3677 de
1916 3619 2190 3695 potentia,
2220 3620 2368 3677 nihil
2387 3620 2460 3679 de
2488 3622 2696 3681 volun·

280 3706 420 3772 tate,
451 3717 561 3756 nec
587 3698 776 3773 magis
804 3698 875 3756 de
904 3718 1100 3757 eorum
1130 3717 1365 3757 munere
1392 3698 1732 3757 mediatorio
1759 3707 1820 3757 et
1855 3698 2292 3773 intercessorio;
2337 3700 2478 3776 quin
2505 3702 2698 3777 potius

280 3777 395 3853 ipsi
421 3776 687 3835 exhiberi
716 3777 829 3835 sibi
854 3781 1061 3852 nolunt,
1094 3777 1249 3854 quod
1271 3778 1372 3834 uni
1386 3780 1515 3836 Deo
1543 3779 1737 3835 deberi
1758 3786 1981 3851 norunt,
2011 3786 2078 3835 ut
2102 3779 2360 3854 loquitur
2380 3776 2539 3855 Aug.
2563 3800 2696 3838 con·

282 3866 377 3914 tra
404 3857 475 3914 F.
507 3856 765 3914 Manich.
796 3857 835 3914 l.
865 3877 968 3914 xx.
998 3876 1123 3933 cap.
1153 3861 1249 3930 21,
1281 3857 1380 3915 ubi
1407 3857 1689 3915 rationem
1717 3856 1908 3915 reddit
1935 3856 2301 3932 Angelicam,
2327 3876 2430 3914 cur
2457 3858 2539 3915 sic
2558 3859 2695 3914 ado·

281 3935 399 3993 rari
415 3935 619 4010 nolint,
641 3935 779 4011 quia
803 3937 1057 3994 conservi
1068 3937 1247 3995 nostri
1259 3945 1402 4010 sunt,
1425 3933 1613 4012 Apoc.
1636 3936 1760 3993 xix.
1787 3938 1880 3993 10.
1935 3935 2231 4011 Scriptura
2251 3954 2406 4009 sane,
2431 3954 2561 4012 quae
2582 3955 2697 3993 non

282 4034 401 4072 uno
430 4015 490 4071 in
517 4015 648 4073 loco
677 4015 787 4073 soli
817 4016 944 4072 Deo
972 4015 1175 4074 tribuit
1201 4014 1677 4088 omniscientiam,
1707 4011 2102 4093 ιαςδονγνυσίκν,
2128 4023 2187 4071 et
2203 4014 2693 4091 omnipotentiam,

288 4097 319 4151 1
356 4094 506 4170 Reg.
536 4093 658 4152 viii.
690 4097 803 4170 39;
835 4098 871 4152 2
906 4094 1153 4170 Paralip.
1185 4094 1263 4151 vi.
1293 4097 1405 4167 303
1438 4092 1626 4170 Apoc.
1656 4094 1717 4151 ii.
1747 4100 1858 4167 233
1907 4095 2124 4152 derenf.
2169 4092 2312 4150 xvii.
2361 4094 2471 4167 103
2526 4093 2696 4152 Crea-

281 4173 430 4231 turis
458 4193 558 4231 eas
587 4174 896 4231 convenire
937 4192 1055 4231 non
1083 4192 1251 4250 posse
1281 4174 1421 4231 satis
1462 4173 1671 4249 arguit,
1716 4181 1774 4231 et
1806 4192 1924 4230 non
1964 4171 2145 4230 semel
2172 4171 2458 4229 defectum
2500 4172 2698 4248 cogni-

283 4252 462 4311 tionis
489 4272 698 4326 rerum,
730 4272 861 4328 quse
889 4253 949 4309 in
976 4261 1129 4310 terra
1155 4264 1451 4329 geruntur,
1480 4252 1710 4310 Sanctis
1738 4251 1955 4326 tribuit,
1989 4251 2104 4309 Isa.
2134 4251 2281 4309 lxiii.
2316 4253 2424 4326 163
2474 4250 2699 4316 Eccles.

204 4387 209 4390 .
285 4331 368 4389 ix.
399 4334 434 4389 6
462 4354 476 4406 ;
508 4336 544 4390 2
577 4332 727 4408 Reg.
756 4331 904 4389 xxii.
933 4334 1031 4391 20.

366 4410 551 4469 XIV.
614 4410 739 4469 Nec
781 4410 1070 4469 defectum
1110 4410 1265 4469 hunc
1306 4410 1573 4487 supplere
1614 4417 1821 4486 potest,
1865 4418 1933 4470 ut
1972 4409 2193 4467 vellent
2235 4408 2540 4486 Pontificii,
2586 4412 2702 4473 Vel

282 4488 709 4566 imaginarium,
740 4488 899 4566 quod
926 4489 1170 4565 fingunt,
1207 4491 1499 4548 Trinitatis
1523 4493 1823 4565 speculum,
1849 4488 2016 4565 quasi
2042 4487 2198 4547 beati
2226 4489 2287 4547 in
2314 4492 2564 4549 essentia
2588 4493 2700 4550 Dei

284 4569 482 4627 omnia
509 4567 781 4642 videntis,
812 4568 1077 4627 viderent
1118 4569 1313 4626 omnia
1338 4588 1468 4645 quae
1494 4569 1591 4626 hic
1630 4577 1909 4645 geruntur
1932 4588 1946 4641 3
1992 4566 2140 4641 Quia
2166 4576 2232 4626 ut
2258 4569 2440 4645 gratis
2480 4570 2699 4648 absque

289 4646 589 4725 Scriptura
614 4647 872 4724 fingitur,
903 4647 1104 4707 eadem
1133 4647 1406 4708 facilitate
1435 4647 1695 4724 rejicitur
1721 4666 1837 4724 qua
1864 4647 2216 4725 proponitur,
2255 4657 2322 4707 ut
2358 4669 2474 4706 non
2502 4651 2702 4726 paucis
