3221 5200
352 881 737 977 LOCUS
838 881 1841 978 UNDECIMUS.—DE
1941 887 2247 980 LEGE
2346 887 2582 992 DEI.

1223 1186 1676 1198 ———-—--.—-

1098 1386 1486 1473 QUAEsrlo
1550 1389 1842 1454 PR1MA.

351 1546 445 1604 An
470 1548 635 1605 detur
660 1546 788 1602 Lex
812 1546 1075 1621 quadam
1100 1546 1422 1621 Naturalis,
1453 1556 1507 1605 et
1531 1548 1809 1623 quomodo
1834 1567 1876 1607 a
1901 1548 2055 1623 Leye
2077 1546 2302 1605 Murali
2323 1545 2590 1621 differat!

1092 1624 1188 1685 Pr.
1218 1624 1404 1702 Affir„
1437 1626 1660 1686 Poster.
1691 1625 1842 1685 Dist.

453 1847 465 1858 ‚
869 1781 919 1840 I.
950 1781 1036 1841 Ut
1063 1781 1345 1842 Doctrina
1364 1782 1438 1842 de
1461 1784 1621 1861 Lege
1643 1785 1773 1859 Dei,
1803 1783 1875 1842 de
1902 1803 2019 1859 qus
2045 1782 2338 1859 disputare
2364 1800 2518 1840 nunc
2539 1799 2668 1838 cum

271 1845 753 1964 Νξᾶῗέῗοῗξέἓ·
792 1860 947 1918 bono
998 1862 1125 1920 Deo
1167 1862 1552 1940 aggredimur,
1603 1864 1679 1922 ad
1718 1864 2080 1939 Theologum
2119 1860 2347 1939 proprie
2386 1858 2669 1951 pertinet:

790 1940 887 1998 Ita
927 1940 1301 2018 multiplicem
1322 1941 1383 1999 in
1410 1941 1733 2019 Theologia
1768 1962 1938 2001 usum
1982 1941 2221 2000 obtinet.
2328 1942 2381 1997 1.
2422 1940 2523 1996 Aa
2543 1948 2670 1996 vttae
2744 2006 2755 2016 ⁵

269 2016 644 2091 directionem,
686 2025 754 2076 ut
794 2017 1049 2095 perfecte
1092 2021 1137 2078 J
1140 2019 1258 2078 uris
1302 2019 1414 2078 Dei
1458 2021 1519 2078 in
1568 2021 1899 2095 Hominem,
1945 2028 2005 2079 et
2032 2019 2204 2079 officii
2233 2017 2504 2076 Hominis
2530 2036 2671 2092 erge.

272 2095 463 2153 Deum
490 2096 710 2172 regula..
793 2103 850 2156 2.
877 2098 979 2156 Ad
990 2099 1216 2177 peccati
1237 2100 1614 2175 coqnieionem,
1644 2100 1782 2176 quia
1799 2108 1864 2158 ut
1880 2107 2178 2176 peccatum
2207 2105 2296 2155 est
2321 2096 2520 2170 ἀνομία,
2550 2114 2668 2151 ιιοιι

267 2173 502 2233 aliunde
530 2175 741 2234 certius
768 2195 941 2253 quam
982 2196 1059 2236 ex
1088 2177 1247 2254 Lege
1272 2178 1487 2241 veritus
1513 2187 1574 2238 et
1613 2178 1871 2255 gravitas
1899 2179 2025 2254 ejus
2065 2184 2256 2253 potest
2298 2172 2668 2251 deprehendi,

270 2253 440 2311 Rom.
482 2253 564 2312 iii.
593 2257 690 2313 20.
772 2258 829 2314 3.
872 2255 973 2313 Ad
1001 2258 1489 2332 proeparatn'onem
1513 2260 1596 2316 ad
1625 2258 1907 2331 Gratiam,
1945 2263 2013 2315 ut
2038 2275 2114 2313 ex
2154 2253 2375 2330 peccati
2414 2260 2473 2310 et
2499 2252 2668 2309 mise-

267 2331 372 2390 τίει»,
413 2331 661 2392 hominis
699 2333 1101 2410 declaratione,
1146 2336 1365 2402 Gratias
1408 2335 1675 2405 salutaris
1716 2335 2030 2395 necessitas
2075 2332 2379 2410 aperiam,
2424 2339 2484 2390 et
2520 2330 2670 2389 desi-

272 2409 664 2549 deriuxgapjus
704 2413 767 2470 in
813 2413 984 2477 nobis
1022 2414 1324 2490 excitetur,
1353 2433 1470 2491 quo
1497 2433 1671 2474 sensu
1697 2422 1939 2473 vocatur
1963 2415 2316 2489 Paedayoqus
2355 2412 2438 2469 ad
2479 2410 2670 2469 ΟΙυ-ὄε-

276 2499 411 2565 mm,
561 2533 577 2548 .
603 2491 684 2550 iii.
714 2495 811 2553 24.

426 2624 438 2635 .
868 2571 954 2630 11.
984 2573 1115 2632 Lem
1138 2591 1279 2632 vero
1308 2571 1576 2632 Hebraeis
1602 2571 1815 2633 dicitur
1838 2591 1978 2649 m,
2008 2592 2043 2632 a
2069 2570 2268 2632 Verbo
2293 2587 2397 2647 m,
2427 2567 2585 2647 quod
2610 2567 2671 2626 in

318 2621 465 2682 ΒΨ
484 2622 715 2681 Etymon.
790 2651 998 2728 Hiphil
1024 2655 1222 2711 docere
1242 2652 1545 2729 significat,
1577 2653 1714 2730 quia
1813 2673 1843 2710 r
1868 2651 2027 2710 illam
2048 2652 2125 2711 de
2142 2652 2328 2712 officio
2346 2669 2451 2712 suo
2473 2667 2673 2708 omnes

267 2736 610 2805 monentur;
657 2729 878 2789 Groecis
915 2730 1067 2806 νόμος,
1116 2731 1221 2790 ἐπὶ
1266 2740 1356 2792 τοῦ
1401 2731 1558 2808 ἧμαι,
1604 2750 1684 2808 qu
1801 2739 1926 2791 tum
1952 2752 2162 2809 rcqere,
2193 2740 2316 2791 tum
2344 2730 2672 2791 detrffluere

267 2815 447 2882 notat,
477 2808 618 2884 quis.
636 2809 811 2885 juxta
837 2810 962 2886 ejus
988 2811 1382 2887 praescriptum
1425 2812 1688 2871 homines
1730 2811 1858 2888 regi
1903 2811 2133 2886 debent,
2163 2820 2224 2870 et
2265 2810 2472 2888 cuique
2515 2807 2672 2885 quod

267 2905 435 2945 suum
476 2895 567 2946 est
592 2888 898 2964 tribuitur3
944 2889 1186 2963 Latinis,
1225 2890 1342 2949 Vel
1383 2912 1420 2948 a
1464 2893 1695 2967 leqendo
1738 2890 2060 2966 deducitur,
2102 2898 2169 2950 ut
2214 2891 2391 2961 Iside.
2419 2889 2568 2961 vult,
2607 2887 2674 2960 li.

267 2963 327 3023 ii.
356 2986 409 3024 c.
442 2969 534 3040 10,
564 2965 722 3043 quod
761 2968 1105 3028 observante
1147 2969 1439 3044 Cicerone,
1486 2970 1587 3030 lib.
1617 2970 1656 3029 i.
1686 2969 1761 3029 de
1789 2970 2065 3046 Legibus,
2105 2970 2226 3047 legi
2266 2969 2450 3028 soleat
2491 2985 2671 3043 quum

270 3042 465 3119 fertur,
506 3053 573 3103 ut
613 3046 879 3106 omnibus
926 3046 1263 3124 innotescet,
1312 3049 1410 3107 vel
1457 3048 1518 3105 in
1564 3048 1814 3125 publicis
1856 3049 2069 3108 tabulis
2108 3048 2359 3125 legenda
2409 3053 2670 3124 prostet;

269 3121 388 3179 Vel
414 3132 695 3200 quatenus
723 3129 905 3201 leym
929 3126 1162 3202 ponitur
1180 3146 1285 3204 pro
1301 3128 1560 3203 deliyere,
1590 3127 1729 3203 quis
1753 3127 1815 3183 in
1843 3147 1912 3186 ea
1937 3127 2195 3186 delectus
2211 3128 2456 3185 habetur
2481 3143 2672 3182 rerum

270 3201 626 3276 agendarum
652 3212 713 3264 et
737 3204 1170 3281 fugiendarum3
1215 3205 1331 3264 Vel
1363 3205 1612 3282 denique
1640 3225 1676 3262 a
1701 3205 1946 3280 Ζίρωιάο,
1975 3213 2042 3263 ιιι
2066 3205 2196 3263 vult
2227 3206 2482 3277 Thomas,
2518 3206 2570 3259 1.
2605 3205 2672 3257 1·

272 3280 341 3354 Q.
373 3283 466 3355 90,
498 3281 631 3342 Art.
664 3286 717 3360 1,
745 3292 820 3343 -et
855 3284 1111 3362 plerique
1153 3283 1497 3344 scholastici
1535 3292 1670 3362 post
1706 3282 1912 3360 ipsum,
1952 3283 2110 3360 quod
2146 3282 2410 3341 homines
2435 3281 2674 3351 vinculo

269 3359 520 3436 quodam
547 3361 693 3439 liget
712 3371 772 3422 et
791 3363 1132 3440 obstringat.
1204 3363 1332 3438 Quo
1359 3364 1646 3440 pertinere
1673 3369 1881 3440 potest,
1906 3362 2062 3440 quod
2082 3364 2259 3439 Leqes
2285 3362 2348 3420 in
2377 3361 2674 3438 Scriptura
2801 3405 2804 3408 -

268 3458 386 3504 non
412 3460 544 3498 raro
571 3450 851 3501 vocentur
874 3443 1113 3518 maala,
1145 3443 1359 3502 Psalm.
1388 3442 1449 3501 ii.
1479 3447 1516 3504 3
1540 3465 1556 3518 ;
1599 3443 1819 3502 Jerem.
1847 3462 1906 3501 v.
1936 3444 1994 3501 5.

366 3584 378 3595 ,
871 3521 992 3581 ΠΙ.
1038 3522 1442 3581 Diversimode
1488 3530 1684 3588 sutem
1710 3521 1957 3592 sumitur
1981 3521 2043 3580 in
2074 3521 2386 3598 Scriptura,
2414 3520 2513 3580 vel
2559 3523 2676 3582 late

316 3582 440 3640 3³³⁸
467 3582 720 3686 gffony-
786 3619 895 3677 pro
919 3601 1192 3660 universo
1220 3601 1334 3660 Dei
1360 3601 1577 3676 Verbo,
1610 3600 1765 3659 Psal.
1787 3601 1826 3660 i.
1856 3605 1913 3675 2,
1941 3608 2002 3660 et
2027 3600 2152 3660 xix.
2182 3604 2236 3674 7,
2268 3603 2325 3675 8,
2367 3599 2539 3659 modo
2566 3619 2673 3676 pro

794 3679 1060 3738 omnibus
1104 3680 1295 3738 Libris
1324 3680 1401 3738 V.
1430 3681 1519 3754 Τ.,
1569 3680 1711 3744 Joh.
1750 3700 1812 3739 x.
1841 3683 1938 3755 34,
1987 3684 2016 3736 1
2050 3679 2178 3738 Cor.
2208 3680 2330 3737 xiv.
2359 3683 2456 3754 21,
2499 3679 2675 3744 modo,

268 3773 373 3829 pro
401 3753 542 3812 solis
571 3752 763 3814 Libris
792 3757 979 3817 Mosis
1023 3777 1126 3818 seu
1171 3759 1563 3818 Pentateucho
1605 3758 1877 3818 distincte
1923 3778 1959 3816 s
1988 3758 2234 3817 Psalmis
2261 3766 2320 3816 et
2348 3758 2671 3834 Prophetis,

272 3831 413 3890 Luc.
441 3831 609 3890 xxiV.
639 3835 751 3907 443
797 3836 966 3895 Rom.
994 3837 1076 3896 iii.
1105 3842 1179 3896 21
1207 3860 1222 3912 ;
1272 3837 1388 3896 Vel
1413 3839 1600 3896 stricte
1638 3856 1745 3915 pro
1781 3837 2206 3914 dispensatione
2248 3837 2527 3910 Mosaios,
2571 3855 2671 3912 op·

268 3911 458 3986 posita
502 3911 674 3969 Novo
714 3914 891 3990 Test.,
937 3916 1092 3977 Heb.
1135 3915 1238 3974 vii.
1288 3919 1379 3991 12,
1423 3917 1563 3976 Joh.
1613 3915 1653 3974 i.
1700 3919 1770 3973 17
1797 3938 1812 3990 3
1869 3916 1984 3975 Vel
2028 3935 2133 3993 pro
2175 3914 2389 3972 soedere
2437 3931 2675 3989 operum

268 3989 524 4064 praecise,
571 3993 1043 4053 contradistincte
1085 3995 1163 4054 sd
1201 3994 1391 4053 foedus
1427 3995 1647 4071 grstiae,
1697 3994 1808 4053 Ro.
1834 3995 1915 4052 vi.
1948 3997 2061 4071 143
2104 3992 2220 4052 Vel
2244 4011 2350 4068 pro
2393 3994 2429 4025 “
2458 3992 2515 4049 N
2517 4011 2679 4065 orme

271 4066 663 4132 faciendorum
691 4079 751 4129 et
777 4071 1199 4149 fugiendorum,
1229 4093 1404 4149 quem
1431 4073 1708 4133 creaturis
1734 4073 2111 4132 rationalibus
2138 4070 2485 4148 praescripsit
2514 4070 2678 4140 Deus

271 4147 379 4204 sub
398 4147 766 4224 praemiorum
787 4159 849 4209 et
874 4171 1175 4229 poenarum
1202 4153 1554 4228 sanctione,''
1584 4171 1703 4228 quo
1731 4171 1905 4211 sensu
1930 4152 2027 4214 hic
2052 4151 2338 4228 praecipue
2367 4155 2676 4225 spectatur.

273 4261 521 4310 mm
540 4264 592 4308 in
612 4269 752 4311 natu-
874 4231 987 4289 IV.
1016 4233 1145 4290 Leae
1171 4240 1364 4290 sutem
1392 4231 1506 4289 iste
1533 4231 1646 4289 Dei
1673 4231 1732 4288 in
1762 4250 1972 4307 genere
2000 4229 2281 4298 dividitur-
2325 4228 2387 4285 in
2412 4229 2675 4286 Natura·

328 4321 481 4422 Ψ
507 4325 561 4368 ⁶²
585 4324 755 4380 Μ
795 4310 1576 4450 maffeium&
1594 4310 1886 4447 &mgr
1900 4307 2678 4446 fimes&

275 4462 543 4524 fimdatur
563 4454 601 4542 ς’
623 4467 871 4527 alterum
888 4409 1207 4543 ροείᾱῖἶιέηι,
1237 4468 1397 4544 quod
1422 4487 1458 4525 s
1485 4467 1613 4526 sola
1623 4408 1751 4526 plgti
1779 4409 2080 4526 volsintste
2105 4463 2334 4540 pendet,
2379 4472 2440 4523 et
2465 4464 2526 4521 in
2562 4484 2678 4541 quo

275 4541 596 4608 libertatem
623 4565 789 4604 susm
816 4547 1110 4606 ostendit:
1154 4547 1249 4607 Ita
1273 4549 1403 4606 Lex
1431 4547 1543 4605 Dei
1562 4547 1825 4624 quaedam
1846 4545 2018 4603 datur
2032 4543 2293 4620 positiva,
2323 4563 2452 4621 quus
2479 4544 2689 4603 nititur

277 4620 320 4678 J
322 4640 419 4681 ure
448 4622 561 4683 Dei
587 4625 773 4684 libero
816 4635 877 4685 et
902 4627 1179 4702 positivo,
1224 4627 1391 4704 cujus
1437 4634 1703 4704 respectu
1747 4645 1841 4684 res
1884 4623 2116 4681 demum
2141 4623 2309 4683 bonae
2351 4632 2502 4698 sunt,
2544 4623 2682 4699 quis.

436 4719 584 4762 mss
611 4722 676 4763 11.
