3221 5200
504 355 621 410 500
1287 367 1476 406 Locus
1504 363 1771 404 nsscmcs
1800 363 2088 406 ommes,
2574 342 2825 415 [QUAEsr.
2857 358 2915 398 x.

507 512 582 568 ob
603 511 666 565 id
693 508 1031 582 ignorantia
1072 506 1272 582 potius
1298 507 1499 564 vocari
1527 506 1705 561 debet
1737 524 1917 578 quam
1962 503 2189 570 notitia,
2222 501 2363 575 quia
2404 437 2742 573 intelligere
2766 517 2913 556 sem·-

506 607 610 662 per
637 587 920 644 debemus
949 587 1099 661 quis,
1129 591 1189 641 et
1217 585 1382 658 quid,
1413 591 1679 653 testetur,
1712 590 1778 639 ut
1805 583 1894 639 illi
1925 584 2253 639 credamus,

1449 823 1835 897 QUAESTIO
1880 822 1963 881 X.

899 965 1005 1024 An
1035 967 1210 1025 mdes
1236 967 1310 1024 sit
1338 966 1631 1024 Fiducia?
1673 966 1903 1023 Affirm.
1928 972 2134 1023 contra
2166 963 2520 1022 Pontificius,

613 1112 656 1167 Ι.
691 1110 968 1167 Diximus
987 1111 1194 1167 Fidem
1216 1111 1409 1167 tribus
1430 1111 1659 1167 actibus
1681 1107 2049 1183 potissimum
2074 1117 2357 1175 constare,
2382 1106 2457 1163 Ν
2453 1107 2634 1174 otitia,
2659 1105 2911 1162 Assem-tc

511 1199 560 1246 et
590 1188 858 1245 Fiducia.
943 1188 1034 1245 De
1063 1189 1278 1246 notitia
1298 1190 1428 1262 Jam
1457 1189 1686 1261 egimus
1713 1196 1918 1244 contra
1942 1185 2295 1243 Pontificios.
2381 1186 2442 1242 N
2449 1204 2583 1254 unc,
2624 1185 2799 1242 misso
2827 1203 2913 1240 se-

507 1268 722 1337 cundo,
769 1267 843 1321 de
892 1284 1014 1340 quo
1059 1268 1230 1323 nulla
1272 1275 1360 1322 est
1407 1265 1822 1333 controversia,
1866 1265 1940 1319 de
1988 1264 2180 1333 terti0,
2225 1265 2326 1337 qui
2378 1265 2530 1320 situs
2578 1265 2794 1322 dicitur
2854 1263 2914 1318 in

507 1345 742 1413 fiducia,
791 1351 851 1400 et
897 1345 972 1399 de
1016 1363 1136 1418 quo
1185 1344 1258 1399 lis
1307 1344 1459 1399 inter
1510 1343 1642 1399 Nos
1695 1351 1755 1398 et
1800 1341 2193 1397 Adversarios
2235 1349 2526 1409 movetur,
2588 1343 2788 1416 paucis
2834 1341 2923 1398 est

587 1424 827 1479 endum.

510 1443 587 1497 ag
1101 1497 1201 1571 11,
1237 1497 1478 1571 Duplex
1507 1516 1647 1553 vero
1696 1497 1791 1553 hic
1838 1495 2104 1563 Quaestio
2154 1497 2408 1554 occurrit
2432 1518 2444 1552 :
2512 1497 2729 1553 Altera
2784 1517 2921 1554 cum

519 1566 963 1668 Dussffssdggffism
1018 1575 1361 1644 Pontificiis‚
1393 1575 1495 1648 qui
1524 1582 1749 1649 negant
1788 1575 2067 1631 fiduciam
2109 1576 2184 1630 ad
2225 1574 2402 1630 fidem
2444 1575 2756 1646 pertinere,
2786 1595 2920 1648 qum

866 1656 876 1667 '
1019 1672 1321 1711 assensum
1351 1661 1586 1709 tantum
1617 1653 1700 1709 rei
1729 1653 1946 1727 ignotae
1975 1652 2255 1725 importet
2279 1672 2295 1718 ;
2339 1652 2553 1709 Altera
2581 1653 2735 1708 inter
2763 1654 2923 1727 ipsos

520 1736 903 1794 Orthodoxos
929 1754 941 1789 :
971 1751 1091 1789 non
1121 1731 1375 1806 proprie,
1419 1749 1494 1786 an
1540 1731 1758 1788 fiducia
1798 1732 2090 1804 pertineat
2132 1732 2209 1786 ad
2252 1730 2449 1799 fidem,
2479 1732 2599 1800 sed;
2645 1733 2756 1788 sub
2801 1750 2925 1805 qua

513 1823 668 1883 ιχίηι
697 1812 787 1868 illi
817 1810 1132 1868 tribuenda
1158 1809 1248 1878 sit,
1277 1809 1578 1878 formaene,
1609 1829 1689 1867 an
1717 1811 1974 1866 effectus.
2059 1810 2150 1866 De
2179 1827 2298 1882 qua
2341 1808 2546 1882 paucis
2582 1808 2925 1880 dicendum,

515 1900 837 1964 antequam
866 1890 943 1945 ad
974 1888 1174 1955 aliam,
1205 1907 1336 1961 qum
1366 1888 1610 1961 majoris
1638 1896 1725 1945 est
1752 1888 2055 1956 momenti,
2079 1894 2465 1944 transeamus.

513 2010 538 2054 1
576 2011 715 2055 Inter
745 2006 872 2051 Orth
875 2006 932 2048 od
937 2019 987 2048 0-
1110 1964 1243 2021 ΙΙΙ.
1267 1966 1610 2035 Diversitas,
1631 1985 1763 2040 quae
1780 1966 1933 2022 inter
1955 1967 2332 2025 Orthodoxos
2350 1963 2626 2034 occurrit,
2645 1961 2834 2021 oritur
2851 1985 2925 2022 ex

544 2044 678 2116 ’κοξκ
702 2078 812 2121 qum
830 2065 988 2108 conci·
1029 2044 1262 2099 diversa
1289 2045 1625 2119 acceptione
1653 2045 1902 2112 fiduciae,
1931 2054 2063 2118 qu‘oe
2093 2042 2378 2100 trifariam
2408 2050 2601 2116 potest
2627 2044 2797 2099 sumi.
2874 2043 2925 2103 1.

569 2127 735 2169 natur.
1034 2121 1152 2178 Pro
1163 2123 1434 2199 fiduciali
1452 2144 1686 2180 assensu
1708 2142 1813 2180 seu
1836 2123 2225 2198 persuasione,
2246 2141 2378 2196 quae
2402 2121 2591 2177 oritur
2611 2140 2683 2177 ex
2697 2121 2930 2194 judicio

512 2205 769 2283 practico
797 2202 1152 2266 intellectus,
1177 2202 1250 2256 de
1275 2201 1520 2259 veritate
1542 2210 1602 2259 et
1628 2201 1892 2259 bonitate
1919 2201 2376 2276 promissionum
2406 2198 2925 2272 Evangelicarum,

441 2300 451 2311 ·
511 2287 662 2342 etde
687 2279 968 2357 potentia,
987 2279 1293 2336 voluntate
1316 2298 1386 2335 ac
1405 2281 1691 2337 fidelitate
1712 2279 1824 2336 Dei
1845 2281 2257 2354 promittentis,
2271 2279 2574 2352 quomodo
2597 2274 2929 2350 synonyma

511 2365 601 2420 illi
630 2370 719 2419 est
770 2366 997 2426 namuh,
1031 2356 1166 2413 Gal.
1198 2374 1252 2414 V.
1283 2358 1339 2427 8,
1368 2365 1428 2413 et
1468 2377 1538 2414 eo
1581 2376 1756 2414 sensu
1798 2358 2081 2415 tribuitur
2112 2358 2250 2414 fidei
2296 2366 2589 2429 «angue-350³,
2624 2356 2749 2413 Col.
2780 2355 2839 2411 ii.
2872 2357 2927 2425 2,

514 2441 671 2499 ch.
702 2457 758 2494 x.
783 2437 877 2493 22.
964 2435 1016 2490 2.
1045 2432 1164 2489 Pro
1193 2443 1330 2492 actu
1359 2438 1571 2512 refuyz'i
1599 2446 1649 2493 el
1678 2437 2009 2510 receptionis
2040 2435 2275 2502 Christi,
2299 2453 2419 2508 quo
2449 2434 2637 2490 fidelis
2692 2435 2928 2506 cognita
2986 2485 2989 2486 γ

515 2519 761 2576 veritate
790 2521 849 2570 et
875 2513 1143 2569 bonitate
1171 2513 1650 2584 promissionum,
1679 2515 1755 2568 ad
1789 2514 2089 2570 Christum
2118 2512 2405 2585 confugit,
2435 2512 2609 2568 illum
2638 2511 2844 2583 recipit
2871 2520 2934 2568 et

514 2593 910 2670 amplectitur,
940 2597 999 2647 et
1028 2589 1086 2643 in
1117 2587 1278 2645 illius
1307 2590 1584 2646 meritum
1614 2590 1783 2647 unice
1810 2590 2116 2647 recumbit.
2201 2589 2253 2644 3.
2288 2590 2407 2645 Pro
2438 2589 2802 2664 corfidevatia,
2828 2610 2933 2645 seu

515 2670 918 2747 acquiescentia
966 2676 1025 2723 et
1072 2667 1488 2740 tranquillirate
1535 2668 1731 2735 animi,
1782 2687 1914 2741 quoe
1964 2666 2155 2722 oritur
2202 2685 2274 2721 ex
2318 2666 2549 2738 refugio
2595 2665 2807 2722 animm
2853 2669 2931 2723 ad

521 2750 824 2808 Christum
853 2754 911 2801 et
939 2745 1069 2817 ejus
1098 2744 1451 2817 receptione.
1535 2744 1696 2799 Nam
1744 2744 1848 2818 qui
1892 2742 2137 2800 firmiter
2178 2743 2240 2797 in
2274 2742 2575 2799 Christum
2619 2745 2929 2813 recumbit,

516 2835 576 2884 et
613 2827 787 2882 illum
815 2822 1208 2897 amplectitur,
1239 2839 1358 2876 non
1388 2828 1581 2894 potest
1607 2839 1728 2877 non
1759 2822 1817 2876 in
1847 2841 1918 2879 eo
1947 2838 2147 2877 secure
2175 2819 2496 2893 acqiescere
2538 2828 2599 2877 et
2638 2823 2931 2879 confidere

518 2924 578 2962 se
606 2902 897 2959 invenisse
946 2908 1004 2957 et
1033 2898 1320 2972 accepisse
1349 2900 1512 2972 quod
1555 2900 1878 2972 quaerebat.
1963 2897 2163 2955 Primo
2193 2906 2253 2955 et
2293 2901 2553 2955 secundo
2595 2898 2931 2972 significatu

516 2982 736 3042 fiducia
762 2988 851 3037 est
878 2981 951 3036 de
975 2977 1226 3035 essentia
1253 2978 1407 3046 fidei,
1428 2984 1487 3033 et
1515 2977 1665 3035 bene
1693 2997 1731 3034 a
1752 2977 2075 3051 Theologis
2096 2976 2315 3033 dicitur
2337 2977 2467 3050 ejus
2488 2977 2686 3034 forma
2708 2999 2724 3047 ;
2768 2979 2930 3052 quia,

519 3069 588 3120 ut
615 3067 822 3137 postea
849 3056 1195 3134 probabitur
1222 3064 1428 3112 contra
1457 3056 1820 3126 Pontificios,
1853 3066 1941 3114 est
1968 3054 2260 3112 fiducialis
2290 3055 2679 3129 apprehensio
2712 3056 2930 3115 Christi

521 3159 654 3197 cum
677 3138 952 3196 omnibus
972 3134 1269 3191 beneficiis
1283 3133 1485 3190 Verbo
1499 3134 1816 3209 Evangelii
1836 3134 2040 3193 oblati.
2089 3133 2207 3191 Sed
2218 3133 2392 3190 tertio
2411 3140 2565 3190 recte
2579 3135 2652 3189 ab
2670 3135 2801 3191 aliis
2811 3152 2933 3189 non

522 3218 732 3287 forma,
747 3218 848 3273 sed
866 3216 1108 3272 effectus
1127 3211 1258 3268 fidei
1279 3212 1514 3282 dicitur,
1528 3214 1672 3287 quia
1689 3214 1951 3271 nascitur
1968 3231 2039 3268 ex
2059 3230 2146 3281 ea,
2160 3231 2280 3269 non
2299 3230 2441 3267 vero
2460 3230 2588 3268 eam
2610 3211 2933 3269 constituit.

607 3297 717 3353 IV.
763 3293 924 3351 Hinc
970 3290 1144 3347 facile
1193 3308 1398 3347 sensus
1440 3299 1601 3366 patet
1631 3292 1746 3349 loci
1788 3290 2046 3358 Paulini,
2080 3289 2233 3364 Eph.
2265 3289 2345 3345 iii.
2382 3290 2471 3358 12,
2504 3290 2605 3345 ubi
2649 3290 2791 3346 fides
2818 3288 2936 3345 dis-

523 3374 818 3447 tinguitur
846 3389 882 3426 a
911 3377 1187 3436 mmmm,
1219 3386 1323 3423 seu
1366 3369 1602 3437 fiducia,
1642 3390 1755 3444 per
1785 3371 1969 3445 fidem
2016 3369 2274 3423 hahemus
2303 3387 2584 3424 accessum
2626 3369 2709 3423 ad
2749 3368 2935 3443 ipsum

525 3473 647 3508 cum
663 3449 927 3526 fiducia:
968 3445 1132 3502 Nam
1162 3456 1413 3506 mmmm
1442 3447 1538 3503 hic
1563 3446 1843 3502 fiduciam
1872 3452 2059 3514 notat,
2090 3452 2384 3520 quatenus
2427 3452 2515 3501 est
2563 3447 2934 3503 conscientiae

523 3526 942 3601 tranquillitaS‚
974 3541 1077 3578 seu
1107 3524 1465 3580 confidentia
1491 3524 1553 3579 in
1582 3542 1672 3592 eo,
1702 3524 1764 3579 in
1793 3542 1970 3596 quem
2019 3524 2309 3579 collocata
2356 3531 2444 3578 est
2470 3523 2630 3578 fides.
2716 3524 2937 3581 Sensus

525 3613 628 3675 est,
647 3604 856 3682 fideles
874 3604 932 3660 in
960 3601 1203 3669 Christe,
1227 3602 1306 3658 id.
1334 3601 1567 3658 Christo
1589 3600 1801 3657 insitos
1817 3620 1921 3673 per
1942 3600 2136 3667 fidem,
2166 3600 2383 3656 babere
2414 3609 2675 3671 «ηρρηιίαυ,
2704 3600 2783 3655 id.
2806 3607 2937 3657 tum

519 3676 834 3741 audaciam
853 3679 1211 3756 praedicandi
1233 3678 1631 3751 Evangelium
1655 3678 1944 3750 intrepide
1966 3678 2126 3751 apud
2150 3696 2551 3753 quoscunque,
2577 3686 2707 3735 tum
2727 3679 2940 3733 secut-i-

527 3773 698 3821 tatem
725 3759 1097 3839 spiritualem,
1147 3777 1268 3832 qua
1293 3756 1475 3812 libere
1505 3756 1732 3811 audent
1762 3755 1957 3811 Deum
1986 3761 2054 3809 ut
2084 3752 2321 3810 Patrem
2350 3755 2641 3825 invocare,
2673 3765 2751 3810 καὶ
2778 3784 2942 3829 ηεσι-

530 3853 686 3912 σγωγὴι
712 3854 748 3897 ὶι
774 3850 1042 3907 meruerim,
1075 3843 1109 3869 “
1130 3843 1190 3891 et
1216 3852 1514 3892 accessum
1555 3832 1811 3888 liberum
1841 3833 1915 3888 ad
1945 3832 2139 3906 ipsum
2181 3832 2243 3887 in
2284 3834 2695 3904 confidentia,'’
2726 3854 2938 3909 nempe

528 3940 668 3979 eum
695 3915 1036 3977 inveniendi
1062 3920 1121 3970 eia
1140 3914 1326 3987 petita
1342 3911 1716 3985 impetrandi,
1739 3916 1807 3964 διὰ
1836 3920 1915 3969 τῆς
1941 3917 2132 3969 ‘rice-tux
2153 3919 2310 3981 αὑτοῦ,
2342 3918 2375 3944 “
2394 3930 2498 3985 per
2518 3914 2694 3970 fidem
2720 3914 2939 3981 illius,”

529 4000 608 4058 id.
641 4018 819 4076 quam
848 3996 1001 4071 parit
1027 3993 1172 4049 fides
1203 3991 1438 4050 Christi.

1132 4069 1207 4125 V.
1255 4069 1472 4135 Quoad
1522 4069 1772 4125 alteram
1818 4068 2226 4135 Quaestionem
2272 4069 2426 4126 inter
2468 4068 2601 4127 Nos
2648 4079 2705 4127 et
2736 4069 2940 4126 Ponti-

550 4130 594 4174 2.
620 4130 986 4231 ᾗζξῇζῦἓὲζθι
1048 4147 1226 4215 ficios,
1260 4146 1583 4213 Quaeritur,
1617 4146 1716 4201 An
1747 4147 1965 4203 fiducia
1992 4145 2333 4203 includatur
2359 4148 2419 4202 in
2453 4155 2742 4222 conceptu
2782 4148 2937 4217 fidei,

1057 4224 1157 4280 An
1181 4243 1320 4281 vero
1343 4225 1418 4281 ab
1447 4241 1514 4279 ea
1542 4223 1781 4279 differat
1800 4226 1821 4281 ἓ
1852 4222 2145 4279 Pontificii
2167 4232 2236 4280 ut
2256 4232 2650 4281 commentum
2671 4245 2842 4281 suum
2865 4227 2941 4281 de

530 4309 648 4366 fide
678 4305 965 4379 implicita
991 4311 1051 4359 et
1071 4320 1226 4359 coeca
1253 4320 1361 4358 seu
1389 4301 1552 4357 nudo
1574 4319 1812 4357 assensu
1844 4300 2164 4369 stabiliant,
2195 4302 2487 4375 posterius
2508 4303 2741 4371 volunt,
2764 4303 2943 4361 fidem

533 4384 679 4441 nihil
713 4383 879 4439 aliud
908 4400 1030 4438 esse
1059 4381 1488 4454 pertendentes,
1513 4396 1692 4452 quam
1716 4379 1944 4434 nudum
1962 4395 2279 4447 assensum,
2308 4379 2411 4451 qui
2440 4397 2561 4435 non
2591 4381 2807 4437 habeat
2834 4398 2941 4452 pro

534 4462 765 4534 objecto
794 4459 1105 4534 specialem
1135 4456 1248 4513 Dei
1276 4455 1755 4526 misericordiam,
1786 4457 1887 4512 sed
1916 4461 2111 4511 totum
2134 4454 2247 4511 Dei
2270 4455 2558 4525 Verbum,
2587 4464 2657 4513 ut
2673 4457 2942 4531 loquitur

537 4537 758 4593 Bellar.
804 4537 906 4592 lib.
957 4535 1008 4592 1.
1054 4535 1128 4590 de
1176 4533 1355 4590 Justi.
1387 4551 1434 4589 c.
1479 4533 1533 4602 5,
1565 4534 1620 4589 6.
1706 4531 2041 4591 Orthodoxi
2083 4539 2289 4589 contra
2315 4533 2400 4590 ita
2426 4534 2500 4590 de
2529 4535 2778 4591 essentia
2804 4534 2943 4591 fidei

537 4613 812 4671 fiduciam
841 4631 964 4670 esse
992 4618 1247 4683 censent,
1277 4618 1344 4669 ut
1372 4629 1490 4668 non
1510 4610 1695 4685 possit
1711 4611 1828 4669 dici
1848 4611 2010 4681 fides,
2038 4629 2171 4685 quae
2200 4611 2309 4668 tali
2335 4611 2553 4669 fiducia
2579 4612 2942 4670 destituitur.
