3221 5200
510 346 628 401 454
1327 358 1510 398 Locus
1541 358 1800 398 mzcmus
1830 358 2102 406 ommes,
2552 335 2813 417 [QUAEST.
2847 356 2944 395 ιιι.

514 501 704 560 reddit
721 500 1162 572 inexcusabiles,
1179 500 1350 557 sinon
1378 500 1631 572 veniant,
1656 498 1793 576 quia
1811 507 2078 558 tenentur
2100 497 2312 570 venire,
2331 506 2387 555 ct
2399 496 2595 554 venire
2614 507 2813 555 tamen
2836 518 2950 555 no·

512 583 657 656 lunt,
675 581 830 657 quod
859 581 933 638 ad
946 581 1165 658 justam
1195 600 1389 637 eorum
1421 580 1847 637 damnationem
1878 580 2104 638 sufficit.
2161 578 2284 636 Nec
2314 597 2542 654 aequum
2571 585 2678 651 est,
2708 587 2778 636 ut
2807 599 2950 653 pee—

516 670 707 721 catum
724 660 973 719 hominis
996 661 1081 717 illi
1104 659 1301 737 prosit,
1317 670 1374 718 et
1397 659 1526 717 ideo
1556 660 1632 717 sit
1660 660 1851 733 exlex,
1883 660 2020 737 quia
2045 660 2167 735 ipse
2187 678 2291 716 suo
2321 658 2535 715 scelere
2565 676 2626 715 se
2654 657 2956 734 impoten-

517 753 633 801 tem
662 741 915 799 reddidit
938 763 951 815 3
998 740 1139 814 Quae
1169 740 1523 817 impotentia,
1555 747 1778 798 tantum
1802 741 1966 800 abest
1987 749 2051 798 ut
2073 740 2259 815 ipsum
2284 746 2541 809 excuset,
2565 746 2630 796 ut
2650 748 2953 813 aggravet

516 822 708 900 potius
737 830 794 881 et
823 830 1033 897 augeat
1061 821 1187 897 ejus
1214 829 1453 894 reatum,
1486 820 1623 896 quia
1651 829 1739 878 est
1767 826 2048 877 {vica-awos
2079 828 2137 877 et
2165 818 2509 891 voluntaria,
2541 837 2642 893 per
2669 837 2847 893 quam
2881 828 2956 876 ut

517 922 633 960 non
661 911 867 979 potest,
900 902 982 959 ita
1008 919 1115 957 nec
1144 899 1272 957 vult
1300 900 1549 958 credere.
1609 900 1740 957 Non
1769 896 1969 956 eadem
1999 908 2088 957 est
2114 899 2261 957 ratio
2283 897 2636 974 impotentiae
2665 897 2951 955 involun-

518 983 680 1041 tariae
709 991 767 1040 et
795 999 948 1039 mere
978 979 1274 1053 naturalis,
1321 980 1381 1037 in
1411 1000 1563 1038 caeco
1593 980 1690 1037 vel
1735 986 1978 1050 mortue,
2012 978 2086 1036 ad
2114 978 2446 1051 videndum,
2477 977 2572 1035 vel
2602 977 2902 1054 agendum
2932 1001 2948 1052 3

521 1062 670 1136 Quia
697 1062 798 1119 ubi
826 1060 1159 1118 destituitur
1184 1060 1358 1117 homo
1386 1059 1775 1134 facultatibuS,
1806 1078 1921 1115 non
1950 1068 2178 1117 tenetur
2205 1077 2303 1116 cas
2332 1077 2617 1116 exercere.
2676 1057 2760 1115 At
2791 1057 2950 1115 obli-

520 1142 697 1218 gati0,
729 1161 843 1216 qua
872 1140 1148 1198 Creatura
1169 1159 1273 1197 suo
1298 1139 1551 1197 Creatori
1571 1138 1967 1215 adstringitur,
1999 1138 2159 1197 nulla
2188 1138 2502 1209 occasione,
2534 1137 2717 1195 multo
2745 1138 2954 1195 minus

520 1220 769 1278 hominis
798 1220 1012 1278 scelere
1041 1227 1232 1297 potest
1254 1219 1528 1296 expungi,
1560 1220 1696 1295 quia
1724 1220 1897 1277 homo
1938 1239 2232 1295 nunquam
2260 1217 2521 1295 privatur
2549 1216 2824 1275 facultate
2852 1217 2951 1274 in-

520 1300 826 1377 telligendi
853 1309 912 1358 et
939 1298 1192 1373 volendi,
1225 1299 1326 1357 sed
1356 1308 1577 1358 tantum
1607 1299 1761 1357 bona
1788 1300 1914 1377 ejus
1943 1298 2336 1376 dispositione.

605 1380 829 1438 XXII.
876 1378 1148 1437 Absurde
1177 1378 1388 1437 dicitur
1417 1379 1680 1437 Gratiam
1730 1379 2106 1437 sufficientem
2136 1377 2402 1437 omnibus
2432 1376 2573 1451 dari,
2605 1377 2655 1434 si
2683 1395 2799 1433 non
2831 1376 2945 1433 im·

522 1459 787 1533 mediate,
820 1460 1024 1517 saltem
1052 1458 1319 1533 mediate,
1350 1460 1486 1535 quia
1514 1459 1747 1518 facienti
1775 1458 1933 1535 quod
1959 1460 2020 1516 in
2050 1479 2109 1517 se
2140 1466 2246 1531 est,
2273 1459 2434 1516 Deus
2452 1476 2568 1515 non
2593 1457 2668 1515 sit
2686 1457 2945 1531 denega-

522 1548 686 1599 turus
715 1540 977 1615 gratiam,
1010 1547 1068 1597 et
1095 1547 1328 1615 paratus
1359 1540 1434 1597 sit
1462 1539 1597 1597 darc
1625 1540 1815 1598 lucem
1847 1539 2174 1615 Evangelii,
2207 1538 2278 1596 iis
2306 1537 2407 1614 qui
2433 1538 2580 1595 bene
2607 1537 2698 1595 usi
2726 1536 2952 1593 fuerint

521 1620 737 1678 lumine
761 1619 1027 1678 naturali.
1114 1622 1164 1676 1.
1210 1618 1358 1692 Quia
1386 1627 1770 1677 commentum
1800 1620 1909 1677 hoc
1942 1619 2402 1696 Pelagianorum,
2433 1617 2594 1675 nullo
2627 1616 2946 1693 Scripturas

521 1701 652 1758 loco
680 1707 870 1777 potest
888 1698 1228 1773 confirmari,
1274 1698 1389 1756 imo
1438 1699 1755 1757 innumeris
1797 1699 2091 1773 evertitur,
2123 1699 2182 1755 in
2211 1697 2422 1775 quibus
2450 1697 2637 1775 gratia
2665 1697 2945 1772 Evange-

521 1780 635 1838 lica
678 1779 825 1838 nulli
871 1780 1025 1837 bono
1069 1779 1201 1837 usui
1249 1788 1485 1854 naturae,
1538 1780 1634 1837 vel
1661 1780 1959 1837 hominum
1997 1778 2233 1853 meritiS,
2265 1777 2368 1837 sed
2396 1777 2505 1836 soli
2533 1776 2949 1835 misericordiae

524 1860 653 1935 Dei,
685 1869 743 1918 ct
768 1860 1061 1918 liberrimo
1090 1859 1217 1935 ejus
1245 1859 1604 1936 beneplacito
1654 1859 2016 1933 adscribitur,
2061 1863 2096 1916 2
2128 1859 2275 1916 Tim.
2325 1859 2362 1916 i.
2408 1859 2462 1931 9,
2511 1857 2678 1915 Rom.
2728 1857 2808 1913 ix.
2846 1859 2944 1929 16,

524 1941 675 2019 Eph.
706 1941 764 1998 ii.
800 1943 850 2014 1,
883 1943 938 2012 4,
973 1940 1087 1997 Isa.
1110 1940 1234 1997 lxv.
1269 1942 1321 1997 1.
1393 1943 1448 1996 2.
1482 1938 1644 1998 Deus
1672 1939 1959 1997 diceretur
1975 1946 2210 2015 paratus
2231 1938 2306 1996 ad
2335 1936 2395 1995 id
2423 1937 2577 2014 quod
2609 1936 2718 1995 scit
2744 1945 2944 1994 tamen

522 2040 816 2097 nunquam
846 2019 1116 2093 futurum,
1149 2028 1207 2077 et
1233 2018 1391 2095 quod
1418 2019 1540 2096 ipse
1570 2039 1687 2077 non
1709 2018 1893 2077 facere
1912 2019 2186 2092 decrevit,
2211 2019 2349 2095 quia
2367 2017 2530 2076 novit
2552 2016 2947 2076 conditionem

522 2120 650 2159 esse
679 2099 898 2157 homini
942 2098 1377 2175 impossibilem.
1469 2102 1525 2158 3.
1560 2099 1944 2175 Evangelium
1985 2098 2428 2176 sapientioribus
2446 2105 2504 2156 et
2526 2096 2951 2155 cordatioribus

523 2179 674 2239 inter
704 2179 982 2238 Ethnicos
1010 2179 1328 2237 revelatum
1358 2187 1527 2254 esset,
1568 2179 1669 2255 qui
1699 2179 2044 2237 videbantur
2070 2178 2277 2236 melius
2304 2178 2377 2235 ad
2409 2178 2467 2234 id
2496 2177 2776 2253 dispositi,
2808 2195 2944 2233 cum

523 2268 717 2318 tamen
759 2259 905 2317 illud
934 2259 1075 2335 ipsis
1104 2258 1497 2335 denegaverit,
1530 2259 1667 2317 dum
1714 2258 2030 2318 infantibus
2059 2268 2118 2318 et
2145 2256 2593 2335 corruptissimis
2615 2277 2766 2333 saepe
2795 2256 2946 2313 illud

522 2339 780 2413 indulsit,
814 2340 1024 2397 Matth.
1054 2338 1135 2396 xi.
1160 2341 1256 2397 25.

607 2419 868 2476 XXIII.
914 2419 1036 2477 Nec
1086 2418 1160 2475 ad
1203 2427 1588 2477 commentum
1640 2420 1749 2477 hoc
1799 2417 2250 2476 confirmandum
2280 2417 2466 2475 facere
2496 2425 2738 2494 possunt
2766 2415 2948 2480 verba

526 2498 740 2569 Christi
771 2498 981 2556 Matth.
1013 2498 1137 2555 xiii.
1165 2497 1256 2571 12,
1287 2497 1387 2556 ubi
1416 2499 1721 2575 pollicetur
1750 2518 1810 2556 se
1839 2497 2074 2556 habenti
2103 2498 2370 2555 daturum
2399 2497 2665 2573 amplius,
2696 2492 2952 2554 Habenti

525 2580 752 2637 dabitur
774 2603 792 2636 :
875 2578 1024 2652 Quia
1051 2577 1173 2654 agit
1201 2597 1318 2636 non
1346 2577 1417 2636 de
1447 2577 1615 2636 donis
1647 2578 1898 2653 Naturae,
1931 2578 2033 2636 sed
2063 2577 2299 2653 Gratiae,
2331 2597 2436 2636 nec
2466 2577 2538 2635 de
2568 2576 2813 2651 illorum,
2839 2575 2945 2634 sed

525 2658 598 2716 de
646 2658 887 2716 istorum
935 2658 1322 2716 incrementis.
1407 2658 1530 2715 Nec
1567 2658 1877 2716 obscurum
1904 2658 1965 2716 id
2009 2678 2134 2716 esse
2165 2666 2356 2735 potest
2384 2658 2587 2716 seriem
2619 2665 2676 2716 et
2705 2676 2943 2733 scopum

525 2737 833 2795 verborum
884 2737 1097 2795 Christi
1126 2736 1502 2812 perpendenti
1530 2738 1587 2794 in
1639 2737 1866 2796 duobus
1892 2738 2054 2811 locis,
2086 2738 2144 2795 in
2175 2739 2384 2814 quibus
2404 2737 2707 2797 habentur.
2793 2738 2944 2794 Nam

528 2817 738 2874 Matth.
771 2816 893 2874 xiii.
929 2820 1019 2886 12,
1050 2816 1196 2874 ratio
1226 2815 1483 2874 redditur
1532 2837 1566 2873 a
1596 2817 1843 2892 Christo,
1876 2818 1991 2875 Cur
2035 2818 2337 2896 Apostolis
2364 2817 2561 2876 datum
2592 2825 2744 2875 esset
2771 2836 2945 2875 nosse

527 2897 802 2973 mysteria
853 2896 1042 2972 Regni
1093 2895 1385 2969 coelorum,
1438 2895 1567 2954 aliis
1617 2906 1807 2955 autem
1846 2917 1961 2954 non
2007 2907 2160 2956 esset
2204 2898 2419 2974 datum,
2467 2897 2605 2974 quia
2649 2901 2684 2930 “
2706 2896 2945 2955 habenti

527 2976 775 3050 dabitur,
824 2986 882 3034 et
926 2975 1280 3050 abundabit3
1328 2976 1429 3034 sed
1478 2997 1593 3033 non
1623 2977 1875 3052 habenti,
1907 2977 2079 3036 etiam
2119 2978 2275 3055 quod
2296 2979 2529 3051 habet,”
2563 2977 2623 3035 id
2651 2985 2756 3050 est,
2788 2982 2946 3031 ἔδειεί

528 3064 650 3126 {xm
692 3059 846 3133 quod
893 3059 1114 3116 videtur
1160 3058 1379 3128 habere,
1419 3066 1485 3115 ut
1517 3057 1705 3115 Lucas
1754 3058 2009 3135 exponit,
2061 3062 2368 3131 auferetur.
2455 3058 2562 3116 Isti
2592 3066 2783 3114 autem
2833 3077 2948 3114 non

525 3138 780 3196 habentes
809 3158 843 3194 a
873 3139 1073 3196 Marco
1102 3137 1479 3214 designantur
1504 3158 1607 3215 per
1656 3158 1754 3196 eos
1783 3138 1882 3214 qui
1903 3139 2060 3211 soris
2085 3147 2228 3211 sunt,
2265 3139 2444 3195 Marc.
2475 3138 2553 3195 iv.
2589 3140 2679 3208 11,
2712 3137 2814 3213 qui
2842 3157 2948 3213 op-

525 3227 817 3295 ponuntur
845 3218 1207 3292 habentibuS,
1239 3218 1341 3295 qui
1363 3226 1496 3277 sunt
1525 3218 1697 3292 intus,
1729 3218 1807 3276 id.
1837 3218 1991 3276 veris
2021 3217 2257 3292 Electis‚
2289 3219 2387 3294 qui
2412 3226 2546 3276 sunt
2572 3217 2631 3274 in
2662 3217 2951 3274 Ecclesia.

532 3299 613 3358 Ut
642 3299 843 3356 innuat
872 3299 994 3357 scil.
1028 3299 1289 3357 Christus
1312 3306 1686 3357 concatenata
1714 3317 1840 3356 esse
1869 3298 2019 3356 inter
2040 3317 2101 3356 se
2125 3297 2237 3355 Dei
2259 3297 2538 3356 beneficia
2566 3295 2854 3370 salutaria,
2881 3306 2951 3355 ut

528 3379 628 3455 qui
656 3379 899 3454 primum
949 3379 1125 3435 semel
1171 3378 1472 3454 acceperit,
1526 3377 1608 3435 illi
1650 3389 1856 3437 caetera
1893 3377 1969 3436 sit
1996 3377 2314 3452 addituruS,
2340 3378 2524 3435 donec
2553 3377 2807 3435 omnium
2839 3375 2946 3433 do-

528 3477 732 3514 norum
761 3476 1029 3514 mensura
1058 3456 1116 3512 in
1146 3477 1215 3514 eo
1244 3457 1529 3532 completa
1558 3458 1649 3526 sit,
1680 3459 1826 3516 utin
1849 3466 2051 3515 catena
2079 3477 2152 3514 ex
2195 3467 2382 3516 tractu
2409 3457 2579 3534 primi
2606 3456 2805 3515 annuli
2834 3476 2947 3514 cae-

529 3544 683 3593 teros
702 3535 851 3592 trahi
881 3554 1116 3592 necesse
1140 3546 1243 3608 est,
1272 3536 1438 3592 Rom.
1463 3536 1584 3593 viii.
1606 3539 1703 3594 29.

613 3613 864 3671 XXIV.
910 3614 1003 3671 Ita
1052 3615 1262 3671 Matth.
1315 3635 1455 3671 xxv.
1498 3618 1592 3688 29,
1646 3615 1705 3671 in
1744 3615 2016 3691 parabola
2055 3617 2400 3676 talentorum
2430 3616 2631 3675 eadem
2660 3616 2949 3674 sententia

528 3693 821 3770 repetitur,
874 3702 933 3751 et
979 3713 1080 3770 per
1117 3695 1397 3752 habentem
1430 3714 1542 3751 non
1574 3694 1745 3752 modo
1774 3696 2093 3771 possidens,
2126 3696 2230 3754 sed
2258 3707 2315 3755 et
2342 3697 2488 3755 bene
2516 3705 2685 3755 utens
2713 3694 2951 3754 talentis

530 3774 641 3832 sibi
670 3773 958 3832 concessis
986 3773 1260 3848 innuitur,
1293 3782 1413 3831 tum
1435 3774 1511 3832 ad
1536 3774 1824 3851 propriam
1854 3784 1974 3833 tum
2006 3776 2080 3833 ad
2108 3776 2350 3835 aliorum
2390 3777 2651 3850 salutem,
2683 3775 2820 3851 quia
2846 3775 2952 3851 qui

529 3854 605 3912 ad
632 3854 776 3912 nihil
806 3853 1201 3912 accommodat
1228 3855 1386 3931 quod
1414 3854 1604 3929 habet,
1637 3863 1694 3913 et
1717 3855 1827 3913 sibi
1850 3864 1909 3914 et
1929 3856 2057 3914 aliis
2077 3856 2399 3931 nonhabet,
2424 3864 2489 3914 ut
2507 3855 2718 3914 dicitur
2743 3854 2944 3930 vulgO,

528 3936 727 3994 Avaro
772 3943 888 3992 tam
932 3937 1117 3993 deesse
1158 3937 1313 4011 quod
1352 3936 1527 4006 hahet,
1573 3955 1741 4011 quam
1788 3939 1942 4012 quod
1979 3957 2091 3994 non
2119 3937 2296 3994 habet.
2383 3935 2554 3996 Unde
2589 3935 2840 4012 August.
2869 3934 2946 3992 de

534 4016 732 4074 Doctr.
768 4014 996 4088 Christi,
1020 4015 1121 4072 lib.
1156 4018 1208 4074 1.
1240 4035 1363 4093 cap.
1393 4019 1451 4089 4,
1501 4019 1535 4047 “
1560 4016 1762 4074 Omnis
1790 4017 1941 4089 res,''
1972 4015 2176 4091 inquit,
2225 4020 2259 4047 “
2282 4036 2410 4092 quae
2439 4015 2631 4073 dando
2659 4035 2777 4073 non
2803 4013 2946 4071 defi-

531 4095 625 4169 cit,
658 4095 797 4152 dum
826 4094 1085 4169 habetur,
1118 4103 1176 4153 et
1203 4115 1318 4152 non
1348 4095 1533 4169 datur,
1564 4095 1819 4153 nondum
1862 4095 2108 4154 habetur
2129 4096 2418 4171 quomodo
2447 4093 2712 4153 habenda
2740 4102 2844 4168 est,
2875 4112 2945 4151 ac

530 4174 770 4250 proinde
800 4173 1010 4232 dicitur
1037 4194 1151 4232 non
1182 4175 1439 4232 haberi.''
1527 4174 1683 4233 Hinc
1702 4175 1885 4251 liquet
1921 4195 2218 4252 perperam
2248 4175 2399 4234 trahi
2420 4175 2495 4232 ad
2523 4174 2676 4232 dona
2703 4183 2942 4247 naturae,

529 4274 659 4331 quae
714 4253 1003 4330 pertinent
1053 4254 1127 4311 ad
1173 4254 1325 4312 dona
1373 4255 1574 4331 gratiae
1600 4277 1614 4328 ;
1667 4255 1830 4329 quasi
1890 4255 2049 4312 Deus
2106 4254 2343 4314 habenti
2399 4255 2457 4312 in
2514 4262 2669 4312 statu
2722 4261 2945 4311 naturae

527 4353 632 4410 per
679 4333 888 4391 saltum
933 4333 1291 4410 promitteret
1335 4333 1549 4392 donum
1595 4335 1656 4391 in
1705 4342 1858 4392 statu
1888 4335 2106 4410 gratiae,
2138 4335 2304 4412 quasi
2345 4334 2562 4411 absque
2608 4334 2795 4409 gratia
2822 4332 2948 4390 fieri

529 4414 835 4490 quicquam
860 4414 1058 4489 possit,
1081 4412 1236 4488 quod
1260 4413 1368 4471 Dei
1391 4414 1634 4490 gratiam
1661 4413 2004 4472 conciliandi
2028 4414 2147 4471 vim
2177 4423 2235 4472 et
2252 4413 2519 4472 effectum
2537 4414 2766 4471 habeat.
2798 4413 2945 4470 Cum

528 4500 755 4550 constet
771 4512 884 4550 non
909 4493 1067 4551 aliud
1086 4492 1381 4551 intendere
1402 4493 1713 4567 Christum,
1737 4513 1908 4571 quam
1933 4493 2213 4552 donorum
2236 4495 2438 4570 gratiae
2461 4513 2673 4551 nexum
2694 4492 2943 4550 indisso·

528 4572 785 4640 lubilem,
818 4580 876 4629 et
904 4591 1242 4648 progressus
1271 4591 1338 4629 ac
1366 4572 1721 4632 incrementa
1747 4593 1929 4649 usque
1976 4573 2051 4631 ad
2086 4574 2566 4651 complementum
2598 4572 2943 4630 describere.

610 4650 825 4707 XXV.
871 4650 1056 4707 Aliud
1083 4659 1172 4709 est
1198 4651 1632 4728 benignitatem,
1664 4653 1996 4730 patientiam
2028 4663 2086 4712 et
2135 4654 2628 4730 longanimitatem
2669 4652 2797 4724 Dei,
2829 4670 2946 4728 qua
