3221 5200
476 345 593 402 334
971 399 978 403 ,
1288 357 1468 397 Locus
1499 355 1757 395 nse-mus
1787 355 2076 403 omarus.
2539 337 2790 419 [QUAEST.
2823 360 2884 399 11.

472 500 701 558 dedisse
735 498 884 556 Mosi
910 498 1060 568 λέγω
1088 496 1252 574 &ma
1287 499 1539 557 Orac-ula
1565 498 1709 570 viva,
1747 496 1960 572 Legem
1990 505 2129 573 puta
2158 515 2329 572 quam
2363 497 2576 573 populo
2621 498 2889 574 traderet,

472 588 539 638 ut
566 598 769 636 sensus
799 579 889 651 sit,
922 579 1017 634 vel
1051 579 1264 652 Legem
1311 577 1591 635 Israelitis
1612 577 1883 635 traditam
1905 596 2008 653 per
2053 595 2302 651 manum,
2335 576 2413 633 id.
2446 586 2785 653 potestatem
2836 589 2895 637 et

474 658 848 717 directionem
879 656 1217 715 Mediatoris
1241 657 1453 714 Christi
1481 656 1758 733 populum
1786 656 1949 713 illum
1978 656 2039 713 in
2061 675 2228 713 suum
2257 655 2568 714 adventum
2592 657 2700 715 hoc
2722 658 2894 716 modo

474 738 868 815 praeparantis,
902 737 997 793 vel
1026 756 1130 793 sua
1158 755 1332 793 manu
1363 737 1653 794 Christum
1687 736 1904 812 Legem
1949 734 2307 812 proferendO,
2349 738 2513 812 quasi
2562 737 2787 795 Vadem
2835 759 2895 797 se

473 819 728 877 medium
756 816 1183 892 interposuisse,
1216 817 1313 890 qui
1345 824 1403 873 et
1434 816 1651 891 Legem
1675 814 1986 892 aliquando
2015 815 2263 892 perfecte
2284 825 2598 892 praestaret,
2631 825 2690 875 et
2719 818 2894 894 Legis

474 898 898 956 execrationem
926 895 987 952 in
1017 914 1077 952 se
1106 894 1423 953 derivando
1451 914 1558 953 nos
1585 896 1659 953 ab
1689 915 1757 953 ea
1783 894 2069 953 liberaret.
2138 895 2199 953 Si
2229 895 2303 952 ad
2334 895 2557 953 Mosem
2601 896 2892 972 referatur,

476 986 541 1036 ut
570 976 784 1053 placuit
815 973 1138 1050 Epiphanio
1167 983 1224 1032 et
1245 975 1391 1049 aliie,
1413 994 1559 1051 quos
1583 976 1841 1051 sequitur
1857 975 1950 1032 hic
1976 976 2146 1049 Beza,
2168 974 2356 1051 quiaiv
2372 980 2499 1055 zue)
2517 976 2897 1034 ministerium

475 1058 684 1134 potine,
716 1073 887 1130 quam
918 1073 1198 1111 summam
1227 1063 1570 1131 potestatem
1597 1062 1777 1128 notat,
1826 1054 1982 1131 quod
2010 1055 2216 1113 ‘minus
2265 1056 2597 1112 conveniret
2648 1055 2893 1130 Christe,

477 1144 535 1194 et
563 1134 699 1210 quia
746 1141 971 1191 constat
1003 1133 1218 1209 Legem
1248 1155 1283 1191 a
1312 1134 1478 1192 Mose
1508 1133 1719 1209 datam,
1750 1135 1890 1192 Joh.
1922 1135 1957 1191 i.
1993 1138 2085 1207 17,
2126 1143 2193 1193 ut
2236 1134 2375 1191 alibi
2424 1134 2634 1193 dicitur
2677 1134 2813 1194 data
2861 1155 2897 1193 a

481 1215 607 1272 Deo
625 1234 739 1289 per
766 1233 994 1271 manum
1022 1214 1218 1288 Mosis,
1253 1214 1394 1272 LeV.
1425 1214 1590 1272 xxvi.
1622 1217 1716 1287 46,
1749 1214 1893 1271 nihil
1922 1214 2054 1272 inde
2078 1214 2307 1272 decedit
2329 1215 2625 1272 sententiae
2648 1223 2857 1272 nostrae
2882 1237 2896 1290 3

480 1293 628 1368 Quia
657 1293 854 1350 Moses
883 1293 1111 1369 typicus
1152 1301 1380 1352 tantum
1420 1293 1644 1351 dicetur
1688 1293 1992 1367 Mediator,
2039 1293 2328 1369 quomodo
2379 1294 2505 1351 Lex
2554 1304 2729 1369 typus
2778 1303 2898 1353 erat

482 1372 807 1448 Evangelii,
838 1391 954 1429 non
982 1380 1047 1430 ut
1074 1371 1341 1447 adaequet
1370 1372 1663 1430 Christum
1684 1373 1744 1429 in
1774 1373 2056 1444 omnibuS,
2090 1381 2177 1429 set
2205 1379 2269 1429 ut
2307 1373 2556 1430 tenuiter
2604 1373 2793 1448 ipsum
2838 1374 2898 1429 in

480 1451 825 1528 quibusdam
855 1459 1077 1509 tantum
1107 1451 1426 1509 adumbret.
1513 1451 1798 1509 Caeterum
1825 1451 1982 1526 quod
2009 1451 2240 1508 additur
2260 1470 2379 1508 ver.
2412 1454 2504 1520 20,
2525 1454 2720 1525 μεσίτης
2741 1449 2789 1507 δι
2811 1455 2900 1514 trec

479 1535 567 1588 ὖυκ.
609 1555 727 1598 um,
773 1533 797 1587 ὃ
838 1526 888 1586 31
927 1532 1036 1593 θιὸς
1077 1533 1138 1593 ἔας
1180 1555 1283 1587 εστι
1312 1531 1604 1588 Mediator
1631 1551 1742 1588 non
1771 1539 1851 1587 est
1889 1531 2066 1602 anina,
2100 1532 2257 1586 Deus
2298 1539 2485 1586 autem
2522 1540 2602 1587 est
2640 1549 2800 1604 unus,
2833 1540 2900 1587 ut

481 1610 666 1668 obiter
693 1609 911 1685 aliquid
942 1610 1198 1668 dicamus
1227 1610 1299 1667 de
1326 1609 1456 1667 loco
1484 1610 1728 1667 obscuro
1758 1618 1815 1666 et
1844 1608 2094 1682 difficili3
2144 1609 2238 1665 Sic
2266 1617 2457 1685 potest
2510 1628 2626 1666 non
2681 1609 2897 1666 incom-

481 1689 648 1747 mode
679 1689 952 1747 illustrari
982 1708 1057 1747 ex
1086 1708 1259 1765 scopo
1291 1689 1575 1766 Apostoli,
1629 1689 1729 1764 qui
1778 1697 1881 1762 est,
1934 1688 2234 1746 ostendere
2282 1706 2398 1744 non
2447 1688 2570 1745 dari
2615 1688 2796 1745 vitam
2841 1696 2901 1747 et

474 1769 945 1846 justificationem
974 1787 1076 1844 per
1106 1768 1340 1844 Legem,
1371 1769 1508 1844 quia
1535 1787 1666 1825 cum
1696 1768 1756 1824 in
1783 1788 1853 1826 ea
1879 1767 2115 1825 ferenda
2143 1787 2287 1843 opus
2338 1767 2508 1825 fuerit
2557 1767 2897 1844 Mediatore,

482 1848 616 1906 inde
645 1849 827 1924 liquet
857 1868 982 1906 eam
1009 1867 1126 1905 non
1155 1867 1281 1906 esse
1311 1847 1604 1906 vinculum
1636 1855 1846 1905 nostrae
1869 1867 1998 1905 eum
2024 1847 2149 1904 Deo
2179 1847 2618 1922 conjunctioniS,
2669 1847 2772 1904 sed
2799 1867 2899 1923 po-

481 1929 599 1987 tius
627 1928 875 1986 indicem
904 1935 1114 1985 nostrae
1145 1927 1219 1985 ab
1248 1928 1349 1986 illo
1376 1927 1814 1985 abalienationis
1842 1935 1901 1986 et
1927 1926 2170 1984 dissidii.
2256 1927 2419 2000 Quia,
2450 1927 2652 2003 inquit,
2678 1928 2900 1984 Media·-

483 2017 574 2066 tor
600 2029 712 2066 non
740 2017 820 2065 est
844 2007 1021 2081 unius,
1047 2007 1267 2065 scilicet
1294 2007 1490 2083 partis,
1524 2006 1628 2065 sed
1653 2007 1904 2083 plurium
1933 2006 2028 2064 vel
2057 2006 2259 2063 saltem
2289 2006 2547 2080 duarum,
2574 2015 2631 2064 et
2672 2006 2903 2082 quidem

483 2087 918 2160 dissidentium;
964 2106 1096 2143 nam
1125 2087 1226 2144 ubi
1254 2087 1388 2145 unio
1418 2096 1522 2159 est,
1580 2087 1726 2143 nihil
1775 2105 1918 2162 opus
1966 2094 2053 2144 est
2101 2085 2453 2143 intercedere
2505 2086 2899 2143 Mediatorem.

486 2167 654 2241 Quod
683 2186 820 2224 vero
850 2166 1095 2240 additur,
1129 2169 1288 2224 Deus
1314 2176 1498 2224 autem
1519 2187 1664 2224 unus
1691 2175 1785 2240 est,
1818 2186 1932 2223 non
1972 2173 2090 2223 tam
2139 2165 2380 2223 refertur
2427 2166 2501 2223 ad
2541 2166 2817 2223 unitatem
2846 2174 2905 2222 et

486 2246 910 2323 simplicitatem
941 2246 1069 2318 Dei,
1100 2265 1273 2322 quam
1302 2246 1377 2304 ad
1404 2247 1529 2322 ejus
1558 2246 1938 2304 constantiam
1967 2252 2025 2302 et
2068 2245 2605 2319 immutabilitatem,
2658 2264 2772 2301 non
2798 2244 2903 2300 mi·

484 2346 594 2385 nus
623 2327 681 2382 in
711 2336 931 2400 natura,
963 2345 1134 2402 quam
1165 2327 1223 2382 in
1254 2326 1509 2383 consiliis
1527 2334 1585 2383 et
1607 2325 1870 2399 decretis,
1892 2324 1968 2382 id.
1998 2335 2254 2382 constans
2282 2334 2339 2382 et
2368 2324 2476 2382 sibi
2507 2344 2729 2400 semper
2751 2323 2905 2381 simi-

484 2406 576 2464 lis.
662 2407 808 2464 Cum
835 2425 975 2481 ergo
1003 2405 1315 2481 perfectam
1350 2405 1635 2482 justitiam
1686 2405 1761 2462 ad
1808 2405 1989 2463 vitam
2031 2404 2399 2461 obtinendam
2449 2404 2507 2461 in
2561 2405 2717 2480 Lege
2760 2422 2905 2480 prae·

470 2485 795 2561 scripserit,
826 2505 933 2543 nec
962 2484 1049 2540 illi
1076 2485 1149 2542 ab
1180 2485 1409 2543 homine
1438 2493 1736 2560 peccatore
1766 2484 1892 2541 dari
1934 2484 2202 2559 potuerit,
2245 2492 2402 2559 patet
2444 2484 2905 2560 conjunctionem

486 2564 728 2623 duarum
756 2565 994 2622 istarum
1022 2564 1268 2639 partium
1298 2563 1717 2636 dissidentium,
1752 2562 1865 2620 Dei
1919 2562 2040 2620 scil.
2093 2570 2151 2620 et
2172 2563 2436 2635 hominiS,
2488 2582 2603 2619 non
2652 2563 2906 2639 potuisse

487 2644 612 2702 fieri
651 2664 755 2719 per
784 2643 1018 2719 Legem,
1052 2642 1152 2699 sed
1181 2662 1284 2717 per
1311 2643 1491 2699 solam
1514 2642 1803 2718 justitiam
1831 2649 1889 2699 et
1938 2640 2397 2699 satisfactionem
2449 2642 2678 2714 Christi,
2730 2662 2905 2718 quam

490 2722 875 2797 Evangelium
897 2721 1064 2779 nobis
1082 2720 1407 2792 annunciat,
1429 2730 1493 2779 ut
1515 2722 1623 2778 hoc
1648 2719 1967 2794 Apostolus
1983 2728 2284 2777 notaverat
2303 2740 2421 2777 ver.
2446 2724 2537 2778 13.
2563 2721 2808 2793 Quidam
2832 2740 2907 2779 ex

489 2801 829 2876 AEthiopico
858 2801 1166 2875 interprete
1196 2800 1279 2856 sic
1307 2807 1622 2875 exponunt,
1654 2799 1945 2857 Mediator
1972 2800 2134 2855 unius
2154 2819 2265 2856 non
2287 2808 2380 2873 est,
2412 2802 2571 2858 Deus
2592 2810 2779 2858 autem
2828 2809 2910 2859 est

490 2901 649 2953 unus,
683 2879 806 2936 seil.
836 2882 1094 2951 duorum,
1119 2878 1219 2954 qui
1247 2878 1396 2936 inter
1423 2898 1483 2936 se
1513 2877 1814 2936 dissident.
1904 2878 2018 2937 Sed
2041 2877 2149 2935 hoc
2171 2877 2632 2955 frigidiusculum
2657 2879 2902 2953 videtur,

491 2960 627 3037 quia
656 2978 823 3016 nemo
846 2958 1110 3035 ignorare
1138 2958 1343 3034 potuit,
1378 2957 1564 3015 Deum
1593 2977 1721 3016 esse
1742 2977 1921 3017 unum
1943 2978 2018 3016 ex
2041 2957 2470 3035 dissidentibus,
2492 2980 2623 3019 eum
2641 2970 2908 3037 ageretur

492 3038 564 3099 de
594 3038 949 3098 Mediatione
970 3038 1123 3115 apud
1151 3037 1357 3114 ipsum.

1488 3278 1876 3353 QUAESTIO
1921 3279 2004 3336 11.

499 3439 591 3496 An
637 3438 890 3496 Christus
929 3437 1002 3494 sit
1045 3438 1335 3494 Mediator
1380 3439 1681 3493 secundum
1730 3444 2026 3512 utramque
2074 3440 2382 3498 Naturam.
2482 3435 2703 3493 Affirm.
2754 3446 2906 3491 cont.

1349 3515 1612 3572 Pontific.
1643 3523 1700 3572 et
1726 3516 2083 3574 Stancarum.

584 3673 633 3730 Ῑ.
679 3671 934 3745 Quaestio
962 3672 1085 3729 haec
1103 3671 1271 3728 nobis
1301 3671 1603 3730 intercedit
1626 3692 1754 3730 eum
1783 3674 2115 3750 Pontificiis,
2140 3675 2236 3750 qui
2266 3682 2331 3731 ut
2358 3671 2583 3730 facilius
2612 3671 2909 3730 obtineant

501 3753 695 3829 plures
725 3751 847 3808 dari
876 3770 1045 3828 posse
1073 3750 1434 3826 mediatores,
1466 3752 1816 3827 pertendunt
1846 3754 2134 3812 Christum
2178 3752 2555 3810 Mediatorem
2599 3751 2776 3810 fuisse
2821 3772 2909 3810 se-

505 3832 756 3891 cundum
805 3839 1065 3888 naturam
1113 3830 1422 3888 humanam
1467 3839 1709 3905 tantum,
1761 3841 1826 3890 ut
1873 3842 2004 3909 post
2047 3833 2313 3891 Lombar.
2344 3831 2444 3890 lib.
2476 3835 2530 3905 3,
2563 3831 2695 3889 dist.
2726 3852 2780 3909 q.
2816 3832 2908 3906 19,

503 3912 546 3970 l.
569 3914 634 3985 93
680 3912 885 3968 Thom.
918 3931 971 3987 p.
1017 3914 1072 3983 3,
1105 3930 1160 3986 q.
1192 3913 1286 3984 26,
1319 3920 1423 3969 art.
1455 3915 1491 3968 2
1517 3933 1530 3983 ;
1579 3910 1728 3969 Bell.
1760 3922 1977 3970 contro,
2014 3916 2063 3985 1,
2096 3912 2167 3969 de
2211 3912 2456 3983 Christo,
2492 3912 2619 3969 Lib.
2652 3916 2705 3987 5,
2752 3933 2801 3971 c.
2832 3915 2908 3986 33

507 3992 775 4050 Becanus
804 3992 861 4048 in
891 4010 1103 4064 manu.,
1135 3990 1233 4048 lib.
1266 3993 1320 4065 3,
1353 4010 1401 4048 (1.
1427 3995 1481 4063 2,
1515 3999 1572 4048 et
1600 3990 1699 4047 alii
1728 3991 1990 4050 afferunt.
2076 3992 2234 4065 Quos
2256 3992 2351 4049 hie
2380 3994 2690 4050 Stancarus
2719 3992 2910 4067 sequi-

505 4080 616 4146 tur,
649 4071 749 4148 qui
778 4070 913 4128 dum
966 4090 1026 4128 se
1066 4070 1302 4148 opponit
1334 4070 1730 4127 vehementius
1760 4071 2042 4130 Osiandro
2073 4072 2326 4148 Collegae
2376 4092 2479 4130 suo
2507 4073 2565 4128 in
2597 4071 2916 4129 Academia

510 4151 974 4226 Regiomontana
1029 4150 1301 4208 statuenti
1352 4149 1643 4208 Christum
1690 4170 1804 4206 non
1853 4170 1978 4208 esse
2031 4152 2410 4210 Mediatorem
2459 4150 2915 4227 nisihsecundum

512 4240 772 4288 naturam
804 4230 1077 4304 divinam,
1110 4229 1367 4305 adeoque
1395 4248 1503 4287 nos
1524 4229 1831 4305 justificari
1861 4239 2074 4287 aeterna
2102 4239 2161 4288 et
2197 4230 2489 4288 essentiali
2518 4231 2645 4306 ejus
2667 4230 2911 4307 justitia,

510 4330 627 4367 non
670 4310 810 4368 satis
855 4308 1264 4384 distinguendo
1308 4308 1618 4367 efficaciam
1651 4308 1860 4366 Christi
1893 4307 1966 4365 ab
2008 4311 2137 4385 ejus
2164 4309 2402 4383 merito;
2451 4310 2518 4365 In
2570 4311 2917 4368 contrarium

509 4408 758 4447 errorem
790 4388 1221 4447 Pontificiorum
1264 4388 1465 4447 incidit
1492 4389 1781 4446 affirmans
1811 4387 2101 4446 Christum
2142 4395 2366 4446 tantum
2409 4389 2722 4447 secundum
2752 4397 2919 4447 natu-

511 4488 635 4526 ram
663 4468 974 4526 humanam
1004 4467 1381 4526 Mediatorem
1407 4487 1552 4526 esse.

553 4588 726 4633 status
778 4588 948 4637 Qum.
1114 4547 1199 4605 11.
1246 4546 1376 4604 Non
1405 4547 1697 4623 quaeritur,
1731 4546 1827 4604 An
1855 4565 2100 4623 persona
2130 4547 2469 4605 Mediatoris
2497 4548 2695 4605 divina
2713 4551 2743 4605 Ρ
2785 4548 2917 4605 Hoc

673 4648 834 4690 tionis.
1032 4625 1182 4684 enim
1211 4646 1324 4683 non
1355 4638 1571 4703 negant
1592 4626 1905 4685 adversarii
1927 4648 1940 4701 ;
1977 4625 2092 4685 Sed
2116 4626 2211 4684 An
2235 4628 2489 4685 actiones
2511 4628 2604 4685 vel
2627 4627 2923 4703 passiones
