3221 5200
272 393 480 447 Quaesr.
509 373 665 460 nv.]
1290 396 1369 437 ns
1398 396 1551 439 naon
1581 395 1702 438 nst.
2583 376 2659 434 83

339 539 478 598 VII.
521 537 734 612 Tertio,
768 537 861 594 Ex
891 534 1078 615 Apoc.
1121 535 1159 596 i.
1207 539 1299 613 10,
1346 537 1448 597 ubi
1491 538 1793 598 Johannes
1836 536 1978 598 dicit
2016 557 2076 598 se
2114 546 2344 614 raptu-m
2370 535 2552 610 finisse
2593 534 2651 594 in

263 619 449 693 spiritu
487 620 601 676 Die
628 618 943 691 Dominam,
988 637 1105 676 non
1146 637 1284 675 sane
1329 617 1626 677 Sabbatho
1666 619 1709 677 J
1714 617 2024 694 udaeorum,
2071 618 2229 694 quod
2271 614 2651 693 proculdubio

264 698 633 773 nominasset3
677 716 792 754 non
834 696 1029 774 aliquo
1069 704 1297 756 tantum
1338 696 1432 755 die
1474 697 1826 774 septimanae,
1857 698 1994 774 quia
2036 697 2119 756 sic
2160 696 2469 774 ambiguus
2497 702 2652 753 esset

264 777 465 852 titulus,
512 776 590 834 ad
632 776 1043 853 implicandum
1084 776 1278 852 potius
1321 795 1494 852 quam
1538 776 1944 853 explicandum
1987 785 2367 854 comparatus,
2412 775 2515 834 sed
2557 773 2651 834 die

261 855 365 929 ino,
393 876 510 933 quo
541 856 806 915 Christus
845 863 1252 930 resurrexerat,
1284 875 1399 931 quo
1428 856 1737 914 convenire
1765 856 2027 915 solebant
2057 854 2328 933 Apostoli
2369 854 2444 913 ad
2486 873 2651 913 sacra

261 935 589 1012 peragenda,
636 943 695 994 et
736 954 853 1011 quo
900 935 1117 994 Paulus
1160 934 1528 993 ordinaverat
1569 935 1843 994 collectas
1890 935 2204 1010 habendas,
2253 943 2426 1012 prout
2472 933 2649 991 moris

259 1024 370 1073 erat
409 1015 468 1072 in
511 1014 806 1091 primitiva
850 1014 1130 1073 Ecclesia.
1217 1015 1362 1072 Cum
1403 1033 1543 1090 ergo
1584 1015 1658 1073 de
1699 1015 1802 1073 illa
1842 1014 1936 1073 die
1977 1023 2252 1092 tanquam
2297 1023 2435 1072 nota
2478 1021 2538 1072 et
2585 1012 2648 1070 in

263 1093 510 1152 Ecclesia
550 1094 763 1153 usitata
801 1094 1086 1170 loquatur,
1131 1093 1372 1152 dubium
1412 1112 1529 1151 non
1562 1103 1668 1167 est,
1699 1094 1840 1169 quin
1866 1114 1941 1152 ex
1971 1102 2202 1171 recepto
2232 1092 2508 1152 Ecclesiae
2538 1111 2647 1150 usu

259 1172 355 1231 hoc
371 1173 604 1231 nomine
631 1173 909 1249 insignita
936 1173 1045 1248 sit;
1082 1173 1225 1247 Quis
1245 1173 1399 1231 enim
1421 1173 1565 1231 alias
1588 1173 2044 1232 Christianorum
2074 1173 2472 1246 intellexisset,
2504 1171 2647 1249 quid

256 1251 545 1388 Joffiarmes
583 1253 693 1311 hac
737 1252 1121 1329 appellatione
1164 1252 1563 1330 significasset,
1609 1253 1661 1311 si
1704 1272 1879 1329 quam
1922 1252 2096 1311 aliam
2140 1252 2294 1311 diem
2340 1252 2644 1329 designare

257 1349 322 1388 vo
345 1332 519 1390 uisset
535 1334 565 1390 Ρ

323 1411 497 1469 VIII.
547 1409 780 1484 Quart0,
825 1411 998 1469 Solus
1039 1410 1139 1469 ille
1179 1418 1400 1470 mutare
1444 1410 1635 1488 potuit
1682 1410 2060 1486 Sabbathum,
2090 1412 2184 1470 vel
2229 1410 2558 1469 immediate
2586 1417 2647 1469 et

253 1508 341 1564 per
365 1509 441 1564 se,
472 1490 573 1548 vel
609 1489 857 1548 mediate
898 1510 1002 1566 per
1029 1489 1364 1566 Apostolos,
1396 1491 1496 1567 qui
1526 1489 1811 1549 Dominus
1839 1499 1928 1550 est
1959 1491 2257 1566 Sabbathi,
2291 1490 2503 1549 Matth.
2538 1489 2640 1547 xii.

250 1570 379 1640 8,>et
404 1569 657 1627 maxime
685 1577 1131 1629 consentaneum
1172 1568 1299 1644 fuit,
1341 1577 1406 1628 ut
1447 1569 1520 1627 ab
1563 1570 1665 1628 illo
1710 1570 2106 1630 institueretur
2145 1570 2270 1629 dies
2312 1571 2504 1630 cultus
2532 1568 2643 1628 sub

254 1646 314 1703 N.
340 1648 402 1706 T.
431 1668 466 1706 a
492 1667 613 1724 quo
641 1648 832 1706 cultus
872 1648 996 1725 ipse
1022 1648 1133 1706 fuit
1159 1648 1475 1724 institutus,
1507 1658 1565 1708 et
1592 1668 1628 1707 a
1655 1669 1772 1726 quo
1800 1651 1988 1709 omnis
2027 1648 2353 1708 benedictio
2394 1650 2457 1707 in
2485 1648 2644 1708 omni

249 1727 390 1785 cultu
415 1727 780 1805 expectanda
806 1735 912 1785 est.

320 1806 431 1865 IX.
474 1805 711 1880 Quinte,
763 1806 826 1864 Si
870 1825 976 1864 nec
1017 1824 1053 1863 a
1095 1805 1342 1881 Christo,
1387 1825 1495 1866 nec
1537 1807 1610 1866 ab
1641 1806 1947 1884 Apostolis
1988 1809 2337 1866 constitutus
2378 1813 2468 1864 est
2495 1805 2640 1864 Dies

253 1883 592 1960 Dominicua
636 1883 887 1943 deterior
926 1883 1036 1943 erit
1075 1885 1331 1944 conditio
1361 1887 1641 1945 Ecclesiae
1686 1886 2025 1945 Christianae
2071 1886 2178 1946 sub
2225 1887 2394 1945 Novo
2439 1886 2639 1943 Testa-

250 1974 438 2039 mento,
468 1985 648 2042 quam
677 1965 720 2023 J
724 1963 1018 2023 udaeorum
1047 1964 1108 2021 in
1137 1965 1337 2023 Veteri
1361 1989 1375 2040 3
1417 1966 1554 2042 quia
1592 1965 1652 2023 in
1683 1966 1883 2025 Veteri
1911 1967 2069 2025 Test.
2099 1966 2209 2026 fuit
2235 1966 2360 2024 dies
2388 1965 2638 2023 destina-

251 2050 330 2101 tus
355 2045 538 2122 quieti
565 2065 601 2102 a
627 2043 825 2102 labore
853 2043 1050 2118 seculi,
1082 2063 1198 2120 quo
1227 2044 1459 2103 familiae
1487 2064 1554 2103 ac
1580 2045 1864 2121 jumentis
1890 2045 2314 2105 concedebatur
2339 2043 2641 2120 respiratio

249 2122 311 2180 ab
335 2144 498 2200 opere
533 2123 749 2198 servili,
783 2124 956 2183 Deut.
985 2143 1044 2181 v.
1079 2126 1170 2198 14,
1201 2124 1390 2200 qualis
1418 2124 1478 2181 in
1508 2124 1679 2183 Novo
1707 2124 2077 2184 Testamente
2104 2125 2299 2183 nullus
2327 2123 2453 2199 erit,
2484 2122 2642 2199 quod

249 2201 544 2262 absurdum
572 2222 701 2261 esse
729 2222 899 2262 nemo
926 2221 1043 2261 non
1070 2202 1248 2277 videt,
1279 2223 1411 2262 cum
1453 2203 1627 2278 longe
1668 2203 1858 2280 potior
1886 2205 1962 2262 sit
1988 2203 2243 2262 conditio
2284 2211 2482 2262 nostra
2521 2222 2640 2281 prm

250 2289 381 2341 statu
407 2283 713 2356 Veterum,
744 2282 846 2358 qui
865 2282 1013 2359 jugo
1043 2282 1221 2358 Legis
1248 2283 1566 2357 ὶβιπιίκτᾳ
1593 2282 2016 2358 premebantur.

317 2361 393 2421 X.
437 2363 642 2437 Sexto,
678 2361 741 2420 Si
777 2361 910 2419 Diei
941 2362 1231 2421 Dominici
1271 2362 1558 2420 institutio
1587 2361 1665 2420 sit
1692 2359 2071 2421 ordinationis
2099 2369 2324 2421 tantum
2352 2361 2636 2438 humanm,

252 2438 356 2499 sive
395 2442 671 2519 politicae,
717 2440 841 2498 sive
872 2439 1313 2514 Ecclesiasticae‚
1360 2449 1426 2499 ut
1469 2440 1688 2517 publici
1729 2441 1920 2500 cultus
1964 2442 2368 2501 necessitatem
2395 2443 2637 2500 circum·

251 2520 521 2597 scripserit
546 2521 800 2578 bumana
821 2520 1173 2594 constitutio,
1196 2519 1446 2588 rescindi
1473 2520 1686 2596 poterit
1706 2520 1907 2579 eadem
1936 2519 2228 2598 facilitate,
2253 2540 2375 2598 qua
2390 2521 2637 2597 coaluit;

248 2616 337 2657 nec
370 2602 446 2659 ita
485 2599 719 2659 fortiter
746 2599 940 2676 urgeri
978 2600 1191 2677 poterit
1217 2602 1346 2678 ejus
1374 2599 1796 2660 observationis
1823 2599 2170 2678 necessitas3
2216 2602 2298 2661 sic
2326 2600 2480 2660 enim
2507 2621 2639 2678 pro-

249 2676 391 2738 fanus
430 2700 634 2740 secum
679 2679 1011 2757 dispensare
1054 2681 1283 2756 poterit,
1329 2700 1404 2738 ne
1445 2680 1674 2740 intersit
1718 2681 1987 2759 precibus
2033 2691 2094 2741 et
2141 2681 2532 2757 concionibus,
2581 2689 2642 2741 et

248 2758 464 2831 quilibet
519 2758 755 2836 quidvis
795 2760 1006 2836 agendi
1048 2759 1147 2818 vel
1193 2759 1530 2837 negligendi
1574 2760 1686 2819 sibi
1733 2761 2063 2838 indulgeret
2104 2762 2351 2836 veniam,
2399 2761 2451 2820 si
2494 2761 2642 2819 nihil

248 2836 531 2899 eliceret-ur
557 2859 635 2897 ex
667 2838 996 2916 Scripturis,
1028 2839 1186 2916 quod
1224 2848 1434 2918 praeter
1473 2840 1789 2900 humanum
1830 2842 2160 2901 institutum
2188 2842 2475 2918 obligaret
2501 2861 2637 2900 con·

252 2916 552 2978 scientiam.
641 2918 964 2977 Prudenter
990 2938 1130 2994 ergo
1159 2927 1218 2979 et
1257 2920 1370 2997 pie,
1413 2928 1623 2996 praeter
1663 2921 1959 2980 solennem
2000 2932 2060 2980 et
2102 2941 2219 2980 non
2260 2922 2639 2998 interruptam

252 2993 503 3058 Ecclesiae
555 2998 943 3071 traditionem,
992 2997 1333 3075 Apostolica
1379 3008 1621 3075 urgetur
1664 3000 1884 3059 sanctio
1933 3008 1993 3059 et
2039 3001 2254 3076 praxis,
2301 3008 2368 3058 ut
2415 3008 2640 3059 constet

253 3072 552 3137 Ecclesiam
585 3077 733 3135 nihil
772 3078 962 3155 egisse
1000 3078 1061 3135 in
1101 3097 1163 3136 re
1204 3078 1352 3137 tanti
1391 3078 1667 3137 momenti
1708 3077 1867 3155 quod
1909 3097 1945 3136 a
1969 3077 2113 3137 viris
2157 3076 2495 3143 flumbo-mc
2522 3098 2641 3137 non

250 3160 529 3234 acceperit,
560 3156 829 3234 quodque
857 3157 989 3217 ideo
1016 3177 1134 3216 non
1163 3157 1240 3215 sit
1267 3156 1689 3215 observationis
1716 3156 2073 3215 necessat-ise.

316 3235 424 3296 XI.
471 3237 754 3314 Septimo,
795 3236 1045 3296 Accedit
1086 3236 1404 3296 authoritas
1432 3236 1730 3310 Veterum,
1774 3235 1875 3312 qui
1918 3234 2169 3312 proximi
2209 3235 2443 3295 fuerunt
2482 3236 2640 3294 aetati

250 3320 300 3369 et
321 3317 673 3394 temporibus
701 3316 1133 3393 Apostolorum.
1201 3315 1362 3373 Inter
1387 3334 1534 3392 quos
1561 3324 1652 3374 est
1679 3316 1953 3392 Iqmtim,
1984 3314 2151 3391 epist.
2180 3315 2257 3373 ad
2284 3315 2551 3391 Magnes.
2581 3322 2641 3374 et

251 3390 459 3471 Tralli.;
489 3396 668 3455 Justi.
697 3395 873 3472 Apol.
902 3395 994 3472 ii.;
1037 3396 1247 3471 Diony.
1282 3395 1533 3453 Gor-ivah.
1575 3395 1730 3472 apud
1773 3395 1988 3455 Euseb.
2030 3394 2072 3454 l.
2102 3394 2180 3454 iv.
2211 3415 2261 3455 c.
2285 3399 2398 3470 223
2441 3396 2639 3454 Melite

249 3474 1171 3631 suzsrz330ffiff..³ffi.?.iss
1210 3474 2023 3631 ss“.²ae.pmxtp¹{³xzt”dfiff’iss·
2052 3475 2637 3634 V..⁰.fi{².{0}'⁶p’'.‘“²²..{·

838 3600 852 3629 ,
1410 3599 1423 3612 .
1539 3597 1554 3613 .
1907 3600 1921 3614 .
2017 3599 2031 3614 .
2621 3599 2637 3614 .

251 3627 368 3689 Huc
410 3634 664 3710 pertinet
713 3634 841 3691 Lex
884 3633 956 3693 de
1004 3653 1073 3692 eo
1120 3635 1240 3693 lata
1287 3654 1322 3692 a
1371 3634 1748 3693 Constantino
1805 3600 2052 3712 Magno,
2081 3636 2435 3713 Imperatore
2483 3634 2640 3713 apud

252 3707 445 3771 Euseb.
474 3713 583 3771 lib.
609 3713 690 3770 iv.
723 3711 795 3771 de
824 3712 946 3772 vita
975 3712 1357 3779 Constantini,
1387 3733 1513 3790 cap.
1545 3714 1639 3789 18,
1669 3714 1915 3791 repetita
1953 3723 2013 3774 et
2053 3715 2388 3774 confirmata
2415 3715 2489 3774 ab
2520 3716 2636 3772 Im·

251 3792 594 3862 peratoribus
636 3791 1094 3868 succedentibus,
1138 3792 1483 3867 TheodosiO,
1526 3793 1956 3868 valentiniane,
2003 3794 2276 3869 Arcadio,
2323 3795 2535 3868 Leone,
2580 3801 2640 3851 et

252 3866 509 3946 Antonio,
555 3892 593 3930 a
631 3871 843 3948 quibus
884 3872 1265 3931 severissimis
1306 3872 1659 3949 prohibitum
1703 3881 1794 3932 est
1839 3872 2027 3949 poenis
2069 3873 2344 3931 exhibere
2388 3871 2499 3929 hoe
2543 3871 2640 3929 die

249 3951 579 4026 spectacula,
611 3959 714 4011 aut
737 3951 1134 4028 voluptatibus
1162 3971 1395 4029 operam
1422 3951 1577 4026 dare,
1606 3960 1674 4012 ut
1700 3951 1901 4011 videre
1928 3961 2019 4027 est¹
2047 3951 2258 4010 Codice
2286 3952 2359 4009 de
2388 3950 2561 4009 feriis.

321 4027 468 4088 ΧΠ.
514 4030 683 4089 Idem
710 4039 977 4089 asserunt
1002 4032 1236 4108 plurimi
1264 4051 1340 4090 ex
1367 4031 1614 4106 nostris3
1661 4028 1939 4089 Calvinus
1967 4031 2028 4087 in
2049 4029 2185 4089 Act.
2204 4051 2345 4089 xx.:
2391 4032 2428 4063 ‘⁴
2450 4029 2636 4087 Vero-

254 4105 480 4167 similius
510 4118 604 4169 est
631 4109 949 4187 Apostolos
978 4111 1130 4171 diem
1158 4110 1324 4170 initio
1350 4110 1655 4169 retinuisse
1685 4111 1811 4187 jam
1838 4109 2129 4185 usitatum,
2160 4117 2360 4186 postea
2386 4108 2430 4168 J
2433 4107 2643 4168 udaica

252 4189 639 4262 superstitione
670 4198 900 4249 coactos
927 4190 1028 4249 illo
1056 4192 1335 4269 abrogato
1363 4190 1540 4249 alium
1569 4189 1994 4248 substituisse.”
2040 4190 2299 4247 Bucerus
2328 4188 2400 4247 de
2431 4189 2639 4264 Regno

251 4262 464 4341 Christi,
494 4290 620 4346 cap.
655 4272 759 4329 15:
804 4272 840 4303 “
865 4270 1007 4329 Dies
1030 4270 1377 4330 Dominicus
1398 4270 1472 4328 ab
1498 4269 1641 4345 ipsis
1664 4268 1966 4344 Apostolis
1995 4269 2172 4327 sacris
2199 4267 2524 4327 actionibus
2550 4276 2643 4328 est

252 4349 660 4407 consecratuS.”
725 4350 821 4409 Sic
851 4350 1009 4408 Beza
1035 4350 1097 4407 in
1126 4350 1279 4427 Apo.
1308 4348 1347 4408 i.
1383 4351 1474 4424 10,
1505 4347 1875 4407 traditionem
1896 4347 2047 4406 hanc
2074 4366 2201 4406 esse
2221 4366 2357 4407 vere
2380 4347 2639 4406 divinam

253 4427 452 4501 statuit,
484 4436 544 4488 et
588 4428 805 4505 Spiritu
849 4428 1102 4488 dictante
1143 4430 1217 4488 ab
1247 4428 1550 4505 Apostolis
1589 4427 1836 4502 factam;
1882 4429 1919 4460 ‘⁴
1943 4426 2261 4486 Dominicae
2303 4427 2484 4505 igitur
2523 4428 2640 4487 diei

249 4501 442 4581 cultus,
487 4507 646 4584 quod
687 4508 859 4566 etiam
889 4509 933 4567 J
934 4509 1070 4567 usti.
1115 4509 1176 4566 in
1226 4508 1402 4585 Apol.
1433 4513 1489 4583 2,
1540 4507 1753 4566 diserte
1802 4515 2228 4581 commemorat,
2281 4507 2638 4585 Apostolicae

253 4596 311 4637 ac
353 4604 487 4644 vere
534 4587 750 4645 divinae
798 4596 934 4647 sunt
976 4587 1362 4663 traditionis,”
1407 4585 1515 4646 ἆυ.
1604 4587 1702 4646 Sic
1756 4587 2062 4662 Gallasius,
2095 4586 2323 4646 Calvini
2363 4597 2423 4649 et
2466 4589 2639 4647 Bezae

250 4657 492 4741 Collega,
537 4666 596 4725 in
626 4667 818 4727 Exod„
846 4668 1014 4727 xxxi.
1042 4691 1057 4728 z
1102 4669 1297 4728 “Hoc
1330 4668 1675 4742 institutum,
1719 4676 1785 4727 ut
1812 4666 1937 4727 dies
1967 4667 2306 4730 Dominicus
2346 4669 2407 4728 in
2446 4669 2639 4728 locum
