3221 5200
277 436 494 487 Quaesr.
526 415 665 499 νη]
1262 437 1339 475 m:
1369 436 1520 475 rma
1553 435 1671 474 οεῐ.
2613 413 2689 471 35

281 579 392 638 Isa.
435 579 473 637 i.
524 581 616 654 15,
653 581 745 654 16,
782 581 874 653 17,
912 581 1001 654 18,
1033 585 1092 637 et
1121 597 1245 655 cap.
1274 575 1419 635 lviii.
1455 582 1505 654 1,
1538 582 1593 652 2,
1628 579 1684 651 3,
1717 578 1772 649 4,
1804 584 1862 634 et
1890 575 2033 634 lxvi.
2069 578 2121 650 1,
2153 579 2210 649 2,
2241 576 2297 649 3,
2329 577 2385 649 4,
2421 571 2599 631 Mich.
2632 574 2686 646 6,

280 662 333 735 7,
363 668 420 717 et
446 659 588 717 alibi
614 658 851 736 passim.

881 737 1034 795 XII.
1080 737 1311 812 Quarta,
1361 738 1439 794 Ut
1466 744 1761 812 proecepta
1803 755 1915 793 non
1955 736 2227 810 aequalem
2267 734 2468 791 habent
2507 731 2687 807 dique·-

392 791 580 851 ω
599 792 645 835 4.
798 819 927 876 tatis
976 825 1030 876 et
1073 817 1408 875 necessitatis
1449 820 1697 891 qradum
1717 839 1741 886 ,·
1804 817 1899 872 Ita
1947 835 2048 872 nec
2093 813 2398 872 obedientia
2443 814 2689 887 eiusdem

277 898 489 956 ordinis
526 907 582 956 et
614 898 826 957 valoris
866 906 1156 971 censetur,-
1199 916 1304 955 nee
1345 895 1739 954 inobedientia
1779 894 1965 953 omnis
1999 893 2254 970 ejusdem
2287 901 2376 951 est
2404 890 2685 964 demeriti,

276 977 376 1036 sed
401 978 681 1054 majorem
711 978 807 1036 vel
835 979 1113 1036 minorem
1142 985 1362 1035 reatum
1392 976 1699 1035 contrahit.
1765 973 1949 1032 Aliud
1978 982 2066 1032 est
2093 973 2328 1032 omissio
2371 972 2643 1048 praecepti
2668 991 2683 1045 ;

275 1056 429 1115 aliud
458 1058 589 1134 ejus
618 1058 1010 1134 oppugnati03
1056 1056 1240 1115 Aliud
1269 1055 1505 1129 oblivio,
1538 1054 1698 1113 aliud
1740 1053 2062 1131 neglectae,
2095 1052 2253 1111 aliud
2284 1060 2686 1128 contemptus:

272 1137 573 1213 neglectus
615 1145 703 1194 est
747 1157 783 1194 a
825 1138 1103 1214 languore
1149 1136 1386 1210 inertiae,
1435 1134 1537 1194 sed
1582 1143 1946 1210 contemptus
1973 1153 2066 1211 ¹ex
2115 1131 2397 1209 superbias
2440 1139 2683 1189 tumore.

274 1216 445 1276 Unde
474 1217 650 1275 elatio
678 1217 1099 1275 contemnentis
1127 1215 1357 1293 culpam
1397 1223 1590 1291 auget,
1636 1223 1696 1273 et
1735 1233 1967 1272 naevum
2008 1212 2294 1271 convertit
2342 1212 2401 1269 in
2447 1211 2682 1268 crimen.

273 1296 344 1353 In
371 1295 727 1354 facilioribus
756 1305 1119 1374 contemptus
1147 1307 1236 1355 est
1264 1293 1663 1367 damnabilior,
1695 1302 1754 1351 et
1781 1303 1951 1352 actus
1978 1292 2169 1351 minus
2197 1290 2523 1350 laudabilis.
2608 1290 2681 1347 In

268 1375 687 1434 difficilioribus
714 1376 1044 1435 obedientia
1070 1383 1160 1434 est
1187 1374 1420 1453 gratior,
1452 1394 1568 1452 quo
1594 1372 1994 1452 praevaricatio
2022 1381 2112 1431 est
2139 1371 2388 1450 gravior.

1186 1616 1573 1692 QUAESTIO
1614 1570 1763 1675 vn.

1090 1795 1171 1834 AD
1203 1795 1569 1837 PnAEcEP‘rUM
1599 1795 1852 1836 PRIMUM.

261 1934 356 1992 An
381 1937 533 1992 solus
561 1937 721 1993 Deus
745 1935 821 1993 sit
856 1939 1114 1994 colendus
1152 1945 1205 1993 et
1241 1936 1596 2011 invocandus,
1628 1936 1722 1993 An
1749 1955 1881 1995 vero
1910 1937 2145 1993 Sanc-tos
2178 1936 2496 1992 demortuos
2522 1932 2672 1991 invo-

317 2034 452 2073 care
479 2024 535 2073 et
559 2016 818 2092 reliqiose
845 2019 1024 2074 colere
1054 2017 1259 2074 liceat?
1340 2015 1461 2074 Aff.
1494 2016 1608 2091 Pr.,
1643 2016 1791 2093 Neg.
1824 2015 2001 2090 Post.,
2033 2023 2233 2073 contra
2262 2012 2616 2071 Pontificios.

344 2172 395 2232 Ι.
442 2173 530 2233 Ut
558 2175 858 2252 Praecepto
898 2176 1101 2252 primo,
1133 2179 1228 2234 De
1255 2197 1365 2234 non
1393 2177 1660 2235 habendis
1687 2176 1819 2233 Diis
1847 2176 2043 2233 alienis
2071 2193 2265 2232 coram
2292 2175 2437 2247 Deo,
2468 2190 2672 2229 verum

264 2254 528 2328 objectum
556 2255 747 2313 cultus
788 2254 1046 2331 religiosi
1088 2256 1377 2315 sancitur:
1424 2255 1516 2314 Ita
1557 2274 1675 2313 non
1702 2264 1934 2313 vetatur
1960 2262 2183 2312 tantum
2211 2253 2538 2326 Atheismus,
2569 2250 2670 2328 qui

264 2333 491 2390 nullum
519 2334 782 2410 agnoseit
809 2344 868 2393 et
896 2336 1034 2394 colit
1064 2336 1270 2409 Deum,
1301 2343 1360 2393 et
1387 2334 1804 2411 Polytket'smus,
1836 2333 1935 2410 qui
1969 2333 2299 2390 innumeros
2327 2332 2437 2390 sibi
2465 2331 2667 2407 fingit3

264 2410 373 2489 ‚⁸0d
416 2421 474 2470 et
501 2415 680 2472 omnis
708 2415 1038 2491 superstitio
1076 2424 1135 2475 et
1161 2416 1505 2474 Idolokztria
1532 2415 1589 2473 in
1619 2416 1839 2490 objectO,
1870 2433 1986 2490 qua
2024 2432 2128 2489 pro
2173 2412 2299 2470 Deo
2340 2411 2584 2470 habetur
2612 2418 2671 2469 et

261 2490 493 2568 colitur,
524 2494 677 2569 quod
706 2494 867 2553 Deus
896 2514 1011 2553 non
1040 2504 1146 2569 est,
1173 2495 1306 2554 Gal.
1337 2495 1415 2553 iv.
1447 2498 1501 2568 8,
1529 2495 1652 2553 sive
1682 2494 1757 2553 sit
1784 2512 2004 2553 merum
2032 2491 2280 2551 hominis
2306 2490 2664 2568 figmentum,

259 2570 466 2649 quales
492 2582 654 2632 erant
679 2574 939 2653 plerique
967 2574 1155 2635 fictitii
1178 2576 1453 2635 Gentium
1481 2575 1595 2651 Dii,
1630 2574 1752 2634 sive
1781 2594 1873 2633 res
1893 2592 2029 2632 vere
2052 2571 2325 2646 existenti,
2357 2570 2459 2630 sed
2477 2578 2669 2629 creata

258 2661 316 2710 et
344 2652 525 2728 finita,
557 2654 650 2712 eui
692 2674 926 2732 quoquo
966 2655 1140 2714 modo
1169 2656 1358 2714 cultus
1386 2655 1709 2732 religiosae,
1741 2654 1983 2728 fidueiae,
2015 2652 2384 2726 adorationis,
2416 2659 2474 2710 et
2502 2651 2666 2709 invo-

258 2732 502 2791 cationis
533 2734 641 2791 soli
673 2735 799 2792 Deo
828 2734 1059 2794 debitus
1087 2735 1412 2812 deferatur3
1459 2736 1625 2794 Circa
1653 2735 1809 2812 quod
1836 2733 1973 2811 quia
2013 2731 2382 2791 multifariam
2423 2738 2666 2807 peceant

257 2811 568 2885 pontificii,
598 2814 871 2890 religioso
900 2815 1060 2873 cultu
1089 2817 1505 2889 Creaturarum,
1539 2815 1919 2892 Angelorum,
1969 2814 2326 2886 Sanctorum,
2369 2811 2663 2889 Reliquia-

254 2911 399 2968 rum,
436 2892 663 2951 Hostias
694 2893 1025 2970 Missatieae,
1058 2904 1117 2953 et
1158 2894 1328 2972 Papae
1357 2895 1572 2972 ipsius3
1618 2905 1789 2973 atque
1831 2895 1913 2952 ita
1952 2913 2068 2951 non
2110 2892 2281 2951 unius
2324 2890 2664 2949 idololatriae

255 2970 337 3029 rei
379 2980 685 3048 tenentur;
740 2973 829 3032 De
874 2974 1235 3051 gravissimo,
1283 2974 1439 3052 quod
1484 2975 1635 3034 inter
1676 2995 1783 3033 nos
1828 2973 2289 3046 controvertitur,
2339 2970 2664 3046 Religionis

254 3050 440 3143 eapite
483 3052 899 3129 disputandum
941 3063 1047 3112 est.
1131 3053 1326 3114 Antea
1368 3055 1506 3113 Loe.
1537 3054 1687 3113 VII.
1707 3065 1712 3068 '
1731 3055 1841 3128 Qu.
1885 3055 1940 3129 9,
1988 3053 2077 3110 De
2124 3052 2292 3110 Cultu
2318 3051 2663 3125 Anyelorum

254 3129 527 3207 dminus,
560 3151 714 3191 nunc
744 3133 815 3192 de
844 3134 1200 3193 Invocatione
1226 3135 1562 3192 Sanctorum
1590 3134 1836 3210 agimus.

861 3213 945 3272 II.
978 3214 1109 3272 Non
1137 3214 1428 3291 quaeritur,
1465 3216 1516 3271 1.
1548 3212 1649 3270 An
1682 3210 1879 3270 Sancti
1906 3211 2000 3287 pie
2037 3210 2098 3267 in
2128 3208 2378 3266 Domino
2407 3206 2665 3264 defuncti

317 3265 673 3368 statqungam-
774 3293 968 3369 aliquo
1012 3294 1171 3352 cultu
1221 3302 1280 3352 et
1323 3293 1538 3351 honore
1584 3292 1701 3350 sint
1735 3288 2159 3369 prosequendi:
2224 3288 2353 3345 Non
2383 3305 2664 3363 negamus

778 3373 931 3430 enim
960 3393 1059 3431 eos
1088 3393 1121 3430 a
1149 3372 1316 3431 nobis
1351 3372 1527 3450 juxta
1553 3371 1794 3450 gradum
1826 3367 2183 3429 excellentiae
2213 3388 2331 3426 suoe
2376 3367 2662 3424 honoran-

250 3448 358 3507 dos
386 3469 533 3524 esse,
565 3458 689 3510 tum
719 3450 791 3510 de
820 3453 891 3510 iis
920 3461 984 3510 ut
1010 3452 1358 3511 beatissimis
1387 3462 1446 3511 et
1492 3453 1552 3510 in
1584 3451 1818 3510 Domini
1860 3449 2208 3508 consortium
2239 3446 2507 3506 admissis
2551 3445 2664 3504 Dei

248 3529 438 3587 servis
466 3531 741 3606 praeclare
771 3531 1088 3607 sentiendo,
1134 3542 1256 3591 tum
1285 3552 1483 3592 eorum
1524 3532 1859 3591 memoriam
1901 3540 2066 3608 grata
2106 3537 2165 3587 et
2186 3527 2446 3605 jucunda
2473 3547 2661 3586 recor·

245 3607 485 3667 datione
513 3610 864 3688 usurpando,
899 3612 1038 3671 Luc.
1069 3612 1106 3671 i.
1137 3614 1233 3687 48,
1267 3613 1450 3671 Marc.
1480 3612 1599 3670 xiv.
1632 3615 1686 3688 9,
1718 3612 2031 3671 certamina
2059 3618 2117 3668 et
2145 3609 2418 3668 victorias
2454 3607 2661 3685 praedi-

245 3688 456 3762 cando,
489 3689 811 3749 doctrinam
860 3691 1162 3769 servando,
1194 3692 1439 3751 virtutes
1480 3691 1823 3751 celebrando
1858 3698 1936 3762 etr
1957 3689 2251 3763 imitando,
2285 3688 2438 3747 Heb.
2469 3688 2571 3746 xii.
2606 3691 2658 3763 1,

243 3776 305 3826 et
334 3769 399 3826 in
428 3769 547 3827 illis
576 3778 634 3829 et
662 3791 766 3848 pro
794 3771 911 3829 illis
941 3771 1130 3830 Deum
1171 3771 1478 3846 laudande,
1509 3781 1568 3831 et
1610 3771 1828 3848 gratias
1869 3770 2112 3847 agendo,
2144 3767 2300 3847 quod
2341 3768 2402 3825 in
2442 3767 2660 3825 bonum

244 3847 537 3907 Ecclesiae
565 3850 714 3908 tales
741 3851 1008 3910 excitarit
1032 3874 1047 3911 ε
1098 3851 1214 3910 Sed
1243 3851 1343 3910 An
1384 3851 1544 3911 cultu
1582 3852 1855 3928 religioso
1882 3848 2109 3927 proprie
2138 3848 2295 3906 dieto
2339 3847 2457 3904 sint
2485 3865 2658 3903 vene-

241 3926 458 4002 randi3
506 3929 676 4003 Quod
697 3930 916 3990 vellent
944 3930 1302 4007 Adversarii,
1336 3932 1459 3990 Nos
1485 3950 1766 4009 negamus
1790 3953 1804 4005 3
1850 3929 2019 4005 Quod
2047 3929 2105 3986 in
2133 3925 2330 3985 limine
2358 3944 2660 3982 movemus

240 4015 452 4066 eontra
481 4008 800 4068 calumnias
819 4011 1268 4086 Pontificiorum,
1288 4010 1389 4088 qui
1417 4031 1523 4070 nos
1550 4011 1876 4084 traducunt,
1900 4018 1967 4068 ut
1998 4008 2336 4066 Sanctorum
2367 4012 2659 4082 contemp-⁴

239 4094 406 4145 tores
448 4088 817 4164 etinimieos,
862 4090 998 4167 quia
1026 4111 1222 4149 eorum
1264 4091 1483 4150 cultum
1526 4090 1912 4168 repudiamuS,
1943 4087 2109 4166 quasi
2142 4084 2418 4143 inferatur
2459 4090 2659 4141 eontu-

239 4167 424 4224 melia
456 4167 706 4242 Sanctis,
739 4169 787 4246 si
816 4169 933 4228 illis
980 4190 1096 4229 non
1125 4170 1452 4230 tribuantur
1478 4191 1607 4247 quae
1652 4169 1760 4228 soli
1791 4169 1918 4227 Deo
1946 4176 2004 4227 et
2033 4165 2262 4225 Christo
2308 4170 2658 4239 competunt.

240 4244 332 4305 At
361 4248 636 4324 quamvis
664 4249 940 4307 memoria
967 4269 1164 4308 eorum
1190 4250 1359 4310 nobis
1388 4250 1464 4309 sit
1493 4255 1874 4325 sacrosancta,
1895 4247 2095 4306 sedulo
2123 4254 2317 4304 tamen
2338 4241 2659 4301 cavendum

236 4334 538 4402 putamus,
571 4347 645 4385 ne
695 4327 959 4386 colantur
984 4349 1114 4387 eum
1146 4330 1256 4388 Dei
1284 4331 1511 4407 injuria.
1616 4328 1741 4386 Imo
1786 4346 2022 4405 gravem
2067 4323 2184 4382 illis
2228 4321 2493 4399 injuriam
2536 4320 2661 4380 fieri

238 4425 554 4465 censemus
597 4407 672 4464 ab
702 4406 773 4464 iis
806 4408 905 4483 qui
935 4427 1034 4466 eos
1061 4416 1295 4470 vertunt
1322 4410 1382 4467 in
1414 4409 1597 4484 Idola,
1630 4417 1689 4466 et
1718 4407 1829 4466 Dei
1857 4407 2055 4465 amieis
2083 4403 2399 4478 abutuntur
2425 4401 2500 4459 ad
2527 4421 2660 4460 eum

237 4485 685 4561 provocandum
714 4486 790 4544 ad
818 4488 1182 4564 zelotypiam.
1265 4489 1388 4547 Nee
1416 4489 1748 4547 dubitamus
1776 4505 2047 4558 asserere,
2081 4483 2128 4541 si
2164 4502 2239 4559 ex
2267 4481 2515 4540 culmine
2558 4481 2660 4540 illo

236 4565 450 4700 gloriae
478 4575 722 4644 possent
747 4566 1049 4644 pervidere
1077 4588 1206 4646 quae
1232 4568 1327 4627 hie
1356 4577 1652 4646 geruntur,
1684 4587 1800 4624 non
1828 4564 1999 4623 modo
2027 4563 2245 4623 cultum
2268 4562 2368 4640 qui
2396 4562 2536 4639 ipsis
2558 4561 2657 4621 de·

262 4653 432 4704 ertur
461 4654 845 4723 recusaturos,
880 4647 982 4705 sed
1024 4656 1082 4707 et
1123 4647 1524 4725 gravissimam
1568 4646 2023 4724 indignationem
2072 4642 2286 4703 talibus
2327 4640 2659 4702 inofficiosis

239 4723 592 4785 Cultoribus
621 4734 952 4787 testaturos.
2181 4755 2186 4762 -
