3221 5200
298 337 521 385 Qun-:siu
556 318 669 400 1v.]
1209 340 1285 380 ns
1329 340 1829 384 Jusmmcmnoxa.
2599 326 2714 384 579

382 478 495 537 IX.
547 482 840 557 Scriptura
870 501 984 538 non
1016 501 1129 540 uno
1159 483 1285 540 loco
1315 484 1438 542 haec
1467 484 1774 558 connectit,
1819 491 1878 541 et
1925 483 2246 558 distinguit,
2290 483 2421 541 Gal.
2455 483 2530 541 iv.
2563 488 2616 557 4,
2650 485 2707 544 5.

293 560 331 589 “
358 558 621 618 Christus
650 562 836 619 factus
866 570 954 619 est
986 571 1070 616 ὑπὸ
1097 572 1232 637 νόμον,
1267 572 1329 621 ut
1360 564 1628 622 liberaret
1650 584 1749 621 eos
1778 563 1879 640 qui
1907 572 2069 621 erant
2097 564 2205 620 sub
2237 564 2454 640 Lege,''
2486 565 2706 623 scilicet

288 638 481 712 quoad
512 640 989 713 maledictionem,
1023 650 1074 697 et
1100 651 1162 698 ut
1187 644 1542 717 adoptionem
1571 645 1964 719 acciperemzw,
1987 644 2063 701 id.
2086 643 2186 718 jus
2215 643 2289 700 ad
2319 645 2514 716 vitam,
2548 644 2704 721 quod

288 737 366 773 ex
395 718 701 794 adoptione
732 720 874 792 fluit,
908 720 1064 796 quod
1106 721 1244 778 alibi
1280 723 1511 796 PauluS,
1560 725 1692 781 Act.
1725 724 1889 780 xxvi.
1927 727 2014 797 18,
2049 723 2367 796 confirmat,
2401 744 2572 799 quam
2602 744 2705 801 per

286 795 462 854 fidem
486 799 626 857 dicit
650 821 752 858 nos
776 801 1032 876 accipere
1052 803 1422 860 remissionem
1432 813 1796 878 peccatorum
1821 812 1878 860 et
1907 813 2067 874 *²52⁵*
2094 811 2297 860 sortem
2317 803 2461 860 inter
2482 803 2701 862 Sancti-

266 878 494 954 ficat03,
543 880 600 936 id
643 889 745 951 est,
790 881 889 954 jus
928 881 999 938 ad
1045 881 1223 938 vitam
1254 890 1524 940 aeternam
1554 902 1684 940 cum
1716 883 1936 941 caeteris
1966 883 2093 957 piis.
2180 883 2267 939 Eo
2296 884 2544 959 pertinet
2573 905 2702 958 gra-

286 955 444 1014 datio
475 978 645 1033 quam
676 960 868 1032 nectit,
908 961 1072 1017 Rom.
1106 980 1161 1018 v,
1198 963 1247 1034 1,
1282 967 1335 1034 ⁶2,
1369 963 1517 1019 inter
1547 983 1770 1037 pacem,
1803 972 1860 1020 et
1884 963 2146 1036 yloriam,
2179 982 2354 1038 quum
2386 963 2465 1020 ait
2484 963 2700 1034 justifi-

284 1046 447 1094 catos
490 1038 600 1096 fide
635 1060 835 1113 pacem
878 1042 1080 1101 habere
1120 1044 1281 1115 apud
1320 1044 1522 1115 Deam,
1565 1052 1619 1098 et
1651 1043 1900 1117 qloriari
1922 1043 2019 1099 sub
2046 1062 2144 1117 spe
2166 1043 2365 1117 qlorz’ae
2394 1044 2511 1099 Dei
2523 1066 2541 1099 .·
2585 1062 2702 1119 pax

283 1117 518 1192 respicit
561 1118 959 1177 liberationem
1010 1139 1044 1176 a
1090 1140 1275 1195 poena,
1328 1131 1386 1178 et
1427 1121 1696 1197 gloriatio
1739 1121 2009 1198 supponit
2051 1122 2415 1179 collationem
2450 1122 2598 1198 juris
2629 1121 2704 1180 ad

281 1196 481 1270 vitam,
514 1199 670 1274 quod
698 1209 785 1256 est
814 1198 1245 1257 fundamentum
1272 1201 1394 1275 spei
1415 1211 1643 1259 nostrae.
1732 1200 1890 1274 Ideo,
1923 1220 2042 1257 ver.
2075 1204 2129 1273 9,
2167 1204 2276 1275 11.,
2320 1202 2620 1277 conjungit
2646 1208 2701 1260 τὶ

278 1278 508 1334 servari
531 1280 600 1335 ab
631 1279 736 1350 ira,
760 1289 816 1337 et
840 1279 1089 1353 ffloriarz'
1113 1283 1181 1337 de
1212 1283 1354 1337 Deo,
1444 1282 1575 1353 Hoc
1605 1281 1792 1357 ipsum
1817 1281 1939 1355 jam
1973 1280 2199 1356 Daniel,
2233 1303 2280 1338 c.
2315 1282 2412 1354 ix„
2447 1281 2700 1339 insinua-

279 1365 460 1428 verat,
514 1377 691 1433 quum
744 1359 975 1416 Messiae
1022 1367 1264 1417 venturo
1310 1360 1511 1418 tribuit
1545 1361 2004 1436 propitiationem
2046 1361 2367 1436 2'niquitat1'3,
2402 1381 2501 1436 per
2529 1381 2696 1437 quam

278 1436 541 1492 remissio
592 1437 959 1512 obtineretur,
1013 1446 1070 1495 et
1118 1441 1507 1497 adductionem
1536 1441 1773 1513 justitia
1817 1443 2144 1515 seculorum,
2191 1440 2357 1514 cujus
2401 1444 2459 1497 vi
2497 1443 2596 1516 jus
2626 1442 2703 1500 ad

280 1515 461 1574 vitam
508 1517 755 1576 daretur.
884 1519 1006 1576 Nec
1050 1519 1209 1577 aliud
1257 1520 1384 1578 vult
1431 1521 1710 1592 ChristuS,
1763 1540 1941 1596 quum
1987 1520 2269 1595 promittit
2321 1520 2701 1581 Credentibus

278 1596 575 1654 transitum
605 1619 644 1655 a
673 1608 849 1656 morte
875 1602 958 1656 ad
981 1599 1167 1672 vitam,
1200 1598 1259 1655 id
1290 1609 1393 1674 est,
1426 1620 1542 1657 non
1582 1600 1753 1657 modo
1785 1600 2176 1657 liberationem
2210 1619 2244 1656 a
2273 1612 2472 1670 morte,
2507 1600 2610 1658 sed
2640 1613 2698 1659 et

278 1677 700 1751 possessionem
732 1679 885 1737 vitae.
969 1679 1270 1737 Johannes
1313 1680 1515 1738 eodem
1559 1679 1808 1755 respicit,
1854 1699 2032 1754 quum
2077 1678 2216 1736 dicit
2260 1679 2549 1736 Christum
2581 1700 2698 1737 non

283 1763 507 1812 tautum
558 1777 662 1815 nos
712 1762 908 1815 lavare
955 1779 994 1814 a
1028 1760 1275 1832 peccatis
1324 1760 1719 1816 remissionem
1770 1777 1966 1816 eorum
2006 1758 2334 1831 obtinend0‚
2389 1756 2491 1814 sed
2529 1759 2699 1816 etiam

260 1836 467 1907 faeere
513 1839 695 1912 Reqes
740 1847 792 1894 et
833 1840 1181 1911 Sacerdotes,
1229 1837 1328 1913 qui
1370 1838 1470 1913 jus
1498 1837 1790 1895 felicitatis
1830 1846 1889 1895 et
1931 1837 2131 1912 gloriae
2158 1837 2472 1911 obtineant,
2507 1838 2693 1916 Apoc.

285 1914 322 1970 i.
358 1918 412 1986 5,
448 1919 505 1973 6.

365 1995 446 2051 X.
500 1995 665 2053 Unde
696 2004 852 2070 patet
883 1995 1001 2080 falli
1034 2015 1149 2068 eOS,
1196 1996 1295 2072 qui
1340 1997 1738 2054 Remis-sionem
1759 2005 2138 2072 peccatorum,
2171 2004 2228 2054 et
2257 1993 2697 2071 Imputatz’onem

264 2075 501 2148 ιφἰιεΐίίἱω
543 2074 746 2132 volunt
789 2074 1015 2133 differre
1059 2075 1243 2133 solum
1288 2076 1506 2134 ratione
1537 2076 1895 2135 diversorum
1927 2075 2298 2133 terminorum
2330 2096 2363 2132 a
2392 2096 2507 2151 quo
2536 2087 2594 2134 et
2623 2077 2697 2135 ad

275 2173 464 2228 quem,
495 2162 561 2212 ut
588 2173 703 2210 non
733 2164 821 2212 est
850 2155 1023 2212 tectio
1054 2154 1347 2227 nuditatiS,
1402 2164 1460 2214 et
1504 2155 1729 2214 indutio
1774 2156 1972 2229 vestie,
2018 2175 2085 2213 eo
2124 2154 2281 2230 quod
2310 2165 2607 2231 peccatum
2637 2168 2696 2216 et

265 2233 496 2309 justitia
541 2233 656 2291 sint
706 2234 990 2291 contraria
1038 2243 1211 2309 ἔμω-α,
1258 2255 1501 2310 quorum
1545 2255 1659 2292 uno
1702 2234 1891 2312 posito
1934 2234 2157 2293 tollitur
2198 2234 2460 2292 alterum.
2549 2236 2695 2294 Haec

275 2314 429 2370 enim
467 2312 640 2388 longe
682 2313 849 2371 aliter
891 2333 950 2371 se
994 2315 1224 2386 habent,
1269 2324 1328 2372 et
1355 2322 1419 2372 ut
1440 2316 1563 2391 jam
1592 2313 1849 2389 dictum;
1894 2314 1977 2372 ita
2004 2322 2139 2372 sunt
2168 2314 2591 2390 conjungenda,
2627 2325 2692 2375 ut

274 2412 390 2450 non
450 2393 565 2451 sint
619 2402 812 2451 tamen
868 2393 1287 2467 confundenda,
1346 2394 1446 2452 sed
1504 2393 1929 2470 distinguenda,
1988 2401 2053 2451 ut
2121 2393 2352 2452 realiter
2417 2394 2568 2451 inter
2631 2415 2694 2453 se

276 2472 584 2548 differunt;
630 2493 761 2530 cum
804 2473 1105 2549 imputatio
1141 2474 1386 2550 justitias
1450 2474 1663 2532 habeat
1720 2473 1997 2531 rationem
2055 2493 2260 2547 causae,
2320 2482 2380 2532 et
2432 2474 2694 2533 remissio

275 2552 548 2613 effectus:
592 2553 688 2611 vel
738 2554 787 2611 si
833 2554 1135 2630 imputatio
1176 2554 1419 2631 justitiae
1461 2554 1694 2631 ponitur
1721 2573 1824 2631 pro
1862 2553 1992 2630 jure
2022 2552 2097 2611 ad
2126 2553 2324 2628 vitam,
2372 2573 2433 2612 se
2484 2553 2695 2614 habeat

272 2643 539 2709 respectu
583 2634 938 2692 remissionis
982 2635 1057 2693 ad
1105 2636 1339 2694 modum
1388 2635 1581 2711 partie,
1636 2654 1764 2710 quae
1815 2654 1944 2692 cum
1992 2654 2060 2691 ea
2109 2634 2348 2691 formam
2403 2634 2691 2709 justifica-

275 2714 447 2771 tionis
487 2715 801 2773 eonstituit.
894 2715 1062 2773 Unde
1097 2736 1212 2774 non
1243 2724 1376 2773 sunt
1405 2714 1802 2792 comparandae
1833 2714 1981 2771 inter
2009 2734 2070 2771 se
2099 2721 2165 2772 ut
2192 2713 2471 2773 nuditatis
2500 2715 2691 2790 teeti0,

274 2802 331 2851 et
360 2794 583 2853 indutio
614 2794 810 2865 vestiar,
843 2813 972 2870 quae
1002 2816 1179 2854 unum
1219 2795 1487 2871 idemque
1534 2803 1671 2854 sunt
1718 2795 1944 2870 reipsa3
1990 2793 2094 2852 sed
2123 2801 2186 2852 ut
2214 2793 2273 2851 in
2302 2814 2398 2853 reo
2427 2794 2692 2854 liberatio

277 2892 311 2928 a
340 2893 526 2949 poena,
559 2882 616 2931 et
644 2873 898 2949 dignitas
925 2876 1102 2949 regia.

356 2951 474 3009 XI.
521 2952 830 3010 Peccatum
859 2953 1091 3026 quidem
1122 2960 1181 3012 et
1201 2954 1431 3030 justitia
1459 2962 1594 3011 sunt
1623 2952 1909 3011 contraria
1936 2961 2124 3026 ἄμμι-ις
2158 2951 2260 3009 sed
2282 2971 2397 3008 non
2425 2952 2470 3009 J
2472 2952 2686 3026 ustitia,

273 3050 387 3106 qua
416 3030 705 3107 significat
745 3032 1232 3106 perseverantiam
1280 3032 1341 3089 in
1381 3032 1612 3108 justitia
1662 3040 1720 3090 et
1768 3030 2174 3106 perfectionem
2217 3030 2419 3106 ipsam.
2504 3030 2691 3090 Aliud

271 3110 424 3167 enim
467 3119 555 3167 est
597 3129 788 3167 carere
822 3109 985 3182 vitio,
1027 3109 1188 3167 aliud
1228 3130 1365 3168 vero
1406 3110 1724 3185 perstitisse
1753 3109 1815 3165 in
1842 3108 2046 3181 officie,
2077 3117 2136 3169 et
2162 3108 2479 3166 meruisse:
2525 3108 2687 3169 Ada-

271 3209 400 3247 mus
427 3189 575 3246 illud
602 3187 820 3263 habuit,
853 3208 968 3245 non
998 3190 1125 3247 hoc.
1213 3189 1305 3247 Ita
1333 3190 1485 3247 inter
1512 3197 1752 3246 mortem
1783 3198 1841 3245 et
1868 3187 2048 3245 vitam
2078 3206 2192 3263 qua
2218 3186 2393 3244 talem
2423 3186 2571 3245 nihil
2600 3196 2690 3249 est

271 3269 541 3342 medium,
595 3266 698 3325 sed
741 3268 890 3326 inter
934 3277 1176 3327 mortem
1227 3277 1516 3335 internam,
1568 3275 1627 3325 et
1675 3267 1855 3325 vitam
1899 3265 2145 3340 beatam,
2197 3266 2388 3323 media
2433 3274 2522 3325 est
2565 3268 2689 3327 vita

272 3348 529 3407 mortalis
564 3357 621 3406 et
663 3347 943 3421 animalis»,
997 3348 1118 3406 vita
1165 3348 1261 3425 pia
1309 3356 1366 3406 et
1411 3355 1627 3420 saneta,
1673 3346 1776 3405 sed
1805 3346 1865 3403 in
1894 3354 2047 3404 statu
2077 3346 2205 3419 viae,
2235 3365 2353 3403 non
2380 3347 2597 3423 patriae,
2629 3357 2688 3407 et

273 3428 379 3487 sub
429 3427 783 3504 obligatione
830 3428 1086 3486 merendi
1124 3448 1226 3504 per
1270 3427 1673 3486 obedientiam.
1763 3426 1858 3485 Sic
1891 3426 2074 3484 multa
2115 3426 2467 3484 intercedere
2495 3427 2685 3486 adhue

270 3516 535 3585 poterant
572 3508 723 3565 inter
759 3506 1019 3566 flammas
1067 3508 1347 3584 gehennae
1398 3516 1456 3566 et
1504 3506 1637 3565 coeli
1685 3506 1914 3583 gaudia,
1959 3526 2144 3582 poenae
2181 3505 2595 3581 liberationem,
2627 3516 2687 3566 et

251 3588 492 3664 ,praemii
521 3587 960 3665 possessionem,
1003 3588 1348 3664 supplicium
1387 3607 1703 3661 servorum,
1748 3595 1807 3645 et
1849 3585 2191 3662 dignitatem
2221 3586 2486 3645 filiorum.
2573 3588 2685 3662 Qui

271 3687 409 3742 ergo
437 3668 604 3726 nobis
633 3667 997 3744 adoptionem
1045 3677 1103 3726 et
1151 3668 1527 3727 hereditatem
1571 3667 1807 3739 confert,
1850 3666 1952 3742 qui
1995 3667 2148 3723 servi
2187 3685 2413 3724 eramus
2456 3667 2685 3725 aeternis

271 3746 486 3804 addicti
514 3748 718 3821 poenis,
750 3767 939 3806 annon
968 3747 1311 3806 beneficium
1338 3747 1576 3806 mirifice
1605 3749 1826 3822 auget?
1909 3744 2159 3802 Multum
2190 3752 2311 3801 erat
2339 3744 2681 3819 manumitti,

271 3832 327 3881 et
354 3826 592 3883 libertos
620 3825 744 3883 fieri
769 3848 782 3899 3
817 3827 983 3883 Nunc
1004 3847 1142 3884 vero
1164 3827 1377 3885 liberos
1398 3825 1761 3904 pronunciari
1793 3832 1851 3882 et
1878 3824 2154 3896 haeredeS,
2188 3823 2282 3879 hie
2311 3832 2398 3881 est
2427 3823 2681 3881 cumula·

274 3912 365 3962 tus
393 3913 452 3962 et
480 3924 628 3980 apex
658 3905 1082 3963 misericordiae.

351 3983 507 4041 XII.
553 3984 743 4055 Quum
785 3983 1017 4057 PauluS,
1065 3985 1233 4042 Rom.
1270 3983 1349 4041 iv.
1391 3987 1445 4057 5,
1479 3988 1534 4059 6,
1568 3988 1622 4056 7,
1654 4004 1689 4041 a
1717 3981 2050 4039 remissione
2081 3988 2442 4056 peccatorum
2474 3979 2547 4037 ad
2576 3979 2680 4039 im-

270 4063 623 4139 putationem
642 4061 888 4135 justitiae
917 4071 1377 4138 argumentatur;
1425 4065 1555 4121 Non
1587 4064 1699 4120 hoc
1739 4061 1875 4119 facit
1915 4068 2147 4137 propter
2176 4060 2678 4137 aequipollentiam,

271 4142 432 4218 quasi
461 4143 534 4201 ab
563 4143 813 4200 invicem
842 4142 957 4200 duo
986 4143 1099 4201 ista
1124 4162 1242 4201 non
1268 4142 1578 4216 differrent,
1632 4153 1689 4199 et
1735 4159 1914 4198 unum
1955 4139 2222 4215 idemque
2252 4139 2645 4216 significarent
2668 4163 2684 4215 ;

273 4222 387 4281 Sed
414 4232 647 4300 propter
673 4222 1034 4280 individuam
1062 4221 1360 4298 utriusque
1389 4222 1823 4294 connexionem,
1875 4219 2011 4296 quia
2058 4219 2274 4276 nemini
2321 4227 2511 4295 potest
2559 4220 2686 4279 dari

269 4302 528 4362 remissio
556 4311 936 4379 peccatorum,
987 4300 1096 4358 nisi
1142 4313 1374 4378 propter
1421 4299 1855 4376 imputationem
1876 4299 2136 4375 justitiae,
2169 4307 2226 4356 et
2254 4298 2467 4357 nemini
2496 4299 2679 4376 impu·

273 4388 424 4439 tatur
443 4383 692 4457 justitia,
725 4382 866 4460 quin
895 4382 1050 4439 illico
1081 4381 1478 4440 condonentur
1505 4380 1592 4437 illi
1619 4389 1871 4457 peccata.

348 4460 538 4519 XIII.
586 4463 749 4520 Licet
777 4463 877 4538 qui
906 4461 1299 4520 remissionem
1327 4469 1693 4537 peecatorum
1722 4460 1977 4516 omnium
2005 4466 2122 4516 tam
2153 4458 2478 4516 omissionis
2506 4478 2677 4534 quam

271 4539 688 4598 commissionis
738 4542 975 4614 obtinet,
1024 4541 1299 4600 liberetur
1346 4561 1381 4598 a
1422 4559 1607 4615 poena,
1661 4559 1788 4616 quae
1821 4538 1903 4596 illi
1939 4537 2255 4596 debebatur
2282 4547 2514 4615 propter
2541 4538 2681 4598 talia

270 4628 519 4696 peccata,
553 4629 610 4677 et
638 4622 917 4679 hactenus
956 4620 1381 4697 justus'possit
1428 4619 1810 4697 pronunciari,
1864 4619 1959 4677 vel
2004 4618 2193 4695 potius
2233 4617 2586 4691 justificatus
2623 4625 2684 4681 et
