<?xml version="1.0" encoding="UTF-8"?>
<!DOCTYPE html PUBLIC "-//W3C//DTD XHTML 1.0 Transitional//EN"
    "http://www.w3.org/TR/xhtml1/DTD/xhtml1-transitional.dtd">
<html xmlns="http://www.w3.org/1999/xhtml" xml:lang="en" lang="en">
 <head>
  <title>
</title>
<meta http-equiv="Content-Type" content="text/html;charset=utf-8" />
  <meta name='ocr-system' content='tesseract 3.04.00' />
  <meta name='ocr-capabilities' content='ocr_page ocr_carea ocr_par ocr_line ocrx_word'/>
</head>
<body>
  <div class='ocr_page' id='page_1' title='image "./institutiotheol01turrgoog_0427.png"; bbox 0 0 3221 5200; ppageno 0'>
   <div class='ocr_carea' id='block_1_1' title="bbox 333 342 2738 425">
    <p class='ocr_par' dir='ltr' id='par_1_1' title="bbox 333 342 2738 425">
     <span class='ocr_line' id='line_1_1' title="bbox 333 342 2738 425; baseline 0.001 -21"><span class='ocrx_word' id='word_1_1' title='bbox 333 361 560 414; x_wconf 72' lang='lat' dir='ltr'>qnAEsr.</span> <span class='ocrx_word' id='word_1_2' title='bbox 591 342 752 425; x_wconf 69' lang='lat' dir='ltr'>xlm]</span> <span class='ocrx_word' id='word_1_3' title='bbox 1026 365 1101 404; x_wconf 76' lang='lat' dir='ltr'>nr.</span> <span class='ocrx_word' id='word_1_4' title='bbox 1146 365 1378 406; x_wconf 66' lang='lat' dir='ltr'>ori-’1010</span> <span class='ocrx_word' id='word_1_5' title='bbox 1419 365 1655 407; x_wconf 71' lang='lat' dir='ltr'>cnars‘rr</span> <span class='ocrx_word' id='word_1_6' title='bbox 1699 365 2085 407; x_wconf 63' lang='lat' dir='ltr'>›ir-:marowa</span> <span class='ocrx_word' id='word_1_7' title='bbox 2621 351 2738 409; x_wconf 84' lang='lat'>399</span> 
     </span>
    </p>
   </div>
   <div class='ocr_carea' id='block_1_2' title="bbox 338 503 2764 4732">
    <p class='ocr_par' dir='ltr' id='par_1_2' title="bbox 338 503 2744 659">
     <span class='ocr_line' id='line_1_2' title="bbox 338 503 2744 585; baseline 0.002 -23"><span class='ocrx_word' id='word_1_8' title='bbox 338 503 635 579; x_wconf 90' lang='lat' dir='ltr'>lutionem,</span> <span class='ocrx_word' id='word_1_9' title='bbox 686 504 791 563; x_wconf 90' lang='lat' dir='ltr'>sed</span> <span class='ocrx_word' id='word_1_10' title='bbox 831 505 1076 581; x_wconf 90' lang='lat' dir='ltr'>unicam,</span> <span class='ocrx_word' id='word_1_11' title='bbox 1117 515 1174 565; x_wconf 91' lang='lat' dir='ltr'>et</span> <span class='ocrx_word' id='word_1_12' title='bbox 1218 507 1449 566; x_wconf 90' lang='lat' dir='ltr'>unicum</span> <span class='ocrx_word' id='word_1_13' title='bbox 1478 503 1750 582; x_wconf 66' lang='grc' dir='ltr'>δικαίωμα,</span> <span class='ocrx_word' id='word_1_14' title='bbox 1780 527 1896 582; x_wconf 91' lang='lat' dir='ltr'>quo</span> <span class='ocrx_word' id='word_1_15' title='bbox 1925 507 2240 585; x_wconf 89' lang='lat' dir='ltr'>acquiritur</span> <span class='ocrx_word' id='word_1_16' title='bbox 2269 506 2437 565; x_wconf 85' lang='lat' dir='ltr'>nobis</span> <span class='ocrx_word' id='word_1_17' title='bbox 2480 506 2744 566; x_wconf 87' lang='lat' dir='ltr'>liberatio</span> 
     </span>
     <span class='ocr_line' id='line_1_3' title="bbox 341 584 1141 659; baseline 0.004 -18"><span class='ocrx_word' id='word_1_18' title='bbox 341 604 377 641; x_wconf 88' lang='lat' dir='ltr'>a</span> <span class='ocrx_word' id='word_1_19' title='bbox 402 593 603 659; x_wconf 88' lang='lat' dir='ltr'>morte,</span> <span class='ocrx_word' id='word_1_20' title='bbox 625 592 682 643; x_wconf 87' lang='lat' dir='ltr'>et</span> <span class='ocrx_word' id='word_1_21' title='bbox 714 586 802 644; x_wconf 84' lang='lat' dir='ltr'>&#39;us</span> <span class='ocrx_word' id='word_1_22' title='bbox 840 584 915 642; x_wconf 89' lang='lat' dir='ltr'>ad</span> <span class='ocrx_word' id='word_1_23' title='bbox 943 585 1141 644; x_wconf 83' lang='lat' dir='ltr'>vitam.</span> 
     </span>
    </p>

    <p class='ocr_par' dir='ltr' id='par_1_3' title="bbox 342 664 2752 1060">
     <span class='ocr_line' id='line_1_4' title="bbox 423 664 2745 743; baseline 0.001 -22"><span class='ocrx_word' id='word_1_24' title='bbox 423 664 648 722; x_wconf 88' lang='lat' dir='ltr'>XXX.</span> <span class='ocrx_word' id='word_1_25' title='bbox 782 686 821 721; x_wconf 84' lang='lat' dir='ltr'><strong>x</strong></span> <span class='ocrx_word' id='word_1_26' title='bbox 866 684 984 723; x_wconf 90' lang='lat' dir='ltr'>non</span> <span class='ocrx_word' id='word_1_27' title='bbox 1020 675 1212 742; x_wconf 89' lang='lat' dir='ltr'>potest</span> <span class='ocrx_word' id='word_1_28' title='bbox 1239 666 1352 724; x_wconf 90' lang='lat' dir='ltr'>dici</span> <span class='ocrx_word' id='word_1_29' title='bbox 1382 666 1621 743; x_wconf 89' lang='lat' dir='ltr'>impleta</span> <span class='ocrx_word' id='word_1_30' title='bbox 1656 665 1773 723; x_wconf 66' lang='grc' dir='ltr'>κατ’</span> <span class='ocrx_word' id='word_1_31' title='bbox 1802 668 2024 741; x_wconf 60' lang='lat' dir='ltr'>turmis·</span> <span class='ocrx_word' id='word_1_32' title='bbox 2044 667 2105 724; x_wconf 87' lang='lat' dir='ltr'>in</span> <span class='ocrx_word' id='word_1_33' title='bbox 2133 666 2459 724; x_wconf 85' lang='lat' dir='ltr'>voluntaria</span> <span class='ocrx_word' id='word_1_34' title='bbox 2480 667 2745 743; x_wconf 78' lang='lat' dir='ltr'>passione</span> 
     </span>
     <span class='ocr_line' id='line_1_5' title="bbox 345 743 2749 823; baseline 0.001 -22"><span class='ocrx_word' id='word_1_35' title='bbox 345 743 575 803; x_wconf 81' lang='lat' dir='ltr'>Christi.</span> <span class='ocrx_word' id='word_1_36' title='bbox 622 743 769 819; x_wconf 89' lang='lat' dir='ltr'>Quia</span> <span class='ocrx_word' id='word_1_37' title='bbox 788 745 1044 821; x_wconf 91' lang='lat' dir='ltr'>postulat</span> <span class='ocrx_word' id='word_1_38' title='bbox 1071 746 1380 823; x_wconf 80' lang='lat' dir='ltr'><strong>perfectam</strong></span> <span class='ocrx_word' id='word_1_39' title='bbox 1405 746 1809 820; x_wconf 80' lang='lat' dir='ltr'>obedientiam,</span> <span class='ocrx_word' id='word_1_40' title='bbox 1840 767 1958 804; x_wconf 90' lang='lat' dir='ltr'>non</span> <span class='ocrx_word' id='word_1_41' title='bbox 1986 755 2206 804; x_wconf 89' lang='lat' dir='ltr'>tantum</span> <span class='ocrx_word' id='word_1_42' title='bbox 2237 745 2352 804; x_wconf 68' lang='grc' dir='ltr'>κατ’</span> <span class='ocrx_word' id='word_1_43' title='bbox 2379 747 2619 821; x_wconf 59' lang='grc' dir='ltr'>ἐπιτομὴ,</span> <span class='ocrx_word' id='word_1_44' title='bbox 2647 745 2749 803; x_wconf 90' lang='lat' dir='ltr'>sed</span> 
     </span>
     <span class='ocr_line' id='line_1_6' title="bbox 345 822 2749 903; baseline 0.002 -23"><span class='ocrx_word' id='word_1_45' title='bbox 345 831 403 881; x_wconf 90' lang='lat' dir='ltr'>et</span> <span class='ocrx_word' id='word_1_46' title='bbox 430 822 538 881; x_wconf 67' lang='grc' dir='ltr'>καθ’</span> <span class='ocrx_word' id='word_1_47' title='bbox 558 822 766 898; x_wconf 53' lang='lat' dir='ltr'>istane,</span> <span class='ocrx_word' id='word_1_48' title='bbox 792 845 907 881; x_wconf 90' lang='lat' dir='ltr'>non</span> <span class='ocrx_word' id='word_1_49' title='bbox 937 833 1158 883; x_wconf 87' lang='lat' dir='ltr'>tantum</span> <span class='ocrx_word' id='word_1_50' title='bbox 1203 827 1394 903; x_wconf 87' lang='lat' dir='ltr'>quoad</span> <span class='ocrx_word' id='word_1_51' title='bbox 1424 826 1668 903; x_wconf 90' lang='lat' dir='ltr'>gradum</span> <span class='ocrx_word' id='word_1_52' title='bbox 1697 834 1756 884; x_wconf 87' lang='lat' dir='ltr'>et</span> <span class='ocrx_word' id='word_1_53' title='bbox 1784 826 2087 901; x_wconf 82' lang='lat' dir='ltr'>intensive,</span> <span class='ocrx_word' id='word_1_54' title='bbox 2120 826 2224 885; x_wconf 90' lang='lat' dir='ltr'>sed</span> <span class='ocrx_word' id='word_1_55' title='bbox 2259 836 2318 884; x_wconf 89' lang='lat' dir='ltr'>et</span> <span class='ocrx_word' id='word_1_56' title='bbox 2345 826 2535 902; x_wconf 89' lang='lat' dir='ltr'>quoad</span> <span class='ocrx_word' id='word_1_57' title='bbox 2580 827 2749 884; x_wconf 90' lang='lat' dir='ltr'>dura-</span> 
     </span>
     <span class='ocr_line' id='line_1_7' title="bbox 344 902 2752 982; baseline 0 -21"><span class='ocrx_word' id='word_1_58' title='bbox 344 902 557 961; x_wconf 87' lang='lat' dir='ltr'>tionem</span> <span class='ocrx_word' id='word_1_59' title='bbox 587 912 646 962; x_wconf 91' lang='lat' dir='ltr'>et</span> <span class='ocrx_word' id='word_1_60' title='bbox 674 904 975 962; x_wconf 84' lang='lat' dir='ltr'>extensive</span> <span class='ocrx_word' id='word_1_61' title='bbox 1020 906 1094 963; x_wconf 91' lang='lat' dir='ltr'>ab</span> <span class='ocrx_word' id='word_1_62' title='bbox 1136 905 1302 964; x_wconf 89' lang='lat' dir='ltr'>initio</span> <span class='ocrx_word' id='word_1_63' title='bbox 1340 906 1477 964; x_wconf 83' lang='lat' dir='ltr'>vitae</span> <span class='ocrx_word' id='word_1_64' title='bbox 1520 926 1704 982; x_wconf 91' lang='lat' dir='ltr'>usque</span> <span class='ocrx_word' id='word_1_65' title='bbox 1733 906 1808 963; x_wconf 92' lang='lat' dir='ltr'>ad</span> <span class='ocrx_word' id='word_1_66' title='bbox 1836 906 2026 981; x_wconf 86' lang='lat' dir='ltr'>finem,</span> <span class='ocrx_word' id='word_1_67' title='bbox 2058 925 2188 982; x_wconf 76' lang='lat' dir='ltr'>quae</span> <span class='ocrx_word' id='word_1_68' title='bbox 2217 905 2276 962; x_wconf 90' lang='lat' dir='ltr'>in</span> <span class='ocrx_word' id='word_1_69' title='bbox 2304 926 2419 965; x_wconf 89' lang='lat' dir='ltr'>una</span> <span class='ocrx_word' id='word_1_70' title='bbox 2445 906 2542 964; x_wconf 81' lang='lat' dir='ltr'>vel</span> <span class='ocrx_word' id='word_1_71' title='bbox 2571 907 2752 965; x_wconf 85' lang='lat' dir='ltr'>altera</span> 
     </span>
     <span class='ocr_line' id='line_1_8' title="bbox 342 983 1263 1060; baseline 0.002 -20"><span class='ocrx_word' id='word_1_72' title='bbox 342 983 566 1041; x_wconf 87' lang='lat' dir='ltr'>actione</span> <span class='ocrx_word' id='word_1_73' title='bbox 596 1004 890 1042; x_wconf 89' lang='lat' dir='ltr'>occurrere</span> <span class='ocrx_word' id='word_1_74' title='bbox 920 1004 1034 1041; x_wconf 90' lang='lat' dir='ltr'>non</span> <span class='ocrx_word' id='word_1_75' title='bbox 1056 994 1263 1060; x_wconf 89' lang='lat' dir='ltr'>potest.</span> 
     </span>
    </p>

    <p class='ocr_par' dir='ltr' id='par_1_4' title="bbox 344 1062 2761 1697">
     <span class='ocr_line' id='line_1_9' title="bbox 428 1062 2752 1142; baseline 0 -23"><span class='ocrx_word' id='word_1_76' title='bbox 428 1062 689 1121; x_wconf 88' lang='lat' dir='ltr'>XXXI.</span> <span class='ocrx_word' id='word_1_77' title='bbox 732 1064 982 1121; x_wconf 88' lang='lat' dir='ltr'>Tantum</span> <span class='ocrx_word' id='word_1_78' title='bbox 1031 1065 1211 1136; x_wconf 91' lang='lat' dir='ltr'>abest,</span> <span class='ocrx_word' id='word_1_79' title='bbox 1256 1073 1320 1123; x_wconf 88' lang='lat' dir='ltr'>ut</span> <span class='ocrx_word' id='word_1_80' title='bbox 1362 1065 1605 1123; x_wconf 88' lang='lat' dir='ltr'>Justitia</span> <span class='ocrx_word' id='word_1_81' title='bbox 1634 1073 1756 1124; x_wconf 88' lang='lat' dir='ltr'>tota</span> <span class='ocrx_word' id='word_1_82' title='bbox 1785 1064 2016 1138; x_wconf 79' lang='lat' dir='ltr'>Christi,</span> <span class='ocrx_word' id='word_1_83' title='bbox 2047 1084 2176 1142; x_wconf 77' lang='lat' dir='ltr'>quae</span> <span class='ocrx_word' id='word_1_84' title='bbox 2206 1064 2373 1122; x_wconf 88' lang='lat' dir='ltr'>nobis</span> <span class='ocrx_word' id='word_1_85' title='bbox 2421 1064 2752 1141; x_wconf 82' lang='lat' dir='ltr'>imputatur,</span> 
     </span>
     <span class='ocr_line' id='line_1_10' title="bbox 344 1140 2752 1220; baseline 0.001 -22"><span class='ocrx_word' id='word_1_86' title='bbox 344 1140 492 1199; x_wconf 89' lang='lat' dir='ltr'>bene</span> <span class='ocrx_word' id='word_1_87' title='bbox 537 1150 823 1201; x_wconf 82' lang='lat' dir='ltr'>statuatur</span> <span class='ocrx_word' id='word_1_88' title='bbox 855 1143 914 1199; x_wconf 92' lang='lat' dir='ltr'>in</span> <span class='ocrx_word' id='word_1_89' title='bbox 942 1145 1307 1220; x_wconf 81' lang='lat' dir='ltr'>passionibus</span> <span class='ocrx_word' id='word_1_90' title='bbox 1337 1145 1567 1220; x_wconf 86' lang='lat' dir='ltr'>Christi,</span> <span class='ocrx_word' id='word_1_91' title='bbox 1598 1154 1658 1203; x_wconf 91' lang='lat' dir='ltr'>et</span> <span class='ocrx_word' id='word_1_92' title='bbox 1684 1146 1794 1202; x_wconf 88' lang='lat' dir='ltr'>hac</span> <span class='ocrx_word' id='word_1_93' title='bbox 1822 1145 1893 1202; x_wconf 88' lang='lat' dir='ltr'>de</span> <span class='ocrx_word' id='word_1_94' title='bbox 1943 1163 2116 1202; x_wconf 89' lang='lat' dir='ltr'>causa</span> <span class='ocrx_word' id='word_1_95' title='bbox 2143 1144 2250 1203; x_wconf 88' lang='lat' dir='ltr'>rite</span> <span class='ocrx_word' id='word_1_96' title='bbox 2282 1144 2506 1202; x_wconf 88' lang='lat' dir='ltr'>dicatur</span> <span class='ocrx_word' id='word_1_97' title='bbox 2545 1145 2752 1219; x_wconf 83' lang='lat' dir='ltr'>activa,</span> 
     </span>
     <span class='ocr_line' id='line_1_11' title="bbox 346 1221 2755 1300; baseline 0.001 -22"><span class='ocrx_word' id='word_1_98' title='bbox 346 1228 413 1279; x_wconf 89' lang='lat' dir='ltr'>ut</span> <span class='ocrx_word' id='word_1_99' title='bbox 440 1221 667 1298; x_wconf 89' lang='lat' dir='ltr'>proprie</span> <span class='ocrx_word' id='word_1_100' title='bbox 687 1222 846 1279; x_wconf 90' lang='lat' dir='ltr'>nulla</span> <span class='ocrx_word' id='word_1_101' title='bbox 866 1223 1094 1298; x_wconf 89' lang='lat' dir='ltr'>justitia</span> <span class='ocrx_word' id='word_1_102' title='bbox 1123 1225 1182 1281; x_wconf 89' lang='lat' dir='ltr'>in</span> <span class='ocrx_word' id='word_1_103' title='bbox 1210 1225 1476 1300; x_wconf 81' lang='lat' dir='ltr'>passione</span> <span class='ocrx_word' id='word_1_104' title='bbox 1506 1226 1581 1284; x_wconf 92' lang='lat' dir='ltr'>sit</span> <span class='ocrx_word' id='word_1_105' title='bbox 1624 1223 1977 1297; x_wconf 88' lang='lat' dir='ltr'>collocanda,</span> <span class='ocrx_word' id='word_1_106' title='bbox 2023 1223 2124 1281; x_wconf 88' lang='lat' dir='ltr'>sed</span> <span class='ocrx_word' id='word_1_107' title='bbox 2143 1233 2363 1282; x_wconf 87' lang='lat' dir='ltr'>tantum</span> <span class='ocrx_word' id='word_1_108' title='bbox 2395 1225 2456 1281; x_wconf 89' lang='lat' dir='ltr'>in</span> <span class='ocrx_word' id='word_1_109' title='bbox 2493 1225 2716 1282; x_wconf 88' lang='lat' dir='ltr'>actione</span> <span class='ocrx_word' id='word_1_110' title='bbox 2741 1246 2755 1298; x_wconf 90' lang='lat'>;</span> 
     </span>
     <span class='ocr_line' id='line_1_12' title="bbox 350 1300 2754 1381; baseline 0.002 -24"><span class='ocrx_word' id='word_1_111' title='bbox 350 1320 458 1358; x_wconf 92' lang='lat' dir='ltr'>nec</span> <span class='ocrx_word' id='word_1_112' title='bbox 486 1300 787 1377; x_wconf 88' lang='lat' dir='ltr'>quisquam</span> <span class='ocrx_word' id='word_1_113' title='bbox 810 1302 1006 1378; x_wconf 87' lang='lat' dir='ltr'>justus</span> <span class='ocrx_word' id='word_1_114' title='bbox 1035 1304 1149 1362; x_wconf 90' lang='lat' dir='ltr'>dici</span> <span class='ocrx_word' id='word_1_115' title='bbox 1196 1313 1403 1381; x_wconf 88' lang='lat' dir='ltr'>potest,</span> <span class='ocrx_word' id='word_1_116' title='bbox 1435 1305 1573 1380; x_wconf 90' lang='lat' dir='ltr'>quia</span> <span class='ocrx_word' id='word_1_117' title='bbox 1600 1305 1903 1377; x_wconf 89' lang='lat' dir='ltr'>cruciatur,</span> <span class='ocrx_word' id='word_1_118' title='bbox 1936 1322 2067 1362; x_wconf 90' lang='lat' dir='ltr'>cum</span> <span class='ocrx_word' id='word_1_119' title='bbox 2096 1303 2261 1361; x_wconf 91' lang='lat' dir='ltr'>dolor</span> <span class='ocrx_word' id='word_1_120' title='bbox 2302 1324 2418 1361; x_wconf 93' lang='lat' dir='ltr'>non</span> <span class='ocrx_word' id='word_1_121' title='bbox 2448 1304 2524 1363; x_wconf 88' lang='lat' dir='ltr'>sit</span> <span class='ocrx_word' id='word_1_122' title='bbox 2552 1304 2754 1362; x_wconf 78' lang='lat' dir='ltr'>virtus,</span> 
     </span>
     <span class='ocr_line' id='line_1_13' title="bbox 351 1380 2758 1460; baseline 0.001 -22"><span class='ocrx_word' id='word_1_123' title='bbox 351 1380 602 1439; x_wconf 87' lang='lat' dir='ltr'>Accedit</span> <span class='ocrx_word' id='word_1_124' title='bbox 619 1380 775 1457; x_wconf 90' lang='lat' dir='ltr'>quod</span> <span class='ocrx_word' id='word_1_125' title='bbox 791 1382 1088 1457; x_wconf 81' lang='lat' dir='ltr'>passiones</span> <span class='ocrx_word' id='word_1_126' title='bbox 1107 1403 1221 1441; x_wconf 90' lang='lat' dir='ltr'>non</span> <span class='ocrx_word' id='word_1_127' title='bbox 1244 1384 1642 1460; x_wconf 87' lang='lat' dir='ltr'>obsequuntur</span> <span class='ocrx_word' id='word_1_128' title='bbox 1662 1384 1949 1442; x_wconf 87' lang='lat' dir='ltr'>mandatis</span> <span class='ocrx_word' id='word_1_129' title='bbox 1969 1383 2164 1460; x_wconf 89' lang='lat' dir='ltr'>Legis,</span> <span class='ocrx_word' id='word_1_130' title='bbox 2196 1383 2407 1459; x_wconf 88' lang='lat' dir='ltr'>quibus</span> <span class='ocrx_word' id='word_1_131' title='bbox 2434 1384 2758 1442; x_wconf 83' lang='lat' dir='ltr'>annectitur</span> 
     </span>
     <span class='ocr_line' id='line_1_14' title="bbox 347 1459 2761 1540; baseline 0.001 -23"><span class='ocrx_word' id='word_1_132' title='bbox 347 1459 653 1537; x_wconf 88' lang='lat' dir='ltr'>promissio</span> <span class='ocrx_word' id='word_1_133' title='bbox 695 1460 848 1536; x_wconf 81' lang='lat' dir='ltr'>vitae,</span> <span class='ocrx_word' id='word_1_134' title='bbox 891 1462 995 1519; x_wconf 89' lang='lat' dir='ltr'>sed</span> <span class='ocrx_word' id='word_1_135' title='bbox 1043 1463 1435 1521; x_wconf 86' lang='lat' dir='ltr'>sanctionibus</span> <span class='ocrx_word' id='word_1_136' title='bbox 1478 1472 1703 1523; x_wconf 88' lang='lat' dir='ltr'>tantum</span> <span class='ocrx_word' id='word_1_137' title='bbox 1760 1463 2136 1538; x_wconf 79' lang='lat' dir='ltr'>satisfaciunt,</span> <span class='ocrx_word' id='word_1_138' title='bbox 2180 1462 2334 1522; x_wconf 90' lang='lat' dir='ltr'>unde</span> <span class='ocrx_word' id='word_1_139' title='bbox 2376 1483 2492 1521; x_wconf 90' lang='lat' dir='ltr'>non</span> <span class='ocrx_word' id='word_1_140' title='bbox 2519 1471 2761 1540; x_wconf 88' lang='lat' dir='ltr'>possunt</span> 
     </span>
     <span class='ocr_line' id='line_1_15' title="bbox 348 1539 2760 1632; baseline 0.001 -35"><span class='ocrx_word' id='word_1_141' title='bbox 348 1539 730 1632; x_wconf 37' lang='lat' dir='ltr'>dici-justitia,</span> <span class='ocrx_word' id='word_1_142' title='bbox 770 1541 866 1599; x_wconf 86' lang='lat' dir='ltr'>vel</span> <span class='ocrx_word' id='word_1_143' title='bbox 896 1540 945 1598; x_wconf 92' lang='lat' dir='ltr'>si</span> <span class='ocrx_word' id='word_1_144' title='bbox 980 1542 1209 1619; x_wconf 86' lang='lat' dir='ltr'>justitia</span> <span class='ocrx_word' id='word_1_145' title='bbox 1246 1542 1439 1619; x_wconf 84' lang='lat' dir='ltr'>aliqua</span> <span class='ocrx_word' id='word_1_146' title='bbox 1462 1554 1550 1601; x_wconf 89' lang='lat' dir='ltr'>cst</span> <span class='ocrx_word' id='word_1_147' title='bbox 1591 1544 1651 1601; x_wconf 90' lang='lat' dir='ltr'>in</span> <span class='ocrx_word' id='word_1_148' title='bbox 1691 1564 1877 1621; x_wconf 85' lang='lat' dir='ltr'>poena,</span> <span class='ocrx_word' id='word_1_149' title='bbox 1909 1551 1998 1602; x_wconf 89' lang='lat' dir='ltr'>est</span> <span class='ocrx_word' id='word_1_150' title='bbox 2032 1543 2262 1620; x_wconf 88' lang='lat' dir='ltr'>justitia</span> <span class='ocrx_word' id='word_1_151' title='bbox 2305 1544 2596 1621; x_wconf 90' lang='lat' dir='ltr'>punientis</span> <span class='ocrx_word' id='word_1_152' title='bbox 2644 1563 2760 1601; x_wconf 89' lang='lat' dir='ltr'>non</span> 
     </span>
     <span class='ocr_line' id='line_1_16' title="bbox 344 1630 550 1697; baseline 0.01 -21"><span class='ocrx_word' id='word_1_153' title='bbox 344 1630 550 1697; x_wconf 80' lang='lat' dir='ltr'>pumtl.</span> 
     </span>
    </p>

    <p class='ocr_par' dir='ltr' id='par_1_5' title="bbox 345 1699 2764 4170">
     <span class='ocr_line' id='line_1_17' title="bbox 432 1699 2758 1777; baseline 0.002 -21"><span class='ocrx_word' id='word_1_154' title='bbox 432 1699 725 1757; x_wconf 88' lang='lat' dir='ltr'>XXXII.</span> <span class='ocrx_word' id='word_1_155' title='bbox 771 1699 1048 1759; x_wconf 88' lang='lat' dir='ltr'>Calvinus</span> <span class='ocrx_word' id='word_1_156' title='bbox 1089 1710 1377 1777; x_wconf 85' lang='lat' dir='ltr'>receptam</span> <span class='ocrx_word' id='word_1_157' title='bbox 1408 1703 1769 1777; x_wconf 85' lang='lat' dir='ltr'>sententiam,</span> <span class='ocrx_word' id='word_1_158' title='bbox 1800 1723 1917 1761; x_wconf 91' lang='lat' dir='ltr'>non</span> <span class='ocrx_word' id='word_1_159' title='bbox 1958 1722 2074 1761; x_wconf 90' lang='lat' dir='ltr'>uno</span> <span class='ocrx_word' id='word_1_160' title='bbox 2111 1702 2241 1760; x_wconf 93' lang='lat' dir='ltr'>loco</span> <span class='ocrx_word' id='word_1_161' title='bbox 2270 1702 2533 1775; x_wconf 89' lang='lat' dir='ltr'>adstruit,</span> <span class='ocrx_word' id='word_1_162' title='bbox 2558 1702 2758 1777; x_wconf 75' lang='lat' dir='ltr'>praeci·</span> 
     </span>
     <span class='ocr_line' id='line_1_18' title="bbox 348 1779 2762 1859; baseline 0.001 -21"><span class='ocrx_word' id='word_1_163' title='bbox 348 1799 459 1857; x_wconf 89' lang='lat' dir='ltr'>pue</span> <span class='ocrx_word' id='word_1_164' title='bbox 487 1779 587 1838; x_wconf 92' lang='lat' dir='ltr'>lib.</span> <span class='ocrx_word' id='word_1_165' title='bbox 620 1780 678 1838; x_wconf 90' lang='lat' dir='ltr'>ii.</span> <span class='ocrx_word' id='word_1_166' title='bbox 704 1779 960 1842; x_wconf 89' lang='lat' dir='ltr'>Institut.</span> <span class='ocrx_word' id='word_1_167' title='bbox 1001 1801 1123 1858; x_wconf 89' lang='lat' dir='ltr'>cap.</span> <span class='ocrx_word' id='word_1_168' title='bbox 1162 1784 1252 1854; x_wconf 88' lang='lat'>16,</span> <span class='ocrx_word' id='word_1_169' title='bbox 1285 1791 1422 1840; x_wconf 90' lang='lat' dir='ltr'>sect.</span> <span class='ocrx_word' id='word_1_170' title='bbox 1454 1785 1490 1840; x_wconf 81' lang='lat'>5</span> <span class='ocrx_word' id='word_1_171' title='bbox 1518 1805 1531 1840; x_wconf 73' lang='grc' dir='ltr'>ε</span> <span class='ocrx_word' id='word_1_172' title='bbox 1555 1786 1589 1814; x_wconf 83' lang='grc'>“</span> <span class='ocrx_word' id='word_1_173' title='bbox 1608 1784 1746 1841; x_wconf 87' lang='lat' dir='ltr'>Jam</span> <span class='ocrx_word' id='word_1_174' title='bbox 1770 1783 1868 1841; x_wconf 89' lang='lat' dir='ltr'>ubi</span> <span class='ocrx_word' id='word_1_175' title='bbox 1889 1783 2181 1859; x_wconf 82' lang='lat' dir='ltr'>quaeritur,</span> <span class='ocrx_word' id='word_1_176' title='bbox 2211 1781 2499 1857; x_wconf 90' lang='lat' dir='ltr'>quomodo</span> <span class='ocrx_word' id='word_1_177' title='bbox 2531 1781 2762 1840; x_wconf 88' lang='lat' dir='ltr'>abolitis</span> 
     </span>
     <span class='ocr_line' id='line_1_19' title="bbox 349 1859 2760 1937; baseline -0 -19"><span class='ocrx_word' id='word_1_178' title='bbox 349 1859 601 1936; x_wconf 84' lang='lat' dir='ltr'>peccatis</span> <span class='ocrx_word' id='word_1_179' title='bbox 628 1859 932 1919; x_wconf 88' lang='lat' dir='ltr'>dissidium</span> <span class='ocrx_word' id='word_1_180' title='bbox 964 1860 1225 1919; x_wconf 87' lang='lat' dir='ltr'>Christus</span> <span class='ocrx_word' id='word_1_181' title='bbox 1268 1861 1417 1919; x_wconf 90' lang='lat' dir='ltr'>inter</span> <span class='ocrx_word' id='word_1_182' title='bbox 1443 1881 1549 1919; x_wconf 89' lang='lat' dir='ltr'>nos</span> <span class='ocrx_word' id='word_1_183' title='bbox 1579 1870 1637 1919; x_wconf 91' lang='lat' dir='ltr'>et</span> <span class='ocrx_word' id='word_1_184' title='bbox 1670 1862 1857 1919; x_wconf 88' lang='lat' dir='ltr'>Deum</span> <span class='ocrx_word' id='word_1_185' title='bbox 1903 1861 2218 1932; x_wconf 86' lang='lat' dir='ltr'>sustulerit,</span> <span class='ocrx_word' id='word_1_186' title='bbox 2272 1869 2329 1918; x_wconf 92' lang='lat' dir='ltr'>et</span> <span class='ocrx_word' id='word_1_187' title='bbox 2349 1860 2638 1937; x_wconf 87' lang='lat' dir='ltr'>justitiam</span> <span class='ocrx_word' id='word_1_188' title='bbox 2667 1880 2760 1917; x_wconf 90' lang='lat' dir='ltr'>ac-</span> 
     </span>
     <span class='ocr_line' id='line_1_20' title="bbox 351 1939 2763 2017; baseline 0 -20"><span class='ocrx_word' id='word_1_189' title='bbox 351 1940 669 2016; x_wconf 89' lang='lat' dir='ltr'>quisiverit,</span> <span class='ocrx_word' id='word_1_190' title='bbox 721 1961 850 2017; x_wconf 85' lang='lat' dir='ltr'>quae</span> <span class='ocrx_word' id='word_1_191' title='bbox 899 1959 1030 1998; x_wconf 86' lang='lat' dir='ltr'>eum</span> <span class='ocrx_word' id='word_1_192' title='bbox 1079 1940 1248 1997; x_wconf 89' lang='lat' dir='ltr'>nobis</span> <span class='ocrx_word' id='word_1_193' title='bbox 1289 1940 1580 1999; x_wconf 84' lang='lat' dir='ltr'>faventem</span> <span class='ocrx_word' id='word_1_194' title='bbox 1623 1949 1682 1999; x_wconf 88' lang='lat' dir='ltr'>et</span> <span class='ocrx_word' id='word_1_195' title='bbox 1725 1941 2070 1999; x_wconf 84' lang='lat' dir='ltr'>benevolum</span> <span class='ocrx_word' id='word_1_196' title='bbox 2102 1939 2383 2014; x_wconf 89' lang='lat' dir='ltr'>redderet,</span> <span class='ocrx_word' id='word_1_197' title='bbox 2417 1940 2763 2016; x_wconf 87' lang='lat' dir='ltr'>generaliter</span> 
     </span>
     <span class='ocr_line' id='line_1_21' title="bbox 348 2019 2761 2097; baseline -0 -20"><span class='ocrx_word' id='word_1_198' title='bbox 348 2019 681 2097; x_wconf 86' lang='lat' dir='ltr'>responderi</span> <span class='ocrx_word' id='word_1_199' title='bbox 721 2028 928 2096; x_wconf 85' lang='lat' dir='ltr'>potest,</span> <span class='ocrx_word' id='word_1_200' title='bbox 961 2030 1082 2078; x_wconf 90' lang='lat' dir='ltr'>toto</span> <span class='ocrx_word' id='word_1_201' title='bbox 1112 2019 1452 2078; x_wconf 76' lang='lat' dir='ltr'>obedientiae</span> <span class='ocrx_word' id='word_1_202' title='bbox 1482 2041 1601 2079; x_wconf 78' lang='lat' dir='ltr'>suae</span> <span class='ocrx_word' id='word_1_203' title='bbox 1642 2040 1813 2078; x_wconf 88' lang='lat' dir='ltr'>cursu</span> <span class='ocrx_word' id='word_1_204' title='bbox 1841 2020 1950 2079; x_wconf 88' lang='lat' dir='ltr'>hoc</span> <span class='ocrx_word' id='word_1_205' title='bbox 1981 2020 2145 2077; x_wconf 89' lang='lat' dir='ltr'>nobis</span> <span class='ocrx_word' id='word_1_206' title='bbox 2193 2020 2547 2096; x_wconf 82' lang='lat' dir='ltr'>praestitisse.</span> <span class='ocrx_word' id='word_1_207' title='bbox 2593 2019 2761 2094; x_wconf 88' lang='lat' dir='ltr'>Quod</span> 
     </span>
     <span class='ocr_line' id='line_1_22' title="bbox 352 2099 2762 2176; baseline 0 -20"><span class='ocrx_word' id='word_1_208' title='bbox 352 2100 521 2157; x_wconf 89' lang='lat' dir='ltr'>Pauli</span> <span class='ocrx_word' id='word_1_209' title='bbox 549 2099 876 2159; x_wconf 87' lang='lat' dir='ltr'>testimonio</span> <span class='ocrx_word' id='word_1_210' title='bbox 904 2100 1179 2176; x_wconf 86' lang='lat' dir='ltr'>probatur</span> <span class='ocrx_word' id='word_1_211' title='bbox 1204 2122 1216 2158; x_wconf 90' lang='lat'>:</span> <span class='ocrx_word' id='word_1_212' title='bbox 1247 2099 1731 2176; x_wconf 85' lang='lat' dir='ltr'>quemadmodum</span> <span class='ocrx_word' id='word_1_213' title='bbox 1749 2101 1921 2158; x_wconf 90' lang='lat' dir='ltr'>unius</span> <span class='ocrx_word' id='word_1_214' title='bbox 1950 2099 2402 2175; x_wconf 76' lang='lat' dir='ltr'>transgressione</span> <span class='ocrx_word' id='word_1_215' title='bbox 2433 2109 2762 2176; x_wconf 86' lang='lat' dir='ltr'>peccatores</span> 
     </span>
     <span class='ocr_line' id='line_1_23' title="bbox 350 2178 2760 2256; baseline 0 -20"><span class='ocrx_word' id='word_1_216' title='bbox 350 2180 518 2238; x_wconf 86' lang='lat' dir='ltr'>multi</span> <span class='ocrx_word' id='word_1_217' title='bbox 566 2187 699 2238; x_wconf 90' lang='lat' dir='ltr'>sunt</span> <span class='ocrx_word' id='word_1_218' title='bbox 748 2178 1063 2254; x_wconf 88' lang='lat' dir='ltr'>constituti,</span> <span class='ocrx_word' id='word_1_219' title='bbox 1109 2179 1191 2237; x_wconf 91' lang='lat' dir='ltr'>sic</span> <span class='ocrx_word' id='word_1_220' title='bbox 1231 2179 1401 2237; x_wconf 88' lang='lat' dir='ltr'>unius</span> <span class='ocrx_word' id='word_1_221' title='bbox 1444 2180 1773 2238; x_wconf 88' lang='lat' dir='ltr'>obedientia</span> <span class='ocrx_word' id='word_1_222' title='bbox 1808 2180 1957 2256; x_wconf 90' lang='lat' dir='ltr'>justi</span> <span class='ocrx_word' id='word_1_223' title='bbox 2005 2179 2424 2237; x_wconf 86' lang='lat' dir='ltr'>constituimur.</span> <span class='ocrx_word' id='word_1_224' title='bbox 2497 2179 2575 2236; x_wconf 92' lang='lat' dir='ltr'>Et</span> <span class='ocrx_word' id='word_1_225' title='bbox 2623 2198 2760 2236; x_wconf 88' lang='lat' dir='ltr'>sane</span> 
     </span>
     <span class='ocr_line' id='line_1_24' title="bbox 351 2258 2760 2335; baseline -0.001 -18"><span class='ocrx_word' id='word_1_226' title='bbox 351 2259 490 2317; x_wconf 91' lang='lat' dir='ltr'>alibi</span> <span class='ocrx_word' id='word_1_227' title='bbox 534 2279 766 2317; x_wconf 87' lang='lat' dir='ltr'>causam</span> <span class='ocrx_word' id='word_1_228' title='bbox 815 2258 1018 2333; x_wconf 72' lang='lat' dir='ltr'>veniae,</span> <span class='ocrx_word' id='word_1_229' title='bbox 1070 2279 1199 2335; x_wconf 81' lang='lat' dir='ltr'>quae</span> <span class='ocrx_word' id='word_1_230' title='bbox 1243 2279 1351 2316; x_wconf 90' lang='lat' dir='ltr'>nos</span> <span class='ocrx_word' id='word_1_231' title='bbox 1380 2259 1583 2318; x_wconf 85' lang='lat' dir='ltr'>eximit</span> <span class='ocrx_word' id='word_1_232' title='bbox 1623 2280 1655 2317; x_wconf 87' lang='lat' dir='ltr'>a</span> <span class='ocrx_word' id='word_1_233' title='bbox 1697 2259 2100 2317; x_wconf 89' lang='lat' dir='ltr'>maledictione</span> <span class='ocrx_word' id='word_1_234' title='bbox 2153 2259 2346 2335; x_wconf 89' lang='lat' dir='ltr'>Legis,</span> <span class='ocrx_word' id='word_1_235' title='bbox 2395 2258 2657 2317; x_wconf 83' lang='lat' dir='ltr'>extendit</span> <span class='ocrx_word' id='word_1_236' title='bbox 2685 2258 2760 2315; x_wconf 88' lang='lat' dir='ltr'>ad</span> 
     </span>
     <span class='ocr_line' id='line_1_25' title="bbox 349 2338 2758 2415; baseline -0.001 -18"><span class='ocrx_word' id='word_1_237' title='bbox 349 2348 529 2399; x_wconf 87' lang='lat' dir='ltr'>totam</span> <span class='ocrx_word' id='word_1_238' title='bbox 581 2339 791 2397; x_wconf 87' lang='lat' dir='ltr'>Christi</span> <span class='ocrx_word' id='word_1_239' title='bbox 835 2339 1051 2397; x_wconf 83' lang='lat' dir='ltr'>vitam:</span> <span class='ocrx_word' id='word_1_240' title='bbox 1126 2339 1243 2398; x_wconf 88' lang='lat' dir='ltr'>Ubi</span> <span class='ocrx_word' id='word_1_241' title='bbox 1272 2338 1434 2397; x_wconf 84' lang='lat' dir='ltr'>venit</span> <span class='ocrx_word' id='word_1_242' title='bbox 1459 2338 1760 2414; x_wconf 88' lang='lat' dir='ltr'>plenitudo</span> <span class='ocrx_word' id='word_1_243' title='bbox 1804 2338 2094 2415; x_wconf 87' lang='lat' dir='ltr'>temporis,</span> <span class='ocrx_word' id='word_1_244' title='bbox 2136 2338 2295 2395; x_wconf 88' lang='lat' dir='ltr'>misit</span> <span class='ocrx_word' id='word_1_245' title='bbox 2338 2338 2498 2396; x_wconf 79' lang='lat' dir='ltr'>Deus</span> <span class='ocrx_word' id='word_1_246' title='bbox 2544 2338 2758 2396; x_wconf 86' lang='lat' dir='ltr'>Filium</span> 
     </span>
     <span class='ocr_line' id='line_1_26' title="bbox 351 2418 2758 2495; baseline -0.001 -18"><span class='ocrx_word' id='word_1_247' title='bbox 351 2439 518 2478; x_wconf 89' lang='lat' dir='ltr'>suum</span> <span class='ocrx_word' id='word_1_248' title='bbox 548 2418 762 2477; x_wconf 85' lang='lat' dir='ltr'>factum</span> <span class='ocrx_word' id='word_1_249' title='bbox 784 2438 859 2476; x_wconf 84' lang='lat' dir='ltr'>ex</span> <span class='ocrx_word' id='word_1_250' title='bbox 883 2418 1146 2492; x_wconf 88' lang='lat' dir='ltr'>Muliere,</span> <span class='ocrx_word' id='word_1_251' title='bbox 1180 2418 1502 2494; x_wconf 87' lang='lat' dir='ltr'>subjectum</span> <span class='ocrx_word' id='word_1_252' title='bbox 1536 2419 1700 2495; x_wconf 88' lang='lat' dir='ltr'>Legi,</span> <span class='ocrx_word' id='word_1_253' title='bbox 1731 2427 1796 2477; x_wconf 90' lang='lat' dir='ltr'>ut</span> <span class='ocrx_word' id='word_1_254' title='bbox 1823 2439 1922 2477; x_wconf 89' lang='lat' dir='ltr'>eos</span> <span class='ocrx_word' id='word_1_255' title='bbox 1960 2418 2060 2494; x_wconf 91' lang='lat' dir='ltr'>qui</span> <span class='ocrx_word' id='word_1_256' title='bbox 2089 2418 2196 2477; x_wconf 92' lang='lat' dir='ltr'>sub</span> <span class='ocrx_word' id='word_1_257' title='bbox 2229 2418 2384 2493; x_wconf 89' lang='lat' dir='ltr'>Lege</span> <span class='ocrx_word' id='word_1_258' title='bbox 2420 2428 2581 2475; x_wconf 87' lang='lat' dir='ltr'>erant</span> <span class='ocrx_word' id='word_1_259' title='bbox 2609 2418 2758 2475; x_wconf 85' lang='lat' dir='ltr'>redi-</span> 
     </span>
     <span class='ocr_line' id='line_1_27' title="bbox 349 2497 2759 2575; baseline -0 -19"><span class='ocrx_word' id='word_1_260' title='bbox 349 2507 547 2558; x_wconf 89' lang='lat' dir='ltr'>meret.</span> <span class='ocrx_word' id='word_1_261' title='bbox 595 2499 687 2557; x_wconf 85' lang='lat' dir='ltr'>Ita</span> <span class='ocrx_word' id='word_1_262' title='bbox 715 2498 773 2555; x_wconf 89' lang='lat' dir='ltr'>in</span> <span class='ocrx_word' id='word_1_263' title='bbox 802 2499 927 2575; x_wconf 92' lang='lat' dir='ltr'>ipso</span> <span class='ocrx_word' id='word_1_264' title='bbox 957 2518 1185 2575; x_wconf 86' lang='lat' dir='ltr'>quoque</span> <span class='ocrx_word' id='word_1_265' title='bbox 1215 2498 1516 2575; x_wconf 86' lang='lat' dir='ltr'>Baptismo</span> <span class='ocrx_word' id='word_1_266' title='bbox 1538 2499 1783 2557; x_wconf 88' lang='lat' dir='ltr'>asseruit</span> <span class='ocrx_word' id='word_1_267' title='bbox 1812 2499 2035 2575; x_wconf 89' lang='lat' dir='ltr'>impleri</span> <span class='ocrx_word' id='word_1_268' title='bbox 2055 2498 2299 2575; x_wconf 75' lang='lat' dir='ltr'>justitiae</span> <span class='ocrx_word' id='word_1_269' title='bbox 2339 2506 2577 2574; x_wconf 89' lang='lat' dir='ltr'>partem,</span> <span class='ocrx_word' id='word_1_270' title='bbox 2603 2497 2759 2573; x_wconf 87' lang='lat' dir='ltr'>quod</span> 
     </span>
     <span class='ocr_line' id='line_1_28' title="bbox 352 2577 2756 2656; baseline -0.001 -18"><span class='ocrx_word' id='word_1_271' title='bbox 352 2579 686 2639; x_wconf 84' lang='lat' dir='ltr'>obedienter</span> <span class='ocrx_word' id='word_1_272' title='bbox 726 2579 916 2638; x_wconf 88' lang='lat' dir='ltr'>Patris</span> <span class='ocrx_word' id='word_1_273' title='bbox 938 2578 1270 2638; x_wconf 86' lang='lat' dir='ltr'>mandatum</span> <span class='ocrx_word' id='word_1_274' title='bbox 1299 2587 1619 2656; x_wconf 85' lang='lat' dir='ltr'>perageret.</span> <span class='ocrx_word' id='word_1_275' title='bbox 1667 2579 1931 2656; x_wconf 86' lang='lat' dir='ltr'>Denique</span> <span class='ocrx_word' id='word_1_276' title='bbox 1960 2599 2036 2638; x_wconf 88' lang='lat' dir='ltr'>ex</span> <span class='ocrx_word' id='word_1_277' title='bbox 2065 2598 2182 2656; x_wconf 92' lang='lat' dir='ltr'>quo</span> <span class='ocrx_word' id='word_1_278' title='bbox 2224 2577 2413 2637; x_wconf 88' lang='lat' dir='ltr'>induit</span> <span class='ocrx_word' id='word_1_279' title='bbox 2453 2598 2756 2656; x_wconf 85' lang='lat' dir='ltr'>personam</span> 
     </span>
     <span class='ocr_line' id='line_1_29' title="bbox 348 2659 2763 2738; baseline -0.001 -20"><span class='ocrx_word' id='word_1_280' title='bbox 348 2661 520 2737; x_wconf 84' lang='lat' dir='ltr'>servi,</span> <span class='ocrx_word' id='word_1_281' title='bbox 552 2661 726 2737; x_wconf 87' lang='lat' dir='ltr'>coepit</span> <span class='ocrx_word' id='word_1_282' title='bbox 774 2659 850 2717; x_wconf 89' lang='lat' dir='ltr'>ad</span> <span class='ocrx_word' id='word_1_283' title='bbox 897 2679 1002 2718; x_wconf 90' lang='lat' dir='ltr'>nos</span> <span class='ocrx_word' id='word_1_284' title='bbox 1050 2659 1415 2718; x_wconf 89' lang='lat' dir='ltr'>redimendos</span> <span class='ocrx_word' id='word_1_285' title='bbox 1464 2661 1710 2738; x_wconf 87' lang='lat' dir='ltr'>pretium</span> <span class='ocrx_word' id='word_1_286' title='bbox 1747 2659 2103 2719; x_wconf 87' lang='lat' dir='ltr'>liberationis</span> <span class='ocrx_word' id='word_1_287' title='bbox 2148 2659 2391 2718; x_wconf 85' lang='lat' dir='ltr'>solvere.</span> <span class='ocrx_word' id='word_1_288' title='bbox 2465 2659 2763 2736; x_wconf 85' lang='lat' dir='ltr'>Scriptura</span> 
     </span>
     <span class='ocr_line' id='line_1_30' title="bbox 349 2738 2758 2817; baseline -0.001 -19"><span class='ocrx_word' id='word_1_289' title='bbox 349 2750 559 2815; x_wconf 88' lang='lat' dir='ltr'>tamen,</span> <span class='ocrx_word' id='word_1_290' title='bbox 591 2760 707 2817; x_wconf 90' lang='lat' dir='ltr'>quo</span> <span class='ocrx_word' id='word_1_291' title='bbox 756 2740 968 2799; x_wconf 87' lang='lat' dir='ltr'>certius</span> <span class='ocrx_word' id='word_1_292' title='bbox 1012 2740 1250 2799; x_wconf 86' lang='lat' dir='ltr'>definiat</span> <span class='ocrx_word' id='word_1_293' title='bbox 1296 2741 1531 2799; x_wconf 89' lang='lat' dir='ltr'>modum</span> <span class='ocrx_word' id='word_1_294' title='bbox 1581 2741 1801 2816; x_wconf 86' lang='lat' dir='ltr'>salutis,</span> <span class='ocrx_word' id='word_1_295' title='bbox 1848 2742 1959 2800; x_wconf 91' lang='lat' dir='ltr'>hoc</span> <span class='ocrx_word' id='word_1_296' title='bbox 2009 2740 2179 2799; x_wconf 89' lang='lat' dir='ltr'>morti</span> <span class='ocrx_word' id='word_1_297' title='bbox 2229 2738 2443 2799; x_wconf 87' lang='lat' dir='ltr'>Christi</span> <span class='ocrx_word' id='word_1_298' title='bbox 2484 2748 2758 2815; x_wconf 84' lang='lat' dir='ltr'>tanquam</span> 
     </span>
     <span class='ocr_line' id='line_1_31' title="bbox 349 2819 2759 2898; baseline -0 -21"><span class='ocrx_word' id='word_1_299' title='bbox 349 2820 635 2895; x_wconf 87' lang='lat' dir='ltr'>peculiare</span> <span class='ocrx_word' id='word_1_300' title='bbox 658 2828 716 2878; x_wconf 89' lang='lat' dir='ltr'>et</span> <span class='ocrx_word' id='word_1_301' title='bbox 725 2821 1017 2897; x_wconf 89' lang='lat' dir='ltr'>proprium</span> <span class='ocrx_word' id='word_1_302' title='bbox 1039 2821 1373 2895; x_wconf 85' lang='lat' dir='ltr'>adscribit,&#39;&#39;</span> <span class='ocrx_word' id='word_1_303' title='bbox 1398 2820 1506 2880; x_wconf 66' lang='grc' dir='ltr'>διο.</span> <span class='ocrx_word' id='word_1_304' title='bbox 1534 2825 1568 2854; x_wconf 82' lang='grc'><em>“</em></span> <span class='ocrx_word' id='word_1_305' title='bbox 1583 2822 1785 2898; x_wconf 88' lang='lat' dir='ltr'>Neque</span> <span class='ocrx_word' id='word_1_306' title='bbox 1813 2822 2062 2895; x_wconf 82' lang='lat' dir='ltr'>tamen,&#39;&#39;</span> <span class='ocrx_word' id='word_1_307' title='bbox 2083 2819 2246 2878; x_wconf 81' lang='lat' dir='ltr'>addit</span> <span class='ocrx_word' id='word_1_308' title='bbox 2266 2829 2483 2896; x_wconf 90' lang='lat' dir='ltr'>postea,</span> <span class='ocrx_word' id='word_1_309' title='bbox 2509 2822 2544 2852; x_wconf 81' lang='lat'>‘⁴</span> <span class='ocrx_word' id='word_1_310' title='bbox 2562 2820 2759 2878; x_wconf 86' lang='lat' dir='ltr'>exclu-</span> 
     </span>
     <span class='ocr_line' id='line_1_32' title="bbox 351 2897 2761 2976; baseline 0.001 -23"><span class='ocrx_word' id='word_1_311' title='bbox 351 2897 506 2954; x_wconf 90' lang='lat' dir='ltr'>ditur</span> <span class='ocrx_word' id='word_1_312' title='bbox 542 2898 765 2973; x_wconf 91' lang='lat' dir='ltr'>reliqua</span> <span class='ocrx_word' id='word_1_313' title='bbox 804 2919 937 2976; x_wconf 86' lang='lat' dir='ltr'>pars</span> <span class='ocrx_word' id='word_1_314' title='bbox 966 2900 1324 2975; x_wconf 72' lang='lat' dir='ltr'>obedientiae,</span> <span class='ocrx_word' id='word_1_315' title='bbox 1357 2921 1472 2976; x_wconf 92' lang='lat' dir='ltr'>qua</span> <span class='ocrx_word' id='word_1_316' title='bbox 1514 2900 1822 2960; x_wconf 88' lang='lat' dir='ltr'>defunctus</span> <span class='ocrx_word' id='word_1_317' title='bbox 1851 2910 1940 2960; x_wconf 89' lang='lat' dir='ltr'>est</span> <span class='ocrx_word' id='word_1_318' title='bbox 1987 2901 2047 2958; x_wconf 92' lang='lat' dir='ltr'>in</span> <span class='ocrx_word' id='word_1_319' title='bbox 2075 2899 2214 2967; x_wconf 77' lang='lat' dir='ltr'>vita,</span> <span class='ocrx_word' id='word_1_320' title='bbox 2262 2900 2412 2958; x_wconf 90' lang='lat' dir='ltr'>sicut</span> <span class='ocrx_word' id='word_1_321' title='bbox 2442 2899 2659 2957; x_wconf 88' lang='lat' dir='ltr'>Paulus</span> <span class='ocrx_word' id='word_1_322' title='bbox 2687 2899 2761 2956; x_wconf 90' lang='lat' dir='ltr'>ab</span> 
     </span>
     <span class='ocr_line' id='line_1_33' title="bbox 350 2975 2764 3056; baseline 0.002 -26"><span class='ocrx_word' id='word_1_323' title='bbox 350 2975 514 3032; x_wconf 88' lang='lat' dir='ltr'>initio</span> <span class='ocrx_word' id='word_1_324' title='bbox 542 2975 614 3032; x_wconf 83' lang='lat' dir='ltr'>ad</span> <span class='ocrx_word' id='word_1_325' title='bbox 644 2977 814 3033; x_wconf 85' lang='lat' dir='ltr'>finem</span> <span class='ocrx_word' id='word_1_326' title='bbox 845 2998 1026 3054; x_wconf 89' lang='lat' dir='ltr'>usque</span> <span class='ocrx_word' id='word_1_327' title='bbox 1055 2987 1235 3037; x_wconf 87' lang='lat' dir='ltr'>totam</span> <span class='ocrx_word' id='word_1_328' title='bbox 1265 2981 1714 3055; x_wconf 80' lang='lat' dir='ltr'>comprehendit,</span> <span class='ocrx_word' id='word_1_329' title='bbox 1746 2980 1901 3056; x_wconf 87' lang='lat' dir='ltr'>quod</span> <span class='ocrx_word' id='word_1_330' title='bbox 1931 2981 2181 3056; x_wconf 88' lang='lat' dir='ltr'>seipsum</span> <span class='ocrx_word' id='word_1_331' title='bbox 2212 2979 2553 3037; x_wconf 85' lang='lat' dir='ltr'>exinanierit</span> <span class='ocrx_word' id='word_1_332' title='bbox 2581 2978 2764 3035; x_wconf 83' lang='lat' dir='ltr'>forma</span> 
     </span>
     <span class='ocr_line' id='line_1_34' title="bbox 353 3053 2762 3132; baseline 0.001 -20"><span class='ocrx_word' id='word_1_333' title='bbox 353 3053 507 3112; x_wconf 85' lang='lat' dir='ltr'>servi</span> <span class='ocrx_word' id='word_1_334' title='bbox 536 3063 787 3129; x_wconf 87' lang='lat' dir='ltr'>accepta,</span> <span class='ocrx_word' id='word_1_335' title='bbox 840 3063 897 3113; x_wconf 92' lang='lat' dir='ltr'>et</span> <span class='ocrx_word' id='word_1_336' title='bbox 948 3057 1105 3113; x_wconf 86' lang='lat' dir='ltr'>Patri</span> <span class='ocrx_word' id='word_1_337' title='bbox 1136 3058 1306 3114; x_wconf 87' lang='lat' dir='ltr'>fuerit</span> <span class='ocrx_word' id='word_1_338' title='bbox 1335 3058 1610 3115; x_wconf 87' lang='lat' dir='ltr'>obediens</span> <span class='ocrx_word' id='word_1_339' title='bbox 1662 3078 1841 3132; x_wconf 86' lang='lat' dir='ltr'>usque</span> <span class='ocrx_word' id='word_1_340' title='bbox 1891 3058 1967 3115; x_wconf 87' lang='lat' dir='ltr'>ad</span> <span class='ocrx_word' id='word_1_341' title='bbox 2007 3067 2267 3130; x_wconf 88' lang='lat' dir='ltr'>mortem,</span> <span class='ocrx_word' id='word_1_342' title='bbox 2299 3065 2540 3114; x_wconf 90' lang='lat' dir='ltr'>mortem</span> <span class='ocrx_word' id='word_1_343' title='bbox 2568 3067 2762 3115; x_wconf 88' lang='lat' dir='ltr'>autem</span> 
     </span>
     <span class='ocr_line' id='line_1_35' title="bbox 354 3132 2761 3212; baseline 0 -21"><span class='ocrx_word' id='word_1_344' title='bbox 354 3132 572 3192; x_wconf 79' lang='lat' dir='ltr'>Crucis,</span> <span class='ocrx_word' id='word_1_345' title='bbox 659 3132 737 3190; x_wconf 83' lang='lat' dir='ltr'>Et</span> <span class='ocrx_word' id='word_1_346' title='bbox 765 3152 901 3190; x_wconf 86' lang='lat' dir='ltr'>sane</span> <span class='ocrx_word' id='word_1_347' title='bbox 931 3134 990 3189; x_wconf 92' lang='lat' dir='ltr'>in</span> <span class='ocrx_word' id='word_1_348' title='bbox 1022 3134 1145 3209; x_wconf 87' lang='lat' dir='ltr'>ipsa</span> <span class='ocrx_word' id='word_1_349' title='bbox 1173 3155 1401 3210; x_wconf 86' lang='lat' dir='ltr'>quoque</span> <span class='ocrx_word' id='word_1_350' title='bbox 1429 3137 1677 3212; x_wconf 89' lang='lat' dir='ltr'>primum</span> <span class='ocrx_word' id='word_1_351' title='bbox 1708 3135 1949 3210; x_wconf 88' lang='lat' dir='ltr'>gradum</span> <span class='ocrx_word' id='word_1_352' title='bbox 1979 3143 2224 3211; x_wconf 89' lang='lat' dir='ltr'>occupat</span> <span class='ocrx_word' id='word_1_353' title='bbox 2260 3135 2587 3193; x_wconf 85' lang='lat' dir='ltr'>voluntaria</span> <span class='ocrx_word' id='word_1_354' title='bbox 2626 3135 2761 3192; x_wconf 91' lang='lat' dir='ltr'>sub-</span> 
     </span>
     <span class='ocr_line' id='line_1_36' title="bbox 345 3211 2761 3291; baseline -0.001 -20"><span class='ocrx_word' id='word_1_355' title='bbox 345 3212 543 3291; x_wconf 81' lang='lat' dir='ltr'>jectiO,</span> <span class='ocrx_word' id='word_1_356' title='bbox 574 3211 711 3289; x_wconf 84' lang='lat' dir='ltr'>quia</span> <span class='ocrx_word' id='word_1_357' title='bbox 738 3211 813 3270; x_wconf 89' lang='lat' dir='ltr'>ad</span> <span class='ocrx_word' id='word_1_358' title='bbox 832 3212 1118 3290; x_wconf 85' lang='lat' dir='ltr'>justitiam</span> <span class='ocrx_word' id='word_1_359' title='bbox 1161 3214 1305 3270; x_wconf 91' lang='lat' dir='ltr'>nihil</span> <span class='ocrx_word' id='word_1_360' title='bbox 1334 3214 1644 3290; x_wconf 87' lang='lat' dir='ltr'>profuisset</span> <span class='ocrx_word' id='word_1_361' title='bbox 1681 3213 2039 3287; x_wconf 86' lang='lat' dir='ltr'>sacrificium,</span> <span class='ocrx_word' id='word_1_362' title='bbox 2071 3213 2182 3270; x_wconf 89' lang='lat' dir='ltr'>nisi</span> <span class='ocrx_word' id='word_1_363' title='bbox 2213 3222 2414 3288; x_wconf 89' lang='lat' dir='ltr'>sponte</span> <span class='ocrx_word' id='word_1_364' title='bbox 2444 3214 2761 3288; x_wconf 86' lang='lat' dir='ltr'>oblatum,&#39;’</span> 
     </span>
     <span class='ocr_line' id='line_1_37' title="bbox 354 3291 2760 3369; baseline -0 -18"><span class='ocrx_word' id='word_1_365' title='bbox 354 3291 463 3352; x_wconf 74' lang='lat' dir='ltr'>Sto.</span> <span class='ocrx_word' id='word_1_366' title='bbox 553 3291 647 3351; x_wconf 82' lang='lat' dir='ltr'>Sic</span> <span class='ocrx_word' id='word_1_367' title='bbox 696 3291 797 3349; x_wconf 90' lang='lat' dir='ltr'>lib.</span> <span class='ocrx_word' id='word_1_368' title='bbox 847 3291 929 3349; x_wconf 90' lang='lat' dir='ltr'>iii.</span> <span class='ocrx_word' id='word_1_369' title='bbox 976 3311 1100 3368; x_wconf 85' lang='lat' dir='ltr'>cap.</span> <span class='ocrx_word' id='word_1_370' title='bbox 1138 3296 1227 3366; x_wconf 83' lang='lat'>14,</span> <span class='ocrx_word' id='word_1_371' title='bbox 1282 3303 1419 3351; x_wconf 88' lang='lat' dir='ltr'>sect.</span> <span class='ocrx_word' id='word_1_372' title='bbox 1465 3297 1556 3366; x_wconf 81' lang='lat'>12,</span> <span class='ocrx_word' id='word_1_373' title='bbox 1607 3294 2074 3369; x_wconf 87' lang='lat' dir='ltr'>“Acceptantem</span> <span class='ocrx_word' id='word_1_374' title='bbox 2131 3292 2374 3368; x_wconf 87' lang='lat' dir='ltr'>gratiam</span> <span class='ocrx_word' id='word_1_375' title='bbox 2423 3312 2539 3349; x_wconf 87' lang='lat' dir='ltr'>non</span> <span class='ocrx_word' id='word_1_376' title='bbox 2589 3292 2760 3350; x_wconf 88' lang='lat' dir='ltr'>aliam</span> 
     </span>
     <span class='ocr_line' id='line_1_38' title="bbox 352 3371 2758 3450; baseline -0.001 -19"><span class='ocrx_word' id='word_1_377' title='bbox 352 3393 477 3432; x_wconf 89' lang='lat' dir='ltr'>esse</span> <span class='ocrx_word' id='word_1_378' title='bbox 506 3371 843 3450; x_wconf 82' lang='lat' dir='ltr'>respondeO,</span> <span class='ocrx_word' id='word_1_379' title='bbox 875 3392 1047 3448; x_wconf 87' lang='lat' dir='ltr'>quam</span> <span class='ocrx_word' id='word_1_380' title='bbox 1091 3371 1400 3449; x_wconf 87' lang='lat' dir='ltr'>gratuitam</span> <span class='ocrx_word' id='word_1_381' title='bbox 1430 3373 1555 3450; x_wconf 84' lang='lat' dir='ltr'>ejus</span> <span class='ocrx_word' id='word_1_382' title='bbox 1598 3373 1932 3448; x_wconf 85' lang='lat' dir='ltr'>bonitatem,</span> <span class='ocrx_word' id='word_1_383' title='bbox 1963 3393 2078 3449; x_wconf 88' lang='lat' dir='ltr'>qua</span> <span class='ocrx_word' id='word_1_384' title='bbox 2105 3391 2211 3430; x_wconf 90' lang='lat' dir='ltr'>nos</span> <span class='ocrx_word' id='word_1_385' title='bbox 2239 3371 2300 3429; x_wconf 90' lang='lat' dir='ltr'>in</span> <span class='ocrx_word' id='word_1_386' title='bbox 2347 3371 2575 3430; x_wconf 87' lang='lat' dir='ltr'>Christo</span> <span class='ocrx_word' id='word_1_387' title='bbox 2606 3392 2758 3429; x_wconf 90' lang='lat' dir='ltr'>com·</span> 
     </span>
     <span class='ocr_line' id='line_1_39' title="bbox 349 3451 2763 3530; baseline 0 -19"><span class='ocrx_word' id='word_1_388' title='bbox 349 3453 621 3530; x_wconf 89' lang='lat' dir='ltr'>plectitur</span> <span class='ocrx_word' id='word_1_389' title='bbox 677 3452 865 3528; x_wconf 88' lang='lat' dir='ltr'>Pater,</span> <span class='ocrx_word' id='word_1_390' title='bbox 919 3453 1054 3510; x_wconf 89' lang='lat' dir='ltr'>dum</span> <span class='ocrx_word' id='word_1_391' title='bbox 1101 3453 1430 3510; x_wconf 89' lang='lat' dir='ltr'>innocentia</span> <span class='ocrx_word' id='word_1_392' title='bbox 1473 3453 1688 3512; x_wconf 88' lang='lat' dir='ltr'>Christi</span> <span class='ocrx_word' id='word_1_393' title='bbox 1726 3473 1834 3511; x_wconf 88' lang='lat' dir='ltr'>nos</span> <span class='ocrx_word' id='word_1_394' title='bbox 1873 3452 2077 3527; x_wconf 88' lang='lat' dir='ltr'>induit,</span> <span class='ocrx_word' id='word_1_395' title='bbox 2127 3471 2367 3528; x_wconf 88' lang='lat' dir='ltr'>eamque</span> <span class='ocrx_word' id='word_1_396' title='bbox 2415 3451 2551 3510; x_wconf 87' lang='lat' dir='ltr'>fecit</span> <span class='ocrx_word' id='word_1_397' title='bbox 2595 3453 2763 3511; x_wconf 85' lang='lat' dir='ltr'>nobis</span> 
     </span>
     <span class='ocr_line' id='line_1_40' title="bbox 352 3532 2760 3610; baseline 0 -19"><span class='ocrx_word' id='word_1_398' title='bbox 352 3542 664 3610; x_wconf 90' lang='lat' dir='ltr'>acceptam,</span> <span class='ocrx_word' id='word_1_399' title='bbox 696 3540 760 3590; x_wconf 89' lang='lat' dir='ltr'>ut</span> <span class='ocrx_word' id='word_1_400' title='bbox 804 3533 929 3610; x_wconf 88' lang='lat' dir='ltr'>ejus</span> <span class='ocrx_word' id='word_1_401' title='bbox 956 3532 1236 3590; x_wconf 87' lang='lat' dir='ltr'>beneficio</span> <span class='ocrx_word' id='word_1_402' title='bbox 1265 3552 1369 3608; x_wconf 91' lang='lat' dir='ltr'>pro</span> <span class='ocrx_word' id='word_1_403' title='bbox 1420 3534 1633 3591; x_wconf 87' lang='lat' dir='ltr'>sanetis</span> <span class='ocrx_word' id='word_1_404' title='bbox 1675 3532 1834 3610; x_wconf 89' lang='lat' dir='ltr'>puris</span> <span class='ocrx_word' id='word_1_405' title='bbox 1863 3542 1922 3592; x_wconf 89' lang='lat' dir='ltr'>et</span> <span class='ocrx_word' id='word_1_406' title='bbox 1949 3532 2351 3591; x_wconf 89' lang='lat' dir='ltr'>innocentibus</span> <span class='ocrx_word' id='word_1_407' title='bbox 2378 3552 2484 3591; x_wconf 91' lang='lat' dir='ltr'>nos</span> <span class='ocrx_word' id='word_1_408' title='bbox 2533 3533 2760 3591; x_wconf 86' lang='lat' dir='ltr'>habeat.</span> 
     </span>
     <span class='ocr_line' id='line_1_41' title="bbox 350 3612 2760 3690; baseline -0.001 -18"><span class='ocrx_word' id='word_1_409' title='bbox 350 3613 655 3673; x_wconf 71' lang='lat' dir='ltr'>Justitiam</span> <span class='ocrx_word' id='word_1_410' title='bbox 683 3613 834 3671; x_wconf 90' lang='lat' dir='ltr'>enim</span> <span class='ocrx_word' id='word_1_411' title='bbox 880 3612 1110 3688; x_wconf 88' lang='lat' dir='ltr'>Christi,</span> <span class='ocrx_word' id='word_1_412' title='bbox 1143 3633 1271 3689; x_wconf 82' lang='lat' dir='ltr'>quae</span> <span class='ocrx_word' id='word_1_413' title='bbox 1313 3622 1379 3671; x_wconf 85' lang='lat' dir='ltr'>ut</span> <span class='ocrx_word' id='word_1_414' title='bbox 1407 3634 1521 3671; x_wconf 85' lang='lat' dir='ltr'>una</span> <span class='ocrx_word' id='word_1_415' title='bbox 1550 3613 1803 3690; x_wconf 86' lang='lat' dir='ltr'>perfecta</span> <span class='ocrx_word' id='word_1_416' title='bbox 1844 3623 1948 3689; x_wconf 87' lang='lat' dir='ltr'>est,</span> <span class='ocrx_word' id='word_1_417' title='bbox 1981 3614 2062 3672; x_wconf 91' lang='lat' dir='ltr'>ita</span> <span class='ocrx_word' id='word_1_418' title='bbox 2090 3612 2214 3672; x_wconf 90' lang='lat' dir='ltr'>sola</span> <span class='ocrx_word' id='word_1_419' title='bbox 2251 3612 2360 3671; x_wconf 91' lang='lat' dir='ltr'>Dei</span> <span class='ocrx_word' id='word_1_420' title='bbox 2390 3622 2760 3689; x_wconf 91' lang='lat' dir='ltr'>conspectum</span> 
     </span>
     <span class='ocr_line' id='line_1_42' title="bbox 350 3692 2762 3770; baseline -0.001 -18"><span class='ocrx_word' id='word_1_421' title='bbox 350 3693 631 3752; x_wconf 89' lang='lat' dir='ltr'>sustinere</span> <span class='ocrx_word' id='word_1_422' title='bbox 660 3701 865 3769; x_wconf 89' lang='lat' dir='ltr'>potest,</span> <span class='ocrx_word' id='word_1_423' title='bbox 911 3713 1014 3770; x_wconf 91' lang='lat' dir='ltr'>pro</span> <span class='ocrx_word' id='word_1_424' title='bbox 1059 3693 1227 3752; x_wconf 88' lang='lat' dir='ltr'>nobis</span> <span class='ocrx_word' id='word_1_425' title='bbox 1276 3692 1399 3751; x_wconf 87' lang='lat' dir='ltr'>sisti</span> <span class='ocrx_word' id='word_1_426' title='bbox 1447 3702 1689 3769; x_wconf 87' lang='lat' dir='ltr'>oportet,</span> <span class='ocrx_word' id='word_1_427' title='bbox 1748 3714 1814 3752; x_wconf 91' lang='lat' dir='ltr'>ac</span> <span class='ocrx_word' id='word_1_428' title='bbox 1862 3694 1905 3753; x_wconf 87' lang='lat' dir='ltr'><strong>J</strong></span> <span class='ocrx_word' id='word_1_429' title='bbox 1911 3694 2099 3753; x_wconf 87' lang='lat' dir='ltr'>udicio</span> <span class='ocrx_word' id='word_1_430' title='bbox 2154 3693 2550 3769; x_wconf 79' lang='lat' dir='ltr'>repraesentari</span> <span class='ocrx_word' id='word_1_431' title='bbox 2599 3694 2762 3751; x_wconf 79' lang='lat' dir='ltr'>velut</span> 
     </span>
     <span class='ocr_line' id='line_1_43' title="bbox 358 3772 2762 3850; baseline -0.001 -18"><span class='ocrx_word' id='word_1_432' title='bbox 358 3774 723 3849; x_wconf 89' lang='lat' dir='ltr'>Sponsorem.</span> <span class='ocrx_word' id='word_1_433' title='bbox 772 3772 901 3830; x_wconf 88' lang='lat' dir='ltr'>Hac</span> <span class='ocrx_word' id='word_1_434' title='bbox 950 3793 1056 3831; x_wconf 88' lang='lat' dir='ltr'>nos</span> <span class='ocrx_word' id='word_1_435' title='bbox 1095 3773 1361 3831; x_wconf 89' lang='lat' dir='ltr'>instructi</span> <span class='ocrx_word' id='word_1_436' title='bbox 1409 3772 1700 3831; x_wconf 87' lang='lat' dir='ltr'>assiduam</span> <span class='ocrx_word' id='word_1_437' title='bbox 1728 3783 2093 3850; x_wconf 86' lang='lat' dir='ltr'>peccatorum</span> <span class='ocrx_word' id='word_1_438' title='bbox 2135 3772 2529 3830; x_wconf 85' lang='lat' dir='ltr'>remissionem</span> <span class='ocrx_word' id='word_1_439' title='bbox 2560 3773 2619 3829; x_wconf 89' lang='lat' dir='ltr'>in</span> <span class='ocrx_word' id='word_1_440' title='bbox 2647 3772 2762 3829; x_wconf 89' lang='lat' dir='ltr'>fide</span> 
     </span>
     <span class='ocr_line' id='line_1_44' title="bbox 349 3851 2760 3930; baseline -0.002 -18"><span class='ocrx_word' id='word_1_441' title='bbox 349 3853 694 3912; x_wconf 87' lang='lat' dir='ltr'>obtinemus.</span> <span class='ocrx_word' id='word_1_442' title='bbox 742 3852 939 3929; x_wconf 87' lang='lat' dir='ltr'>Hujus</span> <span class='ocrx_word' id='word_1_443' title='bbox 965 3854 1213 3930; x_wconf 88' lang='lat' dir='ltr'>puritate</span> <span class='ocrx_word' id='word_1_444' title='bbox 1256 3854 1387 3911; x_wconf 80' lang='lat' dir='ltr'>lotae</span> <span class='ocrx_word' id='word_1_445' title='bbox 1418 3861 1627 3911; x_wconf 82' lang='lat' dir='ltr'>nostrae</span> <span class='ocrx_word' id='word_1_446' title='bbox 1658 3852 1856 3912; x_wconf 90' lang='lat' dir='ltr'>sordes</span> <span class='ocrx_word' id='word_1_447' title='bbox 1894 3866 1951 3912; x_wconf 87' lang='lat' dir='ltr'>et</span> <span class='ocrx_word' id='word_1_448' title='bbox 1979 3851 2473 3929; x_wconf 87' lang='lat' dir='ltr'>imperfectionum</span> <span class='ocrx_word' id='word_1_449' title='bbox 2515 3852 2760 3909; x_wconf 85' lang='lat' dir='ltr'>immun-</span> 
     </span>
     <span class='ocr_line' id='line_1_45' title="bbox 353 3929 2760 4009; baseline -0.002 -18"><span class='ocrx_word' id='word_1_450' title='bbox 353 3933 527 4006; x_wconf 80' lang='lat' dir='ltr'>ditiae,</span> <span class='ocrx_word' id='word_1_451' title='bbox 580 3952 696 3989; x_wconf 89' lang='lat' dir='ltr'>non</span> <span class='ocrx_word' id='word_1_452' title='bbox 744 3932 1115 4008; x_wconf 81' lang='lat' dir='ltr'>imputantur,</span> <span class='ocrx_word' id='word_1_453' title='bbox 1175 3932 1278 3991; x_wconf 90' lang='lat' dir='ltr'>sed</span> <span class='ocrx_word' id='word_1_454' title='bbox 1320 3932 1482 3991; x_wconf 82' lang='lat' dir='ltr'>velut</span> <span class='ocrx_word' id='word_1_455' title='bbox 1527 3933 1767 4009; x_wconf 87' lang='lat' dir='ltr'>sepultae</span> <span class='ocrx_word' id='word_1_456' title='bbox 1825 3940 2225 4008; x_wconf 90' lang='lat' dir='ltr'>conteguntur,</span> <span class='ocrx_word' id='word_1_457' title='bbox 2257 3950 2330 3988; x_wconf 92' lang='lat' dir='ltr'>ne</span> <span class='ocrx_word' id='word_1_458' title='bbox 2378 3931 2439 3987; x_wconf 89' lang='lat' dir='ltr'>in</span> <span class='ocrx_word' id='word_1_459' title='bbox 2474 3929 2760 4006; x_wconf 90' lang='lat' dir='ltr'>judicium</span> 
     </span>
     <span class='ocr_line' id='line_1_46' title="bbox 348 4009 2760 4091; baseline -0.002 -21"><span class='ocrx_word' id='word_1_460' title='bbox 348 4012 646 4088; x_wconf 80' lang='lat' dir='ltr'>veniant,&#39;’</span> <span class='ocrx_word' id='word_1_461' title='bbox 687 4009 796 4069; x_wconf 63' lang='grc' dir='ltr'>ἃς.</span> <span class='ocrx_word' id='word_1_462' title='bbox 844 4011 1006 4070; x_wconf 89' lang='lat' dir='ltr'>Idem</span> <span class='ocrx_word' id='word_1_463' title='bbox 1037 4013 1334 4071; x_wconf 86' lang='lat' dir='ltr'>confirmat</span> <span class='ocrx_word' id='word_1_464' title='bbox 1372 4013 1433 4069; x_wconf 91' lang='lat' dir='ltr'>in</span> <span class='ocrx_word' id='word_1_465' title='bbox 1464 4014 1726 4091; x_wconf 89' lang='lat' dir='ltr'>Epistola</span> <span class='ocrx_word' id='word_1_466' title='bbox 1763 4011 1838 4069; x_wconf 87' lang='lat' dir='ltr'>ad</span> <span class='ocrx_word' id='word_1_467' title='bbox 1883 4013 2051 4071; x_wconf 84' lang='lat' dir='ltr'>Rom.</span> <span class='ocrx_word' id='word_1_468' title='bbox 2081 4030 2202 4087; x_wconf 85' lang='lat' dir='ltr'>cap.</span> <span class='ocrx_word' id='word_1_469' title='bbox 2234 4031 2292 4068; x_wconf 84' lang='lat' dir='ltr'>v.</span> <span class='ocrx_word' id='word_1_470' title='bbox 2323 4030 2443 4068; x_wconf 84' lang='lat' dir='ltr'>ver.</span> <span class='ocrx_word' id='word_1_471' title='bbox 2493 4011 2583 4068; x_wconf 85' lang='lat'>19.</span> <span class='ocrx_word' id='word_1_472' title='bbox 2615 4018 2674 4068; x_wconf 88' lang='lat' dir='ltr'>et</span> <span class='ocrx_word' id='word_1_473' title='bbox 2701 4010 2760 4066; x_wconf 92' lang='lat' dir='ltr'>in</span> 
     </span>
     <span class='ocr_line' id='line_1_47' title="bbox 348 4091 1159 4170; baseline -0.001 -19"><span class='ocrx_word' id='word_1_474' title='bbox 348 4093 534 4170; x_wconf 87' lang='lat' dir='ltr'>Epist.</span> <span class='ocrx_word' id='word_1_475' title='bbox 578 4092 653 4151; x_wconf 89' lang='lat' dir='ltr'>ad</span> <span class='ocrx_word' id='word_1_476' title='bbox 683 4091 814 4151; x_wconf 88' lang='lat' dir='ltr'>Gal.</span> <span class='ocrx_word' id='word_1_477' title='bbox 839 4111 963 4168; x_wconf 88' lang='lat' dir='ltr'>cap.</span> <span class='ocrx_word' id='word_1_478' title='bbox 995 4091 1071 4150; x_wconf 87' lang='lat' dir='ltr'>iv.</span> <span class='ocrx_word' id='word_1_479' title='bbox 1103 4097 1159 4150; x_wconf 83' lang='lat'>4.</span> 
     </span>
    </p>

    <p class='ocr_par' dir='ltr' id='par_1_6' title="bbox 348 4169 2763 4732">
     <span class='ocr_line' id='line_1_48' title="bbox 431 4169 2762 4248; baseline -0.002 -18"><span class='ocrx_word' id='word_1_480' title='bbox 431 4172 760 4230; x_wconf 90' lang='lat' dir='ltr'>XXXIII.</span> <span class='ocrx_word' id='word_1_481' title='bbox 809 4171 1028 4248; x_wconf 84' lang='lat' dir='ltr'>Synodi</span> <span class='ocrx_word' id='word_1_482' title='bbox 1075 4173 1391 4230; x_wconf 82' lang='lat' dir='ltr'>Gallicanae</span> <span class='ocrx_word' id='word_1_483' title='bbox 1440 4171 1682 4230; x_wconf 88' lang='lat' dir='ltr'>eandem</span> <span class='ocrx_word' id='word_1_484' title='bbox 1729 4169 2090 4230; x_wconf 88' lang='lat' dir='ltr'>retinendam</span> <span class='ocrx_word' id='word_1_485' title='bbox 2133 4187 2260 4228; x_wconf 90' lang='lat' dir='ltr'>esse</span> <span class='ocrx_word' id='word_1_486' title='bbox 2316 4169 2590 4228; x_wconf 78' lang='lat' dir='ltr'>inviolate</span> <span class='ocrx_word' id='word_1_487' title='bbox 2645 4188 2762 4227; x_wconf 88' lang='lat' dir='ltr'>non</span> 
     </span>
     <span class='ocr_line' id='line_1_49' title="bbox 352 4249 2759 4326; baseline -0.002 -14"><span class='ocrx_word' id='word_1_488' title='bbox 352 4253 529 4312; x_wconf 85' lang='lat' dir='ltr'>semel</span> <span class='ocrx_word' id='word_1_489' title='bbox 559 4261 891 4326; x_wconf 84' lang='lat' dir='ltr'>sanxerunt,</span> <span class='ocrx_word' id='word_1_490' title='bbox 944 4261 1009 4311; x_wconf 91' lang='lat' dir='ltr'>ut</span> <span class='ocrx_word' id='word_1_491' title='bbox 1040 4251 1394 4310; x_wconf 82' lang='lat' dir='ltr'>Privatensis</span> <span class='ocrx_word' id='word_1_492' title='bbox 1441 4273 1593 4310; x_wconf 85' lang='lat' dir='ltr'>anno</span> <span class='ocrx_word' id='word_1_493' title='bbox 1649 4255 1820 4325; x_wconf 83' lang='grc'>1612,</span> <span class='ocrx_word' id='word_1_494' title='bbox 1873 4260 1931 4309; x_wconf 88' lang='lat' dir='ltr'>et</span> <span class='ocrx_word' id='word_1_495' title='bbox 1986 4249 2372 4307; x_wconf 89' lang='lat' dir='ltr'>Tonninensis</span> <span class='ocrx_word' id='word_1_496' title='bbox 2401 4269 2553 4308; x_wconf 89' lang='lat' dir='ltr'>anno</span> <span class='ocrx_word' id='word_1_497' title='bbox 2587 4251 2759 4324; x_wconf 82' lang='lat'>1614,</span> 
     </span>
     <span class='ocr_line' id='line_1_50' title="bbox 348 4328 2760 4409; baseline -0.002 -17"><span class='ocrx_word' id='word_1_498' title='bbox 348 4334 513 4409; x_wconf 88' lang='lat' dir='ltr'>cujus</span> <span class='ocrx_word' id='word_1_499' title='bbox 541 4332 665 4391; x_wconf 74' lang='lat' dir='ltr'>haec</span> <span class='ocrx_word' id='word_1_500' title='bbox 708 4341 845 4391; x_wconf 88' lang='lat' dir='ltr'>sunt</span> <span class='ocrx_word' id='word_1_501' title='bbox 872 4333 1085 4390; x_wconf 85' lang='lat' dir='ltr'>verba:</span> <span class='ocrx_word' id='word_1_502' title='bbox 1118 4335 1153 4364; x_wconf 78' lang='lat'>‘⁴</span> <span class='ocrx_word' id='word_1_503' title='bbox 1174 4332 1317 4391; x_wconf 91' lang='lat' dir='ltr'>Cum</span> <span class='ocrx_word' id='word_1_504' title='bbox 1346 4333 1518 4391; x_wconf 91' lang='lat' dir='ltr'>homo</span> <span class='ocrx_word' id='word_1_505' title='bbox 1559 4333 1780 4390; x_wconf 89' lang='lat' dir='ltr'>nullam</span> <span class='ocrx_word' id='word_1_506' title='bbox 1817 4329 2105 4408; x_wconf 88' lang='lat' dir='ltr'>justitiam</span> <span class='ocrx_word' id='word_1_507' title='bbox 2155 4328 2213 4385; x_wconf 90' lang='lat' dir='ltr'>in</span> <span class='ocrx_word' id='word_1_508' title='bbox 2244 4349 2304 4387; x_wconf 90' lang='lat' dir='ltr'>se</span> <span class='ocrx_word' id='word_1_509' title='bbox 2353 4329 2600 4406; x_wconf 86' lang='lat' dir='ltr'>reperiat</span> <span class='ocrx_word' id='word_1_510' title='bbox 2628 4336 2760 4387; x_wconf 88' lang='lat' dir='ltr'>antc</span> 
     </span>
     <span class='ocr_line' id='line_1_51' title="bbox 348 4408 2759 4490; baseline -0.002 -19"><span class='ocrx_word' id='word_1_511' title='bbox 348 4413 445 4471; x_wconf 78' lang='lat' dir='ltr'>vel</span> <span class='ocrx_word' id='word_1_512' title='bbox 473 4422 605 4490; x_wconf 89' lang='lat' dir='ltr'>post</span> <span class='ocrx_word' id='word_1_513' title='bbox 644 4413 1007 4471; x_wconf 84' lang='lat' dir='ltr'>vocationem</span> <span class='ocrx_word' id='word_1_514' title='bbox 1048 4433 1228 4487; x_wconf 86' lang='lat' dir='ltr'>suam,</span> <span class='ocrx_word' id='word_1_515' title='bbox 1257 4432 1361 4489; x_wconf 88' lang='lat' dir='ltr'>per</span> <span class='ocrx_word' id='word_1_516' title='bbox 1387 4419 1558 4489; x_wconf 77' lang='lat' dir='ltr'>quam</span> <span class='ocrx_word' id='word_1_517' title='bbox 1589 4412 1901 4470; x_wconf 88' lang='lat' dir='ltr'>subsistere</span> <span class='ocrx_word' id='word_1_518' title='bbox 1943 4410 2126 4487; x_wconf 87' lang='lat' dir='ltr'>possit</span> <span class='ocrx_word' id='word_1_519' title='bbox 2154 4428 2342 4466; x_wconf 85' lang='lat' dir='ltr'>eoram</span> <span class='ocrx_word' id='word_1_520' title='bbox 2365 4409 2588 4485; x_wconf 90' lang='lat' dir='ltr'>judicio</span> <span class='ocrx_word' id='word_1_521' title='bbox 2614 4408 2759 4484; x_wconf 88' lang='lat' dir='ltr'>Dei;</span> 
     </span>
     <span class='ocr_line' id='line_1_52' title="bbox 350 4488 2763 4571; baseline -0.002 -21"><span class='ocrx_word' id='word_1_522' title='bbox 350 4513 467 4551; x_wconf 87' lang='lat' dir='ltr'>non</span> <span class='ocrx_word' id='word_1_523' title='bbox 495 4501 686 4569; x_wconf 87' lang='lat' dir='ltr'>potest</span> <span class='ocrx_word' id='word_1_524' title='bbox 704 4492 1010 4571; x_wconf 86' lang='lat' dir='ltr'>justificari</span> <span class='ocrx_word' id='word_1_525' title='bbox 1039 4493 1151 4550; x_wconf 89' lang='lat' dir='ltr'>nisi</span> <span class='ocrx_word' id='word_1_526' title='bbox 1172 4494 1230 4550; x_wconf 90' lang='lat' dir='ltr'>in</span> <span class='ocrx_word' id='word_1_527' title='bbox 1261 4493 1302 4551; x_wconf 88' lang='lat' dir='ltr'>J</span> <span class='ocrx_word' id='word_1_528' title='bbox 1307 4512 1409 4550; x_wconf 88' lang='lat' dir='ltr'>esu</span> <span class='ocrx_word' id='word_1_529' title='bbox 1440 4493 1669 4550; x_wconf 88' lang='lat' dir='ltr'>Christo</span> <span class='ocrx_word' id='word_1_530' title='bbox 1701 4491 1951 4550; x_wconf 90' lang='lat' dir='ltr'>Domino</span> <span class='ocrx_word' id='word_1_531' title='bbox 1980 4499 2195 4564; x_wconf 91' lang='lat' dir='ltr'>nostro,</span> <span class='ocrx_word' id='word_1_532' title='bbox 2221 4489 2321 4565; x_wconf 91' lang='lat' dir='ltr'>qui</span> <span class='ocrx_word' id='word_1_533' title='bbox 2349 4488 2458 4546; x_wconf 84' lang='lat' dir='ltr'>fuit</span> <span class='ocrx_word' id='word_1_534' title='bbox 2486 4488 2763 4546; x_wconf 85' lang='lat' dir='ltr'>obediens</span> 
     </span>
     <span class='ocr_line' id='line_1_53' title="bbox 353 4569 2759 4648; baseline -0.002 -16"><span class='ocrx_word' id='word_1_535' title='bbox 353 4574 479 4632; x_wconf 90' lang='lat' dir='ltr'>Deo</span> <span class='ocrx_word' id='word_1_536' title='bbox 511 4573 666 4631; x_wconf 88' lang='lat' dir='ltr'>Patri</span> <span class='ocrx_word' id='word_1_537' title='bbox 697 4574 772 4631; x_wconf 90' lang='lat' dir='ltr'>ab</span> <span class='ocrx_word' id='word_1_538' title='bbox 800 4573 1039 4631; x_wconf 87' lang='lat' dir='ltr'>introitu</span> <span class='ocrx_word' id='word_1_539' title='bbox 1065 4573 1127 4630; x_wconf 90' lang='lat' dir='ltr'>in</span> <span class='ocrx_word' id='word_1_540' title='bbox 1148 4571 1425 4631; x_wconf 89' lang='lat' dir='ltr'>mundum</span> <span class='ocrx_word' id='word_1_541' title='bbox 1453 4592 1636 4648; x_wconf 88' lang='lat' dir='ltr'>usque</span> <span class='ocrx_word' id='word_1_542' title='bbox 1667 4571 1741 4629; x_wconf 89' lang='lat' dir='ltr'>ad</span> <span class='ocrx_word' id='word_1_543' title='bbox 1769 4579 2011 4629; x_wconf 89' lang='lat' dir='ltr'>mortem</span> <span class='ocrx_word' id='word_1_544' title='bbox 2034 4569 2477 4646; x_wconf 87' lang='lat' dir='ltr'>ignominiosam</span> <span class='ocrx_word' id='word_1_545' title='bbox 2518 4569 2719 4627; x_wconf 86' lang='lat' dir='ltr'>Crucis</span> <span class='ocrx_word' id='word_1_546' title='bbox 2744 4591 2759 4628; x_wconf 70' lang='grc' dir='ltr'><strong>ι</strong></span> 
     </span>
     <span class='ocr_line' id='line_1_54' title="bbox 351 4648 2758 4732; baseline -0.001 -22"><span class='ocrx_word' id='word_1_547' title='bbox 351 4653 587 4732; x_wconf 87' lang='lat' dir='ltr'>impleta</span> <span class='ocrx_word' id='word_1_548' title='bbox 615 4652 863 4729; x_wconf 88' lang='lat' dir='ltr'>perfecte</span> <span class='ocrx_word' id='word_1_549' title='bbox 893 4652 951 4709; x_wconf 88' lang='lat' dir='ltr'>in</span> <span class='ocrx_word' id='word_1_550' title='bbox 975 4653 1098 4710; x_wconf 84' lang='lat' dir='ltr'>vita</span> <span class='ocrx_word' id='word_1_551' title='bbox 1139 4661 1197 4711; x_wconf 90' lang='lat' dir='ltr'>et</span> <span class='ocrx_word' id='word_1_552' title='bbox 1239 4661 1422 4711; x_wconf 86' lang='lat' dir='ltr'>morte</span> <span class='ocrx_word' id='word_1_553' title='bbox 1452 4671 1572 4725; x_wconf 89' lang='lat' dir='ltr'>sua,</span> <span class='ocrx_word' id='word_1_554' title='bbox 1617 4660 1740 4710; x_wconf 88' lang='lat' dir='ltr'>tota</span> <span class='ocrx_word' id='word_1_555' title='bbox 1784 4651 1940 4728; x_wconf 87' lang='lat' dir='ltr'>Lege</span> <span class='ocrx_word' id='word_1_556' title='bbox 1969 4648 2300 4708; x_wconf 87' lang='lat' dir='ltr'>hominibus</span> <span class='ocrx_word' id='word_1_557' title='bbox 2330 4648 2482 4724; x_wconf 86' lang='lat' dir='ltr'>data,</span> <span class='ocrx_word' id='word_1_558' title='bbox 2514 4658 2573 4707; x_wconf 86' lang='lat' dir='ltr'>et</span> <span class='ocrx_word' id='word_1_559' title='bbox 2600 4668 2758 4708; x_wconf 89' lang='lat' dir='ltr'>man-</span> 
     </span>
    </p>
   </div>
  </div>
 </body>
</html>
