3221 5200
545 337 664 395 448
1315 352 1497 393 Locus
1526 351 1784 393 nncmus
1813 351 2084 400 omnive.
2606 336 2857 415 [QuAEs‘r.
2891 358 2957 399 11.

552 495 798 553 Sanctus
839 492 932 551 his
978 492 1162 552 utitur
1200 506 1339 569 erga
1381 494 1616 551 Electos
1656 502 1926 568 tanquam
1984 492 2219 552 motivis
2262 494 2738 556 convenientibus
2791 498 2958 575 inge-

546 574 644 631 nio
698 574 949 632 humano
992 572 1065 630 ad
1121 591 1317 631 earum
1372 572 1805 630 conversionem
1859 572 2281 649 peragendam:
2353 574 2447 631 Ita
2486 595 2602 633 non
2657 577 2772 635 alio
2826 578 2959 636 vult

540 648 823 711 inservire
873 652 1027 729 apud
1075 672 1190 725 eos,
1242 671 1388 727 quos
1419 653 1580 710 Deus
1623 671 1741 709 non
1773 652 2021 709 intendit
2048 662 2380 712 convertere
2410 664 2468 712 et
2495 663 2630 713 actu
2671 656 2957 716 deducere

549 732 623 789 ad
651 733 913 805 salutem,
945 752 1118 808 quam
1146 732 1350 808 partim
1380 732 1454 788 ad
1483 731 1897 789 ostendendam
1924 733 2304 790 necessariam
2354 735 2772 794 connexionem
2819 736 2958 795 fidei

547 820 607 870 et
629 813 849 886 salutis,
880 811 1087 888 partim
1117 810 1191 868 ad
1218 810 1351 867 illos
1376 810 1802 869 inexcusabiles
1828 811 2202 887 praestandos.

626 892 817 949 XXI.
865 891 1139 948 Invitatio
1169 889 1245 946 ad
1271 890 1518 965 nuptias,
1550 910 1680 966 quae
1728 890 2066 966 proponitur
2112 891 2174 947 in
2199 892 2490 967 parabola,
2523 894 2734 953 Matth.
2777 894 2946 969 xxii„

548 972 717 1030 docet
761 970 992 1046 quidem
1022 970 1244 1045 Regem
1292 969 1459 1043 velle,
1500 970 1580 1028 id.
1623 969 1932 1046 praecipere
1981 978 2038 1028 et
2081 980 2308 1046 gratum
2352 972 2583 1047 habere,
2613 982 2680 1031 ut
2720 974 2953 1033 invitati

549 1050 800 1121 veniant,
833 1058 891 1107 et
933 1050 1044 1107 hoc
1093 1069 1219 1107 esse
1268 1049 1522 1125 ipsorum
1551 1049 1835 1122 officium3
1888 1049 2005 1107 Sed
2046 1069 2164 1108 non
2209 1050 2432 1127 Regem
2492 1052 2805 1126 intendere,
2856 1054 2954 1111 vel

550 1129 893 1203 decrevisse,
923 1137 990 1188 ut
1017 1129 1206 1205 reipsa
1232 1129 1469 1187 veniant
1492 1152 1506 1203 ;
1551 1129 1695 1187 alias
1723 1129 1977 1186 dedisset
2017 1129 2159 1206 ipsis
2205 1131 2361 1188 vires
2389 1131 2465 1188 ad
2492 1131 2858 1206 veniendum,
2890 1141 2951 1191 et

549 1228 648 1266 cor
684 1207 978 1283 flexisset3
1024 1209 1180 1285 quod
1209 1229 1337 1266 cum
1361 1229 1474 1266 non
1504 1209 1718 1281 fecerit,
1765 1210 1995 1285 signum
2017 1218 2106 1267 est
2133 1210 2514 1268 certissimum
2563 1212 2816 1270 noluisse
2853 1231 2953 1271 eos

547 1288 659 1346 hoc
686 1297 854 1364 pacto
909 1289 1125 1348 venire.
1212 1289 1265 1345 N
1269 1309 1333 1347 ec
1379 1288 1610 1364 quando
1654 1288 1923 1346 dicuntur
1978 1290 2165 1347 omnia
2202 1299 2442 1365 parata,
2498 1291 2635 1350 Luc.
2669 1292 2791 1350 xiv.
2854 1294 2946 1368 17,

550 1368 743 1426 statim
771 1368 1029 1426 innuitur
1054 1368 1298 1426 intentio
1330 1369 1439 1425 Dei
1469 1368 1540 1426 de
1569 1367 1800 1425 danda‘
1785 1368 1926 1443 ipsis
1968 1369 2170 1442 salute,
2216 1369 2319 1427 sed
2347 1378 2568 1428 tantum
2612 1369 2954 1429 sufficientia

552 1447 829 1504 Sacrificii
872 1447 1103 1520 Christi,
1135 1448 1271 1523 quia
1298 1467 1332 1504 a
1364 1448 1488 1505 Deo
1515 1455 1870 1523 praeparatus
1898 1457 2002 1520 est,
2034 1457 2092 1506 et
2120 1414 2392 1506 oblatus
2377 1469 2437 1507 m
2467 1449 2648 1508 Cruce
2677 1459 2951 1527 tanquam

550 1526 804 1584 Victima
831 1526 1019 1584 meriti
1040 1526 1250 1586 infiniti
1291 1526 1365 1583 ad
1393 1526 1681 1602 expianda
1707 1535 1943 1602 peccata
1991 1528 2304 1601 hominum,
2336 1537 2395 1587 et
2422 1528 2497 1586 ad
2544 1530 2954 1604 acquirendam

547 1605 791 1663 salutem
819 1606 1084 1664 omnibus
1102 1626 1231 1663 cum
1254 1614 1416 1664 veste
1434 1606 1679 1681 nuptiali
1697 1605 2059 1664 venientibus
2081 1616 2139 1665 et
2160 1607 2626 1684 confugientibus
2647 1608 2757 1665 ad
2742 1629 2950 1685 ipsum,

545 1684 625 1743 id.
655 1704 790 1742 vere
837 1685 1204 1743 credentibus
1253 1693 1311 1743 et
1358 1685 1790 1762 poenitentibuS,
1837 1705 1909 1742 ne
1938 1686 2092 1743 ullus
2137 1686 2442 1745 dubitandi
2486 1687 2557 1745 de
2602 1688 2849 1746 veritate
2889 1699 2954 1747 et

542 1763 891 1841 perfectione
917 1766 1045 1842 ejus
1076 1764 1485 1823 satisfactionis
1512 1764 1676 1823 locus
1694 1764 1960 1841 supersit.

629 1844 852 1901 XXII.
899 1844 1176 1917 Quamvis
1206 1845 1446 1903 intentio
1498 1844 1802 1902 Pastorum
1852 1843 2182 1903 vocantium
2235 1844 2545 1903 conformis
2574 1864 2699 1904 esse
2743 1846 2957 1906 debeat

541 1924 845 1982 intentioni
876 1924 1003 1998 Dei,
1036 1945 1070 1982 a
1097 1944 1211 2000 quo
1260 1925 1566 1983 mittuntur
1613 1924 1688 1981 ad
1730 1924 1991 1982 homines
2035 1925 2364 2000 vocandos3
2428 1925 2498 1982 In
2541 1945 2610 1983 eo
2659 1925 2815 2002 quod
2863 1934 2951 1984 te·

541 2013 750 2062 nentur
790 2024 863 2061 ex
895 2004 1092 2062 ordine
1125 2004 1234 2061 Dei
1276 2024 1474 2062 omnes
1503 2004 1793 2062 auditores
1835 2024 1970 2061 suos
1997 2005 2319 2079 promiscue
2368 2005 2612 2063 invitare
2641 2005 2716 2063 ad
2743 2005 2946 2083 resipi-

542 2084 818 2141 scentiam
867 2091 926 2141 et
973 2083 1047 2141 ad
1087 2083 1276 2157 fidem,
1324 2093 1598 2160 tanquam
1646 2084 1875 2141 unicam
1926 2083 2128 2141 salutis
2172 2085 2345 2159 viam,
2388 2091 2447 2141 et
2493 2084 2584 2143 his
2624 2085 2828 2162 positis
2870 2085 2948 2143 ad

544 2162 834 2238 salutem;
880 2172 938 2221 et
986 2163 1143 2239 quod
1190 2182 1305 2221 non
1344 2163 1502 2222 aliud
1543 2163 1840 2221 intendere
1887 2162 2115 2237 debent,
2167 2184 2340 2239 quam
2384 2163 2778 2223 collectionem
2830 2165 2946 2222 Ec·

539 2242 748 2316 elesiae,
780 2262 884 2300 seu
912 2242 1155 2300 salutem
1199 2244 1548 2317 Electorum,
1580 2242 1656 2300 ad
1697 2262 1871 2319 quam
1912 2242 2325 2301 conficiendam
2368 2252 2502 2301 sunt
2559 2243 2670 2302 Dei
2710 2251 2948 2314 emngya:

542 2321 760 2380 Tamen
790 2323 848 2379 in
878 2341 946 2379 eo
995 2322 1169 2380 etiam
1198 2322 1484 2397 differunt,
1516 2322 1672 2398 quod
1720 2323 1879 2380 Deus
1929 2323 2242 2381 omniscius
2280 2322 2549 2382 distincte
2591 2323 2755 2381 novit
2798 2322 2954 2380 inter

540 2402 832 2460 auditores
863 2402 1188 2477 Evangelii,
1221 2402 1454 2478 quinam
1484 2403 1599 2460 sint
1645 2402 1850 2475 Electi‚
1899 2411 1957 2460 et
1997 2403 2230 2477 quinam
2275 2403 2547 2478 Reprobi.
2634 2403 2778 2460 Illos
2806 2421 2949 2460 vero

540 2482 696 2539 solos
710 2482 1007 2557 sigillatim
1021 2481 1163 2539 velit
1181 2501 1427 2554 servare,
1444 2482 1585 2538 istos
1605 2500 1743 2537 vero
1762 2500 1895 2538 non.
1928 2481 2183 2539 Ministri
2201 2501 2340 2539 vero
2362 2481 2621 2540 destituti
2644 2482 2745 2539 illa
2763 2481 2948 2538 scien-

539 2561 624 2619 tia
650 2560 912 2619 nesciunt
960 2579 1205 2636 quorum
1248 2560 1422 2619 saluti
1464 2578 1763 2618 cessurum
1792 2560 1867 2618 sit
1913 2560 2293 2619 ministerium
2324 2580 2507 2635 suum,
2540 2581 2657 2620 non
2687 2561 2949 2619 valentes

540 2640 894 2715 distinguere
940 2639 1089 2696 inter
1137 2639 1370 2696 Electos
1414 2646 1472 2695 et
1519 2639 1836 2730 Reprobos‚
1887 2640 2032 2696 bene
2076 2640 2396 2697 ominantes
2438 2660 2512 2696 ex
2555 2641 2834 2699 charitate
2876 2641 2951 2700 de

539 2719 822 2781 omnibus
853 2737 959 2774 nec
978 2716 1254 2774 audentes
1276 2715 1538 2792 judicare
1568 2717 1639 2774 de
1670 2717 2009 2792 cujusquam
2031 2717 2447 2793 reprobatione.
2532 2718 2674 2776 Ideo
2703 2721 2947 2793 promis·

540 2816 644 2854 cue
687 2806 745 2853 et
792 2795 1289 2852 indiscriminatim
1338 2813 1537 2852 omnes
1580 2795 1836 2853 Vocatos
1878 2795 2249 2871 alloquuntur
2276 2794 2448 2852 etiam
2478 2815 2551 2852 ex
2583 2796 2784 2856 ordine
2816 2800 2946 2874 Dei,

538 2896 655 2934 non
677 2875 917 2933 aliorum
936 2882 1127 2932 tamen
1148 2875 1389 2931 salutem
1408 2873 1777 2947 intendendo,
1804 2894 1974 2951 quam
2006 2875 2338 2933 Electorum
2366 2873 2441 2931 ad
2469 2875 2651 2933 instar
2682 2876 2812 2935 Dei.
2860 2881 2956 2938 Ita

540 2955 730 3013 nihil
716 2974 775 3011 m
802 2956 911 3012 hoc
939 2953 1257 3012 ministerio
1285 2962 1578 3029 praestant,
1609 2954 1768 3046 quod
1808 2974 1923 3012 non
1951 2953 2312 3032 respondeat,
2346 2961 2404 3012 et
2451 2955 2742 3028 mandato,
2775 2966 2834 3014 et
2861 2958 2950 3014 in-

541 3035 782 3095 tentioni
808 3034 955 3110 Dei;
1000 3033 1134 3092 licet
1180 3034 1339 3092 Deus
1371 3034 1603 3093 Decreti
1645 3034 1736 3093 sui
1763 3034 2044 3110 conscius,
2088 3034 2374 3094 ulterius
2361 3034 2501 3111 ipsis
2530 3036 2949 3112 progrediatur,

542 3126 600 3175 et
628 3115 897 3174 distincte
926 3115 1132 3173 horum
1161 3115 1257 3173 vel
1303 3115 1533 3173 illorum
1564 3115 1998 3174 conversionem
2027 3123 2084 3173 et
2128 3115 2388 3190 salutem,
2421 3117 2517 3173 vel
2541 3115 2949 3174 inexcusabili-

540 3206 735 3269 tatem,
767 3196 1047 3254 intendat.

626 3276 886 3334 XXIII.
934 3276 1358 3334 Consolationis
1411 3275 1849 3335 fundamentum
1915 3295 2033 3333 non
2099 3273 2479 3333 labefactatur
2546 3274 2605 3332 in
2661 3276 2950 3351 praeconio

548 3355 873 3430 Evangelii,
925 3356 1034 3413 etsi
1063 3356 1326 3430 quaedam
1356 3356 1430 3413 sit
1469 3355 1776 3414 diversitas
1825 3355 1976 3412 inter
2002 3354 2376 3412 intentionem
2431 3354 2540 3411 Dei
2590 3364 2647 3412 et
2678 3354 2949 3412 Ministri.

549 3435 698 3524 Quia
727 3432 934 3491 sufficit
962 3433 1036 3490 ad
1065 3454 1191 3490 eam
1222 3433 1590 3508 fundandam,
1624 3434 1781 3509 quod
1802 3435 2150 3492 conveniant
2178 3433 2236 3490 in
2265 3434 2519 3508 generali
2550 3433 2862 3492 intentione
2892 3442 2951 3492 et

547 3512 817 3587 primario
848 3530 1019 3586 scopo
1049 3512 1363 3586 colligendi
1394 3512 1519 3568 Deo
1551 3513 1888 3582 Ecclesiam,
1921 3532 2090 3603 quam
2124 3512 2444 3571 sanctificet
2473 3521 2530 3570 et
2559 3513 2856 3589 glorificet,
2889 3523 2948 3571 et

548 3587 839 3647 vocandi'
825 3608 885 3644 ιιι
913 3609 1044 3646 eum
1073 3590 1245 3646 finem
1289 3589 1363 3646 ad
1393 3590 1637 3647 salutem
1666 3609 1864 3647 omnes
1894 3591 2294 3666 resipiscentes
2343 3601 2401 3650 et
2443 3592 2758 3650 credentes.
2844 3592 2948 3649 Di-

550 3668 795 3726 versitas
818 3687 972 3743 vem,
998 3687 1127 3744 quae
1149 3667 1397 3726 occurrit
1416 3669 1568 3726 circa
1589 3669 1975 3744 cognitionem
1989 3669 2416 3728 individuorum
2443 3671 2840 3748 Reproborum
2853 3672 2950 3730 vel

554 3748 902 3821 Electorum,
934 3768 1080 3824 quos
1110 3748 1270 3806 Deus
1312 3747 1469 3804 solus
1496 3747 1678 3822 novit,
1709 3755 1767 3805 et
1793 3766 1909 3805 non
1930 3748 2194 3824 ministri,
2217 3751 2664 3809 consolationem
2694 3760 2951 3809 evertere

549 3849 667 3887 non
715 3835 920 3905 potest,
968 3828 1063 3887 vel
1090 3827 1504 3904 desperationis
1533 3829 1754 3904 justam
1803 3847 2033 3886 causam
2071 3829 2343 3905 praebere,
2401 3849 2518 3887 non
2565 3831 2751 3906 magis
2780 3849 2951 3923 quam

550 3908 847 3969 electionis
875 3908 1311 3985 particularitas,
1343 3918 1399 3966 et
1427 3908 1782 3967 immutabile
1803 3908 2245 3984 Reprobationis
2275 3910 2601 3968 Decretum.
2672 3910 2756 3968 Ut
2799 3910 2949 3967 enim

548 3988 792 4049 intentio
814 3989 924 4046 Dei
944 4009 1057 4046 non
1081 3999 1185 4064 est,
1209 3989 1452 4047 rescisso
1464 3988 1880 4065 reprobationis
1895 3988 2158 4063 Decret0,
2177 3989 2451 4064 reprobos
2472 4009 2574 4065 per
2595 3990 2953 4047 vocationem

552 4070 631 4128 ad
655 4068 1111 4127 communionem
1142 4089 1303 4127 suam
1326 4068 1667 4128 admittere:
1713 4068 1804 4126 Ita
1831 4088 1937 4126 nec
1966 4088 2035 4126 ea
2057 4087 2183 4126 esse
2216 4068 2611 4126 Ministrorum
2632 4068 2820 4143 debet,
2852 4069 2951 4144 qui

551 4169 668 4207 non
696 4148 937 4206 aliorum
966 4149 1209 4225 proprie,
1241 4168 1412 4225 quam
1442 4149 1773 4207 Electorum
1804 4148 2045 4205 salutem
2076 4147 2288 4206 debent
2331 4147 2643 4222 intendere,
2685 4147 2952 4223 quamvis

551 4249 626 4287 ex
656 4226 840 4285 officio
870 4227 1182 4302 charitatis,
1214 4229 1455 4286 aliorum
1501 4228 1744 4286 salutem
1786 4227 1958 4285 etiam
1986 4235 2230 4303 possunt
2257 4235 2470 4304 optare,
2497 4237 2554 4285 et
2582 4236 2861 4303 quantum
2890 4227 2952 4285 in

551 4328 613 4368 se
642 4314 731 4365 est
757 4326 1113 4382 promovere.

628 4386 880 4445 XXIV.
926 4385 1109 4444 Aliud
1137 4394 1225 4444 est
1256 4386 1442 4444 Deum
1471 4386 1724 4445 indicare
1753 4385 1951 4443 Verbo
1975 4404 2078 4442 suo
2106 4384 2278 4442 etiam
2296 4405 2411 4444 non
2435 4385 2754 4460 credituris,
2773 4385 2948 4443 fidem

546 4474 605 4525 et
633 4465 1081 4541 resipiscentiam
1111 4484 1237 4522 esse
1266 4466 1582 4523 certissima
1609 4474 1668 4524 et
1695 4464 2019 4522 infallibilia
2045 4464 2234 4521 media
2262 4465 2463 4523 salutis
2492 4465 2950 4541 consequendae;

547 4545 732 4603 Aliud
762 4544 947 4602 Deum
977 4544 1124 4603 hanc
1153 4543 1334 4602 Verbi
1363 4545 1450 4602 sui
1480 4543 1925 4603 declarationem
1953 4550 2249 4601 externam
2278 4544 2431 4620 apud
2472 4565 2589 4602 non
2631 4545 2953 4603 credituros

542 4623 726 4682 facere
757 4624 814 4679 in
844 4642 974 4681 eum
1000 4622 1192 4699 finem,
1223 4631 1288 4682 ut
1315 4623 1550 4681 credant
1578 4632 1710 4694 actu
1732 4630 1789 4681 et
1818 4629 2135 4681 serventur.
2226 4623 2286 4682 Si
2317 4623 2466 4682 enim
2488 4623 2639 4683 hunc
2657 4623 2829 4683 finem
2860 4643 2952 4682 se·-
