3221 5200
536 332 650 387 638
1328 343 1518 382 Locus
1550 343 1815 383 nacmus
1848 342 2159 382 serrnm‘S.
2608 324 2862 403 [QcAEsr.
2899 343 2952 382 ν.

534 488 856 546 aestimator
883 483 1096 552 meriti,
1127 484 1229 540 sed
1258 482 1447 538 veniae
1475 481 1726 554 largitor
1752 483 2059 540 admitte.”
2146 483 2452 539 Adrianus
2483 481 2646 556 Papa
2672 482 2950 538 arundini

529 568 735 623 fractae
781 571 840 620 et
886 581 1129 619 manum
1160 561 1498 617 vulneranti
1526 561 1673 617 dicit
1699 560 1893 629 inniti,
1923 561 2027 634 qui
2056 561 2117 617 in
2158 561 2394 635 propria
2422 561 2663 617 confidit
2694 560 2949 634 justitia.

536 644 709 717 Vega
735 649 869 716 post
906 642 1197 698 Thomam
1232 639 1594 695 Valdensem
1640 657 1839 712 opusc.
1869 640 1944 695 de
1987 639 2177 696 merit.
2209 660 2265 713 q.
2295 641 2371 711 4.,
2419 644 2452 673 “
2482 639 2596 696 Ille
2637 647 2724 694 est
2753 638 2951 695 sanior

534 722 939 795 Theologus‚’'
970 720 1182 792 inquit,
1215 725 1248 751 “
1268 717 1501 772 fidelior
1532 717 1889 785 CatholicuS,
1912 724 1972 774 et
2001 717 2059 775 S.
2087 717 2403 791 Scripturis
2432 717 2620 791 magis
2641 724 2951 774 consenta-

536 820 700 870 neuS,
725 799 827 874 qui
857 798 1069 855 merita
1097 795 1439 869 simpliciter
1465 795 1780 869 abnegat.”
1851 795 2030 852 Unde
2062 796 2342 853 Bellarni.
2374 797 2475 852 lib.
2507 815 2560 852 V.
2591 796 2665 851 de
2694 795 2734 851 J
2743 795 2948 852 ustific.

536 899 661 954 cap.
693 880 747 941 7.
780 894 1015 952 propos,
1047 877 1102 943 3,
1133 881 1192 930 et
1237 880 1375 946 post
1424 891 1561 931 eum
1610 873 1850 930 Tirinus
1897 881 2080 930 contr.
2136 875 2226 944 16,
2275 894 2437 931 num.
2473 874 2563 944 12,
2593 892 2662 929 eo
2706 875 2947 930 tandem

530 960 783 1014 redeunt
827 955 1103 1012 omnibus
1148 951 1439 1024 expensis,
1471 959 1539 1008 ut
1586 953 1806 1022 dicant,
1838 959 2131 1027 “propter
2164 953 2653 1029 incertitudinem
2693 952 2946 1025 propriae

526 1036 779 1109 justitiae
809 1041 867 1090 et
914 1031 1244 1106 periculum
1282 1029 1475 1087 inanis
1520 1031 1746 1103 gloriae,
1777 1031 2138 1087 tutissimum
2166 1050 2289 1088 esse
2318 1032 2377 1086 in
2409 1032 2538 1088 sola
2563 1029 2949 1086 misercordia

534 1115 664 1183 Dei,
696 1121 755 1169 et
782 1109 1146 1182 benignitate
1173 1108 1453 1165 fiduciam
1482 1128 1651 1166 suam
1693 1111 2035 1183 reponere.”
2122 1111 2209 1168 At
2237 1109 2286 1165 si
2309 1111 2421 1166 hoc
2451 1127 2585 1165 vere
2613 1108 2847 1177 dicitur,
2878 1114 2946 1164 ut

532 1192 776 1249 omnino
827 1187 1203 1243 verissimum
1255 1195 1360 1257 est,
1411 1205 1519 1243 cur
1567 1206 1689 1244 non
1728 1207 1790 1243 se
1837 1187 1926 1243 illi
1980 1188 2245 1263 periculo
2302 1187 2492 1244 inanis
2544 1187 2750 1260 gloriae
2806 1186 2944 1242 sub-

528 1268 785 1334 ducturi‚
819 1264 1220 1322 Pharisai‘cam
1268 1264 1435 1322 illam
1476 1266 1551 1321 de
1592 1265 1819 1322 meritis
1860 1267 2201 1339 opinionem
2244 1266 2481 1338 penitus
2521 1267 2846 1339 deponunt,
2877 1269 2948 1322 ut

528 1346 767 1403 unicam
785 1343 1108 1418 justitiam,
1140 1362 1271 1416 quae
1300 1351 1388 1400 est
1415 1362 1491 1400 ex
1518 1345 1635 1399 fide
1667 1343 1902 1416 Christi,
1935 1351 2232 1400 sectentur
2258 1362 2394 1399 cum
2427 1342 2636 1411 Paulo,
2669 1341 2825 1399 Phil.
2857 1342 2940 1399 iii.

527 1426 609 1481 92
700 1421 822 1480 Cur
869 1439 986 1476 non
1046 1421 1372 1493 patiuntur,
1425 1429 1494 1478 ut
1546 1421 1892 1476 meritorum
1948 1440 2092 1477 voce
2145 1429 2206 1477 et
2261 1422 2534 1476 doctrina
2586 1421 2781 1488 missa,
2833 1420 2941 1476 uni

528 1501 746 1560 Christi
791 1499 999 1555 merito
1044 1499 1387 1566 innitamur,
1418 1506 1479 1554 et
1505 1498 1565 1553 in
1595 1499 1724 1553 sola
1763 1497 1873 1553 Dei
1919 1498 2321 1554 misericordia
2366 1497 2645 1553 fiduciam
2695 1515 2943 1569 repona-

523 1599 674 1652 mus,
706 1579 756 1635 si
785 1580 897 1634 hoc
924 1577 1000 1635 sit
1025 1576 1389 1634 tutissimum
1412 1579 1436 1633 ἓ
1493 1576 1582 1632 At
1627 1575 1800 1631 nobis
1828 1575 2216 1632 constitutum
2264 1583 2354 1630 est
2381 1575 2544 1648 quod
2573 1574 2940 1631 tutissimum

527 1666 702 1717 estse
746 1658 826 1714 ui.

605 1679 997 1794 XXIXVIII.
1043 1735 1184 1791 Huc
1227 1731 1521 1806 pertinent
1564 1733 1801 1806 publicet
1841 1730 2135 1789 Fomulae
2182 1739 2436 1804 aegrotos
2462 1737 2528 1786 et
2556 1730 2942 1803 agonizantes

522 1815 800 1873 visitandi
830 1821 889 1871 et
916 1812 1262 1870 consolandi
1293 1811 1355 1866 in
1401 1809 1557 1867 Ecel.
1592 1811 1703 1868 Ro.
1735 1811 1986 1880 usitatae,
2016 1829 2152 1885 quae
2201 1809 2533 1866 doctrinam
2576 1815 2838 1865 nostram
2866 1811 2941 1865 de

524 1896 738 1963 salute,
768 1911 887 1950 non
917 1910 991 1947 ex
1020 1890 1314 1964 operibuS,
1346 1890 1446 1944 sed
1476 1907 1582 1962 per
1609 1891 1800 1947 solam
1833 1887 1946 1946 Dei
1975 1888 2434 1946 misericordiam
2464 1887 2791 1943 obtinenda
2818 1905 2935 1943 non

521 1974 767 2030 obscure
796 1971 1165 2036 confirmant,
1196 1969 1350 2024 inter
1394 1985 1544 2040 quas
1586 1986 1660 2024 ea
1702 1987 1836 2042 quse
1869 1968 2160 2025 Anselmo
2204 1966 2488 2024 tribuitur
2536 1965 2937 2021 memorabilis

519 2058 643 2120 est3
686 2049 848 2106 Nam
879 2049 1033 2103 inter
1075 2044 1589 2119 interrogationes,
1620 2064 1768 2120 quas
1809 2047 2133 2120 praescribit
2177 2044 2423 2101 infirmis
2452 2052 2510 2100 et
2552 2043 2613 2098 in
2662 2043 2938 2099 extremis

521 2127 857 2185 constitutis
906 2125 1224 2193 faciendas,
1256 2125 1384 2179 haec
1411 2130 1503 2179 est
1530 2132 1831 2181 extrema:
1878 2133 1909 2158 ‘⁶
1938 2124 2142 2182 Credis
2191 2131 2250 2180 te
2294 2141 2413 2179 non
2458 2140 2626 2195 posse
2670 2120 2785 2176 nisi
2834 2139 2937 2194 per

518 2214 773 2263 mortem
798 2204 1015 2263 Christi
1033 2202 1325 2260 salvari3’'
1351 2200 1697 2275 Respondet
1720 2202 2003 2271 infirmuS,
2036 2211 2070 2236 ‘⁶
2087 2202 2286 2259 Etiam
2306 2201 2362 2274 ;''
2394 2200 2562 2256 Tunc
2585 2199 2672 2255 illi
2696 2199 2932 2267 dicitur,

519 2291 556 2318 “
578 2285 714 2358 Age
742 2301 904 2356 ergO,
935 2283 1081 2338 dum
1111 2286 1378 2355 superest
1403 2279 1465 2334 in
1495 2288 1553 2336 te
1581 2279 1800 2348 anima,
1832 2280 1889 2336 in
1922 2283 2033 2337 hac
2062 2283 2191 2338 sola
2232 2285 2419 2336 morte
2460 2278 2741 2334 fiduciam
2769 2285 2932 2334 tuam

519 2362 832 2428 constitue,
857 2361 917 2416 in
948 2361 1119 2417 nulla
1146 2359 1265 2416 alia
1292 2375 1355 2413 re
1382 2357 1662 2414 fiduciam
1692 2359 1845 2415 habe
1869 2380 1882 2427 3
1927 2360 2066 2415 huic
2096 2359 2274 2415 morti
2305 2365 2361 2413 te
2391 2363 2584 2413 totum
2613 2356 2934 2423 committe,

519 2442 630 2497 hac
659 2441 787 2496 sola
814 2447 872 2496 te
900 2446 1093 2495 totum
1123 2443 1385 2507 contege,
1407 2433 1511 2491 &c
1601 2435 1680 2491 Et
1701 2436 1750 2491 si
1782 2436 2078 2494 Dominus
2100 2437 2267 2493 Deus
2287 2435 2543 2492 voluerit
2565 2442 2620 2491 te
2641 2433 2934 2507 judicare,

462 2571 477 2588 ,
517 2519 631 2587 dic,
663 2517 939 2585 Domine,
969 2523 1219 2572 mortem
1250 2513 1493 2571 Domini
1522 2514 1708 2569 nostri
1737 2513 1778 2571 J
1783 2532 1887 2570 esu
1919 2513 2135 2572 Christi
2166 2513 2380 2587 objicio
2409 2513 2562 2568 inter
2589 2521 2664 2580 te,
2695 2519 2755 2567 et
2782 2512 2935 2569 inter

517 2616 631 2665 me,
674 2603 735 2652 et
783 2603 957 2651 tuum
976 2593 1272 2667 judicium
1302 2593 1353 2649 :”
1386 2594 1487 2648 &c
1574 2590 1820 2648 Consuli
1869 2593 2048 2650 etiam
2097 2599 2290 2667 potest
2342 2590 2506 2649 Ordo
2557 2590 2931 2665 Baptizandi‚

522 2673 793 2729 Venetiis
823 2673 1020 2727 editus
1050 2689 1186 2726 ann.
1223 2669 1391 2738 1575,
1421 2677 1481 2724 et
1513 2667 1974 2743 Praeceptorium
2024 2671 2084 2727 N
2090 2670 2264 2726 icolai
2312 2670 2387 2725 de
2438 2667 2602 2739 Lyra
2650 2686 2933 2724 excusum

520 2750 730 2807 Colon.
767 2748 936 2818 1499,
968 2748 1070 2803 ubi
1100 2747 1218 2802 alia
1247 2748 1306 2801 id
1337 2764 1528 2818 genus
1556 2747 1749 2803 multa
1776 2749 2075 2819 leguntur.

1116 2823 1420 2879 XXXIX.
1469 2822 1562 2878 Ex
1603 2824 1824 2896 quibus
1855 2825 1940 2881 ita
1979 2826 2186 2898 positis
2227 2824 2398 2880 facile
2440 2822 2745 2896 colligitur
2786 2824 2934 2898 quid

591 2893 909 2995 (ὶῑζῗζίΐϋξῇθ
1028 2903 1415 2959 statuendum
1444 2900 1520 2956 sit
1547 2901 1621 2955 de
1653 2900 2013 2973 Quaestione,
2037 2923 2173 2978 quae
2203 2903 2298 2958 hic
2325 2912 2597 2958 movetur
2624 2921 2661 2959 a
2690 2901 2935 2960 Pontifi-

636 2980 655 2994 ⁴
847 2982 883 2991 ‘'
1031 2981 1136 3038 ciis
1189 2980 1264 3035 de
1318 2978 1596 3035 Aureolis
1618 3002 1636 3035 :
1694 2981 1796 3037 An
1853 2982 2071 3039 dentur
2123 2982 2401 3039 Aureolae
2456 2980 2515 3036 in
2568 2980 2749 3050 emin,
2800 3000 2933 3055 quae

517 3061 876 3137 quibusdam
930 3060 1306 3134 assignentur
1359 3077 1479 3132 prae
1544 3060 1789 3130 caeteris,
1847 3067 1995 3134 puta
2050 3060 2418 3134 Virginibus,
2471 3060 2830 3116 Doctoribus
2876 3069 2937 3117 et

521 3139 928 3212 Martyribus?
974 3138 1126 3205 Quae
1150 3136 1443 3195 sententia
1464 3144 1552 3193 est
1569 3136 1817 3195 Thomae
1840 3147 1900 3195 et
1923 3139 2440 3197 scholasticorum.
2502 3137 2616 3194 Per
2637 3138 2935 3196 aureolam

517 3218 853 3291 significant
896 3218 1188 3292 gaudium
1237 3215 1544 3289 quoddam
1592 3217 1668 3272 de
1713 3218 2009 3291 operibuS,
2057 3238 2190 3293 quas
2236 3216 2577 3274 excellentis
2621 3216 2931 3289 cujusdam

517 3296 781 3353 victoriae
801 3296 1094 3353 rationem
1116 3295 1357 3363 habent,
1376 3301 1436 3350 et
1452 3294 1616 3369 quod
1639 3294 1716 3351 sit
1735 3295 2049 3369 praemium
2067 3296 2427 3353 accidentale
2449 3294 2722 3351 additum
2742 3314 2935 3351 aut-ece

518 3392 625 3431 seu
673 3374 920 3449 praemio
959 3373 1276 3441 essentiali,
1306 3372 1385 3427 id.
1416 3371 1659 3445 gaudio,
1690 3391 1812 3447 quo
1840 3374 1974 3447 quis
2023 3372 2098 3430 de
2146 3373 2562 3445 conjunctione
2610 3374 2687 3428 ad
2737 3374 2932 3430 Deum

516 3454 758 3524 gaudet.
845 3451 1333 3507 Fundamentum
1362 3457 1578 3522 petunt
1617 3467 1690 3505 ex
1719 3451 2005 3507 relatione
2043 3470 2260 3525 pugnas
2281 3452 2358 3506 ad
2386 3468 2687 3518 coronam,
2717 3470 2932 3525 pugnae

517 3529 677 3585 enim
694 3529 896 3583 deberi
918 3546 1231 3598 coronam3
1262 3526 1367 3582 ubi
1386 3544 1530 3598 ergo
1550 3528 1820 3600 specialis
1843 3529 1995 3585 ratio
2015 3547 2252 3602 pugnas,
2274 3528 2357 3583 ibi
2385 3528 2698 3599 specialem
2728 3530 2930 3584 deberi

518 3622 821 3673 coronam,
844 3622 978 3676 quae
1008 3604 1228 3659 dicitur
1256 3602 1535 3670 aureola;
1579 3612 1641 3659 et
1666 3622 1854 3677 quum
1883 3606 2093 3661 merito
2134 3607 2349 3663 debeat
2389 3606 2743 3675 respondere
2785 3624 2934 3678 prae-

520 3682 726 3751 mium,
756 3681 1120 3741 excellentiae
1149 3679 1345 3738 meriti
1389 3681 1748 3752 respondere
1804 3682 2019 3738 debere
2074 3681 2489 3739 excellentiam
2544 3681 2814 3755 aliquam
2872 3685 2932 3741 in

519 3760 784 3836 praemio,
815 3768 875 3816 et
902 3761 1057 3818 hanc
1084 3759 1281 3817 vocari
1310 3758 1634 3816 aureolam.

601 3839 733 3896 XL.
788 3838 904 3897 Sed
948 3838 1179 3895 vanitas
1226 3837 1400 3895 istius
1444 3836 1711 3910 figmenti
1754 3845 1935 3911 patet,
1981 3838 2033 3895 1.
2078 3836 2173 3894 Ex
2220 3838 2499 3896 omnibus
2545 3841 2934 3914 argumentis,

516 3917 736 3991 quibus
776 3917 1059 3974 meritum
1080 3917 1141 3973 in
1173 3918 1517 3973 universum
1543 3916 1946 3973 destruximus
1968 3937 1984 3985 ;
2028 3915 2189 3973 Nam
2218 3919 2381 3993 quod
2411 3925 2666 3993 negatur
2693 3920 2767 3975 de
2808 3927 2932 3976 toto

518 4014 751 4069 genere,
783 4004 1036 4069 negatur
1052 3996 1231 4052 etiam
1253 3996 1328 4052 de
1356 3994 1632 4051 omnibus
1660 3993 1790 4066 ejus
1811 3994 2135 4067 speciebus.
2221 3996 2300 4053 Et
2321 3997 2369 4053 si
2398 3998 2579 4053 homo
2601 4014 2723 4052 non
2742 4004 2937 4070 potest

518 4074 709 4131 facere
738 4076 900 4148 quod
929 4074 1122 4141 debet,
1165 4082 1235 4129 ut
1262 4079 1435 4129 antea
1461 4072 1706 4141 dictum,
1736 4074 2037 4146 quomodo
2067 4076 2227 4131 ultra
2268 4075 2582 4149 praemium
2622 4092 2935 4132 commune

521 4152 736 4226 poterit
764 4152 994 4226 aliquid
1023 4151 1273 4208 mereri?
1353 4150 1407 4206 2.
1454 4149 1698 4206 Temere
1725 4158 1786 4207 et
1809 4152 1995 4223 gratis
2023 4152 2148 4207 sine
2175 4152 2481 4228 Scriptura
2507 4155 2621 4210 hoc
2639 4153 2935 4210 asseritur.

521 4229 674 4296 Quis
703 4248 843 4285 vero
887 4230 1236 4303 Seraphicos
1278 4229 1423 4285 istos
1466 4227 1756 4285 Doctores
1797 4229 2122 4285 coelestium
2170 4231 2551 4304 praemiorum
2597 4230 2937 4288 diribitores

512 4307 869 4366 constituit?
956 4307 1071 4362 Vel
1115 4306 1219 4363 ubi
1268 4306 1605 4362 didicerunt
1654 4306 2043 4379 Martyribus‚
2078 4307 2431 4382 Virginibus
2472 4315 2532 4363 et
2576 4307 2936 4366 Doctoribus

514 4386 912 4459 expectandae
939 4403 1062 4442 esse
1092 4384 1413 4440 aureolas?

598 4462 771 4521 XLI.
817 4464 985 4520 Licet
1012 4480 1230 4536 pugnae
1275 4468 1335 4517 et
1360 4461 1623 4519 victoriae
1666 4463 2048 4537 promittatur
2085 4482 2322 4533 corona,
2369 4482 2489 4520 non
2536 4466 2805 4539 sequitur
2844 4466 2934 4522 illi

508 4539 715 4596 deberi
736 4558 809 4596 ex
836 4541 1067 4607 merito,
1098 4546 1169 4595 ut
1195 4546 1333 4595 aute
1361 4540 1608 4608 dictum,
1640 4542 1742 4597 sed
1772 4560 1846 4597 ex
1873 4542 2083 4614 gratia.
2171 4542 2330 4609 Quia
2357 4560 2563 4617 pugna
2590 4561 2713 4601 non
2753 4546 2933 4600 modo

505 4622 602 4670 est
627 4617 845 4688 debita,
884 4617 1243 4692 imperfecta,
1276 4630 1336 4675 et
1379 4617 1692 4693 inaequalis
1737 4637 1986 4691 coronat,
2018 4622 2120 4678 sei
2155 4626 2284 4677 tota
2311 4639 2344 4677 e
2374 4622 2588 4695 gratia.
2675 4623 2765 4681 Ut
2791 4640 2932 4695 ergo
