3221 5200
252 401 484 448 QUAEST.
517 383 627 466 um]
1067 404 1145 445 ns
1175 402 1521 445 voomoxa
1553 402 1624 442 [τ
1657 402 1811 442 rien.
2557 388 2675 446 499

430 481 484 518 ,κ
1229 514 1234 518 .

247 544 682 621 intelliqentibus
712 549 928 620 loquor.
1012 544 1091 602 Et
1114 543 1239 603 Col.
1264 544 1345 600 iii.
1381 545 1472 614 16,
1502 543 1771 618 praecipit
1795 542 2242 601 Colossensibus
2265 544 2666 618 cognitionem

249 632 313 679 et
335 624 640 680 scientiam
670 624 1103 697 mysteriorum.

333 702 409 757 X.
456 703 509 759 5.
557 702 718 769 Quia
745 702 1082 774 ignorantia
1109 701 1383 774 arguitur
1413 707 1478 757 ut
1507 698 1720 756 erroris
1748 705 1956 766 mater,
1986 705 2047 754 et
2072 698 2238 755 exitii
2266 718 2461 770 eausa,
2494 709 2527 734 “
2550 701 2665 758 Po-

250 780 435 853 pulus
463 798 630 836 meus
651 780 819 854 perit,
844 781 987 853 quia
1013 789 1099 835 cst
1126 780 1250 835 sine
1272 778 1571 846 scientia,'’
1613 777 1762 834 Hos.
1785 777 1863 832 iv.
1894 777 1965 844 6;
2001 775 2079 832 Et
2109 776 2226 834 lsa.
2256 777 2294 834 i.
2326 779 2379 847 3,
2406 786 2441 812 ‘⁴
2468 781 2665 852 Popu-

251 858 348 913 lus
377 877 545 914 meus
577 876 697 913 non
727 857 1064 931 intelligit.”
1098 856 1251 913 Psal.
1275 857 1457 913 xxxii.
1480 858 1533 924 9,
1559 855 1706 912 “Ne
1734 854 1859 912 sitis
1888 853 2040 910 sicut
2066 856 2268 911 mulus
2290 864 2348 912 et
2370 875 2577 931 equuS‚
2602 856 2663 914 in

248 935 471 1008 quibus
500 954 621 991 non
649 943 737 992 est
764 935 1156 992 intellectuS.’'
1187 935 1406 992 Matth.
1449 934 1589 990 xxii.
1629 934 1723 1002 29,
1767 933 2286 1006 reprehenduntur
2331 934 2662 1003 Sadducaei,

248 1014 415 1086 quod
447 1021 481 1046 “
504 1021 720 1084 errent,
752 1013 1072 1070 nescientes
1103 1013 1494 1086 Scripturas.'’

849 1090 964 1147 XI.
1013 1091 1205 1147 Aliud
1233 1098 1325 1146 est
1350 1092 1529 1146 fidem
1558 1088 2005 1159 miraculorum,
2034 1095 2094 1145 et
2120 1090 2348 1146 donum
2377 1091 2663 1166 interpre-

308 1156 491 1227 F⁰¹¹P⁰⁵
522 1157 664 1200 Solu·
764 1169 930 1227 tandi
973 1168 1333 1243 Scripturam
1363 1168 1671 1240 distingui,
1706 1175 1775 1222 ut
1817 1166 2050 1223 diversa
2076 1178 2396 1241 χιςίιματη
2470 1170 2661 1227 Aliud

385 1223 590 1259 nonum.
761 1250 939 1304 fidem
959 1246 1404 1320 justificantem,
1418 1252 1478 1301 et
1496 1245 1786 1302 notitiam.
1846 1242 2021 1301 Prius
2048 1244 2282 1317 dicitur,
2317 1248 2346 1304 l
2372 1247 2505 1305 Cor.
2536 1247 2659 1304 xiii.
2726 1284 2735 1298 .

246 1326 304 1394 2,
337 1346 457 1382 non
486 1326 794 1401 posterius.
883 1335 1019 1378 uin
1044 1334 1216 1394 rin-ae,
1247 1326 1599 1403 01nm'sfides,
1631 1341 1752 1379 non
1775 1321 1869 1377 hic
1890 1322 2262 1380 distributive
2290 1325 2537 1399 ponitur
2558 1344 2664 1399 pro

248 1405 572 1478 omnigena
596 1406 731 1475 fide,
762 1406 864 1461 sed
893 1404 1198 1460 collective
1227 1423 1334 1478 pro
1363 1403 1638 1477 perfecta,
1668 1409 1729 1457 et
1754 1399 2022 1473 partibus
2049 1407 2110 1457 et
2148 1403 2434 1476 gradibus
2475 1404 2662 1459 omni-

249 1482 363 1538 bus
385 1483 697 1556 completa,
721 1502 775 1556 q.
800 1483 879 1551 d.‚
901 1481 1198 1555 Quicquid
1221 1482 1452 1556 uspiam
1473 1480 1610 1537 fidei
1633 1488 1722 1536 est
1744 1487 2129 1552 θαυμαηύςγως,
2150 1481 2201 1536 si
2228 1481 2383 1537 illud
2406 1499 2580 1538 omne
2601 1482 2663 1538 in

248 1578 440 1616 unum
469 1559 854 1630 conferretur,
885 1567 1064 1634 atque
1094 1560 1155 1615 in
1183 1579 1277 1617 me
1306 1568 1471 1616 esset.
1503 1559 1711 1615 'Palem
1739 1565 1942 1614 autem
1969 1560 2147 1615 fidem
2175 1558 2447 1634 intelligi,
2471 1559 2662 1634 liquet

247 1656 369 1693 non
399 1640 577 1694 modo
605 1656 679 1694 ex
706 1638 977 1707 articuIO,
1007 1638 1113 1712 qui
1151 1645 1370 1694 certam
1402 1638 1702 1711 quandam
1747 1636 1885 1691 fidei
1926 1637 2178 1710 speeiem
2226 1645 2412 1707 notat,
2459 1639 2557 1693 sed
2603 1647 2663 1695 et

244 1733 321 1771 ex
348 1716 833 1790 addita-exegesi,
863 1724 899 1748 “
917 1717 1068 1773 adeo
1099 1723 1167 1772 ut
1193 1723 1424 1772 montes
1449 1716 1581 1770 loco
1612 1714 2033 1782 dimoverem,''
2062 1714 2141 1769 id.
2167 1732 2258 1769 res
2280 1716 2456 1788 plane
2485 1716 2664 1771 miras

248 1800 310 1849 et
339 1795 659 1868 stupendas
688 1795 996 1862 efficerem,
1026 1794 1385 1867 proverbiali
1412 1792 1713 1848 locutione
1743 1809 1817 1846 ex
1848 1790 2068 1848 Matth.
2100 1791 2238 1846 xvii.
2270 1793 2363 1848 20.

329 1871 484 1928 XII.
533 1872 714 1939 Quod
763 1881 1025 1928 removet
1054 1890 1290 1927 omnem
1318 1870 1605 1925 visionem
1635 1875 1757 1924 tam
1808 1869 2152 1925 sensitivam
2179 1887 2361 1942 quam
2397 1870 2662 1928 intellec-

245 1950 492 2020 malem,
523 1968 645 2006 non
674 1956 869 2024 potoet
896 1967 1018 2005 esse
1053 1948 1281 2005 notitia.
1369 1946 1486 2005 Sed
1529 1947 1674 2002 fides
1705 1965 1838 2019 quae
1884 1955 2122 2003 amovet
2150 1947 2437 2003 visionem
2483 1950 2661 2005 sensi-

208 2051 212 2054 ·
245 2027 451 2097 tivam‚
501 2035 562 2083 et
602 2027 943 2083 intuitivam
983 2027 1206 2100 glorias,
1237 2045 1358 2100 quo
1400 2043 1576 2081 sensu
1619 2023 1837 2080 dicitur
1878 2042 2002 2080 esse
2046 2034 2246 2094 τλιγχος
2285 2034 2369 2079 τῦ,
2392 2035 2458 2092 μή
2491 2039 2660 2088 βλιτο-

243 2114 399 2174 μίυω,
429 2105 584 2162 Heb.
616 2104 695 2160 xi.
730 2105 781 2175 1,
811 2105 891 2160 id.
922 2111 1361 2178 argumentum,
1381 2102 1827 2170 demonstrati0‚
1850 2120 2050 2159 rerum
2068 2121 2199 2177 quae
2217 2104 2315 2159 vel
2341 2103 2662 2162 invisibiles

244 2191 404 2252 sunt,
448 2190 508 2239 et
551 2181 817 2238 sensibus
864 2182 1189 2253 inaccessae,
1220 2184 1315 2238 vel
1345 2199 1478 2256 quae
1508 2188 1577 2236 ut
1615 2179 1835 2237 futurae
1863 2189 2193 2253 sperantur,
2240 2182 2341 2237 sed
2389 2183 2658 2238 nondum

245 2260 544 2330 videntur,
585 2260 666 2316 id.
723 2261 1115 2334 possidentur,
1159 2261 1302 2319 Non
1340 2264 1605 2316 removet
1645 2265 1847 2314 tamen
1887 2259 2286 2333 cognitionem
2328 2259 2661 2316 intellectu-

242 2339 402 2396 alem
430 2337 672 2394 luminis
702 2339 929 2411 gratiae,
959 2358 1096 2395 cum
1123 2359 1227 2414 per
1255 2356 1386 2394 eam
1427 2337 1755 2394 habeamus
1783 2336 1986 2394 oculos
2026 2337 2240 2394 mentis
2267 2337 2657 2409 illuminatOS,

244 2424 316 2473 ut
342 2434 768 2491 cognoscamus
797 2437 929 2491 quae
958 2417 1033 2474 sit
1072 2437 1202 2493 spes
1233 2415 1599 2484 VocationiS,
1644 2422 1703 2471 et
1730 2414 1949 2471 divitiae
1990 2415 2215 2489 gloriae,
2246 2415 2372 2488 ἄτα,
2421 2414 2574 2490 Eph.
2620 2417 2657 2473 i.

247 2494 340 2566 18,
371 2504 430 2553 et
458 2514 528 2551 ea
556 2513 688 2568 quae
717 2496 887 2554 nobis
916 2498 1058 2553 data
1085 2504 1244 2568 sunt,
1277 2494 1306 2551 1
1343 2494 1477 2552 Cor.
1508 2493 1566 2551 ii.
1603 2494 1693 2551 12.

326 2573 522 2632 XIII.
574 2574 888 2649 Captivam
914 2575 1248 2635 intellectum
1275 2573 1334 2632 in
1362 2572 1740 2631 obedientiam
1772 2572 2004 2644 Christi,
2036 2574 2073 2630 2
2097 2572 2231 2632 Cor.
2262 2594 2317 2633 x.
2351 2573 2406 2647 5,
2430 2592 2546 2632 non
2573 2582 2661 2632 est

242 2652 522 2727 ignorare
554 2653 871 2726 Christum,
902 2662 1011 2714 aut
1038 2655 1168 2729 ejus
1196 2654 1550 2722 doctrinam,
1581 2653 1677 2709 vel
1705 2652 1856 2708 nihil
1884 2653 1959 2708 de
1988 2670 2060 2708 ea
2099 2652 2465 2728 intelligere;
2509 2653 2658 2710 alias

239 2730 465 2790 frustra
500 2731 728 2789 Paulus
771 2735 993 2792 diceret
1036 2732 1358 2791 Corinthiis
1404 2749 1466 2788 se
1510 2730 1661 2786 nihil
1705 2729 2082 2805 proposuisse
2109 2732 2258 2788 scire
2286 2732 2442 2788 inter
2478 2732 2655 2805 ipsos,

242 2828 426 2883 quam
463 2809 675 2867 Jesum
706 2814 1071 2881 crucifixum,
1099 2813 1127 2870 1
1178 2811 1310 2870 Cor.
1339 2809 1400 2867 ii.
1432 2811 1497 2867 2:
1542 2808 1660 2865 Sed
1702 2816 1791 2865 est
1838 2808 2070 2865 Christo
2100 2817 2160 2865 et
2200 2810 2332 2883 ejus
2372 2811 2657 2867 doctrinae

241 2888 459 2960 agnitae
487 2891 666 2945 fidem
692 2889 928 2960 habere,
956 2898 1017 2947 et
1045 2891 1134 2946 illi
1167 2908 1227 2947 se
1269 2888 1574 2962 subjicere,
1603 2887 1744 2943 licet
1787 2885 2007 2943 rationi
2033 2892 2092 2942 et
2134 2887 2439 2961 sapientiae
2485 2905 2658 2946 mun-

242 2966 414 3020 danae
445 2967 706 3021 absurda
725 2966 1013 3037 videatur,
1034 2969 1307 3041 exemplo
1329 2966 1609 3033 Abrahae,
1633 2963 1805 3021 Rom.
1826 2964 1903 3019 iv.
1935 2964 2029 3019 20.
2090 2963 2240 3021 Haec
2268 2972 2355 3021 est
2363 2966 2513 3043 fidei
2535 2969 2657 3023 obc-

240 3042 480 3111 clientia,
512 3061 633 3117 qua
665 3044 960 3101 credimus
1001 3046 1131 3102 Deo
1171 3043 1460 3118 loquenti,
1491 3042 1599 3098 etsi
1628 3060 1750 3097 non
1778 3040 2184 3114 intelligamus
2214 3051 2265 3095 m*
2288 3048 2396 3096 διότι
2421 3044 2505 3099 rei
2532 3063 2655 3101 cre-

239 3120 471 3187 dendae‚
500 3119 552 3175 si
577 3121 757 3175 modo
785 3138 1174 3195 agnoscamus
1205 3132 1257 3175 w>
1275 3131 1359 3177 ἔτι.

323 3195 506 3253 XIV.
553 3197 749 3254 Locus
779 3197 897 3255 Isa.
928 3199 1026 3255 vii.
1057 3199 1112 3270 9,
1141 3216 1265 3255 non
1292 3203 1487 3274 potest
1512 3198 1632 3253 huc
1658 3196 1834 3267 trahi,
1865 3199 2035 3271 quasi
2063 3199 2309 3257 innuere
2336 3201 2481 3257 velit
2513 3202 2657 3260 Pro-

240 3276 422 3351 pheta
448 3274 626 3331 fidem
668 3293 791 3332 esse
818 3283 1054 3334 tantum
1094 3277 1350 3351 gradum
1391 3283 1450 3332 et
1476 3273 1637 3330 viam
1681 3276 1759 3331 ad
1798 3274 2112 3348 notitiam;
2154 3286 2224 3334 ut
2254 3276 2468 3335 Versio
2501 3279 2656 3338 Vul-

237 3361 380 3428 gata
419 3370 730 3427 perperam
771 3355 987 3425 reddit,
1032 3355 1140 3412 πίει·
1186 3352 1563 3422 credideritis,
1602 3371 1721 3408 non
1759 3352 2096 3428 inteuiyetis.
2184 3356 2343 3424 Quia
2392 3355 2655 3417 Hebraea

244 3430 419 3488 aliter
466 3437 698 3499 sonant,
745 3451 891 3490 amm
921 3434 983 3490 sb
1015 3453 1063 3489 ἰ
1094 3452 1262 3491 navam
1294 3431 1355 3489 ab
1384 3453 1476 3501 ux,
1521 3432 1632 3488 nisi
1655 3433 2020 3502 credideritis,
2071 3455 2188 3492 non
2225 3437 2652 3510 permanebitis,

240 3517 310 3566 ut
338 3510 414 3566 sit
440 3509 815 3583 reprehensio
833 3508 1263 3565 incredulitatis
1294 3509 1515 3566 Achazi
1544 3517 1604 3567 et
1630 3510 1785 3567 aulae
1805 3512 1955 3586 ejuS,
1978 3515 2092 3569 hoc
2120 3532 2294 3571 sensu
2320 3536 2334 3571 ι
2378 3514 2439 3571 Si
2456 3517 2652 3574 verbis

241 3586 383 3644 meis
414 3589 591 3644 fidem
618 3605 736 3644 non
761 3587 1072 3655 adhibetis,
1096 3606 1217 3644 non
1247 3589 1368 3645 alia
1394 3595 1482 3645 est
1508 3605 1702 3658 causa,
1727 3608 1909 3663 quam
1937 3592 2081 3666 quia
2098 3611 2217 3649 non
2236 3592 2374 3649 estis
2395 3594 2652 3665 stabiles,

239 3667 337 3722 sed
367 3665 575 3740 perfidi
601 3665 664 3721 in
695 3664 937 3722 Foedere
967 3665 1096 3723 Dei.
1132 3664 1250 3721 Vel
1279 3667 1441 3741 quod
1471 3667 1918 3725 convenientius
1944 3670 2198 3739 videtur,
2221 3677 2310 3726 est
2335 3674 2654 3730 commina-

239 3742 323 3799 tio
351 3762 537 3816 poenae
567 3742 687 3799 illis
714 3742 1073 3799 imminentis
1097 3765 1110 3810 ;
1143 3743 1205 3800 Si
1230 3763 1348 3801 non
1377 3745 1610 3801 creditis
1634 3746 2005 3819 promissioni
2030 3749 2247 3804 divinae
2266 3749 2340 3803 de
2363 3752 2653 3810 servanda

243 3819 426 3889 Urbe,
457 3837 596 3875 sane
625 3838 744 3875 non
772 3821 1208 3894 permane-bide,
1239 3822 1458 3878 seilicet
1485 3824 1769 3879 adversus
1796 3826 2011 3893 hosteS,
2044 3827 2137 3880 vel
2165 3825 2225 3879 in
2254 3832 2450 3881 vestra
2476 3834 2649 3897 terra,

240 3897 341 3953 sed
371 3896 589 3970 captivi
614 3896 754 3952 inde
783 3898 1175 3966 abducemini,
1205 3907 1275 3955 ut
1302 3899 1549 3956 exitium
1578 3907 1804 3956 certum
1834 3919 1938 3956 vos
1966 3908 2216 3957 maneat.

322 3973 464 4031 XV.
508 3973 869 4031 Inevidentia
897 3993 1030 4047 quae
1061 3976 1343 4032 tribuitur
1368 3978 1507 4034 fidei
1535 3994 1656 4032 non
1684 3978 1949 4033 excludit
1973 3996 2208 4034 omnem
2232 3978 2524 4050 notitiam,
2549 3984 2651 4038 sed

243 4059 478 4108 tantum
505 4070 656 4121 eam,
687 4070 819 4124 quae
859 4051 1069 4107 nititur
1105 4054 1302 4109 medio
1331 4054 1665 4122 scientifice,
1696 4054 1751 4108 id
1786 4059 1891 4122 cst,
1921 4073 2100 4110 sensu
2127 4063 2233 4112 aut
2262 4056 2533 4113 evidente
2561 4076 2651 4115 ra-

240 4129 400 4186 tione
429 4148 465 4186 a
493 4136 709 4186 natura
749 4129 832 4184 rei
869 4128 1071 4202 petita.
1117 4129 1352 4187 Dicitur
1395 4130 1624 4185 habitus
1672 4131 1958 4187 inevidens
1987 4150 2104 4187 non
2151 4134 2229 4188 ad
2277 4134 2652 4206 negationem

242 4208 432 4265 omnis
459 4208 703 4276 notitiae,
735 4207 836 4262 sed
880 4207 956 4261 ad
1000 4207 1389 4264 remotionem
1437 4207 1684 4276 notitiae,
1715 4226 1848 4280 quae
1877 4210 1945 4264 fit
1987 4226 2093 4283 per
2140 4209 2651 4271 ratiocinationem

240 4284 726 4359 philosophicam,
758 4302 893 4340 cum
922 4283 1150 4339 nitatur
1178 4284 1512 4341 testimonio
1543 4293 1602 4339 et
1635 4285 1987 4342 auctoritate
2014 4287 2331 4359 loquentis.
2366 4288 2653 4349 Excludit

241 4379 381 4434 ergo
399 4363 674 4419 notitiam
690 4360 933 4417 luminis
961 4362 1267 4431 naturalis,
1298 4380 1418 4418 non
1446 4363 1916 4435 supernaturalis
1944 4362 2321 4419 revelationis
2343 4385 2357 4433 ;
2387 4368 2653 4425 excludit

245 4438 548 4495 seientiam
577 4438 983 4513 philosophice
1012 4439 1249 4508 dictam,
1279 4459 1412 4513 quae
1444 4439 1765 4511 opponitur
1786 4440 2068 4513 opinioni,
2094 4442 2194 4496 sed
2215 4458 2333 4496 non
2354 4446 2652 4517 populari-

243 4522 347 4583 ter,
378 4522 448 4570 ut
474 4517 796 4589 opponitur
833 4517 1204 4589 ignorantiae.
1239 4517 1319 4573 Et
1346 4514 1618 4590 quamvis
1656 4516 1952 4589 judicium
1983 4519 2143 4592 quod
2174 4517 2383 4575 nititur
2409 4523 2654 4581 alterius

244 4591 576 4649 testimonio
604 4603 664 4649 et
689 4593 1070 4663 authoritate,
1102 4613 1218 4649 non
1249 4594 1323 4651 sit
1351 4591 1564 4648 notitia
1590 4595 1831 4652 evidens
1859 4601 1919 4652 et
1946 4595 2276 4664 scientifica,
2308 4617 2424 4655 non
2455 4607 2653 4663 tamen
