3221 5200
525 351 617 409 *76
1443 366 1627 409 Locus
1657 364 2014 409 mosomus.
2517 344 2775 430 [Quffisr.
2807 368 2944 414 xm.

620 509 881 569 XXIII.
929 508 1288 569 Sabbathum
1335 515 1576 586 vocatur
1600 510 1745 568 :Bu
1774 529 1911 584 nuez,
1946 501 2141 583 faselus
2158 518 2512 587 perpetuum,
2546 510 2737 572 Exod.
2768 513 2939 574 xxxi.

541 593 634 665 16,
684 593 775 665 17,
816 609 931 647 non
973 589 1193 649 ratione
1229 591 1624 666 perpetuitatis
1661 590 1956 664 absolutae,
1988 589 2093 648 sed
2135 602 2481 666 comparata
2517 600 2575 650 et
2606 593 2936 669 periodicae,

537 677 772 746 propter
800 670 1235 729 diuturnitatem
1262 671 1391 747 ejus
1418 689 1559 728 usus
1586 669 1649 727 in
1662 670 1864 729 Veteri
1884 670 2061 744 Test.,
2085 678 2151 728 ιιι
2177 690 2299 729 vox
2325 671 2468 730 εἴ»,
2510 690 2661 748 saepe
2690 673 2941 731 sumitur

538 769 643 826 pro
673 748 971 808 duratione
999 749 1375 824 memorabili,
1408 749 1511 808 sed
1537 769 1643 826 pro
1670 759 1876 809 natura
1902 749 1987 807 rei
2012 749 2276 824 limitata,
2320 765 2436 827 quo
2464 751 2636 809 modo
2665 752 2942 811 tribuitur

536 829 975 904 circumcisioni,
1009 830 1158 889 Gen.
1189 829 1332 889 xvii.
1367 832 1458 904 13,
1490 829 1737 906 panibus
1763 829 2190 908 propositionis,
2222 829 2365 888 Lev.
2395 830 2561 889 xxiv.
2591 831 2647 906 8,
2691 830 2938 891 oblatio·

536 908 711 968 nibus
738 910 1135 987 primitiarum,
1168 910 1341 968 Num.
1365 909 1528 967 xviii.
1557 911 1651 984 19,
1700 908 2051 983 SacerdotiO,
2085 908 2257 968 Num.
2280 909 2489 969 xxviii.
2514 913 2610 986 23,
2634 917 2694 969 et
2717 912 2939 988 passim

535 995 678 1056 ενα
706 989 778 1048 de
796 998 1051 1066 tempore
1072 989 1406 1049 oeconomiae
1423 989 1631 1066 legalis
1651 1008 1836 1066 usque
1857 988 1931 1046 ad
1955 988 2232 1046 Messiam
2251 998 2588 1067 usurpatur3
2618 991 2735 1070 imo
2751 997 2810 1050 et
2829 1012 2941 1068 pro

535 1069 745 1128 minori
763 1069 965 1146 spatie,
986 1070 1029 1128 J
1033 1069 1228 1128 ubilaei
1257 1069 1433 1128 scilic.
1464 1078 1757 1146 tempore:
1798 1067 1989 1126 Exod.
2018 1068 2143 1126 xxi.
2168 1072 2221 1143 6,
2244 1089 2437 1127 servus
2463 1069 2676 1129 dicitur
2699 1072 2937 1129 servitu-

534 1169 636 1207 rus
663 1149 722 1206 in
740 1158 1093 1224 perpetuum,
1124 1149 1203 1207 id.
1233 1148 1308 1206 ad
1335 1149 1379 1208 J
1380 1149 1654 1208 ubilaeum
1681 1168 1883 1224 usque.

617 1227 868 1286 XXIV.
915 1228 1010 1286 Ex
1039 1248 1107 1287 eo
1135 1229 1292 1305 quod
1321 1229 1450 1287 Lex
1476 1228 1549 1287 de
1581 1228 1878 1288 Sabbatho
1905 1226 2043 1286 data
2070 1225 2148 1286 sit
2172 1235 2306 1287 ante
2333 1227 2577 1305 lapsum,
2622 1236 2688 1288 ut
2727 1228 2802 1286 ad
2830 1248 2936 1287 ex-

534 1306 791 1385 emplum
821 1307 932 1367 Dei
962 1307 1087 1366 dies
1113 1308 1213 1366 ille
1242 1308 1316 1366 ab
1345 1309 1575 1367 homine
1619 1307 2089 1381 sanctificaretur,
2119 1307 2266 1366 bene
2295 1308 2591 1384 colligitur
2616 1328 2743 1366 esse
2781 1328 2936 1388 prae·

535 1387 706 1463 eipua
734 1387 825 1445 sui
851 1395 1013 1463 parte
1041 1387 1349 1462 moralem3
1396 1386 1499 1445 sed
1526 1406 1642 1445 non
1672 1387 1866 1446 statim
1896 1387 2154 1464 sequitur
2180 1406 2307 1446 esse
2336 1387 2599 1447 absolute
2627 1396 2686 1446 et
2714 1388 2938 1465 simpli·

532 1465 678 1524 citer
704 1466 912 1541 talem3
959 1465 1091 1524 Non
1119 1467 1270 1525 enim
1300 1466 1579 1544 quicquid
1620 1466 1782 1526 Deus
1811 1466 2042 1524 Adamo
2079 1467 2354 1544 praecepit
2381 1475 2481 1525 aut
2508 1468 2709 1542 vetuit,
2741 1476 2831 1527 est
2859 1488 2939 1527 ex

536 1564 599 1603 se
629 1553 687 1603 et
713 1545 775 1602 in
804 1566 865 1604 se
893 1545 1110 1605 bonum
1150 1554 1210 1606 et
1236 1546 1450 1605 malum
1479 1546 1787 1622 moraliter,
1833 1546 1990 1623 quod
2018 1546 2114 1606 vel
2155 1566 2231 1605 ex
2271 1565 2375 1607 esu
2416 1546 2637 1606 arboris
2678 1548 2939 1606 scientim
3000 1577 3028 1589 ·

533 1624 675 1684 boni
702 1633 760 1684 et
787 1625 925 1683 mali
952 1633 1128 1702 patet.
2051 1627 2077 1667 -’

615 1704 830 1763 XXV.
877 1705 1325 1765 Immutabilitas
1355 1704 1484 1780 Dei,
1508 1713 1567 1764 et
1594 1702 1918 1765 constantia
1946 1706 2325 1783 Decretorum
2345 1705 2489 1784 ejus,
2521 1705 2658 1765 facit
2678 1706 2932 1784 quidem,

533 1792 602 1844 ιιι
644 1805 712 1843 ea
740 1805 869 1862 quae
898 1794 1034 1844 sunt
1067 1786 1218 1863 juris
1246 1785 1525 1844 naturalis
1556 1785 1668 1845 Dei
1702 1785 1799 1844 vel
1847 1785 1921 1844 ab
1949 1805 2017 1844 eo
2047 1785 2279 1844 decreta
2319 1793 2455 1845 sunt
2479 1787 2540 1843 in
2572 1795 2934 1864 perpetuum,

533 1873 811 1942 perpetua
838 1865 1011 1942 etiam
1040 1866 1172 1941 sint,
1204 1873 1263 1925 et
1290 1885 1585 1943 nunquam
1606 1873 1935 1924 mutentur:
1965 1864 2070 1924 sed
2095 1884 2212 1923 non
2233 1865 2435 1924 eadem
2456 1874 2547 1926 est
2566 1866 2712 1925 ratio
2734 1886 2936 1925 eorum

532 1963 665 2021 quae
694 1953 829 2003 sunt
856 1945 900 2004 J
902 1945 1022 2003 uris
1061 1946 1315 2022 positivi,
1361 1953 1419 2004 et
1459 1963 1590 2022 quae
1620 1945 1696 2003 ad
1736 1952 1955 2004 certum
1998 1953 2223 2004 tantum
2264 1953 2492 2023 tempus
2533 1945 2931 2021 instituuntur,

535 2024 706 2101 quale
736 2023 845 2084 suit
890 2024 1248 2084 sabbathum
1280 2025 1622 2100 Mosaicum,
1668 2024 1861 2102 quoad
1889 2025 2378 2084 circumstantiam
2406 2026 2681 2104 temporis
2721 2033 2782 2085 et
2808 2046 2932 2085 mo·

535 2103 674 2162 dum
704 2104 1125 2163 observationis
1152 2106 1195 2164 J
1198 2105 1380 2163 udaeis
1406 2105 1823 2183 praescriptum.

533 2224 753 2274 secunda
803 2226 957 2284 Propo
958 2225 1020 2270 si-
1142 2184 1393 2243 XXVI.
1442 2184 1708 2244 Secunda
1750 2181 2114 2261 Propositio:
2142 2185 2511 2261 ,Praeceptum
2556 2184 2638 2244 iv.
2703 2206 2815 2244 non
2855 2194 2938 2244 est

591 2283 680 2326 tio.
716 2285 1018 2342 Praeceptum
1060 2265 1212 2323 omni
1236 2285 1309 2323 ex
1323 2274 1499 2341 parte
1544 2265 1965 2325 C'oeremoniale.
2052 2264 2329 2323 Rationes
2372 2274 2524 2340 sunt,
2572 2268 2625 2323 l.
2656 2264 2805 2339 Quia
2842 2273 2934 2324 est

593 2339 658 2383 iv.
678 2355 775 2387 non
796 2345 871 2410 est
887 2356 1017 2388 mero
1062 2345 1419 2421 Praeceptum
1445 2344 1749 2421 ‚Decalogi,
1781 2364 1897 2422 quo
1928 2344 2053 2402 Lex
2081 2344 2314 2402 moralis
2343 2345 2705 2421 continetur3
2752 2345 2935 2422 Cujus

589 2403 934 2446 mmmmm&
1054 2423 1186 2482 ideo
1214 2424 1437 2482 nullum
1466 2433 1815 2501 praeceptum
1845 2423 2030 2497 datur,
2057 2423 2214 2500 quod
2242 2423 2319 2481 sit
2340 2443 2495 2483 mere
2517 2425 2932 2485 caeremoniale.

532 2503 589 2558 2.
621 2500 770 2575 Quia
796 2501 927 2559 finis
956 2502 1084 2578 ejus
1112 2512 1201 2562 est
1228 2504 1477 2579 moralis,
1523 2512 1647 2562 tum
1676 2504 1911 2580 primus,
1956 2503 2224 2579 publicus
2264 2502 2534 2562 nimirum
2577 2512 2638 2564 et
2678 2504 2934 2563 solennis

532 2580 645 2639 Dei
666 2581 874 2656 cultus,
894 2582 1117 2658 positus
1133 2583 1194 2640 in
1213 2582 1668 2642 consideratione
1691 2590 1749 2641 et
1769 2582 2140 2642 meditatione
2169 2604 2403 2661 operum
2433 2584 2577 2661 ejus,
2598 2591 2658 2644 et
2683 2584 2745 2642 in
2764 2604 2931 2643 exer-

531 2660 699 2718 citiis
725 2661 972 2738 publicis
1012 2662 1277 2739 pietatis;
1323 2663 1422 2738 qui
1450 2682 1567 2721 non
1609 2670 1802 2739 potest
1841 2663 2102 2739 praestari
2130 2663 2254 2722 sine
2293 2662 2765 2723 determinatione
2794 2665 2935 2724 stati

530 2739 832 2816 eujusdam
875 2748 934 2800 et
976 2741 1229 2800 solennis
1270 2741 1387 2799 diei
1427 2742 1514 2799 illi
1556 2740 1738 2800 cultui
1774 2741 1952 2800 dicati
1969 2764 1984 2818 ;
2050 2748 2175 2800 tum
2216 2743 2642 2819 subordinatus,
2684 2744 2932 2803 cessatio

529 2819 800 2879 nimirum
829 2820 904 2878 ab
931 2840 1101 2897 opere
1131 2820 1327 2879 servili
1355 2821 1430 2879 ad
1472 2840 1769 2879 servornm
1799 2830 1856 2880 et
1882 2821 2182 2880 brutorum
2211 2822 2465 2899 aliquam
2493 2824 2928 2883 relaxationem.

528 2901 585 2958 3.
617 2900 766 2975 Quia
793 2900 1041 2959 officium
1070 2900 1226 2977 quod
1254 2901 1643 2977 praescribitur
1670 2901 1885 2959 morale
1913 2910 2017 2975 est,
2050 2901 2427 2960 sanctificatio
2457 2903 2678 2962 scilicet
2710 2902 2929 2961 Sabba-

527 2978 632 3053 thi,
664 2979 817 3038 diem
846 2979 1011 3038 illum
1051 2979 1126 3038 ab
1153 2979 1284 3038 aliis
1312 2980 1690 3058 segregando,
1736 2990 1794 3040 et
1836 2980 2051 3039 sanctis
2077 2980 2297 3055 usibus,
2338 2982 2608 3041 nimirum
2637 2982 2929 3042 exercitiis

526 3058 760 3135 pietatis
788 3068 846 3119 et
874 3060 1064 3118 cultus
1105 3079 1245 3138 erga
1289 3061 1478 3119 Deum
1519 3068 1577 3119 et
1616 3060 1910 3119 charitatis
1951 3080 2091 3137 erga
2130 3060 2476 3137 proximum,
2521 3062 2929 3122 consecrando.

527 3141 585 3196 4.
617 3138 764 3213 Quia
791 3140 937 3199 ratio
965 3148 1023 3199 et
1051 3141 1333 3199 motivum
1375 3141 1648 3219 praecepti
1676 3141 1749 3200 ab
1786 3141 2053 3218 exemplo
2097 3136 2217 3198 Dei·
2237 3140 2313 3199 ad
2342 3141 2719 3201 imitationem
2759 3142 2931 3203 nobis

525 3220 837 3296 proposit0,
883 3220 1076 3297 quiete
1104 3220 1326 3280 scilicet
1353 3222 1479 3299 ejus
1506 3221 1608 3281 illo
1637 3219 1731 3279 die
1773 3221 2016 3298 ejusque
2059 3220 2528 3296 sanctificatione,
2573 3222 2789 3281 morale
2818 3231 2924 3297 est,

526 3298 734 3375 cuique
764 3299 894 3357 ideo
923 3300 1244 3359 conformes
1284 3320 1409 3359 esse
1437 3320 1554 3358 non
1594 3320 1920 3378 possumus,
1951 3299 2065 3358 nisi
2105 3319 2209 3377 per
2250 3300 2421 3359 officii
2448 3301 2684 3360 moralis
2711 3302 2797 3359 ini
2837 3321 2927 3361 re·

528 3377 866 3453 spondentis
893 3380 1339 3453 praestationem.

529 3486 533 3491 -
608 3455 894 3513 XXVII.
926 3458 981 3513 5.
1013 3455 1162 3528 Quia
1187 3465 1392 3515 natura
1417 3456 1691 3534 praecepti
1718 3465 1807 3516 est
1834 3457 1906 3515 de
1927 3458 2117 3533 rebus,
2141 3479 2271 3536 quae
2298 3468 2561 3519 naturam
2588 3460 2929 3520 rationalem

525 3551 643 3609 qua
668 3533 843 3590 talem
872 3533 1092 3608 decent,
1115 3542 1173 3592 et
1193 3555 1322 3611 quae
1343 3535 1639 3612 principiis
1656 3536 2015 3596 naturalibus
2043 3547 2101 3598 et
2129 3539 2336 3598 rationi
2364 3547 2535 3598 rectae
2553 3541 2927 3600 conveniunt.

526 3612 676 3670 Nam
704 3618 769 3668 nt
798 3612 1074 3669 Creatura
1092 3614 1388 3672 rationalis
1409 3622 1637 3674 tenetur
1666 3615 1855 3675 Deum
1884 3618 2089 3693 colere,
2119 3638 2238 3677 non
2265 3627 2488 3679 tantum
2511 3619 2737 3679 interno
2765 3620 2929 3680 cultu

523 3690 717 3763 animi,
750 3689 853 3749 sed
880 3699 938 3750 et
966 3699 1205 3751 externo
1234 3694 1505 3772 corporis,
1537 3715 1644 3754 nec
1684 3695 1910 3773 privato
1939 3696 2239 3773 duntaxat,
2272 3698 2376 3758 sed
2403 3699 2577 3758 etiam
2603 3700 2837 3776 publico
2864 3700 2929 3758 in

526 3771 939 3831 Communione
973 3771 1353 3834 Sanctorum:
1401 3774 1494 3833 Ita
1533 3784 1692 3834 recta
1732 3777 1878 3835 ratio
1906 3776 2076 3836 docet
2108 3778 2257 3836 nihil
2297 3779 2734 3838 convenientius
2776 3799 2922 3856 esse,

522 3871 696 3929 quam
727 3851 870 3927 Dec,
902 3851 1004 3930 qui
1029 3853 1198 3913 nobis
1226 3873 1352 3913 esse
1384 3862 1661 3930 nostrum,
1694 3864 1753 3915 et
1785 3857 1977 3915 omnia
2003 3877 2133 3934 quae
2173 3858 2553 3934 possidemus,
2582 3867 2926 3937 tempusque

521 3933 710 4009 ipsum
739 3940 925 3991 totum
954 3933 1136 4010 gratis
1163 3933 1339 4010 dedit,
1373 3943 1585 3993 statum
1615 3936 1693 3993 ali
1733 3937 1850 3995 uod
1883 3944 1942 3995 et
1969 3936 2413 3997 determinatum
2440 3947 2668 4016 tempus
2709 3939 2770 3996 in
2809 3940 2923 4016 Cy-

521 4012 613 4072 clo
641 4012 837 4090 aliquo
879 4013 1246 4073 convenienti
1287 4034 1622 4074 consecrare
1664 3957 1739 4074 ad
1765 4016 1995 4093 publice
2036 4016 2226 4093 ipsum
2267 4017 2591 4093 colendum,
2623 4027 2681 4077 et
2721 4018 2925 4078 laudes

521 4093 648 4171 ejus
677 4091 1068 4151 celebrandas.
1141 4097 1196 4154 6.
1242 4094 1390 4168 Quia
1415 4104 1767 4173 praeceptum
1795 4096 1906 4154 hoc
1934 4116 2228 4172 nunquam
2255 4096 2472 4174 legitur
2498 4098 2729 4175 penitus
2756 4098 2923 4157 abro-

519 4181 723 4250 gatum
763 4172 826 4229 in
868 4172 1037 4231 Novo
1067 4173 1437 4234 Testamento
1457 4174 1475 4250 ’ς
1534 4175 1664 4234 Imo
1706 4196 1837 4234 cum
1882 4175 2145 4233 Christus
2187 4182 2368 4234 totam
2400 4176 2618 4253 Legem
2646 4177 2924 4236 moralem

518 4260 792 4329 tanquam
820 4251 895 4310 ad
925 4251 1281 4313 Christianos
1307 4255 1689 4331 pertinentem
1719 4263 1778 4313 et
1804 4254 1962 4313 omni
1988 4263 2243 4331 tempore
2273 4275 2373 4314 eos
2401 4255 2755 4334 obligantem
2784 4277 2923 4315 eon-

515 4331 773 4406 firmarit,
804 4352 873 4391 eo
901 4332 1027 4410 ipso
1055 4342 1321 4410 censetur
1348 4343 1406 4393 et
1431 4334 1542 4392 hoc
1562 4343 1912 4411 praeceptum
1940 4334 2327 4395 confirmasse.
2380 4336 2459 4394 Et
2486 4357 2617 4395 cum
2635 4335 2775 4396 certi
2798 4337 2924 4396 dies

517 4429 744 4487 semper
783 4411 856 4469 ab
887 4412 1151 4472 Ecclesia
1199 4413 1524 4472 Christiana
1565 4413 1683 4472 sint
1723 4412 1798 4471 ad
1839 4421 2023 4472 coetus
2062 4413 2328 4493 publicos
2370 4424 2429 4475 et
2471 4417 2765 4475 solennem
2811 4416 2924 4476 Dei

515 4488 734 4547 cultum
765 4492 1104 4551 sanctificati
1133 4502 1191 4551 et
1218 4491 1411 4568 dicati,
1444 4513 1519 4550 ex
1547 4512 1616 4551 eo
1654 4492 1882 4551 abunde
1910 4492 2110 4569 liquet,
2144 4493 2424 4572 Praecepti
2451 4495 2621 4554 istius
2649 4496 2922 4555 observa-

512 4567 729 4627 tionem
751 4570 1024 4629 moralem
1052 4571 1308 4632 habitam
1336 4592 1480 4647 esse,
1511 4580 1570 4631 et
1590 4572 1742 4650 juris
1769 4573 2048 4650 perpetui.
2108 4572 2279 4633 Alias
2320 4574 2371 4634 si
2390 4584 2739 4653 praeceptum
2769 4584 2925 4635 esset

405 4710 416 4716 ,
511 4667 666 4708 mere
687 4649 1098 4728 caeremoniale,
1119 4671 1236 4711 non
1262 4652 1463 4712 liceret
1488 4672 1642 4713 nunc
1664 4652 2023 4715 Sabbathum
2042 4652 2226 4713 ullum
2243 4655 2569 4732 observare,
2593 4675 2711 4714 non
2731 4655 2921 4733 magis
