3221 5200
1200 335 1359 368 ixnsx
1400 334 1570 367 annun
1608 332 1672 364 m·
1709 333 1994 367 vsimonun.
2715 322 2808 369 647

1687 463 1798 524 ejus
1822 477 1948 510 verae
1971 462 2300 520 conditiones,
2584 465 2692 520 629,
2713 467 2751 512 t.
2775 467 2808 514 5

1687 526 1923 574 meritum
1948 526 2009 574 de
2031 541 2122 574 con
2226 542 2255 574 o
2280 526 2519 588 rejicitur,
2611 526 2686 582 ib„
2713 534 2750 576 t.
2775 531 2806 576 8

1686 590 1838 638 varim
1855 591 2118 638 sententiae
2183 590 2463 639 ontificioru
2472 606 2518 637 m
2534 591 2696 654 quoad
2709 607 2806 640 me·

364 479 453 528 per
488 462 697 512 Limbmn
731 463 853 526 quid
897 463 1191 528 intelligant
1225 463 1477 513 pontificii
1498 465 1521 512 ’.Ρ

916 532 1549 589 227,t.1‚2,228,t.6.7

366 591 521 640 Luem
545 591 724 641 Carnis
747 599 799 641 et
832 593 1050 657 Spiritus
1073 592 1387 650 describitur,
1416 591 1549 640 Rom.

495 655 582 705 vii.
991 657 1025 705 ,⁵
1139 660 1247 714 616,
1282 663 1317 704 t.
1360 661 1432 715 11,
1460 658 1548 705 Sto.
1586 661 1587 672 ¹
1749 655 1902 702 ritum
1921 654 1980 702 de
1999 655 2268 717 condigno,
2408 658 2517 714 630,
2546 664 2582 702 t.
2612 658 2686 714 10,
2712 656 2802 704 810.

428 720 675 781 quomodo
697 720 898 769 differat
940 737 972 769 a
1008 722 1171 770 Lucta
1198 722 1468 784 Appetitas
1498 728 1552 768 et
1683 718 1923 781 rejicitur,
2311 722 2419 776 631,
2448 725 2483 767 t.
2515 723 2586 776 16,
2612 727 2663 767 ct
2698 734 2801 782 seq.

498 783 763 832 Rationis?
962 822 973 834 .
1142 821 1154 834 .
1290 788 1397 843 617,
1426 792 1460 832 t.
1491 787 1550 835 15
1618 780 1804 830 Merces
1827 781 2029 847 duplex,
2055 798 2120 831 ex
2142 780 2310 830 debito
2328 791 2378 830 et
2402 799 2466 831 ex
2490 783 2671 845 gratia,

1615 907 1827 959 Messias
1849 926 2004 973 quare
2028 925 2130 959 non
2149 909 2321 959 statim
2346 910 2532 958 missus
2557 910 2654 959 suit
2688 922 2803 974 post

1580 1023 1583 1038 ¹
1743 974 1942 1039 lapsum
1961 976 1985 1022 ?
2161 1010 2173 1023 .
2371 1010 2383 1022 .
2558 979 2669 1032 241,
2695 982 2731 1023 t.
2769 979 2798 1024 3

963 1010 1025 1065 M
1677 1051 1770 1086 cur
1813 1054 1914 1087 non
1948 1038 2137 1086 dilatus
2175 1044 2254 1087 est
2298 1038 2549 1087 adventus
2579 1039 2690 1101 ejus
2734 1040 2799 1088 ad

1741 1101 1894 1151 finem
1920 1102 2124 1152 saeculi?
2269 1139 2282 1152 .
2416 1138 2428 1151 .
2579 1107 2687 1161 242,
2706 1109 2741 1152 t.
2767 1108 2799 1152 4

360 1164 577 1214 diarium
606 1166 867 1230 Virginem
888 1182 997 1216 esse
1029 1165 1283 1231 probatur,
1677 1179 1846 1213 annon
1863 1168 1973 1228 jam
1999 1167 2213 1226 venerit,
2238 1176 2286 1215 et
2321 1182 2386 1214 an
2412 1173 2611 1230 tempus
2646 1167 2798 1230 praefl-

1264 1233 1374 1288 258,
1402 1235 1437 1278 t.
1468 1234 1541 1288 13,
1578 1257 1581 1274 ι
1741 1229 1906 1277 nitum
1925 1231 2265 1292 praeterierit?
2436 1235 2544 1288 242,
2571 1236 2607 1279 t.
2635 1235 2679 1290 7,
2705 1233 2794 1280 dcc.

423 1309 491 1341 an
539 1294 702 1342 Maria
725 1310 922 1358 semper
944 1295 1102 1358 Virgo
1126 1294 1278 1344 fuerit
1301 1302 1407 1342 tam
1431 1303 1543 1359 post
1576 1291 1579 1312 ⁴
1676 1291 1736 1341 de
1761 1293 1969 1354 Messia,
1989 1295 2024 1344 J
2029 1295 2281 1343 udaeorum
2299 1295 2662 1352 Confessiones,

491 1367 707 1422 partum,
733 1373 889 1421 quam
924 1360 1083 1408 ante?
1282 1362 1392 1418 303,
1419 1370 1453 1407 t.
1479 1362 1537 1408 21
2533 1364 2643 1418 252,
2671 1366 2705 1409 t.
2732 1363 2792 1409 32

423 1437 489 1469 an
515 1422 640 1471 bene
664 1423 863 1471 dicatur
885 1423 1124 1486 Dei-para
1141 1424 1165 1471 Ῥ
1281 1427 1392 1480 282,
1418 1430 1453 1471 t.
1483 1428 1535 1472 11
1673 1420 1856 1470 Jcsum
1900 1422 2219 1471 Nazarenum
2255 1440 2366 1473 esse
2411 1424 2653 1472 Messinm
2691 1439 2797 1488 pio·

360 1483 676 1535 Mediator-em
702 1487 1043 1536 necessarium
1074 1487 1231 1537 fuisse
1255 1488 1508 1552 probatur,
1574 1503 1577 1518 ¹
1739 1485 1902 1546 batur,
2055 1525 2065 1536 .
2266 1525 2278 1537 .
2434 1493 2543 1546 255,
2571 1496 2605 1537 t.
2633 1493 2678 1548 3,
2703 1490 2793 1538 Sto.

1271 1557 1379 1610 157,
1406 1559 1441 1602 t.
1483 1557 1535 1601 11
1574 1523 1577 1606 i
1610 1548 1862 1598 Miracula
1897 1551 2084 1601 Christi
2116 1552 2287 1614 qualia
2309 1552 2535 1601 suerint?

421 1630 576 1677 quare
604 1616 743 1665 Deus
766 1623 819 1664 et
852 1615 1002 1664 homo
1035 1632 1146 1665 esse
1179 1616 1395 1665 debuit?
2425 1621 2534 1670 259,
2563 1622 2597 1664 t.
2628 1621 2702 1675 17,
2734 1621 2792 1667 18

1006 1680 1065 1728 ib.
1086 1686 1137 1729 et
1161 1685 1269 1739 267,
1290 1689 1326 1729 t.
1352 1684 1424 1740 19,
1450 1681 1539 1731 8ae.
1671 1677 1938 1728 calumniae
1961 1679 2246 1727 «ludaeorum
2274 1680 2628 1740 retunduntur,

420 1758 654 1803 quamam
680 1744 976 1793 Mediatoris
1000 1751 1167 1808 partes
1192 1745 1379 1793 suerint
1396 1747 1420 1792 ⁴?
1572 1779 1575 1820 ἱ
2420 1746 2532 1799 259,
2560 1750 2596 1789 t.
2627 1746 2701 1800 19,
2729 1748 2792 1792 20

1272 1811 1377 1862 159,
1415 1814 1450 1855 t.
1480 1811 1539 1857 16
1607 1803 1944 1852 „Misericordia
1984 1804 2216 1869 specialis
2256 1813 2379 1868 quot
2426 1805 2582 1853 modis
2628 1822 2790 1854 suma·

421 1869 713 1917 Mediatoris
738 1887 837 1918 vox
863 1871 993 1918 unde
1028 1870 1266 1918 dicatur?
1316 1874 1425 1931 331,
1446 1877 1483 1919 t.
1509 1875 1537 1918 2
1570 1869 1574 1936 j
1737 1869 1855 1916 tur?
1989 1905 2002 1918 .
2412 1905 2424 1917 .
2557 1873 2669 1929 507,
2696 1878 2733 1919 t.
2758 1876 2789 1919 4

421 1933 667 1981 Mediatio
689 1934 967 1997 quotuplex
990 1934 1375 1996 distinguatur?
1568 1949 1573 2032 ι
1670 1939 1748 1979 est
1772 1932 2024 1994 objectum
2049 1932 2180 1981 fidei.
2201 1905 2334 1980 'Vide
2351 1932 2511 1981 Fida.

1365 1997 1423 2046 ib.
1444 2004 1481 2046 t.
1507 2003 1536 2048 3
1604 1994 1746 2044 diors
1775 1996 1951 2044 Christi
1973 2012 2070 2043 non
2097 2004 2174 2044 est
2197 1996 2499 2044 universalis
2524 2013 2611 2059 pro
2635 1999 2790 2046 omni·

416 2067 541 2123 quot
564 2061 724 2109 modis
757 2061 942 2124 aliquis
968 2061 1218 2109 Mediator
1239 2061 1451 2123 dicatur,
1485 2070 1537 2112 et
1733 2059 1825 2108 bus
1850 2069 1900 2108 et
1925 2060 2158 2123 singulis,
2403 2065 2514 2120 403,
2542 2071 2578 2110 t.
2601 2066 2675 2120 12,
2697 2065 2788 2112 διο.

483 2126 691 2188 quinam
726 2125 830 2174 sint
863 2131 1009 2174 actus
1044 2125 1381 2174 Mediatoris?
1601 2123 1744 2172 Mors
1781 2124 2037 2173 Fidelibus
2071 2140 2174 2172 non
2209 2123 2460 2188 infligitur
2494 2127 2541 2172 in
2571 2141 2786 2188 poenam,

1307 2194 1399 2239 332
1442 2195 1479 2238 t.
1504 2194 1536 2241 5
2529 2193 2623 2238 300
2665 2198 2700 2238 t.
2727 2194 2789 2240 23

1405 2228 1416 2250 ⁹
1602 2251 1766 2304 Moses
1790 2253 1989 2315 quando
2013 2252 2300 2315 Legislator
2317 2254 2341 2301 ¹?
2530 2228 2639 2312 199,
2662 2262 2698 2302 t.
2724 2258 2788 2305 26

1668 2317 1915 2379 quomodo
1938 2318 2197 2366 confertur
2218 2332 2335 2367 cum
2360 2317 2557 2367 Christo
2575 2319 2598 2365 ’ἓ
2648 2321 2726 2377 26,
2747 2326 2784 2368 t.

2420 2384 2783 2442 32,209,t.17

416 2267 482 2300 an
529 2253 763 2302 Christus
801 2254 867 2300 sit
913 2252 1163 2301 Mediator
1206 2259 1407 2302 tantum
1455 2256 1535 2302 In·

482 2317 778 2376 stitutionis,
830 2317 1078 2380 Exempli,
1114 2316 1533 2378 Confirmationis,

482 2382 671 2429 Annon
696 2382 762 2428 sit
785 2381 939 2429 etiam
977 2396 1131 2430 verus
1170 2385 1421 2448 signum-0⁴35
1446 2384 1470 2430 Ῥ

1341 2446 1419 2504 ih„
1446 2455 1481 2495 t.
1506 2450 1536 2497 8
1734 2450 1784 2493 et
1808 2443 1872 2492 ab
1905 2461 1963 2492 eo
1985 2444 2222 2494 differat?
2530 2449 2640 2500 355,
2663 2453 2698 2494 t.
2729 2450 2786 2496 19

415 2523 479 2555 an
506 2508 739 2557 Christus
773 2510 926 2558 fuerit
966 2509 1216 2558 Mediator
1260 2511 1536 2559 secundum
1667 2515 1834 2571 potest
1870 2511 2086 2572 spectari
2115 2510 2345 2557 bifariam
2385 2515 2444 2557 nt
2467 2509 2659 2557 Doctor
2697 2511 2788 2559 Ec-

480 2579 748 2637 utramque
770 2581 1005 2623 naturam
1023 2575 1047 2623 ⁸?
1169 2577 1278 2633 335,
1303 2582 1340 2623 t.
1376 2579 1422 2635 5,
1447 2576 1536 2624 διο.
1733 2572 1908 2633 elesioe,
1928 2581 1978 2623 et
2004 2582 2062 2623 ut
2088 2575 2208 2623 Dux
2267 2573 2417 2638 opuli,
2535 2579 2640 2634 128,
2662 2579 2697 2623 t.
2729 2578 2786 2625 15

415 2652 482 2686 an
528 2639 679 2686 Pater
722 2646 773 2687 ct
818 2639 1035 2702 Spiritus
1081 2640 1297 2689 Sanctus
1343 2641 1538 2703 possint
1604 2636 1882 2686 Mos-arcum
1916 2638 2090 2686 Foedus
2124 2654 2272 2701 quae
2311 2639 2506 2687 suerit?
2542 2640 2656 2687 vido
2683 2639 2787 2687 Foe-

480 2703 577 2751 dici
606 2704 908 2752 Mediatores
926 2705 949 2751 ἱ)
1084 2741 1096 2753 .
1277 2707 1386 2763 337,
1414 2712 1450 2753 t.
1482 2710 1538 2755 15
1733 2702 1835 2762 dus,
1925 2741 1937 2753 .
2136 2740 2149 2753 .
2349 2740 2360 2751 .
2560 2741 2572 2753 .
2772 2741 2785 2753 .

414 2783 479 2815 an
506 2768 739 2817 Christus
763 2769 828 2816 sit
855 2768 1101 2817 Mediator
1125 2769 1434 2831 Angelorum
1450 2770 1474 2817 Ῥ
1669 2766 1908 2816 Μοετιῖοω
1932 2768 2216 2817 oeconomiae
2239 2773 2438 2823 natura,
2464 2767 2575 2815 finis
2599 2775 2650 2815 et
2673 2768 2787 2817 cha-

1103 2836 1213 2888 339,
1240 2841 1277 2881 t.
1307 2839 1348 2891 1,
1374 2838 1418 2893 2,
1444 2835 1533 2883 810.
1734 2840 1966 2889 meteres,
2101 2869 2113 2881 .
2281 2869 2294 2881 .
2399 2836 2505 2887 198,
2535 2840 2570 2881 t.
2597 2838 2673 2889 24,
2695 2834 2785 2883 διο.

413 2911 478 2941 an
528 2895 665 2943 solus
719 2896 951 2944 Christus
996 2897 1064 2945 sit
1111 2898 1362 2946 Mediator
1406 2900 1535 2959 apud
1602 2895 1717 2959 quis
1764 2897 1830 2944 sit
1876 2896 2092 2944 blundus
2131 2912 2220 2962 pro
2258 2912 2358 2959 quo
2394 2897 2626 2945 Christus
2663 2912 2787 2944 mor·

483 2959 663 3014 Deum,
700 2975 766 3006 an
801 2960 971 3009 Sancti
1017 2960 1171 3009 ctiam
1218 2962 1323 3009 sint
1346 2962 1536 3010 Media·
1667 2968 1787 3009 tuus
1811 2969 1904 3015 cst,
2057 2997 2069 3008 .
2203 2997 2215 3009 .
2301 2965 2410 3017 415,
2438 2968 2474 3008 t.
2501 2964 2578 3017 39,
2604 2970 2655 3007 ct
2679 2976 2783 3023 seq.

479 3027 611 3068 tores
635 3024 658 3068 Ῥ
792 3058 803 3069 .
1004 3059 1015 3070 .
1172 3028 1282 3083 340,
1309 3030 1345 3072 t.
1371 3029 1415 3081 4,
1442 3027 1532 3074 ἃς.
1604 3023 1788 3070 λίιιηηε
1831 3023 2172 3070 Mediator-ium
2213 3022 2401 3070 Christi
2441 3024 2562 3084 quid
2600 3024 2683 3082 sit,
2734 3030 2786 3072 et

413 3099 475 3131 an
524 3085 685 3147 possit
719 3085 963 3147 distingui
1001 3086 1251 3134 Mediator
1296 3088 1535 3151 Redemp·
1566 3090 1569 3105 ¹
1731 3090 1864 3146 Quot
1888 3085 2128 3149 gradibus
2155 3086 2448 3133 institutum
2474 3086 2582 3133 sit?

478 3149 647 3209 tionis,
707 3157 760 3198 et
806 3149 1058 3197 Mediator
1106 3151 1491 3198 Intercessionis
1509 3154 1532 3198 ⁴?
2437 3153 2546 3209 3³14,
2564 3155 2600 3198 t..
2629 3155 2666 3206 1,
2693 3151 2782 3199 810.

1301 3218 1411 3271 341,
1441 3221 1475 3261 t.
1504 3220 1530 3263 7
1664 3227 1849 3260 munus
1874 3211 2064 3260 Christi
2088 3220 2244 3274 quotu
2281 3211 2406 3260 lex?
2605 3213 2664 3260 ih.
2693 3221 2728 3262 t.
2755 3218 2782 3262 2

411 3291 475 3323 an
500 3276 649 3324 detur
691 3276 941 3324 Mediator
974 3276 1242 3340 primarius
1282 3284 1334 3325 ct
1358 3293 1533 3325 sccun-
1663 3277 1883 3323 rationes
1928 3275 2112 3338 quibus
2148 3277 2246 3339 trip
2269 3292 2334 3323 ex
2366 3276 2553 3324 Christi
2591 3277 2784 3325 Munus

476 3340 645 3389 darius
663 3342 686 3388 ?
755 3377 768 3388 .
1153 3376 1166 3388 .
1302 3341 1411 3389 ibid.
1441 3349 1475 3389 t.
1501 3345 1531 3392 8
1727 3339 1982 3399 fundatur,
2118 3376 2130 3388 .
2297 3376 2309 3389 .
2415 3343 2523 3401 345,
2559 3347 2594 3389 t.
2619 3344 2666 3399 5,
2692 3340 2782 3393 &c-

410 3419 477 3451 an
502 3405 734 3453 Christus
758 3420 859 3467 qua
884 3404 1135 3452 Mediator
1156 3404 1454 3465 adorandus,
1479 3415 1531 3454 et
1563 3438 1566 3479 3

476 3469 753 3517 secundum
778 3484 929 3531 quam
953 3475 1187 3517 naturam
1203 3468 1227 3516 ?
1564 3506 1567 3519 ,

1166 3537 1279 3593 434,
1305 3538 1341 3580 t.
1373 3537 1412 3591 1,
1439 3533 1527 3583 &c.
1562 3538 1567 3595 [

346 3595 686 3645 sslelclaisedeck
708 3596 822 3659 quis
846 3597 998 3645 fuerit
1016 3598 1039 3645 ἱ)
1301 3600 1411 3656 359,
1438 3604 1474 3646 t.
1501 3603 1531 3648 9
2164 3567 2216 3623 N

411 3661 766 3710 Melchisedeci
795 3665 918 3721 τάξις
943 3661 1063 3724 quid
1093 3662 1197 3709 sit?
1266 3665 1376 3720 360,
1403 3671 1439 3710 t.
1470 3666 1526 3710 12

410 3725 687 3775 similitudo
732 3726 922 3776 Christi
970 3742 1087 3775 cum
1142 3725 1527 3785 Melchisedeco,

1202 3790 1279 3849 ih„
1298 3798 1334 3839 t.
1366 3794 1439 3848 13,
1470 3797 1528 3839 14
1598 3787 1806 3837 Naturae
1845 3789 2064 3835 humanae
2107 3790 2293 3836 Christi
2335 3788 2505 3835 hostes
2547 3789 2689 3846 varii,
2729 3796 2781 3838 et

406 3867 471 3899 an
507 3853 755 3901 consistat
779 3854 830 3901 in
856 3853 1098 3903 Sacrificii
1113 3854 1363 3903 incruenti
1384 3856 1527 3918 panis
1561 3852 1565 3929 l
1727 3853 1933 3915 quinam
1957 3853 2188 3899 errores?
2346 3887 2358 3900 .
2398 3855 2507 3906 270,
2535 3859 2571 3900 t.
2601 3857 2642 3913 1,
2667 3856 2711 3912 2,
2747 3858 2780 3917 4

472 3922 523 3963 et
551 3916 653 3962 vini
673 3916 960 3965 oblatione?
1265 3922 1375 3976 361,
1400 3925 1437 3966 t.
1467 3923 1525 3969 15
1660 3931 1828 3963 annon
1851 3916 2044 3961 Natura
2060 3915 2284 3963 humana
2320 3923 2580 3976 assumpta
2606 3932 2636 3963 a
2658 3920 2790 3979 Λόγῳ

405 3994 505 4026 non
543 3980 730 4026 dantur
769 3979 913 4027 multi
935 3981 1225 4028 Sacerdotes
1250 3983 1524 4030 secundum
1724 3979 1876 4025 suerit
1899 3985 2078 4026 uostrae
2103 3994 2192 4042 per
2215 3980 2384 4026 omnia
2399 3979 2580 4027 similis
2604 3996 2779 4045 excep-

471 4043 695 4091 ordinem
723 4043 1093 4104 Melchisedeci,
1136 4048 1245 4101 362,
1273 4050 1309 4092 t.
1341 4048 1412 4105 16,
1433 4047 1523 4095 duc.
1723 4048 1774 4088 10
1831 4044 2039 4090 cecato?
2129 4078 2141 4091 ·
2339 4079 2351 4091 ·
2549 4048 2658 4101 270,
2684 4045 2773 4094 &c-

343 4106 647 4155 *Mendacium
672 4107 792 4169 quid
817 4107 920 4155 sit?
1227 4111 1334 4165 113,
1362 4115 1397 4157 t.
1429 4115 1469 4170 1,
1495 4114 1522 4158 2
1659 4121 1723 4153 an
1742 4106 1798 4153 Fi
1825 4106 1901 4153 ius
1923 4105 2016 4155 Dei
2069 4106 2312 4154 Naturam
2371 4106 2647 4155 humanam
2701 4125 2778 4157 as-

407 4169 695 4233 Quotuplex
719 4172 826 4219 sit?
958 4208 971 4220 .
1149 4208 1161 4221 .
1299 4177 1406 4231 114,
1434 4180 1468 4221 t.
1495 4177 1524 4223 3
1723 4170 1993 4233 sumpserit
2017 4170 2068 4217 in
2087 4170 2337 4219 unitatem
2374 4171 2644 4219 Personae?

404 4251 469 4283 an
506 4235 779 4284 officiosum
820 4234 1141 4284 Mendacium
1179 4235 1245 4284 sit
1284 4236 1523 4285 licitum?
2389 4240 2499 4293 274,
2537 4242 2572 4283 t.
2612 4239 2654 4292 1,
2681 4238 2771 4287 &c.

1089 4303 1196 4360 114,
1224 4308 1258 4349 t.
1283 4304 1328 4359 3,
1365 4306 1410 4359 4,
1432 4302 1520 4349 διο.
1656 4313 1719 4345 an
1733 4296 2150 4346 naturahumana
2163 4299 2550 4361 possitdicitum
2570 4300 2772 4362 adjunc-

404 4363 524 4426 quid
546 4365 606 4412 de
632 4363 899 4412 Mendacio
920 4362 1117 4421 Jacobi,
1144 4372 1195 4412 et
1230 4363 1424 4423 Bahab,
1455 4365 1523 4413 sit
1723 4368 1846 4417 tum,
1872 4368 1980 4409 tum
2007 4377 2138 4425 pars,
2165 4364 2302 4409 Scau!
2325 4363 2488 4411 Aaron?
2543 4367 2652 4421 275,
2680 4371 2714 4412 t.
2742 4369 2773 4415 6

468 4428 827 4476 sentiendum?
962 4464 973 4475 .
1141 4465 1152 4476 .
1294 4433 1399 4486 115,
1427 4435 1461 4476 t.
1490 4431 1519 4477 9

336 4489 509 4539 ΑῙενίτί
527 4507 628 4539 vox
651 4497 774 4555 quot
799 4492 958 4540 modis
982 4498 1225 4552 sumatur,
1294 4496 1402 4551 627,
1427 4498 1465 4540 t.
1492 4496 1520 4541 2

402 4556 678 4618 quotuplex
708 4562 965 4605 statuatur
986 4557 1119 4621 apud
1146 4555 1453 4616 Pontificios,
1592 4553 1810 4602 Naziroei
1832 4553 2050 4647 §ninam
2075 4553 2277 4613 fuerint,
2302 4560 2354 4602 et
2378 4554 2497 4617 quid
2521 4554 2774 4617 significa-

1290 4623 1400 4680 628,
1426 4627 1463 4669 t.
1490 4624 1517 4669 3
1719 4618 1814 4665 rint
1838 4656 1846 4665 .
2021 4654 2035 4667 .
2233 4654 2244 4667 .
2444 4657 2456 4667 .
2512 4621 2618 4677 136,
2649 4625 2682 4668 t.
2708 4623 2769 4671 22

1600 3723 1849 3772 Ναιίυίίαε
1873 3724 2060 3773 Christi
2085 3725 2181 3773 suit
2205 3725 2470 3783 ordinaria,
2519 3729 2628 3784 302,
2656 3734 2691 3775 t.
2721 3730 2780 3776 16

1653 4439 1717 4473 an
1741 4426 1934 4473 Natura
1957 4425 2179 4474 humana
2203 4426 2270 4473 sit
2337 4427 2555 4538 ersona‘Q?
2593 4494 2622 4540 8

2561 4496 2586 4538 7
2647 4498 2683 4539 t.
2712 4497 2770 4542 18
