<?xml version="1.0" encoding="UTF-8"?>
<!DOCTYPE html PUBLIC "-//W3C//DTD XHTML 1.0 Transitional//EN"
    "http://www.w3.org/TR/xhtml1/DTD/xhtml1-transitional.dtd">
<html xmlns="http://www.w3.org/1999/xhtml" xml:lang="en" lang="en">
 <head>
  <title>
</title>
<meta http-equiv="Content-Type" content="text/html;charset=utf-8" />
  <meta name='ocr-system' content='tesseract 3.04.00' />
  <meta name='ocr-capabilities' content='ocr_page ocr_carea ocr_par ocr_line ocrx_word'/>
</head>
<body>
  <div class='ocr_page' id='page_1' title='image "./institutiotheol01turrgoog_0108.png"; bbox 0 0 3221 5200; ppageno 0'>
   <div class='ocr_carea' id='block_1_1' title="bbox 546 350 2962 433">
    <p class='ocr_par' dir='ltr' id='par_1_1' title="bbox 546 350 2962 433">
     <span class='ocr_line' id='line_1_1' title="bbox 546 350 2962 433; baseline -0.001 -15"><span class='ocrx_word' id='word_1_1' title='bbox 546 360 627 419; x_wconf 88' lang='grc'><strong>80</strong></span> <span class='ocrx_word' id='word_1_2' title='bbox 1487 372 1672 416; x_wconf 73' lang='lat' dir='ltr'><strong>Locus</strong></span> <span class='ocrx_word' id='word_1_3' title='bbox 1701 370 2061 414; x_wconf 69' lang='lat' dir='ltr'><strong>monemus.</strong></span> <span class='ocrx_word' id='word_1_4' title='bbox 2546 350 2798 433; x_wconf 69' lang='lat' dir='ltr'><strong>[cumr.</strong></span> <span class='ocrx_word' id='word_1_5' title='bbox 2830 371 2962 415; x_wconf 85' lang='lat' dir='ltr'><strong>xm.</strong></span> 
     </span>
    </p>
   </div>
   <div class='ocr_carea' id='block_1_2' title="bbox 542 509 2965 688">
    <p class='ocr_par' dir='ltr' id='par_1_2' title="bbox 542 509 2965 688">
     <span class='ocr_line' id='line_1_2' title="bbox 625 509 2965 594; baseline -0.002 -18"><span class='ocrx_word' id='word_1_6' title='bbox 625 516 799 576; x_wconf 89' lang='lat' dir='ltr'>XLI.</span> <span class='ocrx_word' id='word_1_7' title='bbox 845 514 1012 575; x_wconf 88' lang='lat' dir='ltr'><strong>Licet</strong></span> <span class='ocrx_word' id='word_1_8' title='bbox 1051 529 1128 575; x_wconf 80' lang='lat' dir='ltr'><strong>ex</strong></span> <span class='ocrx_word' id='word_1_9' title='bbox 1154 513 1218 574; x_wconf 82' lang='lat' dir='ltr'><strong>vi</strong></span> <span class='ocrx_word' id='word_1_10' title='bbox 1242 516 1516 594; x_wconf 82' lang='lat' dir='ltr'><strong>praecepti</strong></span> <span class='ocrx_word' id='word_1_11' title='bbox 1544 513 1866 575; x_wconf 85' lang='lat' dir='ltr'><strong>servandus</strong></span> <span class='ocrx_word' id='word_1_12' title='bbox 1893 513 1970 573; x_wconf 87' lang='lat' dir='ltr'><strong>sit</strong></span> <span class='ocrx_word' id='word_1_13' title='bbox 1997 509 2322 572; x_wconf 87' lang='lat' dir='ltr'><strong>necessario</strong></span> <span class='ocrx_word' id='word_1_14' title='bbox 2349 529 2501 570; x_wconf 87' lang='lat' dir='ltr'><strong>unus</strong></span> <span class='ocrx_word' id='word_1_15' title='bbox 2529 531 2562 571; x_wconf 90' lang='lat' dir='ltr'><strong>e</strong></span> <span class='ocrx_word' id='word_1_16' title='bbox 2590 519 2811 589; x_wconf 90' lang='lat' dir='ltr'><strong>septem</strong></span> <span class='ocrx_word' id='word_1_17' title='bbox 2838 512 2965 572; x_wconf 88' lang='lat' dir='ltr'><strong>die·</strong></span> 
     </span>
     <span class='ocr_line' id='line_1_3' title="bbox 542 591 2964 688; baseline -0.002 -32"><span class='ocrx_word' id='word_1_18' title='bbox 542 598 670 672; x_wconf 89' lang='lat' dir='ltr'><strong>bus,</strong></span> <span class='ocrx_word' id='word_1_19' title='bbox 721 605 997 673; x_wconf 89' lang='lat' dir='ltr'><strong>tanquam</strong></span> <span class='ocrx_word' id='word_1_20' title='bbox 1041 595 1290 655; x_wconf 89' lang='lat' dir='ltr'><strong>officium</strong></span> <span class='ocrx_word' id='word_1_21' title='bbox 1334 596 1550 655; x_wconf 89' lang='lat' dir='ltr'><strong>morale</strong></span> <span class='ocrx_word' id='word_1_22' title='bbox 1579 604 1638 655; x_wconf 90' lang='lat' dir='ltr'><strong>et</strong></span> <span class='ocrx_word' id='word_1_23' title='bbox 1664 603 2003 688; x_wconf 71' lang='lat' dir='ltr'><strong>perpetuum</strong></span> <span class='ocrx_word' id='word_1_24' title='bbox 2029 615 2044 652; x_wconf 71' lang='grc' dir='ltr'>ι</span> <span class='ocrx_word' id='word_1_25' title='bbox 2088 593 2221 651; x_wconf 89' lang='lat' dir='ltr'><strong>Non</strong></span> <span class='ocrx_word' id='word_1_26' title='bbox 2249 591 2511 668; x_wconf 89' lang='lat' dir='ltr'><strong>sequitur</strong></span> <span class='ocrx_word' id='word_1_27' title='bbox 2534 592 2750 669; x_wconf 88' lang='lat' dir='ltr'><strong>pariter</strong></span> <span class='ocrx_word' id='word_1_28' title='bbox 2774 612 2964 651; x_wconf 85' lang='lat' dir='ltr'><strong>mora-</strong></span> 
     </span>
    </p>
   </div>
   <div class='ocr_carea' id='block_1_3' title="bbox 541 671 2967 834">
    <p class='ocr_par' dir='ltr' id='par_1_3' title="bbox 541 671 2967 834">
     <span class='ocr_line' id='line_1_4' title="bbox 541 671 2967 753; baseline -0.001 -19"><span class='ocrx_word' id='word_1_29' title='bbox 541 677 658 735; x_wconf 91' lang='lat' dir='ltr'><strong>lem</strong></span> <span class='ocrx_word' id='word_1_30' title='bbox 686 696 812 735; x_wconf 89' lang='lat' dir='ltr'><strong>esse</strong></span> <span class='ocrx_word' id='word_1_31' title='bbox 861 676 1323 735; x_wconf 82' lang='lat' dir='ltr'><strong>observationem</strong></span> <span class='ocrx_word' id='word_1_32' title='bbox 1371 675 1488 735; x_wconf 90' lang='lat' dir='ltr'><strong>diei</strong></span> <span class='ocrx_word' id='word_1_33' title='bbox 1532 675 1780 753; x_wconf 77' lang='lat' dir='ltr'><strong>septiml,</strong></span> <span class='ocrx_word' id='word_1_34' title='bbox 1826 694 1957 751; x_wconf 82' lang='lat' dir='ltr'><strong>quae</strong></span> <span class='ocrx_word' id='word_1_35' title='bbox 2001 673 2111 731; x_wconf 90' lang='lat' dir='ltr'><strong>hoc</strong></span> <span class='ocrx_word' id='word_1_36' title='bbox 2158 679 2447 749; x_wconf 78' lang='lat' dir='ltr'><strong>praecepto</strong></span> <span class='ocrx_word' id='word_1_37' title='bbox 2476 672 2765 731; x_wconf 87' lang='lat' dir='ltr'><strong>sancitur:</strong></span> <span class='ocrx_word' id='word_1_38' title='bbox 2811 671 2967 746; x_wconf 87' lang='lat' dir='ltr'><strong>Quia</strong></span> 
     </span>
     <span class='ocr_line' id='line_1_5' title="bbox 543 748 2965 834; baseline -0.002 -21"><span class='ocrx_word' id='word_1_39' title='bbox 543 755 947 816; x_wconf 76' lang='lat' dir='ltr'><strong>determinatio</strong></span> <span class='ocrx_word' id='word_1_40' title='bbox 995 756 1238 833; x_wconf 68' lang='lat' dir='ltr'><strong>praecisa</strong></span> <span class='ocrx_word' id='word_1_41' title='bbox 1281 755 1396 815; x_wconf 89' lang='lat' dir='ltr'><strong>diei</strong></span> <span class='ocrx_word' id='word_1_42' title='bbox 1442 754 1673 834; x_wconf 82' lang='lat' dir='ltr'>septimi</span> <span class='ocrx_word' id='word_1_43' title='bbox 1716 762 1806 813; x_wconf 90' lang='lat' dir='ltr'><strong>est</strong></span> <span class='ocrx_word' id='word_1_44' title='bbox 1852 773 2007 812; x_wconf 89' lang='lat' dir='ltr'><strong>mere</strong></span> <span class='ocrx_word' id='word_1_45' title='bbox 2034 752 2218 812; x_wconf 86' lang='lat' dir='ltr'><strong>libera</strong></span> <span class='ocrx_word' id='word_1_46' title='bbox 2244 759 2305 810; x_wconf 90' lang='lat' dir='ltr'><strong>et</strong></span> <span class='ocrx_word' id='word_1_47' title='bbox 2341 748 2713 810; x_wconf 88' lang='lat' dir='ltr'><strong>accidentalis</strong></span> <span class='ocrx_word' id='word_1_48' title='bbox 2741 751 2965 829; x_wconf 86' lang='lat' dir='ltr'><strong>cultui;</strong></span> 
     </span>
    </p>
   </div>
   <div class='ocr_carea' id='block_1_4' title="bbox 528 831 2967 4738">
    <p class='ocr_par' dir='ltr' id='par_1_4' title="bbox 539 831 2966 1215">
     <span class='ocr_line' id='line_1_6' title="bbox 540 831 2966 913; baseline -0.002 -19"><span class='ocrx_word' id='word_1_49' title='bbox 540 855 676 894; x_wconf 89' lang='lat' dir='ltr'><strong>nam</strong></span> <span class='ocrx_word' id='word_1_50' title='bbox 705 835 829 895; x_wconf 87' lang='lat' dir='ltr'><strong>sive</strong></span> <span class='ocrx_word' id='word_1_51' title='bbox 859 836 1120 913; x_wconf 89' lang='lat' dir='ltr'><strong>septimo,</strong></span> <span class='ocrx_word' id='word_1_52' title='bbox 1168 835 1295 894; x_wconf 85' lang='lat' dir='ltr'><strong>sive</strong></span> <span class='ocrx_word' id='word_1_53' title='bbox 1324 842 1507 911; x_wconf 87' lang='lat' dir='ltr'><strong>sexto,</strong></span> <span class='ocrx_word' id='word_1_54' title='bbox 1557 836 1681 893; x_wconf 86' lang='lat' dir='ltr'><strong>sive</strong></span> <span class='ocrx_word' id='word_1_55' title='bbox 1729 834 1844 892; x_wconf 93' lang='lat' dir='ltr'><strong>alio</strong></span> <span class='ocrx_word' id='word_1_56' title='bbox 1889 833 2161 910; x_wconf 91' lang='lat' dir='ltr'><strong>quopiam</strong></span> <span class='ocrx_word' id='word_1_57' title='bbox 2187 852 2220 890; x_wconf 91' lang='lat' dir='ltr'><strong>e</strong></span> <span class='ocrx_word' id='word_1_58' title='bbox 2249 831 2571 907; x_wconf 75' lang='lat' dir='ltr'><strong>septimana</strong></span> <span class='ocrx_word' id='word_1_59' title='bbox 2598 831 2787 891; x_wconf 84' lang='lat' dir='ltr'><strong>cultus</strong></span> <span class='ocrx_word' id='word_1_60' title='bbox 2831 832 2966 890; x_wconf 89' lang='lat' dir='ltr'><strong>Deo</strong></span> 
     </span>
     <span class='ocr_line' id='line_1_7' title="bbox 539 909 2962 993; baseline -0.001 -20"><span class='ocrx_word' id='word_1_61' title='bbox 539 923 860 993; x_wconf 71' lang='lat' dir='ltr'><strong>praestetur,</strong></span> <span class='ocrx_word' id='word_1_62' title='bbox 890 916 1128 993; x_wconf 86' lang='lat' dir='ltr'><strong>perinde</strong></span> <span class='ocrx_word' id='word_1_63' title='bbox 1156 923 1261 990; x_wconf 90' lang='lat' dir='ltr'><strong>est,</strong></span> <span class='ocrx_word' id='word_1_64' title='bbox 1292 915 1465 973; x_wconf 89' lang='lat' dir='ltr'><strong>modo</strong></span> <span class='ocrx_word' id='word_1_65' title='bbox 1492 915 1751 974; x_wconf 87' lang='lat' dir='ltr'><strong>colatur:</strong></span> <span class='ocrx_word' id='word_1_66' title='bbox 1799 912 1916 973; x_wconf 88' lang='lat' dir='ltr'><strong>Sed</strong></span> <span class='ocrx_word' id='word_1_67' title='bbox 1953 910 2353 971; x_wconf 80' lang='lat' dir='ltr'><strong>determinatio</strong></span> <span class='ocrx_word' id='word_1_68' title='bbox 2400 909 2574 970; x_wconf 89' lang='lat' dir='ltr'><strong>unius</strong></span> <span class='ocrx_word' id='word_1_69' title='bbox 2613 910 2729 969; x_wconf 90' lang='lat' dir='ltr'><strong>diei</strong></span> <span class='ocrx_word' id='word_1_70' title='bbox 2755 930 2962 970; x_wconf 88' lang='lat' dir='ltr'><strong>neces-</strong></span> 
     </span>
     <span class='ocr_line' id='line_1_8' title="bbox 542 990 2966 1072; baseline -0.002 -18"><span class='ocrx_word' id='word_1_71' title='bbox 542 995 694 1054; x_wconf 89' lang='lat' dir='ltr'><strong>saria</strong></span> <span class='ocrx_word' id='word_1_72' title='bbox 747 1005 854 1070; x_wconf 89' lang='lat' dir='ltr'><strong>est,</strong></span> <span class='ocrx_word' id='word_1_73' title='bbox 905 1003 964 1054; x_wconf 90' lang='lat' dir='ltr'><strong>et</strong></span> <span class='ocrx_word' id='word_1_74' title='bbox 1012 994 1151 1053; x_wconf 88' lang='lat' dir='ltr'><strong>facit</strong></span> <span class='ocrx_word' id='word_1_75' title='bbox 1197 994 1479 1072; x_wconf 79' lang='lat' dir='ltr'><strong>imprimis</strong></span> <span class='ocrx_word' id='word_1_76' title='bbox 1522 994 1599 1053; x_wconf 93' lang='lat' dir='ltr'><strong>ad</strong></span> <span class='ocrx_word' id='word_1_77' title='bbox 1649 993 1762 1051; x_wconf 92' lang='lat' dir='ltr'><strong>Dei</strong></span> <span class='ocrx_word' id='word_1_78' title='bbox 1806 993 2043 1066; x_wconf 88' lang='lat' dir='ltr'><strong>cultum,</strong></span> <span class='ocrx_word' id='word_1_79' title='bbox 2095 1011 2203 1050; x_wconf 87' lang='lat' dir='ltr'><strong>nec</strong></span> <span class='ocrx_word' id='word_1_80' title='bbox 2242 990 2402 1048; x_wconf 79' lang='lat' dir='ltr'><strong>enim</strong></span> <span class='ocrx_word' id='word_1_81' title='bbox 2448 990 2860 1049; x_wconf 87' lang='lat' dir='ltr'><strong>convenienter</strong></span> <span class='ocrx_word' id='word_1_82' title='bbox 2902 999 2966 1050; x_wconf 88' lang='lat' dir='ltr'><strong>et</strong></span> 
     </span>
     <span class='ocr_line' id='line_1_9' title="bbox 544 1069 2964 1150; baseline -0.002 -16"><span class='ocrx_word' id='word_1_83' title='bbox 544 1076 894 1136; x_wconf 88' lang='lat' dir='ltr'><strong>sufficienter</strong></span> <span class='ocrx_word' id='word_1_84' title='bbox 920 1094 1220 1133; x_wconf 80' lang='lat' dir='ltr'><strong>censemus</strong></span> <span class='ocrx_word' id='word_1_85' title='bbox 1250 1076 1440 1135; x_wconf 91' lang='lat' dir='ltr'><strong>Deum</strong></span> <span class='ocrx_word' id='word_1_86' title='bbox 1470 1074 1601 1150; x_wconf 89' lang='lat' dir='ltr'><strong>coli,</strong></span> <span class='ocrx_word' id='word_1_87' title='bbox 1653 1073 1767 1132; x_wconf 87' lang='lat' dir='ltr'><strong>nisi</strong></span> <span class='ocrx_word' id='word_1_88' title='bbox 1810 1091 1962 1132; x_wconf 89' lang='lat' dir='ltr'><strong>unus</strong></span> <span class='ocrx_word' id='word_1_89' title='bbox 1990 1072 2116 1130; x_wconf 82' lang='lat' dir='ltr'><strong>dies</strong></span> <span class='ocrx_word' id='word_1_90' title='bbox 2162 1070 2225 1128; x_wconf 87' lang='lat' dir='ltr'><strong>in</strong></span> <span class='ocrx_word' id='word_1_91' title='bbox 2274 1070 2595 1148; x_wconf 79' lang='lat' dir='ltr'><strong>septimana</strong></span> <span class='ocrx_word' id='word_1_92' title='bbox 2629 1069 2718 1128; x_wconf 88' lang='lat' dir='ltr'><strong>illi</strong></span> <span class='ocrx_word' id='word_1_93' title='bbox 2754 1089 2964 1130; x_wconf 89' lang='lat' dir='ltr'><strong>conse-</strong></span> 
     </span>
     <span class='ocr_line' id='line_1_10' title="bbox 543 1164 751 1215; baseline 0 -2"><span class='ocrx_word' id='word_1_94' title='bbox 543 1164 751 1215; x_wconf 87' lang='lat' dir='ltr'><strong>cretur.</strong></span> 
     </span>
    </p>

    <p class='ocr_par' dir='ltr' id='par_1_5' title="bbox 539 1227 2966 2189">
     <span class='ocr_line' id='line_1_11' title="bbox 622 1227 2963 1295; baseline -0.001 -3"><span class='ocrx_word' id='word_1_95' title='bbox 622 1234 833 1293; x_wconf 87' lang='lat' dir='ltr'><strong>XLII.</strong></span> <span class='ocrx_word' id='word_1_96' title='bbox 878 1233 1184 1292; x_wconf 85' lang='lat' dir='ltr'><strong>Calvinum</strong></span> <span class='ocrx_word' id='word_1_97' title='bbox 1229 1234 1302 1292; x_wconf 91' lang='lat' dir='ltr'><strong>ab</strong></span> <span class='ocrx_word' id='word_1_98' title='bbox 1345 1234 1455 1292; x_wconf 91' lang='lat' dir='ltr'><strong>bac</strong></span> <span class='ocrx_word' id='word_1_99' title='bbox 1504 1231 1792 1293; x_wconf 87' lang='lat' dir='ltr'><strong>sententia</strong></span> <span class='ocrx_word' id='word_1_100' title='bbox 1838 1230 2091 1290; x_wconf 88' lang='lat' dir='ltr'><strong>alienum</strong></span> <span class='ocrx_word' id='word_1_101' title='bbox 2138 1248 2257 1288; x_wconf 89' lang='lat' dir='ltr'><strong>non</strong></span> <span class='ocrx_word' id='word_1_102' title='bbox 2300 1227 2496 1295; x_wconf 81' lang='lat' dir='ltr'><strong>fuisse,</strong></span> <span class='ocrx_word' id='word_1_103' title='bbox 2547 1248 2665 1287; x_wconf 90' lang='lat' dir='ltr'><strong>non</strong></span> <span class='ocrx_word' id='word_1_104' title='bbox 2712 1228 2963 1289; x_wconf 80' lang='lat' dir='ltr'><strong>obscure</strong></span> 
     </span>
     <span class='ocr_line' id='line_1_12' title="bbox 539 1308 2961 1390; baseline -0.001 -17"><span class='ocrx_word' id='word_1_105' title='bbox 539 1321 731 1390; x_wconf 90' lang='lat' dir='ltr'><strong>potest</strong></span> <span class='ocrx_word' id='word_1_106' title='bbox 759 1313 957 1390; x_wconf 79' lang='lat' dir='ltr'><strong>colligi</strong></span> <span class='ocrx_word' id='word_1_107' title='bbox 984 1333 1060 1372; x_wconf 85' lang='lat' dir='ltr'><strong>ex</strong></span> <span class='ocrx_word' id='word_1_108' title='bbox 1105 1313 1493 1372; x_wconf 87' lang='lat' dir='ltr'><strong>Concionibus</strong></span> <span class='ocrx_word' id='word_1_109' title='bbox 1540 1313 1668 1390; x_wconf 88' lang='lat' dir='ltr'><strong>ejus</strong></span> <span class='ocrx_word' id='word_1_110' title='bbox 1711 1313 1773 1369; x_wconf 90' lang='lat' dir='ltr'><strong>in</strong></span> <span class='ocrx_word' id='word_1_111' title='bbox 1800 1312 1999 1370; x_wconf 88' lang='lat' dir='ltr'><strong>decem</strong></span> <span class='ocrx_word' id='word_1_112' title='bbox 2030 1311 2359 1387; x_wconf 70' lang='lat' dir='ltr'><strong>Praecepta3</strong></span> <span class='ocrx_word' id='word_1_113' title='bbox 2406 1308 2694 1367; x_wconf 88' lang='lat' dir='ltr'><strong>Concione</strong></span> <span class='ocrx_word' id='word_1_114' title='bbox 2722 1309 2961 1385; x_wconf 82' lang='lat' dir='ltr'><strong>quinta:</strong></span> 
     </span>
     <span class='ocr_line' id='line_1_13' title="bbox 543 1388 2966 1469; baseline -0.001 -18"><span class='ocrx_word' id='word_1_115' title='bbox 543 1396 580 1427; x_wconf 87' lang='lat'>“</span> <span class='ocrx_word' id='word_1_116' title='bbox 614 1393 676 1451; x_wconf 91' lang='lat' dir='ltr'><strong>Si</strong></span> <span class='ocrx_word' id='word_1_117' title='bbox 703 1413 960 1451; x_wconf 88' lang='lat' dir='ltr'><strong>essemus</strong></span> <span class='ocrx_word' id='word_1_118' title='bbox 989 1392 1196 1451; x_wconf 83' lang='lat' dir='ltr'><strong>fervidi</strong></span> <span class='ocrx_word' id='word_1_119' title='bbox 1224 1393 1285 1450; x_wconf 89' lang='lat' dir='ltr'><strong>in</strong></span> <span class='ocrx_word' id='word_1_120' title='bbox 1313 1393 1475 1452; x_wconf 92' lang='lat' dir='ltr'><strong>cultu</strong></span> <span class='ocrx_word' id='word_1_121' title='bbox 1505 1393 1632 1467; x_wconf 89' lang='lat' dir='ltr'><strong>Dei,</strong></span> <span class='ocrx_word' id='word_1_122' title='bbox 1662 1400 1728 1451; x_wconf 93' lang='lat' dir='ltr'><strong>ut</strong></span> <span class='ocrx_word' id='word_1_123' title='bbox 1754 1411 1861 1469; x_wconf 87' lang='lat' dir='ltr'><strong>par</strong></span> <span class='ocrx_word' id='word_1_124' title='bbox 1886 1398 2055 1465; x_wconf 90' lang='lat' dir='ltr'><strong>esset,</strong></span> <span class='ocrx_word' id='word_1_125' title='bbox 2079 1409 2197 1447; x_wconf 91' lang='lat' dir='ltr'><strong>non</strong></span> <span class='ocrx_word' id='word_1_126' title='bbox 2217 1408 2368 1447; x_wconf 91' lang='lat' dir='ltr'><strong>unus</strong></span> <span class='ocrx_word' id='word_1_127' title='bbox 2396 1388 2521 1447; x_wconf 90' lang='lat' dir='ltr'><strong>dies</strong></span> <span class='ocrx_word' id='word_1_128' title='bbox 2548 1388 2609 1445; x_wconf 89' lang='lat' dir='ltr'><strong>in</strong></span> <span class='ocrx_word' id='word_1_129' title='bbox 2638 1388 2966 1464; x_wconf 82' lang='lat' dir='ltr'><strong>septimana</strong></span> 
     </span>
     <span class='ocr_line' id='line_1_14' title="bbox 543 1467 2963 1550; baseline -0.002 -18"><span class='ocrx_word' id='word_1_130' title='bbox 543 1472 877 1549; x_wconf 83' lang='lat' dir='ltr'><strong>seligendus</strong></span> <span class='ocrx_word' id='word_1_131' title='bbox 905 1481 1075 1547; x_wconf 86' lang='lat' dir='ltr'><strong>esset,</strong></span> <span class='ocrx_word' id='word_1_132' title='bbox 1108 1471 1211 1531; x_wconf 89' lang='lat' dir='ltr'><strong>sed</strong></span> <span class='ocrx_word' id='word_1_133' title='bbox 1238 1472 1497 1550; x_wconf 90' lang='lat' dir='ltr'><strong>quotidie</strong></span> <span class='ocrx_word' id='word_1_134' title='bbox 1526 1470 1988 1531; x_wconf 83' lang='lat' dir='ltr'><strong>conveniendum</strong></span> <span class='ocrx_word' id='word_1_135' title='bbox 2016 1469 2320 1528; x_wconf 84' lang='lat' dir='ltr'><strong>essetsine</strong></span> <span class='ocrx_word' id='word_1_136' title='bbox 2342 1468 2501 1545; x_wconf 87' lang='lat' dir='ltr'><strong>Lege</strong></span> <span class='ocrx_word' id='word_1_137' title='bbox 2531 1467 2780 1544; x_wconf 86' lang='lat' dir='ltr'><strong>scripta;</strong></span> <span class='ocrx_word' id='word_1_138' title='bbox 2825 1488 2963 1528; x_wconf 88' lang='lat' dir='ltr'><strong>cum</strong></span> 
     </span>
     <span class='ocr_line' id='line_1_15' title="bbox 540 1547 2962 1629; baseline -0.001 -19"><span class='ocrx_word' id='word_1_139' title='bbox 540 1572 679 1629; x_wconf 88' lang='lat' dir='ltr'><strong>ergo</strong></span> <span class='ocrx_word' id='word_1_140' title='bbox 726 1553 861 1611; x_wconf 88' lang='lat' dir='ltr'><strong>talis</strong></span> <span class='ocrx_word' id='word_1_141' title='bbox 905 1560 964 1611; x_wconf 89' lang='lat' dir='ltr'><strong>et</strong></span> <span class='ocrx_word' id='word_1_142' title='bbox 1008 1559 1169 1610; x_wconf 87' lang='lat' dir='ltr'><strong>tanta</strong></span> <span class='ocrx_word' id='word_1_143' title='bbox 1216 1553 1292 1611; x_wconf 91' lang='lat' dir='ltr'><strong>sit</strong></span> <span class='ocrx_word' id='word_1_144' title='bbox 1339 1552 1642 1611; x_wconf 87' lang='lat' dir='ltr'><strong>infirmitas</strong></span> <span class='ocrx_word' id='word_1_145' title='bbox 1683 1559 1896 1627; x_wconf 90' lang='lat' dir='ltr'><strong>nostra,</strong></span> <span class='ocrx_word' id='word_1_146' title='bbox 1941 1567 2325 1627; x_wconf 84' lang='lat' dir='ltr'><strong>agnoscamus</strong></span> <span class='ocrx_word' id='word_1_147' title='bbox 2351 1547 2614 1626; x_wconf 88' lang='lat' dir='ltr'><strong>politiam</strong></span> <span class='ocrx_word' id='word_1_148' title='bbox 2641 1548 2812 1605; x_wconf 89' lang='lat' dir='ltr'><strong>istam</strong></span> <span class='ocrx_word' id='word_1_149' title='bbox 2839 1567 2962 1608; x_wconf 89' lang='lat' dir='ltr'><strong>non</strong></span> 
     </span>
     <span class='ocr_line' id='line_1_16' title="bbox 539 1626 2963 1706; baseline -0.001 -16"><span class='ocrx_word' id='word_1_150' title='bbox 539 1632 734 1690; x_wconf 88' lang='lat' dir='ltr'><strong>datam</strong></span> <span class='ocrx_word' id='word_1_151' title='bbox 763 1651 891 1691; x_wconf 89' lang='lat' dir='ltr'><strong>esse</strong></span> <span class='ocrx_word' id='word_1_152' title='bbox 920 1632 1106 1690; x_wconf 90' lang='lat' dir='ltr'><strong>solum</strong></span> <span class='ocrx_word' id='word_1_153' title='bbox 1135 1631 1179 1691; x_wconf 88' lang='lat' dir='ltr'>J</span> <span class='ocrx_word' id='word_1_154' title='bbox 1181 1631 1379 1706; x_wconf 79' lang='lat' dir='ltr'><strong>udaeis,</strong></span> <span class='ocrx_word' id='word_1_155' title='bbox 1422 1640 1489 1692; x_wconf 92' lang='lat' dir='ltr'><strong>ut</strong></span> <span class='ocrx_word' id='word_1_156' title='bbox 1529 1632 1654 1691; x_wconf 88' lang='lat' dir='ltr'><strong>dies</strong></span> <span class='ocrx_word' id='word_1_157' title='bbox 1683 1639 1874 1690; x_wconf 88' lang='lat' dir='ltr'><strong>certus</strong></span> <span class='ocrx_word' id='word_1_158' title='bbox 1920 1629 2203 1704; x_wconf 76' lang='lat' dir='ltr'><strong>habeatur</strong></span> <span class='ocrx_word' id='word_1_159' title='bbox 2227 1628 2303 1686; x_wconf 89' lang='lat' dir='ltr'><strong>ad</strong></span> <span class='ocrx_word' id='word_1_160' title='bbox 2329 1626 2807 1701; x_wconf 86' lang='lat' dir='ltr'><strong>conveniendum,</strong></span> <span class='ocrx_word' id='word_1_161' title='bbox 2852 1628 2963 1687; x_wconf 85' lang='lat' dir='ltr'><strong>sed</strong></span> 
     </span>
     <span class='ocr_line' id='line_1_17' title="bbox 541 1706 2957 1786; baseline -0.001 -15"><span class='ocrx_word' id='word_1_162' title='bbox 541 1712 716 1771; x_wconf 89' lang='lat' dir='ltr'><strong>etiam</strong></span> <span class='ocrx_word' id='word_1_163' title='bbox 744 1711 928 1786; x_wconf 89' lang='lat' dir='ltr'><strong>nobis,</strong></span> <span class='ocrx_word' id='word_1_164' title='bbox 961 1720 1020 1770; x_wconf 90' lang='lat' dir='ltr'><strong>et</strong></span> <span class='ocrx_word' id='word_1_165' title='bbox 1057 1712 1166 1770; x_wconf 89' lang='lat' dir='ltr'><strong>hoc</strong></span> <span class='ocrx_word' id='word_1_166' title='bbox 1193 1711 1361 1771; x_wconf 91' lang='lat' dir='ltr'><strong>nobis</strong></span> <span class='ocrx_word' id='word_1_167' title='bbox 1389 1732 1520 1785; x_wconf 82' lang='lat' dir='ltr'><strong>cum</strong></span> <span class='ocrx_word' id='word_1_168' title='bbox 1549 1712 1668 1770; x_wconf 89' lang='lat' dir='ltr'><strong>illis</strong></span> <span class='ocrx_word' id='word_1_169' title='bbox 1708 1730 1836 1770; x_wconf 89' lang='lat' dir='ltr'><strong>esse</strong></span> <span class='ocrx_word' id='word_1_170' title='bbox 1865 1709 2226 1768; x_wconf 87' lang='lat' dir='ltr'><strong>commune.”</strong></span> <span class='ocrx_word' id='word_1_171' title='bbox 2313 1706 2407 1765; x_wconf 89' lang='lat' dir='ltr'><strong>Ita</strong></span> <span class='ocrx_word' id='word_1_172' title='bbox 2435 1707 2725 1766; x_wconf 89' lang='lat' dir='ltr'><strong>Concione</strong></span> <span class='ocrx_word' id='word_1_173' title='bbox 2754 1716 2957 1768; x_wconf 82' lang='lat' dir='ltr'><strong>sexta:</strong></span> 
     </span>
     <span class='ocr_line' id='line_1_18' title="bbox 542 1786 2961 1869; baseline -0.002 -19"><span class='ocrx_word' id='word_1_174' title='bbox 542 1792 783 1867; x_wconf 87' lang='lat' dir='ltr'><strong>“Quum</strong></span> <span class='ocrx_word' id='word_1_175' title='bbox 801 1791 1027 1867; x_wconf 86' lang='lat' dir='ltr'><strong>dicitur,</strong></span> <span class='ocrx_word' id='word_1_176' title='bbox 1053 1792 1170 1850; x_wconf 83' lang='lat' dir='ltr'><strong>Sex</strong></span> <span class='ocrx_word' id='word_1_177' title='bbox 1199 1791 1404 1851; x_wconf 91' lang='lat' dir='ltr'><strong>diebus</strong></span> <span class='ocrx_word' id='word_1_178' title='bbox 1433 1791 1778 1869; x_wconf 87' lang='lat' dir='ltr'><strong>operaberis,</strong></span> <span class='ocrx_word' id='word_1_179' title='bbox 1801 1789 2085 1848; x_wconf 90' lang='lat' dir='ltr'><strong>Dominus</strong></span> <span class='ocrx_word' id='word_1_180' title='bbox 2113 1786 2383 1862; x_wconf 80' lang='lat' dir='ltr'><strong>ostendit,</strong></span> <span class='ocrx_word' id='word_1_181' title='bbox 2404 1807 2521 1845; x_wconf 90' lang='lat' dir='ltr'><strong>non</strong></span> <span class='ocrx_word' id='word_1_182' title='bbox 2548 1787 2759 1845; x_wconf 88' lang='lat' dir='ltr'><strong>debere</strong></span> <span class='ocrx_word' id='word_1_183' title='bbox 2786 1787 2961 1846; x_wconf 89' lang='lat' dir='ltr'><strong>nobis</strong></span> 
     </span>
     <span class='ocr_line' id='line_1_19' title="bbox 540 1866 2958 1949; baseline -0.001 -20"><span class='ocrx_word' id='word_1_184' title='bbox 540 1872 845 1931; x_wconf 89' lang='lat' dir='ltr'><strong>molestum</strong></span> <span class='ocrx_word' id='word_1_185' title='bbox 895 1870 1081 1930; x_wconf 84' lang='lat' dir='ltr'><strong>videri</strong></span> <span class='ocrx_word' id='word_1_186' title='bbox 1126 1879 1345 1930; x_wconf 89' lang='lat' dir='ltr'><strong>certum</strong></span> <span class='ocrx_word' id='word_1_187' title='bbox 1394 1872 1646 1949; x_wconf 88' lang='lat' dir='ltr'><strong>aliquem</strong></span> <span class='ocrx_word' id='word_1_188' title='bbox 1695 1870 1848 1929; x_wconf 84' lang='lat' dir='ltr'><strong>diem</strong></span> <span class='ocrx_word' id='word_1_189' title='bbox 1896 1869 2008 1946; x_wconf 89' lang='lat' dir='ltr'><strong>ipsi</strong></span> <span class='ocrx_word' id='word_1_190' title='bbox 2036 1869 2244 1943; x_wconf 87' lang='lat' dir='ltr'><strong>dicare,</strong></span> <span class='ocrx_word' id='word_1_191' title='bbox 2283 1886 2463 1944; x_wconf 91' lang='lat' dir='ltr'><strong>quum</strong></span> <span class='ocrx_word' id='word_1_192' title='bbox 2492 1886 2598 1925; x_wconf 84' lang='lat' dir='ltr'><strong>sex</strong></span> <span class='ocrx_word' id='word_1_193' title='bbox 2625 1867 2754 1925; x_wconf 87' lang='lat' dir='ltr'><strong>loco</strong></span> <span class='ocrx_word' id='word_1_194' title='bbox 2781 1866 2958 1926; x_wconf 85' lang='lat' dir='ltr'><strong>unius</strong></span> 
     </span>
     <span class='ocr_line' id='line_1_20' title="bbox 539 1945 2957 2027; baseline -0.002 -18"><span class='ocrx_word' id='word_1_195' title='bbox 539 1950 709 2010; x_wconf 91' lang='lat' dir='ltr'><strong>nobis</strong></span> <span class='ocrx_word' id='word_1_196' title='bbox 738 1950 1087 2027; x_wconf 87' lang='lat' dir='ltr'><strong>concedat;’&#39;</strong></span> <span class='ocrx_word' id='word_1_197' title='bbox 1133 1959 1191 2009; x_wconf 90' lang='lat' dir='ltr'><strong>et</strong></span> <span class='ocrx_word' id='word_1_198' title='bbox 1219 1950 1327 2010; x_wconf 90' lang='lat' dir='ltr'><strong>sub</strong></span> <span class='ocrx_word' id='word_1_199' title='bbox 1368 1950 1542 2010; x_wconf 88' lang='lat' dir='ltr'><strong>finem</strong></span> <span class='ocrx_word' id='word_1_200' title='bbox 1583 1951 1764 2026; x_wconf 85' lang='lat' dir='ltr'><strong>addit,</strong></span> <span class='ocrx_word' id='word_1_201' title='bbox 1799 1952 1835 1983; x_wconf 89' lang='lat'><strong>“</strong></span> <span class='ocrx_word' id='word_1_202' title='bbox 1865 1950 2054 2008; x_wconf 90' lang='lat' dir='ltr'><strong>Deum</strong></span> <span class='ocrx_word' id='word_1_203' title='bbox 2084 1966 2309 2007; x_wconf 89' lang='lat' dir='ltr'><strong>summo</strong></span> <span class='ocrx_word' id='word_1_204' title='bbox 2330 1947 2464 2024; x_wconf 88' lang='lat' dir='ltr'><strong>jure</strong></span> <span class='ocrx_word' id='word_1_205' title='bbox 2491 1945 2795 2006; x_wconf 88' lang='lat' dir='ltr'><strong>nobiscum</strong></span> <span class='ocrx_word' id='word_1_206' title='bbox 2835 1965 2957 2005; x_wconf 88' lang='lat' dir='ltr'><strong>non</strong></span> 
     </span>
     <span class='ocr_line' id='line_1_21' title="bbox 540 2025 2959 2108; baseline -0.002 -19"><span class='ocrx_word' id='word_1_207' title='bbox 540 2051 729 2108; x_wconf 87' lang='lat' dir='ltr'><strong>agere,</strong></span> <span class='ocrx_word' id='word_1_208' title='bbox 777 2030 881 2089; x_wconf 88' lang='lat' dir='ltr'><strong>sed</strong></span> <span class='ocrx_word' id='word_1_209' title='bbox 924 2038 1256 2089; x_wconf 90' lang='lat' dir='ltr'><strong>contentum</strong></span> <span class='ocrx_word' id='word_1_210' title='bbox 1287 2050 1413 2089; x_wconf 87' lang='lat' dir='ltr'><strong>esse</strong></span> <span class='ocrx_word' id='word_1_211' title='bbox 1441 2031 1491 2089; x_wconf 90' lang='lat' dir='ltr'><strong>si</strong></span> <span class='ocrx_word' id='word_1_212' title='bbox 1520 2030 1605 2088; x_wconf 93' lang='lat' dir='ltr'><strong>illi</strong></span> <span class='ocrx_word' id='word_1_213' title='bbox 1636 2030 1788 2088; x_wconf 89' lang='lat' dir='ltr'><strong>diem</strong></span> <span class='ocrx_word' id='word_1_214' title='bbox 1817 2048 1995 2088; x_wconf 90' lang='lat' dir='ltr'><strong>unum</strong></span> <span class='ocrx_word' id='word_1_215' title='bbox 2024 2047 2441 2104; x_wconf 84' lang='lat' dir='ltr'><strong>consecremus,</strong></span> <span class='ocrx_word' id='word_1_216' title='bbox 2485 2034 2586 2085; x_wconf 90' lang='lat' dir='ltr'><strong>aut</strong></span> <span class='ocrx_word' id='word_1_217' title='bbox 2621 2025 2674 2086; x_wconf 89' lang='lat' dir='ltr'><strong>si</strong></span> <span class='ocrx_word' id='word_1_218' title='bbox 2701 2025 2826 2085; x_wconf 89' lang='lat' dir='ltr'><strong>dies</strong></span> <span class='ocrx_word' id='word_1_219' title='bbox 2852 2025 2959 2085; x_wconf 89' lang='lat' dir='ltr'><strong>ille</strong></span> 
     </span>
     <span class='ocr_line' id='line_1_22' title="bbox 540 2109 1781 2189; baseline 0.001 -21"><span class='ocrx_word' id='word_1_220' title='bbox 540 2110 710 2170; x_wconf 89' lang='lat' dir='ltr'><strong>nobis</strong></span> <span class='ocrx_word' id='word_1_221' title='bbox 738 2109 979 2169; x_wconf 81' lang='lat' dir='ltr'><strong>inservit</strong></span> <span class='ocrx_word' id='word_1_222' title='bbox 1005 2130 1110 2187; x_wconf 87' lang='lat' dir='ltr'><strong>per</strong></span> <span class='ocrx_word' id='word_1_223' title='bbox 1135 2118 1316 2170; x_wconf 88' lang='lat' dir='ltr'><strong>totam</strong></span> <span class='ocrx_word' id='word_1_224' title='bbox 1345 2110 1781 2189; x_wconf 85' lang='lat' dir='ltr'><strong>septimanam.’&#39;</strong></span> 
     </span>
    </p>

    <p class='ocr_par' dir='ltr' id='par_1_6' title="bbox 532 2184 2967 3778">
     <span class='ocr_line' id='line_1_23' title="bbox 622 2184 2955 2267; baseline -0.001 -20"><span class='ocrx_word' id='word_1_225' title='bbox 622 2189 866 2248; x_wconf 90' lang='lat' dir='ltr'>XLIII.</span> <span class='ocrx_word' id='word_1_226' title='bbox 911 2189 1033 2248; x_wconf 86' lang='lat' dir='ltr'><strong>Nec</strong></span> <span class='ocrx_word' id='word_1_227' title='bbox 1079 2191 1251 2249; x_wconf 88' lang='lat' dir='ltr'><strong>aliam</strong></span> <span class='ocrx_word' id='word_1_228' title='bbox 1290 2191 1415 2267; x_wconf 87' lang='lat' dir='ltr'><strong>ejus</strong></span> <span class='ocrx_word' id='word_1_229' title='bbox 1455 2199 1707 2249; x_wconf 88' lang='lat' dir='ltr'><strong>mentem</strong></span> <span class='ocrx_word' id='word_1_230' title='bbox 1735 2188 1913 2248; x_wconf 79' lang='lat' dir='ltr'><strong>fuisse</strong></span> <span class='ocrx_word' id='word_1_231' title='bbox 1943 2187 2236 2265; x_wconf 83' lang='lat' dir='ltr'><strong>colligitur</strong></span> <span class='ocrx_word' id='word_1_232' title='bbox 2261 2206 2337 2245; x_wconf 84' lang='lat' dir='ltr'><strong>ex</strong></span> <span class='ocrx_word' id='word_1_233' title='bbox 2364 2186 2466 2245; x_wconf 88' lang='lat' dir='ltr'><strong>lib.</strong></span> <span class='ocrx_word' id='word_1_234' title='bbox 2494 2185 2555 2245; x_wconf 91' lang='lat' dir='ltr'><strong>ii.</strong></span> <span class='ocrx_word' id='word_1_235' title='bbox 2601 2184 2796 2244; x_wconf 87' lang='lat' dir='ltr'><strong>Instit.</strong></span> <span class='ocrx_word' id='word_1_236' title='bbox 2826 2204 2955 2263; x_wconf 88' lang='lat' dir='ltr'><strong>cap.</strong></span> 
     </span>
     <span class='ocr_line' id='line_1_24' title="bbox 539 2264 2957 2347; baseline -0.001 -21"><span class='ocrx_word' id='word_1_237' title='bbox 539 2271 594 2343; x_wconf 89' lang='lat'><strong>8,</strong></span> <span class='ocrx_word' id='word_1_238' title='bbox 628 2289 673 2326; x_wconf 89' lang='lat' dir='ltr'><strong>s.</strong></span> <span class='ocrx_word' id='word_1_239' title='bbox 705 2272 799 2344; x_wconf 85' lang='lat'><strong>34,</strong></span> <span class='ocrx_word' id='word_1_240' title='bbox 847 2289 1025 2346; x_wconf 87' lang='lat' dir='ltr'><strong>quum</strong></span> <span class='ocrx_word' id='word_1_241' title='bbox 1068 2271 1164 2343; x_wconf 89' lang='lat' dir='ltr'><strong>ait,</strong></span> <span class='ocrx_word' id='word_1_242' title='bbox 1213 2272 1248 2304; x_wconf 90' lang='lat'><strong>“</strong></span> <span class='ocrx_word' id='word_1_243' title='bbox 1277 2289 1338 2328; x_wconf 86' lang='lat' dir='ltr'><strong>se</strong></span> <span class='ocrx_word' id='word_1_244' title='bbox 1368 2270 1755 2347; x_wconf 88' lang='lat' dir='ltr'><strong>septenarium</strong></span> <span class='ocrx_word' id='word_1_245' title='bbox 1781 2287 2080 2327; x_wconf 89' lang='lat' dir='ltr'><strong>numerum</strong></span> <span class='ocrx_word' id='word_1_246' title='bbox 2110 2267 2333 2326; x_wconf 89' lang='lat' dir='ltr'><strong>dierum</strong></span> <span class='ocrx_word' id='word_1_247' title='bbox 2360 2285 2478 2324; x_wconf 91' lang='lat' dir='ltr'><strong>non</strong></span> <span class='ocrx_word' id='word_1_248' title='bbox 2505 2264 2588 2324; x_wconf 90' lang='lat' dir='ltr'><strong>sic</strong></span> <span class='ocrx_word' id='word_1_249' title='bbox 2616 2265 2844 2340; x_wconf 87' lang='lat' dir='ltr'><strong>morari,</strong></span> <span class='ocrx_word' id='word_1_250' title='bbox 2886 2274 2957 2324; x_wconf 90' lang='lat' dir='ltr'><strong>ut</strong></span> 
     </span>
     <span class='ocr_line' id='line_1_25' title="bbox 540 2346 2955 2427; baseline -0.002 -20"><span class='ocrx_word' id='word_1_251' title='bbox 540 2350 667 2425; x_wconf 86' lang='lat' dir='ltr'><strong>ejus</strong></span> <span class='ocrx_word' id='word_1_252' title='bbox 711 2348 976 2407; x_wconf 88' lang='lat' dir='ltr'><strong>servituti</strong></span> <span class='ocrx_word' id='word_1_253' title='bbox 1023 2349 1343 2408; x_wconf 87' lang='lat' dir='ltr'><strong>Ecclesiam</strong></span> <span class='ocrx_word' id='word_1_254' title='bbox 1388 2350 1714 2427; x_wconf 87' lang='lat' dir='ltr'><strong>adstringat</strong></span> <span class='ocrx_word' id='word_1_255' title='bbox 1734 2350 1788 2409; x_wconf 83' lang='lat'><strong>:”</strong></span> <span class='ocrx_word' id='word_1_256' title='bbox 1832 2348 1969 2426; x_wconf 91' lang='lat' dir='ltr'><strong>quia</strong></span> <span class='ocrx_word' id='word_1_257' title='bbox 2013 2346 2095 2405; x_wconf 92' lang='lat' dir='ltr'><strong>ibi</strong></span> <span class='ocrx_word' id='word_1_258' title='bbox 2132 2366 2341 2424; x_wconf 90' lang='lat' dir='ltr'><strong>scopus</strong></span> <span class='ocrx_word' id='word_1_259' title='bbox 2369 2347 2495 2423; x_wconf 87' lang='lat' dir='ltr'><strong>ejus</strong></span> <span class='ocrx_word' id='word_1_260' title='bbox 2524 2353 2629 2421; x_wconf 88' lang='lat' dir='ltr'><strong>est,</strong></span> <span class='ocrx_word' id='word_1_261' title='bbox 2673 2364 2790 2403; x_wconf 91' lang='lat' dir='ltr'><strong>non</strong></span> <span class='ocrx_word' id='word_1_262' title='bbox 2831 2352 2955 2402; x_wconf 90' lang='lat' dir='ltr'><strong>tam</strong></span> 
     </span>
     <span class='ocr_line' id='line_1_26' title="bbox 537 2423 2950 2506; baseline -0.002 -20"><span class='ocrx_word' id='word_1_263' title='bbox 537 2429 710 2487; x_wconf 90' lang='lat' dir='ltr'><strong>unius</strong></span> <span class='ocrx_word' id='word_1_264' title='bbox 758 2428 876 2488; x_wconf 89' lang='lat' dir='ltr'><strong>diei</strong></span> <span class='ocrx_word' id='word_1_265' title='bbox 933 2429 996 2485; x_wconf 90' lang='lat' dir='ltr'><strong>in</strong></span> <span class='ocrx_word' id='word_1_266' title='bbox 1044 2429 1364 2506; x_wconf 86' lang='lat' dir='ltr'><strong>septimana</strong></span> <span class='ocrx_word' id='word_1_267' title='bbox 1413 2429 1855 2489; x_wconf 88' lang='lat' dir='ltr'><strong>destinationem</strong></span> <span class='ocrx_word' id='word_1_268' title='bbox 1905 2427 1979 2486; x_wconf 90' lang='lat' dir='ltr'><strong>ad</strong></span> <span class='ocrx_word' id='word_1_269' title='bbox 2034 2427 2253 2486; x_wconf 89' lang='lat' dir='ltr'><strong>cultum</strong></span> <span class='ocrx_word' id='word_1_270' title='bbox 2301 2425 2597 2502; x_wconf 90' lang='lat' dir='ltr'><strong>publicum</strong></span> <span class='ocrx_word' id='word_1_271' title='bbox 2656 2423 2950 2500; x_wconf 81' lang='lat' dir='ltr'><strong>damnare,</strong></span> 
     </span>
     <span class='ocr_line' id='line_1_27' title="bbox 539 2502 2952 2586; baseline -0.002 -19"><span class='ocrx_word' id='word_1_272' title='bbox 539 2528 714 2585; x_wconf 90' lang='lat' dir='ltr'><strong>quam</strong></span> <span class='ocrx_word' id='word_1_273' title='bbox 743 2508 883 2566; x_wconf 92' lang='lat' dir='ltr'><strong>alibi</strong></span> <span class='ocrx_word' id='word_1_274' title='bbox 911 2509 1051 2566; x_wconf 85' lang='lat' dir='ltr'><strong>satis</strong></span> <span class='ocrx_word' id='word_1_275' title='bbox 1079 2527 1351 2584; x_wconf 85' lang='lat' dir='ltr'><strong>expresse</strong></span> <span class='ocrx_word' id='word_1_276' title='bbox 1378 2509 1600 2585; x_wconf 88' lang='lat' dir='ltr'><strong>probat,</strong></span> <span class='ocrx_word' id='word_1_277' title='bbox 1645 2509 1743 2567; x_wconf 84' lang='lat' dir='ltr'><strong>vel</strong></span> <span class='ocrx_word' id='word_1_278' title='bbox 1784 2508 1860 2566; x_wconf 90' lang='lat' dir='ltr'><strong>ad</strong></span> <span class='ocrx_word' id='word_1_279' title='bbox 1899 2506 2158 2586; x_wconf 89' lang='lat' dir='ltr'><strong>politiam</strong></span> <span class='ocrx_word' id='word_1_280' title='bbox 2201 2525 2355 2564; x_wconf 89' lang='lat' dir='ltr'><strong>mere</strong></span> <span class='ocrx_word' id='word_1_281' title='bbox 2383 2504 2694 2563; x_wconf 88' lang='lat' dir='ltr'><strong>humanam</strong></span> <span class='ocrx_word' id='word_1_282' title='bbox 2721 2512 2781 2562; x_wconf 89' lang='lat' dir='ltr'><strong>et</strong></span> <span class='ocrx_word' id='word_1_283' title='bbox 2805 2502 2952 2562; x_wconf 87' lang='lat' dir='ltr'><strong>libe-</strong></span> 
     </span>
     <span class='ocr_line' id='line_1_28' title="bbox 539 2583 2967 2664; baseline -0.001 -19"><span class='ocrx_word' id='word_1_284' title='bbox 539 2608 662 2646; x_wconf 88' lang='lat' dir='ltr'><strong>ram</strong></span> <span class='ocrx_word' id='word_1_285' title='bbox 691 2586 919 2662; x_wconf 84' lang='lat' dir='ltr'><strong>referre,</strong></span> <span class='ocrx_word' id='word_1_286' title='bbox 950 2606 1124 2663; x_wconf 88' lang='lat' dir='ltr'><strong>quam</strong></span> <span class='ocrx_word' id='word_1_287' title='bbox 1154 2587 1620 2664; x_wconf 88' lang='lat' dir='ltr'><strong>superstitionem</strong></span> <span class='ocrx_word' id='word_1_288' title='bbox 1642 2587 1686 2648; x_wconf 88' lang='lat' dir='ltr'><strong>J</strong></span> <span class='ocrx_word' id='word_1_289' title='bbox 1688 2587 1954 2647; x_wconf 75' lang='lat' dir='ltr'><strong>udaicam</strong></span> <span class='ocrx_word' id='word_1_290' title='bbox 1982 2586 2078 2645; x_wconf 90' lang='lat' dir='ltr'><strong>hic</strong></span> <span class='ocrx_word' id='word_1_291' title='bbox 2107 2606 2348 2663; x_wconf 88' lang='lat' dir='ltr'><strong>arguere</strong></span> <span class='ocrx_word' id='word_1_292' title='bbox 2378 2604 2576 2644; x_wconf 89' lang='lat' dir='ltr'><strong>eorum</strong></span> <span class='ocrx_word' id='word_1_293' title='bbox 2603 2584 2705 2661; x_wconf 91' lang='lat' dir='ltr'><strong>qui</strong></span> <span class='ocrx_word' id='word_1_294' title='bbox 2732 2583 2792 2641; x_wconf 92' lang='lat' dir='ltr'><strong>in</strong></span> <span class='ocrx_word' id='word_1_295' title='bbox 2820 2583 2967 2660; x_wconf 50' lang='lat' dir='ltr'><strong>ejus*</strong></span> 
     </span>
     <span class='ocr_line' id='line_1_29' title="bbox 539 2664 2953 2745; baseline -0.001 -20"><span class='ocrx_word' id='word_1_296' title='bbox 539 2667 942 2725; x_wconf 85' lang='lat' dir='ltr'><strong>observatione</strong></span> <span class='ocrx_word' id='word_1_297' title='bbox 991 2665 1035 2725; x_wconf 88' lang='lat' dir='ltr'>J</span> <span class='ocrx_word' id='word_1_298' title='bbox 1037 2665 1404 2725; x_wconf 84' lang='lat' dir='ltr'><strong>udai‘zabant.</strong></span> <span class='ocrx_word' id='word_1_299' title='bbox 1490 2667 1619 2742; x_wconf 90' lang='lat' dir='ltr'><strong>Quo</strong></span> <span class='ocrx_word' id='word_1_300' title='bbox 1646 2667 1936 2745; x_wconf 88' lang='lat' dir='ltr'><strong>pertinent</strong></span> <span class='ocrx_word' id='word_1_301' title='bbox 1956 2686 2086 2743; x_wconf 81' lang='lat' dir='ltr'><strong>quae</strong></span> <span class='ocrx_word' id='word_1_302' title='bbox 2116 2673 2435 2743; x_wconf 88' lang='lat' dir='ltr'><strong>sequuntur</strong></span> <span class='ocrx_word' id='word_1_303' title='bbox 2458 2686 2472 2724; x_wconf 74' lang='grc' dir='ltr'><strong>ε</strong></span> <span class='ocrx_word' id='word_1_304' title='bbox 2520 2667 2556 2698; x_wconf 86' lang='grc'>“</span> <span class='ocrx_word' id='word_1_305' title='bbox 2587 2664 2681 2722; x_wconf 89' lang='lat' dir='ltr'><strong>Ita</strong></span> <span class='ocrx_word' id='word_1_306' title='bbox 2707 2682 2953 2723; x_wconf 80' lang='lat' dir='ltr'><strong>evanes-</strong></span> 
     </span>
     <span class='ocr_line' id='line_1_30' title="bbox 539 2743 2952 2824; baseline -0.001 -21"><span class='ocrx_word' id='word_1_307' title='bbox 539 2754 679 2804; x_wconf 87' lang='lat' dir='ltr'><strong>cunt</strong></span> <span class='ocrx_word' id='word_1_308' title='bbox 705 2764 878 2821; x_wconf 71' lang='lat' dir='ltr'><strong>nugas</strong></span> <span class='ocrx_word' id='word_1_309' title='bbox 908 2743 1565 2822; x_wconf 89' lang='lat' dir='ltr'><strong>Pseudoprophetarum,</strong></span> <span class='ocrx_word' id='word_1_310' title='bbox 1596 2747 1698 2824; x_wconf 93' lang='lat' dir='ltr'><strong>qui</strong></span> <span class='ocrx_word' id='word_1_311' title='bbox 1725 2746 1769 2806; x_wconf 88' lang='lat' dir='ltr'><strong>J</strong></span> <span class='ocrx_word' id='word_1_312' title='bbox 1772 2746 1986 2804; x_wconf 82' lang='lat' dir='ltr'><strong>udai&#39;ca</strong></span> <span class='ocrx_word' id='word_1_313' title='bbox 2013 2746 2280 2822; x_wconf 89' lang='lat' dir='ltr'><strong>opinione</strong></span> <span class='ocrx_word' id='word_1_314' title='bbox 2323 2745 2599 2824; x_wconf 91' lang='lat' dir='ltr'><strong>populum</strong></span> <span class='ocrx_word' id='word_1_315' title='bbox 2641 2743 2952 2821; x_wconf 88' lang='lat' dir='ltr'><strong>superiori·</strong></span> 
     </span>
     <span class='ocr_line' id='line_1_31' title="bbox 536 2823 2956 2901; baseline 0 -19"><span class='ocrx_word' id='word_1_316' title='bbox 536 2824 647 2884; x_wconf 89' lang='lat' dir='ltr'><strong>bus</strong></span> <span class='ocrx_word' id='word_1_317' title='bbox 696 2823 906 2883; x_wconf 86' lang='lat' dir='ltr'><strong>seculis</strong></span> <span class='ocrx_word' id='word_1_318' title='bbox 953 2824 1298 2899; x_wconf 87' lang='lat' dir='ltr'><strong>imbuerunt,</strong></span> <span class='ocrx_word' id='word_1_319' title='bbox 1338 2825 1485 2883; x_wconf 90' lang='lat' dir='ltr'><strong>nihil</strong></span> <span class='ocrx_word' id='word_1_320' title='bbox 1531 2826 1690 2885; x_wconf 91' lang='lat' dir='ltr'><strong>aliud</strong></span> <span class='ocrx_word' id='word_1_321' title='bbox 1732 2825 2050 2900; x_wconf 86' lang='lat' dir='ltr'><strong>afferentes,</strong></span> <span class='ocrx_word' id='word_1_322' title='bbox 2101 2825 2214 2883; x_wconf 87' lang='lat' dir='ltr'><strong>nisi</strong></span> <span class='ocrx_word' id='word_1_323' title='bbox 2256 2825 2595 2901; x_wconf 86' lang='lat' dir='ltr'><strong>abrogatum</strong></span> <span class='ocrx_word' id='word_1_324' title='bbox 2638 2843 2764 2882; x_wconf 88' lang='lat' dir='ltr'><strong>esse</strong></span> <span class='ocrx_word' id='word_1_325' title='bbox 2791 2823 2956 2900; x_wconf 88' lang='lat' dir='ltr'><strong>quod</strong></span> 
     </span>
     <span class='ocr_line' id='line_1_32' title="bbox 537 2903 2948 2983; baseline -0.001 -20"><span class='ocrx_word' id='word_1_326' title='bbox 537 2903 932 2963; x_wconf 84' lang='lat' dir='ltr'><strong>caeremoniale</strong></span> <span class='ocrx_word' id='word_1_327' title='bbox 977 2912 1100 2963; x_wconf 88' lang='lat' dir='ltr'><strong>erat</strong></span> <span class='ocrx_word' id='word_1_328' title='bbox 1143 2904 1204 2962; x_wconf 93' lang='lat' dir='ltr'><strong>in</strong></span> <span class='ocrx_word' id='word_1_329' title='bbox 1251 2904 1361 2963; x_wconf 90' lang='lat' dir='ltr'><strong>hoc</strong></span> <span class='ocrx_word' id='word_1_330' title='bbox 1389 2906 1678 2982; x_wconf 87' lang='lat' dir='ltr'><strong>mandato,</strong></span> <span class='ocrx_word' id='word_1_331' title='bbox 1718 2903 1877 2983; x_wconf 89' lang='lat' dir='ltr'><strong>quod</strong></span> <span class='ocrx_word' id='word_1_332' title='bbox 1904 2913 2117 2964; x_wconf 86' lang='lat' dir='ltr'><strong>vocant</strong></span> <span class='ocrx_word' id='word_1_333' title='bbox 2144 2905 2259 2964; x_wconf 86' lang='lat' dir='ltr'><strong>diei</strong></span> <span class='ocrx_word' id='word_1_334' title='bbox 2288 2905 2545 2981; x_wconf 80' lang='lat' dir='ltr'><strong>septimae</strong></span> <span class='ocrx_word' id='word_1_335' title='bbox 2574 2903 2948 2979; x_wconf 85' lang='lat' dir='ltr'><strong>taxationem,</strong></span> 
     </span>
     <span class='ocr_line' id='line_1_33' title="bbox 535 2982 2951 3063; baseline -0.001 -20"><span class='ocrx_word' id='word_1_336' title='bbox 535 3004 829 3043; x_wconf 89' lang='lat' dir='ltr'><strong>remanere</strong></span> <span class='ocrx_word' id='word_1_337' title='bbox 858 2992 1050 3043; x_wconf 91' lang='lat' dir='ltr'><strong>autem</strong></span> <span class='ocrx_word' id='word_1_338' title='bbox 1079 2984 1235 3061; x_wconf 90' lang='lat' dir='ltr'><strong>quod</strong></span> <span class='ocrx_word' id='word_1_339' title='bbox 1262 2986 1476 3045; x_wconf 88' lang='lat' dir='ltr'><strong>morale</strong></span> <span class='ocrx_word' id='word_1_340' title='bbox 1505 2995 1610 3063; x_wconf 90' lang='lat' dir='ltr'><strong>est,</strong></span> <span class='ocrx_word' id='word_1_341' title='bbox 1654 3006 1862 3063; x_wconf 89' lang='lat' dir='ltr'><strong>nempe</strong></span> <span class='ocrx_word' id='word_1_342' title='bbox 1888 2985 2061 3045; x_wconf 91' lang='lat' dir='ltr'><strong>unius</strong></span> <span class='ocrx_word' id='word_1_343' title='bbox 2088 2984 2205 3043; x_wconf 88' lang='lat' dir='ltr'><strong>diei</strong></span> <span class='ocrx_word' id='word_1_344' title='bbox 2231 2984 2693 3043; x_wconf 83' lang='lat' dir='ltr'><strong>observationem</strong></span> <span class='ocrx_word' id='word_1_345' title='bbox 2720 2983 2780 3040; x_wconf 88' lang='lat' dir='ltr'><strong>in</strong></span> <span class='ocrx_word' id='word_1_346' title='bbox 2806 2982 2951 3041; x_wconf 90' lang='lat' dir='ltr'><strong>heb-</strong></span> 
     </span>
     <span class='ocr_line' id='line_1_34' title="bbox 537 3061 2953 3143; baseline -0 -20"><span class='ocrx_word' id='word_1_347' title='bbox 537 3063 800 3124; x_wconf 88' lang='lat' dir='ltr'><strong>domade.</strong></span> <span class='ocrx_word' id='word_1_348' title='bbox 884 3064 1071 3142; x_wconf 86' lang='lat' dir='ltr'><strong>Atqui</strong></span> <span class='ocrx_word' id='word_1_349' title='bbox 1100 3065 1160 3123; x_wconf 90' lang='lat' dir='ltr'><strong>id</strong></span> <span class='ocrx_word' id='word_1_350' title='bbox 1189 3065 1334 3124; x_wconf 87' lang='lat' dir='ltr'><strong>nihil</strong></span> <span class='ocrx_word' id='word_1_351' title='bbox 1361 3065 1520 3126; x_wconf 90' lang='lat' dir='ltr'><strong>aliud</strong></span> <span class='ocrx_word' id='word_1_352' title='bbox 1547 3075 1654 3143; x_wconf 91' lang='lat' dir='ltr'><strong>est,</strong></span> <span class='ocrx_word' id='word_1_353' title='bbox 1698 3086 1873 3143; x_wconf 90' lang='lat' dir='ltr'><strong>quam</strong></span> <span class='ocrx_word' id='word_1_354' title='bbox 1900 3066 1961 3123; x_wconf 90' lang='lat' dir='ltr'><strong>in</strong></span> <span class='ocrx_word' id='word_1_355' title='bbox 1989 3064 2033 3124; x_wconf 88' lang='lat' dir='ltr'><strong>J</strong></span> <span class='ocrx_word' id='word_1_356' title='bbox 2035 3062 2330 3124; x_wconf 78' lang='lat' dir='ltr'><strong>udaeorum</strong></span> <span class='ocrx_word' id='word_1_357' title='bbox 2359 3063 2765 3122; x_wconf 87' lang='lat' dir='ltr'><strong>contumeliam</strong></span> <span class='ocrx_word' id='word_1_358' title='bbox 2793 3061 2953 3122; x_wconf 85' lang='lat' dir='ltr'><strong>diem</strong></span> 
     </span>
     <span class='ocr_line' id='line_1_35' title="bbox 535 3143 2953 3222; baseline -0 -19"><span class='ocrx_word' id='word_1_359' title='bbox 535 3152 774 3222; x_wconf 89' lang='lat' dir='ltr'><strong>mutare,</strong></span> <span class='ocrx_word' id='word_1_360' title='bbox 822 3145 940 3205; x_wconf 89' lang='lat' dir='ltr'><strong>diei</strong></span> <span class='ocrx_word' id='word_1_361' title='bbox 981 3146 1345 3206; x_wconf 87' lang='lat' dir='ltr'><strong>sanctitatem</strong></span> <span class='ocrx_word' id='word_1_362' title='bbox 1392 3148 1584 3205; x_wconf 91' lang='lat' dir='ltr'><strong>animo</strong></span> <span class='ocrx_word' id='word_1_363' title='bbox 1633 3146 1874 3206; x_wconf 88' lang='lat' dir='ltr'><strong>eandem</strong></span> <span class='ocrx_word' id='word_1_364' title='bbox 1900 3145 2204 3205; x_wconf 84' lang='lat' dir='ltr'><strong>retinere.&#39;’</strong></span> <span class='ocrx_word' id='word_1_365' title='bbox 2291 3143 2410 3204; x_wconf 92' lang='lat' dir='ltr'><strong>Ubi</strong></span> <span class='ocrx_word' id='word_1_366' title='bbox 2436 3151 2660 3203; x_wconf 90' lang='lat' dir='ltr'><strong>certum</strong></span> <span class='ocrx_word' id='word_1_367' title='bbox 2686 3150 2776 3201; x_wconf 91' lang='lat' dir='ltr'><strong>est</strong></span> <span class='ocrx_word' id='word_1_368' title='bbox 2816 3162 2953 3202; x_wconf 89' lang='lat' dir='ltr'><strong>eum</strong></span> 
     </span>
     <span class='ocr_line' id='line_1_36' title="bbox 533 3221 2951 3305; baseline -0 -22"><span class='ocrx_word' id='word_1_369' title='bbox 533 3245 652 3284; x_wconf 89' lang='lat' dir='ltr'><strong>non</strong></span> <span class='ocrx_word' id='word_1_370' title='bbox 681 3246 913 3305; x_wconf 85' lang='lat' dir='ltr'><strong>carpere</strong></span> <span class='ocrx_word' id='word_1_371' title='bbox 943 3227 1096 3286; x_wconf 91' lang='lat' dir='ltr'><strong>ullos</strong></span> <span class='ocrx_word' id='word_1_372' title='bbox 1144 3247 1220 3286; x_wconf 85' lang='lat' dir='ltr'><strong>ex</strong></span> <span class='ocrx_word' id='word_1_373' title='bbox 1250 3226 1616 3303; x_wconf 83' lang='lat' dir='ltr'><strong>Reformatis,</strong></span> <span class='ocrx_word' id='word_1_374' title='bbox 1648 3226 1992 3305; x_wconf 89' lang='lat' dir='ltr'><strong>quibuscum</strong></span> <span class='ocrx_word' id='word_1_375' title='bbox 2020 3224 2106 3283; x_wconf 89' lang='lat' dir='ltr'><strong>illi</strong></span> <span class='ocrx_word' id='word_1_376' title='bbox 2134 3243 2427 3301; x_wconf 91' lang='lat' dir='ltr'><strong>nunquam</strong></span> <span class='ocrx_word' id='word_1_377' title='bbox 2471 3223 2593 3283; x_wconf 91' lang='lat' dir='ltr'><strong>ulla</strong></span> <span class='ocrx_word' id='word_1_378' title='bbox 2637 3221 2709 3280; x_wconf 89' lang='lat' dir='ltr'><strong>de</strong></span> <span class='ocrx_word' id='word_1_379' title='bbox 2735 3223 2845 3280; x_wconf 86' lang='lat' dir='ltr'><strong>hac</strong></span> <span class='ocrx_word' id='word_1_380' title='bbox 2885 3241 2951 3282; x_wconf 88' lang='lat' dir='ltr'><strong>re</strong></span> 
     </span>
     <span class='ocr_line' id='line_1_37' title="bbox 533 3301 2949 3383; baseline -0.001 -20"><span class='ocrx_word' id='word_1_381' title='bbox 533 3305 609 3365; x_wconf 89' lang='lat' dir='ltr'><strong>lis</strong></span> <span class='ocrx_word' id='word_1_382' title='bbox 637 3306 761 3382; x_wconf 85' lang='lat' dir='ltr'><strong>fuit,</strong></span> <span class='ocrx_word' id='word_1_383' title='bbox 810 3305 913 3365; x_wconf 89' lang='lat' dir='ltr'><strong>sed</strong></span> <span class='ocrx_word' id='word_1_384' title='bbox 943 3306 1279 3366; x_wconf 90' lang='lat' dir='ltr'><strong>Pontificios</strong></span> <span class='ocrx_word' id='word_1_385' title='bbox 1306 3308 1588 3383; x_wconf 87' lang='lat' dir='ltr'><strong>quosdam</strong></span> <span class='ocrx_word' id='word_1_386' title='bbox 1618 3316 1676 3366; x_wconf 89' lang='lat' dir='ltr'><strong>et</strong></span> <span class='ocrx_word' id='word_1_387' title='bbox 1708 3305 2112 3380; x_wconf 89' lang='lat' dir='ltr'><strong>Scholasticos,</strong></span> <span class='ocrx_word' id='word_1_388' title='bbox 2144 3304 2244 3381; x_wconf 91' lang='lat' dir='ltr'><strong>qui</strong></span> <span class='ocrx_word' id='word_1_389' title='bbox 2288 3303 2542 3362; x_wconf 86' lang='lat' dir='ltr'><strong>libertati</strong></span> <span class='ocrx_word' id='word_1_390' title='bbox 2572 3301 2949 3379; x_wconf 75' lang='lat' dir='ltr'><strong>Evangelicse</strong></span> 
     </span>
     <span class='ocr_line' id='line_1_38' title="bbox 536 3382 2949 3461; baseline -0 -19"><span class='ocrx_word' id='word_1_391' title='bbox 536 3384 677 3443; x_wconf 89' lang='lat' dir='ltr'><strong>satis</strong></span> <span class='ocrx_word' id='word_1_392' title='bbox 703 3385 1070 3461; x_wconf 86' lang='lat' dir='ltr'><strong>prospexisse</strong></span> <span class='ocrx_word' id='word_1_393' title='bbox 1098 3384 1395 3461; x_wconf 86' lang='lat' dir='ltr'><strong>putabant,</strong></span> <span class='ocrx_word' id='word_1_394' title='bbox 1428 3386 1476 3444; x_wconf 91' lang='lat' dir='ltr'><strong>si</strong></span> <span class='ocrx_word' id='word_1_395' title='bbox 1504 3386 1859 3445; x_wconf 88' lang='lat' dir='ltr'><strong>taxationem</strong></span> <span class='ocrx_word' id='word_1_396' title='bbox 1877 3385 1994 3443; x_wconf 90' lang='lat' dir='ltr'><strong>diei</strong></span> <span class='ocrx_word' id='word_1_397' title='bbox 2022 3383 2250 3461; x_wconf 89' lang='lat' dir='ltr'><strong>septimi</strong></span> <span class='ocrx_word' id='word_1_398' title='bbox 2278 3391 2553 3460; x_wconf 88' lang='lat' dir='ltr'><strong>tanquam</strong></span> <span class='ocrx_word' id='word_1_399' title='bbox 2581 3382 2949 3441; x_wconf 70' lang='lat' dir='ltr'><strong>caeremonia·</strong></span> 
     </span>
     <span class='ocr_line' id='line_1_39' title="bbox 532 3461 2949 3541; baseline 0 -22"><span class='ocrx_word' id='word_1_400' title='bbox 532 3462 649 3519; x_wconf 89' lang='lat' dir='ltr'><strong>lem</strong></span> <span class='ocrx_word' id='word_1_401' title='bbox 692 3462 966 3520; x_wconf 89' lang='lat' dir='ltr'><strong>abolitam</strong></span> <span class='ocrx_word' id='word_1_402' title='bbox 1014 3462 1303 3538; x_wconf 87' lang='lat' dir='ltr'><strong>docerent,</strong></span> <span class='ocrx_word' id='word_1_403' title='bbox 1348 3464 1578 3523; x_wconf 89' lang='lat' dir='ltr'><strong>interim</strong></span> <span class='ocrx_word' id='word_1_404' title='bbox 1626 3484 1804 3523; x_wconf 91' lang='lat' dir='ltr'><strong>unum</strong></span> <span class='ocrx_word' id='word_1_405' title='bbox 1833 3464 1987 3523; x_wconf 90' lang='lat' dir='ltr'><strong>diem</strong></span> <span class='ocrx_word' id='word_1_406' title='bbox 2016 3485 2047 3523; x_wconf 90' lang='lat' dir='ltr'><strong>e</strong></span> <span class='ocrx_word' id='word_1_407' title='bbox 2077 3473 2295 3541; x_wconf 89' lang='lat' dir='ltr'><strong>septem</strong></span> <span class='ocrx_word' id='word_1_408' title='bbox 2324 3482 2393 3522; x_wconf 90' lang='lat' dir='ltr'><strong>eo</strong></span> <span class='ocrx_word' id='word_1_409' title='bbox 2420 3461 2593 3521; x_wconf 90' lang='lat' dir='ltr'><strong>modo</strong></span> <span class='ocrx_word' id='word_1_410' title='bbox 2635 3461 2949 3520; x_wconf 82' lang='lat' dir='ltr'><strong>observan-</strong></span> 
     </span>
     <span class='ocr_line' id='line_1_40' title="bbox 535 3539 2950 3619; baseline 0.001 -21"><span class='ocrx_word' id='word_1_411' title='bbox 535 3539 674 3598; x_wconf 89' lang='lat' dir='ltr'><strong>dum</strong></span> <span class='ocrx_word' id='word_1_412' title='bbox 718 3540 1008 3614; x_wconf 89' lang='lat' dir='ltr'><strong>docerent,</strong></span> <span class='ocrx_word' id='word_1_413' title='bbox 1055 3561 1171 3618; x_wconf 91' lang='lat' dir='ltr'><strong>quo</strong></span> <span class='ocrx_word' id='word_1_414' title='bbox 1213 3541 1257 3601; x_wconf 88' lang='lat' dir='ltr'><strong>J</strong></span> <span class='ocrx_word' id='word_1_415' title='bbox 1260 3541 1411 3601; x_wconf 85' lang='lat' dir='ltr'><strong>udaei</strong></span> <span class='ocrx_word' id='word_1_416' title='bbox 1452 3563 1621 3602; x_wconf 91' lang='lat' dir='ltr'><strong>suum</strong></span> <span class='ocrx_word' id='word_1_417' title='bbox 1670 3543 2027 3603; x_wconf 87' lang='lat' dir='ltr'><strong>Sabbathum</strong></span> <span class='ocrx_word' id='word_1_418' title='bbox 2076 3542 2500 3619; x_wconf 79' lang='lat' dir='ltr'><strong>observabant3</strong></span> <span class='ocrx_word' id='word_1_419' title='bbox 2570 3540 2741 3602; x_wconf 90' lang='lat' dir='ltr'><strong>Unde</strong></span> <span class='ocrx_word' id='word_1_420' title='bbox 2783 3541 2950 3601; x_wconf 88' lang='lat' dir='ltr'><strong>addit</strong></span> 
     </span>
     <span class='ocr_line' id='line_1_41' title="bbox 538 3620 2950 3700; baseline 0.001 -23"><span class='ocrx_word' id='word_1_421' title='bbox 538 3621 575 3652; x_wconf 90' lang='lat'><strong>“</strong></span> <span class='ocrx_word' id='word_1_422' title='bbox 604 3638 722 3694; x_wconf 90' lang='lat' dir='ltr'><strong>eos,</strong></span> <span class='ocrx_word' id='word_1_423' title='bbox 753 3620 853 3696; x_wconf 91' lang='lat' dir='ltr'><strong>qui</strong></span> <span class='ocrx_word' id='word_1_424' title='bbox 897 3639 1092 3678; x_wconf 89' lang='lat' dir='ltr'><strong>eorum</strong></span> <span class='ocrx_word' id='word_1_425' title='bbox 1123 3621 1632 3682; x_wconf 89' lang='lat' dir='ltr'><strong>constitutionibus</strong></span> <span class='ocrx_word' id='word_1_426' title='bbox 1678 3623 1916 3700; x_wconf 81' lang='lat' dir='ltr'><strong>haerent,</strong></span> <span class='ocrx_word' id='word_1_427' title='bbox 1960 3643 2155 3683; x_wconf 86' lang='lat' dir='ltr'><strong>crassa</strong></span> <span class='ocrx_word' id='word_1_428' title='bbox 2195 3621 2524 3699; x_wconf 88' lang='lat' dir='ltr'><strong>carnalique</strong></span> <span class='ocrx_word' id='word_1_429' title='bbox 2556 3620 2950 3680; x_wconf 82' lang='lat' dir='ltr'><strong>Sabbathismi</strong></span> 
     </span>
     <span class='ocr_line' id='line_1_42' title="bbox 535 3698 1682 3778; baseline 0.004 -21"><span class='ocrx_word' id='word_1_430' title='bbox 535 3698 941 3777; x_wconf 88' lang='lat' dir='ltr'><strong>superstitione</strong></span> <span class='ocrx_word' id='word_1_431' title='bbox 969 3699 1013 3759; x_wconf 88' lang='lat' dir='ltr'><strong>J</strong></span> <span class='ocrx_word' id='word_1_432' title='bbox 1016 3700 1213 3760; x_wconf 79' lang='lat' dir='ltr'><strong>udaeos</strong></span> <span class='ocrx_word' id='word_1_433' title='bbox 1239 3710 1328 3761; x_wconf 91' lang='lat' dir='ltr'><strong>ter</strong></span> <span class='ocrx_word' id='word_1_434' title='bbox 1354 3703 1682 3778; x_wconf 83' lang='lat' dir='ltr'><strong>superare.’&#39;</strong></span> 
     </span>
    </p>

    <p class='ocr_par' dir='ltr' id='par_1_7' title="bbox 528 3779 2946 4738">
     <span class='ocr_line' id='line_1_43' title="bbox 616 3779 2943 3861; baseline 0.001 -25"><span class='ocrx_word' id='word_1_435' title='bbox 616 3779 850 3838; x_wconf 89' lang='lat' dir='ltr'>XLIV.</span> <span class='ocrx_word' id='word_1_436' title='bbox 892 3780 1097 3838; x_wconf 80' lang='lat' dir='ltr'><strong>Petrus</strong></span> <span class='ocrx_word' id='word_1_437' title='bbox 1136 3781 1371 3857; x_wconf 71' lang='lat' dir='ltr'><strong>Viretus,</strong></span> <span class='ocrx_word' id='word_1_438' title='bbox 1404 3782 1634 3842; x_wconf 84' lang='lat' dir='ltr'><strong>Calvini</strong></span> <span class='ocrx_word' id='word_1_439' title='bbox 1663 3782 1918 3861; x_wconf 86' lang='lat' dir='ltr'><strong>Collega,</strong></span> <span class='ocrx_word' id='word_1_440' title='bbox 1952 3782 2185 3859; x_wconf 88' lang='lat' dir='ltr'><strong>Dialog.</strong></span> <span class='ocrx_word' id='word_1_441' title='bbox 2214 3802 2272 3841; x_wconf 79' lang='lat' dir='ltr'><strong>v.</strong></span> <span class='ocrx_word' id='word_1_442' title='bbox 2302 3780 2364 3839; x_wconf 88' lang='lat' dir='ltr'><strong>in</strong></span> <span class='ocrx_word' id='word_1_443' title='bbox 2393 3780 2592 3841; x_wconf 87' lang='lat' dir='ltr'><strong>decem</strong></span> <span class='ocrx_word' id='word_1_444' title='bbox 2635 3787 2943 3859; x_wconf 48' lang='lat' dir='ltr'><strong>praeceptffi</strong></span> 
     </span>
     <span class='ocr_line' id='line_1_44' title="bbox 533 3859 2946 3939; baseline -0 -20"><span class='ocrx_word' id='word_1_445' title='bbox 533 3859 878 3919; x_wconf 85' lang='lat' dir='ltr'><strong>sententiam</strong></span> <span class='ocrx_word' id='word_1_446' title='bbox 931 3870 1221 3938; x_wconf 82' lang='lat' dir='ltr'><strong>receptam</strong></span> <span class='ocrx_word' id='word_1_447' title='bbox 1270 3861 1543 3939; x_wconf 91' lang='lat' dir='ltr'><strong>sequitur,</strong></span> <span class='ocrx_word' id='word_1_448' title='bbox 1591 3871 1651 3922; x_wconf 93' lang='lat' dir='ltr'><strong>et</strong></span> <span class='ocrx_word' id='word_1_449' title='bbox 1702 3862 1829 3922; x_wconf 85' lang='lat' dir='ltr'><strong>fuse</strong></span> <span class='ocrx_word' id='word_1_450' title='bbox 1876 3863 2216 3939; x_wconf 80' lang='lat' dir='ltr'><strong>exequitur3</strong></span> <span class='ocrx_word' id='word_1_451' title='bbox 2289 3861 2413 3921; x_wconf 88' lang='lat' dir='ltr'><strong>Nec</strong></span> <span class='ocrx_word' id='word_1_452' title='bbox 2460 3862 2628 3922; x_wconf 87' lang='lat' dir='ltr'><strong>aliter</strong></span> <span class='ocrx_word' id='word_1_453' title='bbox 2669 3862 2827 3918; x_wconf 67' lang='lat' dir='ltr'><strong>Besa</strong></span> <span class='ocrx_word' id='word_1_454' title='bbox 2883 3860 2946 3919; x_wconf 89' lang='lat' dir='ltr'><strong>in</strong></span> 
     </span>
     <span class='ocr_line' id='line_1_45' title="bbox 533 3939 2944 4021; baseline 0 -23"><span class='ocrx_word' id='word_1_455' title='bbox 533 3939 721 4018; x_wconf 91' lang='lat' dir='ltr'><strong>Apoc.</strong></span> <span class='ocrx_word' id='word_1_456' title='bbox 750 3939 790 3997; x_wconf 90' lang='lat' dir='ltr'><strong>i.</strong></span> <span class='ocrx_word' id='word_1_457' title='bbox 825 3942 916 4015; x_wconf 90' lang='lat'><strong>10,</strong></span> <span class='ocrx_word' id='word_1_458' title='bbox 947 3940 1077 3999; x_wconf 83' lang='lat' dir='ltr'><strong>vult</strong></span> <span class='ocrx_word' id='word_1_459' title='bbox 1120 3943 1156 3974; x_wconf 91' lang='lat'><strong>“</strong></span> <span class='ocrx_word' id='word_1_460' title='bbox 1186 3941 1466 4016; x_wconf 85' lang='lat' dir='ltr'><strong>Quartum</strong></span> <span class='ocrx_word' id='word_1_461' title='bbox 1507 3951 1859 4021; x_wconf 65' lang='lat' dir='ltr'><strong>praeceptum</strong></span> <span class='ocrx_word' id='word_1_462' title='bbox 1903 3942 1976 4001; x_wconf 89' lang='lat' dir='ltr'><strong>de</strong></span> <span class='ocrx_word' id='word_1_463' title='bbox 2026 3942 2269 4019; x_wconf 88' lang='lat' dir='ltr'><strong>septimo</strong></span> <span class='ocrx_word' id='word_1_464' title='bbox 2310 3961 2540 4019; x_wconf 87' lang='lat' dir='ltr'><strong>quoque</strong></span> <span class='ocrx_word' id='word_1_465' title='bbox 2569 3940 2663 3999; x_wconf 90' lang='lat' dir='ltr'><strong>die</strong></span> <span class='ocrx_word' id='word_1_466' title='bbox 2692 3939 2944 3998; x_wconf 88' lang='lat' dir='ltr'><strong>sanctifi-</strong></span> 
     </span>
     <span class='ocr_line' id='line_1_46' title="bbox 532 4019 2941 4100; baseline -0.001 -21"><span class='ocrx_word' id='word_1_467' title='bbox 532 4020 733 4095; x_wconf 89' lang='lat' dir='ltr'><strong>cando,</strong></span> <span class='ocrx_word' id='word_1_468' title='bbox 748 4020 906 4097; x_wconf 92' lang='lat' dir='ltr'><strong>quod</strong></span> <span class='ocrx_word' id='word_1_469' title='bbox 933 4020 1008 4078; x_wconf 91' lang='lat' dir='ltr'><strong>ad</strong></span> <span class='ocrx_word' id='word_1_470' title='bbox 1040 4021 1318 4080; x_wconf 87' lang='lat' dir='ltr'><strong>Sabbathi</strong></span> <span class='ocrx_word' id='word_1_471' title='bbox 1346 4020 1577 4100; x_wconf 88' lang='lat' dir='ltr'><strong>quidem</strong></span> <span class='ocrx_word' id='word_1_472' title='bbox 1607 4022 1761 4082; x_wconf 90' lang='lat' dir='ltr'><strong>diem</strong></span> <span class='ocrx_word' id='word_1_473' title='bbox 1790 4030 1849 4081; x_wconf 93' lang='lat' dir='ltr'><strong>et</strong></span> <span class='ocrx_word' id='word_1_474' title='bbox 1876 4021 2021 4081; x_wconf 91' lang='lat' dir='ltr'><strong>ritus</strong></span> <span class='ocrx_word' id='word_1_475' title='bbox 2048 4021 2285 4100; x_wconf 77' lang='lat' dir='ltr'><strong>legales,</strong></span> <span class='ocrx_word' id='word_1_476' title='bbox 2315 4021 2495 4080; x_wconf 75' lang='lat' dir='ltr'><strong>fiiisse</strong></span> <span class='ocrx_word' id='word_1_477' title='bbox 2518 4019 2941 4097; x_wconf 73' lang='lat' dir='ltr'><strong>caeremoniale;</strong></span> 
     </span>
     <span class='ocr_line' id='line_1_47' title="bbox 530 4099 2943 4179; baseline -0.001 -20"><span class='ocrx_word' id='word_1_478' title='bbox 530 4100 689 4176; x_wconf 90' lang='lat' dir='ltr'><strong>quod</strong></span> <span class='ocrx_word' id='word_1_479' title='bbox 715 4099 791 4157; x_wconf 88' lang='lat' dir='ltr'><strong>ad</strong></span> <span class='ocrx_word' id='word_1_480' title='bbox 818 4100 1038 4159; x_wconf 84' lang='lat' dir='ltr'><strong>cultum</strong></span> <span class='ocrx_word' id='word_1_481' title='bbox 1068 4100 1180 4159; x_wconf 89' lang='lat' dir='ltr'><strong>Dei</strong></span> <span class='ocrx_word' id='word_1_482' title='bbox 1208 4102 1430 4175; x_wconf 90' lang='lat' dir='ltr'><strong>attinet,</strong></span> <span class='ocrx_word' id='word_1_483' title='bbox 1452 4122 1578 4161; x_wconf 86' lang='lat' dir='ltr'><strong>esse</strong></span> <span class='ocrx_word' id='word_1_484' title='bbox 1597 4102 1775 4179; x_wconf 89' lang='lat' dir='ltr'><strong>Legis</strong></span> <span class='ocrx_word' id='word_1_485' title='bbox 1802 4102 2036 4160; x_wconf 86' lang='lat' dir='ltr'><strong>moralis</strong></span> <span class='ocrx_word' id='word_1_486' title='bbox 2065 4102 2332 4175; x_wconf 75' lang='lat' dir='ltr'><strong>immotae,</strong></span> <span class='ocrx_word' id='word_1_487' title='bbox 2353 4108 2413 4159; x_wconf 91' lang='lat' dir='ltr'><strong>et</strong></span> <span class='ocrx_word' id='word_1_488' title='bbox 2437 4101 2499 4158; x_wconf 90' lang='lat' dir='ltr'><strong>in</strong></span> <span class='ocrx_word' id='word_1_489' title='bbox 2526 4101 2635 4158; x_wconf 90' lang='lat' dir='ltr'><strong>hac</strong></span> <span class='ocrx_word' id='word_1_490' title='bbox 2663 4100 2788 4158; x_wconf 85' lang='lat' dir='ltr'><strong>vita</strong></span> <span class='ocrx_word' id='word_1_491' title='bbox 2811 4119 2943 4177; x_wconf 88' lang='lat' dir='ltr'><strong>per-</strong></span> 
     </span>
     <span class='ocr_line' id='line_1_48' title="bbox 529 4178 2944 4259; baseline 0 -21"><span class='ocrx_word' id='word_1_492' title='bbox 529 4189 718 4257; x_wconf 80' lang='lat' dir='ltr'><strong>petuae</strong></span> <span class='ocrx_word' id='word_1_493' title='bbox 746 4182 1154 4257; x_wconf 83' lang='lat' dir='ltr'><strong>praeceptum,’&#39;</strong></span> <span class='ocrx_word' id='word_1_494' title='bbox 1186 4178 1294 4241; x_wconf 81' lang='lat' dir='ltr'><strong>&amp;c.</strong></span> <span class='ocrx_word' id='word_1_495' title='bbox 1380 4182 1458 4241; x_wconf 90' lang='lat' dir='ltr'><strong>Et</strong></span> <span class='ocrx_word' id='word_1_496' title='bbox 1483 4190 1714 4259; x_wconf 82' lang='lat' dir='ltr'><strong>postea:</strong></span> <span class='ocrx_word' id='word_1_497' title='bbox 1760 4183 1797 4215; x_wconf 89' lang='lat'>“</span> <span class='ocrx_word' id='word_1_498' title='bbox 1827 4181 2147 4240; x_wconf 79' lang='lat' dir='ltr'><strong>Dominicae</strong></span> <span class='ocrx_word' id='word_1_499' title='bbox 2168 4180 2347 4258; x_wconf 87' lang='lat' dir='ltr'><strong>igitur</strong></span> <span class='ocrx_word' id='word_1_500' title='bbox 2371 4179 2489 4239; x_wconf 90' lang='lat' dir='ltr'><strong>diei</strong></span> <span class='ocrx_word' id='word_1_501' title='bbox 2516 4187 2717 4254; x_wconf 87' lang='lat' dir='ltr'><strong>coetus,</strong></span> <span class='ocrx_word' id='word_1_502' title='bbox 2750 4178 2944 4256; x_wconf 88' lang='lat' dir='ltr'><strong>Apos-</strong></span> 
     </span>
     <span class='ocr_line' id='line_1_49' title="bbox 529 4259 2945 4336; baseline 0 -18"><span class='ocrx_word' id='word_1_503' title='bbox 529 4260 720 4319; x_wconf 72' lang='lat' dir='ltr'><strong>tolicae</strong></span> <span class='ocrx_word' id='word_1_504' title='bbox 765 4280 832 4318; x_wconf 92' lang='lat' dir='ltr'><strong>ac</strong></span> <span class='ocrx_word' id='word_1_505' title='bbox 878 4279 1012 4319; x_wconf 86' lang='lat' dir='ltr'><strong>vere</strong></span> <span class='ocrx_word' id='word_1_506' title='bbox 1056 4260 1271 4318; x_wconf 77' lang='lat' dir='ltr'><strong>divinae</strong></span> <span class='ocrx_word' id='word_1_507' title='bbox 1320 4269 1456 4319; x_wconf 89' lang='lat' dir='ltr'><strong>sunt</strong></span> <span class='ocrx_word' id='word_1_508' title='bbox 1482 4260 1826 4336; x_wconf 88' lang='lat' dir='ltr'><strong>traditionis,</strong></span> <span class='ocrx_word' id='word_1_509' title='bbox 1875 4261 1958 4320; x_wconf 89' lang='lat' dir='ltr'><strong>sic</strong></span> <span class='ocrx_word' id='word_1_510' title='bbox 1985 4269 2180 4319; x_wconf 86' lang='lat' dir='ltr'><strong>tamen</strong></span> <span class='ocrx_word' id='word_1_511' title='bbox 2206 4269 2272 4319; x_wconf 91' lang='lat' dir='ltr'><strong>ut</strong></span> <span class='ocrx_word' id='word_1_512' title='bbox 2298 4260 2342 4320; x_wconf 88' lang='lat' dir='ltr'><strong>J</strong></span> <span class='ocrx_word' id='word_1_513' title='bbox 2345 4259 2554 4319; x_wconf 82' lang='lat' dir='ltr'><strong>udai&#39;ca</strong></span> <span class='ocrx_word' id='word_1_514' title='bbox 2579 4259 2826 4318; x_wconf 86' lang='lat' dir='ltr'><strong>cessatio</strong></span> <span class='ocrx_word' id='word_1_515' title='bbox 2867 4259 2945 4318; x_wconf 88' lang='lat' dir='ltr'><strong>ab</strong></span> 
     </span>
     <span class='ocr_line' id='line_1_50' title="bbox 531 4338 2944 4418; baseline 0 -22"><span class='ocrx_word' id='word_1_516' title='bbox 531 4339 688 4397; x_wconf 87' lang='lat' dir='ltr'><strong>omni</strong></span> <span class='ocrx_word' id='word_1_517' title='bbox 715 4359 886 4417; x_wconf 90' lang='lat' dir='ltr'><strong>opere</strong></span> <span class='ocrx_word' id='word_1_518' title='bbox 915 4339 1149 4399; x_wconf 88' lang='lat' dir='ltr'><strong>minime</strong></span> <span class='ocrx_word' id='word_1_519' title='bbox 1178 4340 1597 4417; x_wconf 82' lang='lat' dir='ltr'><strong>observaretur,</strong></span> <span class='ocrx_word' id='word_1_520' title='bbox 1645 4341 1917 4418; x_wconf 91' lang='lat' dir='ltr'><strong>quoniam</strong></span> <span class='ocrx_word' id='word_1_521' title='bbox 1959 4341 2072 4399; x_wconf 89' lang='lat' dir='ltr'><strong>hoc</strong></span> <span class='ocrx_word' id='word_1_522' title='bbox 2114 4340 2285 4417; x_wconf 89' lang='lat' dir='ltr'><strong>plane</strong></span> <span class='ocrx_word' id='word_1_523' title='bbox 2333 4339 2539 4398; x_wconf 80' lang='lat' dir='ltr'><strong>fuisset</strong></span> <span class='ocrx_word' id='word_1_524' title='bbox 2566 4339 2610 4399; x_wconf 88' lang='lat' dir='ltr'><strong>J</strong></span> <span class='ocrx_word' id='word_1_525' title='bbox 2612 4338 2944 4399; x_wconf 76' lang='lat' dir='ltr'><strong>udal‘smum</strong></span> 
     </span>
     <span class='ocr_line' id='line_1_51' title="bbox 529 4418 2945 4497; baseline 0.002 -23"><span class='ocrx_word' id='word_1_526' title='bbox 529 4435 647 4475; x_wconf 90' lang='lat' dir='ltr'><strong>non</strong></span> <span class='ocrx_word' id='word_1_527' title='bbox 695 4419 941 4494; x_wconf 89' lang='lat' dir='ltr'><strong>abolere,</strong></span> <span class='ocrx_word' id='word_1_528' title='bbox 990 4420 1094 4478; x_wconf 90' lang='lat' dir='ltr'><strong>sed</strong></span> <span class='ocrx_word' id='word_1_529' title='bbox 1136 4428 1361 4479; x_wconf 87' lang='lat' dir='ltr'><strong>tantum</strong></span> <span class='ocrx_word' id='word_1_530' title='bbox 1389 4421 1545 4497; x_wconf 91' lang='lat' dir='ltr'><strong>quod</strong></span> <span class='ocrx_word' id='word_1_531' title='bbox 1594 4420 1670 4479; x_wconf 92' lang='lat' dir='ltr'><strong>ad</strong></span> <span class='ocrx_word' id='word_1_532' title='bbox 1717 4420 1871 4478; x_wconf 81' lang='lat' dir='ltr'><strong>diem</strong></span> <span class='ocrx_word' id='word_1_533' title='bbox 1912 4420 2118 4479; x_wconf 88' lang='lat' dir='ltr'><strong>attinet</strong></span> <span class='ocrx_word' id='word_1_534' title='bbox 2145 4420 2506 4479; x_wconf 85' lang='lat' dir='ltr'><strong>immutare.&#39;’</strong></span> <span class='ocrx_word' id='word_1_535' title='bbox 2591 4418 2815 4477; x_wconf 87' lang='lat' dir='ltr'><strong>Eadem</strong></span> <span class='ocrx_word' id='word_1_536' title='bbox 2852 4428 2945 4478; x_wconf 90' lang='lat' dir='ltr'><strong>est</strong></span> 
     </span>
     <span class='ocr_line' id='line_1_52' title="bbox 531 4497 2944 4577; baseline 0.002 -24"><span class='ocrx_word' id='word_1_537' title='bbox 531 4497 815 4555; x_wconf 87' lang='lat' dir='ltr'><strong>sententia</strong></span> <span class='ocrx_word' id='word_1_538' title='bbox 843 4500 1142 4576; x_wconf 63' lang='lat' dir='ltr'><strong>Martyris,</strong></span> <span class='ocrx_word' id='word_1_539' title='bbox 1175 4499 1281 4558; x_wconf 86' lang='lat' dir='ltr'><strong>Lo.</strong></span> <span class='ocrx_word' id='word_1_540' title='bbox 1311 4519 1457 4559; x_wconf 88' lang='lat' dir='ltr'><strong>eom.</strong></span> <span class='ocrx_word' id='word_1_541' title='bbox 1490 4501 1644 4560; x_wconf 81' lang='lat' dir='ltr'><strong>Clas.</strong></span> <span class='ocrx_word' id='word_1_542' title='bbox 1672 4500 1733 4558; x_wconf 94' lang='lat' dir='ltr'><strong>ii.</strong></span> <span class='ocrx_word' id='word_1_543' title='bbox 1764 4519 1814 4558; x_wconf 92' lang='lat' dir='ltr'><strong>c.</strong></span> <span class='ocrx_word' id='word_1_544' title='bbox 1846 4503 1901 4575; x_wconf 84' lang='lat'><strong>⁷,</strong></span> <span class='ocrx_word' id='word_1_545' title='bbox 1931 4518 2129 4576; x_wconf 89' lang='lat' dir='ltr'><strong>parag.</strong></span> <span class='ocrx_word' id='word_1_546' title='bbox 2158 4502 2187 4556; x_wconf 95' lang='lat'>1</span> <span class='ocrx_word' id='word_1_547' title='bbox 2217 4521 2232 4559; x_wconf 76' lang='lat' dir='ltr'><strong>t</strong></span> <span class='ocrx_word' id='word_1_548' title='bbox 2285 4501 2321 4533; x_wconf 90' lang='lat'><strong>“</strong></span> <span class='ocrx_word' id='word_1_549' title='bbox 2353 4498 2675 4577; x_wconf 86' lang='lat' dir='ltr'><strong>Septenarii</strong></span> <span class='ocrx_word' id='word_1_550' title='bbox 2716 4498 2944 4558; x_wconf 88' lang='lat' dir='ltr'><strong>numeri</strong></span> 
     </span>
     <span class='ocr_line' id='line_1_53' title="bbox 528 4575 2941 4658; baseline 0.002 -26"><span class='ocrx_word' id='word_1_551' title='bbox 528 4575 804 4652; x_wconf 86' lang='lat' dir='ltr'><strong>mysteria</strong></span> <span class='ocrx_word' id='word_1_552' title='bbox 829 4577 925 4636; x_wconf 92' lang='lat' dir='ltr'><strong>hic</strong></span> <span class='ocrx_word' id='word_1_553' title='bbox 953 4580 1300 4655; x_wconf 89' lang='lat' dir='ltr'><strong>omittamus,</strong></span> <span class='ocrx_word' id='word_1_554' title='bbox 1316 4577 1425 4639; x_wconf 68' lang='lat' dir='ltr'><strong>Sto.</strong></span> <span class='ocrx_word' id='word_1_555' title='bbox 1455 4580 1629 4658; x_wconf 89' lang='lat' dir='ltr'><strong>idque</strong></span> <span class='ocrx_word' id='word_1_556' title='bbox 1648 4587 1869 4640; x_wconf 88' lang='lat' dir='ltr'><strong>tantum</strong></span> <span class='ocrx_word' id='word_1_557' title='bbox 1900 4578 2284 4654; x_wconf 87' lang='lat' dir='ltr'><strong>advertamus,</strong></span> <span class='ocrx_word' id='word_1_558' title='bbox 2309 4598 2344 4637; x_wconf 99' lang='lat' dir='ltr'><strong>a</strong></span> <span class='ocrx_word' id='word_1_559' title='bbox 2372 4588 2593 4656; x_wconf 89' lang='lat' dir='ltr'><strong>septem</strong></span> <span class='ocrx_word' id='word_1_560' title='bbox 2615 4579 2941 4656; x_wconf 89' lang='lat' dir='ltr'><strong>quibusque</strong></span> 
     </span>
     <span class='ocr_line' id='line_1_54' title="bbox 529 4653 2941 4738; baseline 0.002 -24"><span class='ocrx_word' id='word_1_561' title='bbox 529 4653 735 4715; x_wconf 87' lang='lat' dir='ltr'><strong>diebus</strong></span> <span class='ocrx_word' id='word_1_562' title='bbox 762 4675 940 4715; x_wconf 88' lang='lat' dir='ltr'><strong>unum</strong></span> <span class='ocrx_word' id='word_1_563' title='bbox 971 4657 1097 4716; x_wconf 89' lang='lat' dir='ltr'><strong>Deo</strong></span> <span class='ocrx_word' id='word_1_564' title='bbox 1126 4678 1252 4717; x_wconf 87' lang='lat' dir='ltr'><strong>esse</strong></span> <span class='ocrx_word' id='word_1_565' title='bbox 1282 4660 1688 4720; x_wconf 82' lang='lat' dir='ltr'><strong>servandum.”</strong></span> <span class='ocrx_word' id='word_1_566' title='bbox 1773 4660 1853 4719; x_wconf 87' lang='lat' dir='ltr'><strong>Et</strong></span> <span class='ocrx_word' id='word_1_567' title='bbox 1877 4667 2108 4737; x_wconf 83' lang='lat' dir='ltr'><strong>postea:</strong></span> <span class='ocrx_word' id='word_1_568' title='bbox 2153 4662 2190 4693; x_wconf 75' lang='lat'><strong>‘⁴</strong></span> <span class='ocrx_word' id='word_1_569' title='bbox 2207 4660 2358 4719; x_wconf 87' lang='lat' dir='ltr'><strong>sicut</strong></span> <span class='ocrx_word' id='word_1_570' title='bbox 2384 4666 2726 4738; x_wconf 89' lang='lat' dir='ltr'><strong>perpetuum</strong></span> <span class='ocrx_word' id='word_1_571' title='bbox 2753 4666 2845 4719; x_wconf 89' lang='lat' dir='ltr'><strong>est</strong></span> <span class='ocrx_word' id='word_1_572' title='bbox 2870 4678 2941 4719; x_wconf 86' lang='lat' dir='ltr'><strong>ac</strong></span> 
     </span>
    </p>
   </div>
  </div>
 </body>
</html>
