3221 5200
546 342 662 398 496
1281 353 1461 394 Locus
1495 355 1755 393 »scmus
1786 353 2056 401 Quixrus.
2547 330 2824 413 [Qua-:513
2866 352 3006 393 vm.

543 499 687 575 ejuS,
720 506 778 555 et
805 515 980 555 unum
1006 515 1136 553 cum
1164 495 1308 572 ipso,
1342 504 1399 553 et
1442 495 1705 553 Christus
1750 494 1872 570 ipse
1920 494 2144 552 habitat
2173 493 2231 550 in
2263 492 2447 567 nobis,
2482 492 2632 569 Eph.
2665 494 2752 552 iii.
2795 499 2901 568 17,
2938 505 3003 554 et

543 598 650 635 nos
679 578 738 635 in
767 577 909 653 ipso,
941 577 984 634 ,J
988 576 1080 634 oh.
1112 596 1210 633 xv.
1243 579 1297 634 5.
1386 576 1480 632 Ex
1509 594 1623 650 qua
1650 573 1861 632 unione
1891 593 2262 649 personarum
2292 573 2473 631 oritur
2501 575 2851 632 communio
2885 575 2994 632 be-

542 657 876 715 neficiorum
908 655 1137 727 Christi,
1170 655 1242 713 ad
1273 675 1401 731 quae
1431 675 1531 731 per
1559 655 1829 711 unionem
1861 674 1990 710 cum
2020 654 2145 730 ipso
2169 654 2268 729 jus
2285 652 2651 729 acquirimuS,
2676 654 2992 730 justifica·

544 737 758 794 tionem
789 736 1028 810 scilicet,
1060 735 1446 809 adoptionem,
1479 734 2006 807 sanctificationem,
2039 741 2098 790 et
2119 732 2611 809 glorificationem.

1157 815 1238 870 X.
1289 815 1502 872 Sextus
1546 822 1635 872 est
1682 816 1855 871 Actus
1898 814 2137 889 reflamus
2165 833 2239 869 ex
2269 831 2443 869 sensu
2471 811 2607 868 fidei
2633 821 2824 886 ortus,
2863 833 2992 889 quo

1074 894 1279 967 anima,
1314 914 1442 969 quae
1473 894 1766 950 Christum
1795 894 1876 950 ita
1903 893 2121 968 recipit,
2148 892 2207 949 in
2237 892 2482 967 seipsam
2511 891 2748 964 reflexa,
2784 903 2852 950 et
2882 915 2990 951 ac-

544 982 669 1032 tum
698 974 980 1031 directum
1002 973 1404 1048 persuasionis,
1437 972 1665 1049 refugii,
1687 983 1743 1031 et
1766 972 2109 1049 receptionis
2138 972 2197 1028 in
2229 972 2399 1029 corde
2429 991 2532 1028 suo
2561 971 2791 1045 videnS,
2830 993 2981 1030 con·

543 1054 727 1112 cludit
756 1072 816 1111 se
846 1051 1093 1126 credere,
1126 1061 1184 1109 et
1212 1053 1348 1127 quia
1376 1052 1574 1126 credit,
1626 1052 1915 1109 Christum
1967 1060 2122 1109 certo
2160 1071 2264 1128 pro
2311 1071 2370 1108 se
2400 1058 2690 1109 mortuum
2721 1071 2880 1125 esse,
2915 1064 2983 1111 et

545 1152 678 1190 cum
708 1131 976 1189 omnibus
1007 1131 1125 1189 suis
1155 1131 1447 1189 beneficiis
1477 1132 1552 1189 ad
1581 1152 1641 1189 se
1671 1132 1971 1208 pertinere,
2004 1140 2062 1189 et
2090 1151 2150 1188 se
2193 1150 2295 1207 per
2322 1131 2507 1208 ipsum
2539 1140 2696 1188 certo
2727 1130 2985 1190 beatum

545 1212 634 1268 iri.
722 1212 866 1268 Cum
894 1211 1047 1268 enim
1075 1212 1391 1287 promissus
1421 1213 1496 1269 sit
1525 1212 1792 1270 omnibus
1820 1210 2076 1288 fatigatis
2111 1230 2282 1268 sensu
2311 1211 2548 1287 peccati,
2580 1219 2639 1267 et
2666 1210 2743 1266 ad
2773 1211 2983 1287 ipsum

548 1289 1036 1366 confugientibuS,
1068 1299 1128 1349 et
1148 1291 1366 1348 sincere
1391 1311 1519 1349 eum
1540 1291 1967 1367 recipientibuS,
1999 1291 2077 1347 id.
2102 1310 2236 1347 vere
2266 1291 2327 1346 in
2354 1291 2542 1366 ipsum
2571 1290 2981 1364 credent-ibae,

461 1363 478 1382 ⁴
547 1370 765 1427 Anima
789 1369 980 1426 fidelis
1008 1389 1124 1427 non
1152 1380 1342 1446 potest
1370 1391 1430 1428 se
1454 1370 1751 1445 fatigatam
1782 1369 2224 1447 deprehendere,
2251 1377 2307 1427 et
2330 1370 2526 1426 videre
2556 1389 2616 1426 se
2646 1370 2759 1427 hoc
2788 1372 2981 1429 modo

545 1449 621 1506 ad
650 1449 942 1507 Christum
972 1449 1416 1525 confugientem,
1450 1459 1507 1507 et
1536 1451 1621 1506 illi
1652 1450 2008 1524 innitentem,
2035 1450 2173 1525 quin
2198 1449 2391 1507 statim
2422 1448 2731 1507 concludat
2763 1450 2977 1509 Chris-

548 1538 669 1586 tum
701 1548 866 1586 suum
897 1548 1040 1603 esse,
1073 1540 1130 1587 et
1160 1549 1220 1587 se
1251 1529 1423 1601 illius,
1455 1549 1559 1586 nec
1589 1530 1897 1605 quicquam
1928 1550 2053 1587 esse
2083 1528 2237 1605 quod
2266 1529 2339 1585 ab
2368 1528 2523 1586 illius
2551 1548 2745 1587 amore
2777 1530 2980 1605 ipsam

547 1628 810 1684 separare
839 1617 1029 1684 queat.
1115 1608 1453 1687 Cujusmodi
1481 1617 1644 1667 actus
1666 1609 1725 1666 in
1763 1610 1944 1667 Paulo
1974 1608 2236 1682 occurrit,
2271 1608 2401 1666 Gal.
2433 1608 2491 1665 ii.
2524 1611 2617 1682 20,
2650 1628 2835 1684 quum
2871 1612 2977 1684 ait,

551 1691 585 1719 “
610 1688 933 1746 Crucifixus
976 1709 1102 1746 sum
1145 1709 1274 1746 cum
1320 1688 1565 1761 Christo,
1607 1698 1666 1746 et
1708 1689 1844 1746 vivo
1889 1709 2002 1746 non
2045 1708 2172 1764 eg0‚
2206 1688 2307 1746 sed
2351 1688 2614 1746 Christus
2658 1689 2717 1744 in
2762 1709 2880 1763 me,
2916 1703 2978 1749 et

547 1768 703 1843 quod
733 1768 791 1824 in
819 1788 988 1826 carne
1019 1769 1173 1842 vivo,
1206 1769 1344 1826 vivo
1387 1769 1447 1825 in
1488 1769 1600 1826 fide
1647 1769 1780 1826 Filii
1819 1768 1945 1842 Dei,
1977 1768 2076 1844 qui
2110 1787 2201 1826 me
2231 1767 2454 1839 dilexit,
2486 1776 2544 1826 et
2572 1768 2831 1844 seipsum
2864 1790 2979 1846 pro

547 1867 637 1905 me
667 1847 962 1905 tradidit.’'
1026 1849 1103 1906 Et
1135 1854 1169 1905 2
1191 1849 1337 1905 Tim.
1359 1848 1396 1905 i.
1434 1851 1523 1921 12,
1549 1851 1583 1880 “
1606 1848 1757 1905 Novi
1782 1848 1872 1906 cui
1893 1847 2169 1920 credidi‚''
2193 1848 2397 1922 inquit,
2428 1850 2462 1878 ‘⁴
2482 1856 2538 1905 et
2566 1847 2725 1923 quod
2755 1848 2835 1906 sit
2866 1870 2975 1925 po·

547 1936 674 1985 tens
704 1926 778 1984 ad
809 1928 1154 1985 servandum
1184 1927 1507 2005 depositum
1538 1928 1787 1985 meum.”
1850 1921 1855 1928 ⁹

545 2044 573 2090 7
611 2045 1026 2090 Actusconflden·
1151 2007 1269 2064 XI.
1317 2008 1492 2064 Hunc
1521 2027 1660 2065 vero
1689 2016 1878 2065 actum
1923 2007 2155 2082 excipit,
2203 2007 2461 2083 septimo,
2508 2008 2679 2063 Actus
2706 2011 2975 2065 consola-

579 2078 688 2147 ’πίω
722 2109 770 2147 et
808 2105 1027 2148 consola·
1071 2088 1232 2144 tionis
1259 2095 1317 2145 et
1345 2088 1700 2166 confidentiae,
1734 2088 1829 2163 qui
1877 2086 2140 2145 consistit
2182 2087 2241 2143 in
2284 2086 2497 2161 gaudio
2527 2085 2644 2161 illo,
2677 2089 2973 2163 tranquil-

561 2215 566 2220 .
604 2163 768 2206 tionis.
1068 2167 1247 2239 litate,
1282 2186 1437 2242 pace,
1470 2167 1911 2243 acquiescentia,
1944 2175 2001 2224 et
2047 2165 2443 2238 delectatione,
2479 2185 2606 2242 quae
2636 2185 2709 2222 ex
2744 2167 2977 2226 Christi

545 2246 907 2324 possessione
931 2246 1126 2319 oritur,
1153 2265 1253 2321 per
1281 2266 1450 2322 quem
1474 2247 1665 2303 anima
1687 2246 1873 2303 fidelis
1896 2246 2146 2304 innitens
2167 2245 2378 2303 dilecto
2402 2266 2523 2317 suc,
2550 2247 2714 2303 Cant.
2749 2246 2877 2307 viii.
2914 2251 2972 2320 5,

546 2335 603 2385 et
634 2346 750 2384 suae
781 2326 892 2383 sibi
922 2346 1052 2384 cum
1089 2325 1317 2383 Christo
1361 2326 1588 2384 unionis
1631 2346 1733 2403 per
1772 2325 1944 2383 fidem
1975 2325 2309 2383 arctissimae
2339 2325 2584 2398 conscia,
2617 2334 2674 2382 et
2702 2339 2868 2385 certa
2899 2327 2975 2385 de

547 2406 637 2464 sui
682 2425 810 2463 cum
860 2406 987 2482 ipso
1032 2415 1232 2463 mutua
1276 2407 1675 2463 communione
1718 2414 1777 2463 et
1822 2425 2030 2478 amore,
2063 2405 2155 2481 pie
2205 2404 2428 2463 exultat
2470 2414 2527 2462 et
2570 2403 2882 2480 deliciatur
2911 2408 2975 2464 in

550 2485 817 2559 Domino,
850 2485 1130 2560 gloriatur
1158 2485 1216 2541 in
1246 2484 1522 2558 adversis,
1556 2494 1615 2543 et
1636 2485 1873 2560 quosvis
1901 2486 2098 2543 hostes
2127 2485 2381 2542 animose
2411 2492 2687 2561 provocat
2714 2493 2774 2541 et
2804 2505 2973 2561 sper-

547 2565 648 2638 nit,
685 2565 852 2623 Rom.
886 2564 1005 2622 viii.
1040 2566 1133 2637 38,
1167 2566 1261 2638 39,
1294 2571 1351 2622 ct
1379 2564 1606 2623 laetatur
1635 2565 1848 2641 gaudio
1892 2564 2170 2623 ineffabili
2214 2572 2270 2623 et
2304 2564 2574 2640 gloriOSO,
2611 2566 2638 2621 1
2676 2563 2801 2622 Pet.
2834 2565 2875 2623 i.
2910 2568 2969 2639 8,

545 2645 911 2719 requiescens
934 2644 1041 2700 sub
1059 2644 1261 2701 umbra
1280 2644 1499 2701 arboris
1521 2644 1674 2718 vitae,
1696 2653 1753 2702 et
1772 2644 2122 2703 dulcissimis
2140 2645 2295 2702 illins
2318 2644 2600 2703 fructibus
2629 2663 2690 2701 se
2721 2645 2968 2718 satians,

546 2724 711 2780 Cant.
743 2723 800 2778 ii.
833 2726 887 2795 3,
915 2731 1086 2795 certa,
1112 2722 1292 2795 illum,
1318 2724 1417 2797 qui
1440 2722 1651 2780 bonum
1676 2743 1818 2799 opus
1848 2725 2035 2800 coepit,
2068 2723 2213 2782 illud
2242 2733 2632 2800 promoturum
2664 2733 2722 2781 et
2738 2725 2968 2800 perfec·

545 2812 737 2860 turum
766 2800 1161 2858 infallibiliter.
1247 2802 1427 2877 Cujus
1455 2802 1785 2877 exemplum
1830 2804 2075 2862 habetur
2114 2805 2172 2860 in
2207 2804 2446 2880 Sponsa,
2481 2804 2644 2862 Cant.
2682 2804 2738 2861 ii.
2777 2807 2871 2877 16,
2908 2815 2971 2865 et

547 2881 646 2939 vii.
682 2883 789 2954 10;
825 2880 1069 2953 Davide,
1105 2879 1257 2938 Psal.
1288 2881 1409 2942 xvi.
1443 2885 1494 2955 7,
1528 2884 1582 2957 8,
1617 2883 1771 2940 cxvi.
1802 2892 1859 2941 et
1881 2884 2116 2959 cxviii.;
2151 2883 2350 2959 Paulo,
2385 2884 2553 2942 Rom.
2583 2884 2704 2941 viii.
2736 2886 2833 2958 38,
2859 2888 2966 2959 39,

548 2970 608 3019 et
637 2961 903 3020 omnibus
932 2960 1216 3035 fidelibus,
1242 2961 1411 3019 Rom.
1444 2981 1499 3020 v.
1529 2965 1578 3037 1,
1601 2966 1656 3019 2.

630 3041 784 3099 XII.
831 3043 1027 3118 Atque
1056 3041 1151 3099 hic
1195 3049 1521 3119 postremus
1565 3050 1746 3118 actus,
1779 3063 1893 3100 non
1923 3043 2058 3102 fidei
2102 3044 2409 3102 essentiam
2444 3043 2670 3119 proprie
2700 3043 2965 3120 ingredi·

546 3130 642 3180 tur
669 3132 726 3180 et
755 3122 1052 3180 constituit
1080 3130 1354 3198 tanquam
1382 3123 1508 3198 ejus
1537 3122 1734 3198 forma,
1768 3122 1869 3180 sed
1912 3143 1986 3180 ex
2030 3144 2098 3181 ea
2140 3123 2266 3181 fluit
2293 3132 2566 3199 tanquam
2595 3143 2969 3199 consequens

548 3203 933 3261 necessarium
963 3211 1021 3260 et
1049 3200 1286 3260 effectus
1313 3203 1730 3279 inseparabilis.
1818 3202 1942 3259 Alii
1971 3223 2107 3261 vero
2137 3203 2213 3261 ad
2241 3223 2366 3261 eam
2394 3202 2620 3279 proprie
2650 3203 2965 3279 pertinent,

548 3290 606 3340 et
635 3283 827 3340 sedem
859 3303 1020 3340 suam
1051 3282 1267 3340 habent
1292 3283 1499 3358 partim
1531 3283 1588 3340 in
1619 3282 1933 3357 intellectu,
1999 3283 2165 3341 artim
2196 3283 2255 3340 in
2284 3283 2600 3341 voluntate.
2688 3283 2758 3339 In
2788 3283 2965 3341 intel·

547 3362 700 3419 lectu
743 3371 905 3420 actus
949 3361 1313 3436 cognitioniS‚
1363 3371 1421 3420 et
1461 3382 1750 3435 assensus,
1799 3362 1916 3437 qui,
1958 3303 2099 3420 iicet
2140 3362 2503 3438 requirantur
2544 3362 2600 3418 in
2645 3361 2774 3435 fide,
2842 3383 2967 3421 non

549 3440 906 3497 constituunt
923 3439 1110 3496 adhuc
1134 3441 1258 3515 ejus
1280 3439 1573 3497 formalem
1598 3449 1807 3515 actum,
1832 3441 1931 3517 qui
1955 3442 2014 3498 in
2036 3442 2403 3519 persuasione
2426 3442 2652 3517 proprie
2674 3442 2964 3517 consistit,

550 3538 678 3594 quae
706 3519 1034 3575 intellectus
1063 3526 1167 3575 est.
1254 3518 1324 3574 In
1354 3519 1652 3577 voluntate
1682 3540 1819 3578 vero
1849 3520 2151 3597 refugium,
2178 3530 2237 3579 et
2257 3522 2524 3598 receptiO,
2552 3541 2654 3579 seu
2681 3521 2964 3580 adhaesiO.

633 3596 824 3654 XIII.
871 3596 1085 3652 Mirum
1128 3603 1319 3653 autem
1365 3597 1547 3655 videri
1589 3619 1705 3657 non
1748 3599 1935 3673 debet,
1968 3601 2124 3677 quod
2161 3601 2305 3659 fides
2335 3608 2617 3659 statuatur
2644 3599 2705 3657 in
2734 3600 2969 3661 duabus

551 3675 755 3732 animae
785 3673 1171 3734 facultatibus.
1258 3676 1406 3733 Nam
1433 3686 1815 3754 praeterquam
1844 3680 2016 3754 quod,
2044 3700 2160 3739 non
2188 3681 2355 3757 pauci
2377 3700 2483 3738 nec
2504 3680 2791 3756 ignobiles
2819 3681 2963 3738 Phi-

550 3755 775 3832 losophi
805 3755 1026 3813 nullum
1056 3756 1206 3813 reale
1236 3755 1544 3814 discrimen
1573 3757 1723 3816 inter
1760 3758 2114 3818 intellectum
2144 3770 2201 3818 et
2230 3760 2587 3818 voluntatem
2615 3772 2963 3835 agnoscunt,

551 3836 656 3895 sed
698 3836 946 3893 animam
991 3856 1106 3912 qua
1150 3836 1564 3913 intelligentem
1614 3846 1671 3896 et
1715 3848 2175 3915 cognoscentem,
2206 3839 2559 3898 intellectum
2591 3839 2705 3897 dici
2734 3840 2964 3916 volunt,

549 3937 665 3993 qua
693 3936 829 3974 vero
853 3916 1143 3975 volentem
1165 3926 1223 3974 et
1244 3925 1625 3993 appetentem,
1650 3919 2007 3977 voluntatem
2039 3941 2052 3994 3
2101 3920 2230 3977 Non
2268 3920 2454 3995 magis
2478 3928 2762 3995 repugnat
2783 3919 2963 3978 fidem

552 3996 627 4054 ad
656 3996 799 4054 duas
821 3996 1121 4053 facultates
1149 3998 1450 4073 pertinere,
1483 4017 1656 4073 quam
1698 3998 1795 4057 vel
1835 3999 2106 4057 Liberum
2138 3999 2477 4071 Arbitrium,
2509 3999 2604 4056 vel
2639 3999 2965 4075 Imaginem

555 4076 682 4149 Dei,
714 4096 842 4151 quae
885 4075 1092 4151 partim
1136 4076 1194 4133 in
1236 4076 1552 4151 intellectu,
1585 4078 1795 4154 partim
1837 4079 1897 4135 in
1943 4079 2239 4137 voluntate
2271 4078 2464 4137 sedem
2493 4078 2726 4135 habent.
2813 4080 2964 4136 Cum

551 4157 696 4214 fides
718 4175 833 4212 non
864 4155 937 4213 sit
966 4154 1197 4213 habitus
1219 4177 1368 4214 unus
1390 4165 1447 4216 et
1470 4157 1734 4235 simplex,
1761 4158 1863 4217 sed
1886 4158 2236 4235 compositus
2258 4167 2317 4217 et
2338 4177 2439 4234 per
2465 4158 2964 4234 aggregationem,

551 4236 651 4313 qui
679 4235 918 4311 proinde
948 4236 1054 4292 sub
1083 4235 1254 4293 unico
1289 4246 1568 4314 conceptu
1613 4238 2020 4314 comprehendi
2048 4258 2162 4295 non
2190 4239 2389 4315 possit,
2423 4237 2526 4295 sed
2553 4238 2746 4295 varios
2777 4238 2965 4296 inclu-

552 4316 652 4373 dat
681 4313 790 4372 sibi
820 4314 1240 4389 subordinatOS,
1273 4316 1372 4391 qui
1400 4317 1476 4373 ad
1505 4326 1806 4393 utramque
1835 4317 2164 4376 facultatem
2196 4318 2340 4376 bene
2369 4317 2710 4375 referuntur.

634 4393 813 4451 XIV.
860 4393 1054 4470 Atque
1084 4395 1215 4450 hinc
1264 4403 1437 4471 patet,
1469 4416 1766 4473 perperam
1811 4397 2242 4471 Bellarminum,
2275 4406 2332 4455 et
2359 4397 2504 4454 alios
2533 4416 2605 4453 ex
2639 4396 2971 4457 pontificiis

550 4473 723 4531 fidem
753 4473 919 4545 itaNin
950 4474 1243 4531 intellectu
1273 4475 1570 4547 collocare,
1605 4486 1668 4534 ut
1712 4484 1926 4552 negent
1970 4497 2093 4534 eam
2142 4497 2267 4535 esse
2313 4477 2372 4533 in
2411 4476 2726 4534 voluntate.
2814 4477 2973 4536 Cum

553 4552 704 4609 enim
734 4562 956 4610 constet
979 4552 1148 4610 fidem
1168 4573 1271 4630 pro
1295 4554 1522 4631 objecto
1545 4556 1754 4615 habere
1777 4576 1893 4614 non
1924 4557 2108 4615 solum
2139 4577 2357 4629 verum,
2391 4556 2491 4614 sed
2522 4556 2691 4614 etiam
2721 4555 2970 4634 bonum,

553 4640 610 4688 et
639 4630 921 4706 praecipue
953 4632 1224 4690 consistat
1256 4632 1314 4691 in
1344 4634 1566 4710 refugio
1589 4636 1663 4693 ad
1687 4636 1977 4695 Christum
2007 4646 2064 4695 et
2093 4638 2219 4713 ejus
2247 4636 2588 4713 receptione,
2621 4636 2750 4711 quis
2779 4635 2973 4696 dubio

544 853 587 899 6.
611 857 772 901 Actus
790 856 1001 900 reflexus
1020 869 1031 907 ;
