3221 5200
301 346 524 395 ouffisr.
556 325 687 407 xv.]
1157 347 1235 386 m:
1267 345 1602 387 vocarioxr:
1634 347 1707 385 ετ
1736 347 1894 387 rme.
2596 331 2711 388 517

302 486 573 544 servandi
618 494 767 560 sunt,
820 493 884 544 ut
931 494 1085 545 certe
1129 506 1203 545 ex
1253 507 1321 546 ea
1370 495 1538 546 aetate
1587 486 1821 544 omnino
1877 486 2054 563 aliqui
2111 498 2431 565 servantur,
2488 498 2621 547 ante
2678 508 2713 546 a

303 567 553 624 Domino
583 566 906 642 regenerari
936 567 1169 625 minime
1212 568 1518 626 obscurum
1550 575 1655 625 est.
1742 567 1889 624 Nam
1920 567 1968 624 si
1998 568 2311 644 ingenitam
2342 569 2451 627 sibi
2481 588 2715 645 corrup-

299 646 513 704 tionem
543 666 573 705 e
604 646 801 704 matris
829 655 992 705 utero
1021 666 1215 705 secum
1244 646 1504 721 afferunt,
1550 666 1619 704 ea
1658 656 1935 723 purgatos
1977 667 2102 705 esse
2132 658 2372 725 oportet,
2404 657 2712 725 antequam

301 727 358 782 in
393 727 659 802 Regnum
696 726 802 783 Dei
831 726 1223 799 admittantur,
1269 747 1383 803 quo
1426 726 1568 783 nihil
1612 726 1935 803 ingreditur
1969 726 2329 804 inquinatum
2359 738 2417 788 et
2443 729 2711 806 impollu-

303 807 485 863 tum.''
573 806 742 879 Quod
772 805 893 863 fuse
923 807 1285 882 persequitur
1312 807 1370 863 in
1402 807 1793 882 sequentibus

1222 1053 1624 1122 QUAESTIO
1670 1054 1813 1111 XV.

307 1213 412 1268 An
458 1213 636 1272 Fides
702 1210 1082 1289 Temporart'a
1124 1210 1360 1287 differat
1409 1222 1638 1268 tantum
1681 1211 1880 1288 qradu
1930 1221 1982 1268 et
2030 1212 2359 1290 duratione,
2404 1218 2498 1274 An
2544 1216 2715 1275 etiam

384 1294 578 1368 specie,
610 1314 649 1349 a
675 1294 820 1349 Fide
849 1290 1254 1368 Justfflcante?
1335 1290 1508 1347 Prius
1537 1289 1729 1363 Neg.;
1774 1289 1996 1347 Poster.
2043 1291 2273 1350 Affirm.
2296 1316 2311 1364 ;
2354 1303 2559 1354 contra
2601 1295 2730 1351 Re-.

385 1381 629 1429 monstr.

385 1525 438 1583 Ι.
486 1528 756 1596 Quaestio
797 1530 924 1586 haec
965 1534 1126 1585 mota
1164 1527 1282 1584 fuit
1322 1546 1360 1584 a
1401 1525 1961 1584 Remonstrantibus
2006 1525 2161 1583 circa
2202 1528 2516 1587 discrimen
2548 1529 2714 1587 Fidei

307 1607 675 1678 temporariae
706 1615 766 1663 et
783 1606 1179 1680 justificantia
1263 1604 1427 1670 Nam
1458 1613 1524 1661 ut
1555 1604 1937 1678 Apostasiam
1968 1603 2319 1663 Sanctorum
2358 1609 2714 1677 evincerent,

307 1693 660 1754 argumento
689 1703 727 1742 a
754 1684 1148 1758 Temporariis
1175 1684 1359 1757 petito
1387 1682 1761 1756 potissimum
1793 1683 2131 1738 utebantur.
2218 1684 2369 1742 Cum
2400 1704 2538 1741 vero
2562 1685 2621 1740 N
2629 1705 2719 1741 os-

307 1760 384 1815 tri
416 1764 852 1835 responderent,
884 1781 1002 1818 non
1030 1761 1212 1817 fuisse
1241 1779 1339 1817 eos
1368 1779 1536 1816 veros
1563 1761 1786 1828 fideles,
1819 1777 1924 1815 nec
1951 1760 2130 1816 fidem
2159 1779 2363 1816 eorum
2393 1762 2714 1818 salvificam

307 1844 366 1893 et
384 1838 828 1911 justificantem,
853 1841 954 1896 sed
984 1846 1111 1896 tota
1138 1838 1327 1912 specie
1356 1857 1393 1894 a
1418 1839 1533 1893 fide
1557 1855 1834 1892 verorum
1861 1837 2128 1893 fidelium
2156 1837 2543 1908 differentem,
2592 1839 2714 1908 Illi,

307 1923 529 1992 contra,
552 1920 864 1975 discrimen
893 1925 1127 1973 tantum
1149 1917 1444 1989 graduale
1464 1915 1786 1970 voluerunt
1807 1931 1948 1983 esse,
1968 1932 2084 1969 non
2116 1916 2469 1989 specificum,
2495 1927 2562 1974 ut
2589 1918 2716 1973 sola

309 1994 624 2053 duratione
664 2005 724 2052 et
765 1994 1213 2069 perseverantia,
1243 2011 1363 2049 non
1405 2010 1543 2048 vero
1572 1991 1701 2064 ipsa
1728 1998 1946 2047 natura
1979 1992 2285 2050 differrent
2325 1995 2401 2050 ab
2442 1995 2712 2063 invicem,

310 2079 378 2126 ut
406 2073 735 2145 loquuntur
775 2073 836 2128 in
880 2072 1115 2129 Declar.
1175 2071 1413 2144 Exhib„
1461 2078 1494 2102 “
1521 2069 1701 2126 Fides
1730 2077 1990 2141 ‹fleme-5
2034 2077 2123 2126 est
2150 2088 2291 2128 vera
2316 2073 2461 2129 fides
2494 2073 2715 2146 justifi-

310 2167 470 2218 cans,
501 2159 561 2206 et
590 2151 718 2207 Deo
747 2157 936 2223 grata,
966 2149 1235 2222 quandiu
1263 2150 1461 2218 durat,
1486 2165 1591 2203 nec
1615 2145 1814 2204 differt
1835 2148 2026 2222 specie
2056 2165 2093 2204 a
2120 2165 2261 2204 vera
2285 2150 2402 2206 fide
2430 2153 2508 2207 ad
2536 2152 2713 2207 finem

310 2226 660 2285 duratura.'’
708 2227 1060 2295 Orthodoxi,
1084 2227 1223 2283 licet
1249 2226 1311 2282 in
1341 2226 1519 2283 variis
1547 2224 1767 2281 similes
1795 2244 1917 2282 esse
1947 2243 2065 2282 non
2094 2225 2476 2300 diffiteantur,
2496 2229 2718 2302 specifi-

310 2321 446 2359 cum
477 2312 673 2362 tamen
703 2314 762 2362 ct
789 2305 1097 2362 essentiale
1126 2304 1438 2361 discrimen
1467 2303 1828 2360 intercedere
1857 2308 2148 2361 statuunt.

310 2420 454 2464 Fides
487 2425 779 2467 tomum-aria
903 2382 994 2440 II.
1040 2382 1325 2440 Rationes
1353 2390 1525 2440 sunt:
1560 2382 1610 2437 1.
1646 2380 1807 2446 Quia
1832 2382 1978 2438 fides
2002 2381 2262 2438 salvifica
2282 2383 2483 2440 differt
2510 2403 2547 2441 a
2573 2391 2721 2440 tem-

371 2457 538 2524 dif'rm
555 2470 778 2540 a'justifi-
817 2462 1008 2535 porali
1038 2462 1096 2517 in
1129 2461 1349 2536 oriyine
1375 2469 1435 2517 et
1462 2459 1871 2538 surzdamenw.
1957 2459 2118 2516 Nam
2145 2459 2253 2517 illa
2279 2461 2412 2519 fluit
2441 2480 2478 2519 a
2508 2461 2717 2520 Gratia

372 2544 545 2583 caute:
584 2540 643 2612 ‚¹3
687 2541 778 2584 Ra·
821 2540 1056 2614 speciali
1089 2539 1429 2597 Electionis,
1515 2537 1694 2594 Unde
1722 2537 1940 2594 dicitur
1962 2539 2118 2615 fides
2147 2537 2502 2613 Electorum,
2533 2540 2647 2597 Tit.
2679 2540 2718 2597 i'.

373 2598 505 2642 “⁰¹¹⁰
525 2600 726 2656 ⁰⁰ss¹¹¹¹⁸
742 2614 753 2651 ³
827 2619 879 2687 1,
903 2638 1036 2694 quae
1065 2621 1244 2676 datur
1272 2626 1504 2676 tantum
1534 2618 1604 2673 iis
1633 2616 1736 2689 qui
1764 2618 1959 2674 vocati
1986 2624 2126 2674 sunt
2154 2627 2281 2671 κατά
2307 2627 2513 2693 ‹gu-m,
2546 2619 2719 2677 Rom.

314 2694 437 2751 viii.
469 2696 562 2765 28,
593 2704 652 2753 et
680 2696 937 2753 ordinati
965 2698 1041 2754 ad
1071 2698 1255 2754 vitam
1297 2705 1598 2765 aeternam,
1630 2696 1765 2751 Act.
1807 2694 1930 2751 xiii.
1973 2695 2069 2751 48.
2157 2694 2285 2753 Ista
2320 2716 2461 2754 vero
2504 2699 2723 2772 pendet

312 2790 349 2829 a
379 2770 589 2831 Gratia
609 2775 925 2846 communi,
951 2795 1084 2851 quae
1108 2776 1287 2833 etiam
1318 2774 1607 2849 Reprobis
1629 2779 1789 2830 certa
1810 2774 2108 2843 beneficia,
2131 2792 2253 2830 non
2274 2777 2451 2832 modo
2473 2783 2721 2833 externa

313 2858 374 2906 et
399 2852 765 2925 temporalia,
796 2855 898 2909 sed
927 2854 1107 2911 etiam
1136 2853 1484 2927 spiritualia,
1514 2859 1574 2909 et
1602 2853 1762 2908 dona
1789 2850 2060 2922 initialia,
2090 2852 2229 2909 licet
2254 2871 2374 2909 non
2413 2854 2719 2924 salutaria,

312 2928 567 2999 largitur
595 2932 671 2985 ad
700 2930 956 3003 alicujus
985 2931 1200 2987 amoris
1227 2931 1519 3003 generalis
1547 2928 2033 2997 testificationem,
2063 2937 2124 2986 et
2149 2931 2225 2986 ad
2254 2938 2485 2987 reatum
2514 2949 2720 2987 eorum

317 3006 679 3077 augendum,
710 3008 1014 3080 supposita
1043 3026 1246 3063 eorum
1276 3007 1665 3064 contumacia.
1698 3005 1862 3063 Hinc
1892 3005 2140 3074 Paulus,
2172 3007 2209 3061 2
2236 3006 2390 3063 Tim.
2420 3008 2479 3064 ii.
2515 3009 2605 3077 19,
2636 3009 2723 3064 lo-

316 3100 503 3156 quens
531 3084 606 3139 de
634 3084 930 3156 apostasia
959 3084 1276 3156 Hymenaei
1304 3092 1364 3141 et
1393 3084 1631 3151 Phileti,
1661 3083 1822 3151 dicit,
1866 3081 2232 3139 nihilominus
2258 3084 2721 3159 fundamentum

317 3158 696 3235 Deiflrmum
723 3172 898 3229 stare,
929 3161 988 3216 id
1020 3168 1122 3230 est,
1153 3179 1272 3216 non
1314 3161 1448 3217 ideo
1476 3167 1692 3216 nutare
1730 3159 1909 3215 fidem
1949 3176 2226 3216 verorum
2265 3161 2554 3231 fidelium,
2585 3180 2720 3235 quae

320 3236 566 3294 immoto
598 3237 921 3295 Electionis
952 3238 1065 3295 Dei
1093 3237 1322 3294 nitatur
1347 3238 1756 3295 fundamento.

317 3353 347 3396 2
413 3355 622 3399 Ratione
679 3357 790 3399 sub-
914 3315 1044 3373 III.
1105 3316 1158 3371 2.
1213 3315 1470 3372 Ratione
1510 3316 1745 3390 subjecti
1790 3314 2144 3389 recipientiS,
2186 3322 2317 3373 tum
2354 3326 2419 3385 οὗ,
2454 3318 2616 3392 quod
2659 3316 2722 3373 in

348 3386 492 3470 ‘jacti
559 3415 790 3470 recipien-
828 3395 944 3452 fide
958 3393 1324 3467 justificante
1345 3401 1434 3450 est
1455 3393 1715 3463 Electus,
1736 3393 1849 3450 Tit.
1875 3394 1913 3450 i.
1941 3395 1992 3462 1,
2018 3393 2189 3451 Rom.
2220 3393 2300 3450 xi.
2330 3390 2367 3453 7
2392 3410 2407 3461 3
2454 3394 2530 3451 In
2552 3395 2724 3452 'Pem-

381 3474 478 3525 tis:
833 3473 1070 3546 poraria
1091 3471 1633 3545 reprobuS,Matth.
1654 3471 1815 3529 xxiv.
1851 3472 1942 3541 11,
1976 3471 2004 3527 1
2027 3471 2068 3528 J
2073 3474 2168 3529 oh.
2194 3472 2255 3528 ii.
2279 3471 2368 3528 19.
2415 3472 2569 3530 Tum
2601 3482 2640 3527 ι.
2672 3483 2722 3542 ᾀ,

316 3551 476 3621 quod
506 3549 568 3605 in
596 3549 705 3606 illa
730 3557 817 3608 est
845 3570 943 3606 cor
971 3552 1194 3619 bonum,
1229 3548 1305 3606 In
1334 3550 1447 3607 ista
1474 3569 1571 3606 cor
1591 3561 1892 3624 petrosum
1913 3570 1934 3606 .·
1976 3550 2136 3607 Nam
2162 3552 2308 3607 fides
2350 3560 2607 3623 ‹ezram-5
2636 3559 2726 3609 est

317 3626 378 3682 in
405 3627 524 3683 solo
547 3639 798 3702 petr-030,
829 3629 1110 3685 nimirum
1140 3627 1200 3682 in
1230 3630 1404 3685 corde
1432 3628 1671 3701 lapideo
1712 3636 1773 3685 et
1803 3629 2054 3701 ingrato,
2085 3628 2306 3685 Matth.
2336 3628 2461 3685 xiii.
2494 3630 2589 3699 20,
2619 3631 2723 3687 sed

319 3706 581 3761 salvifica
607 3706 893 3779 recipitur
920 3708 980 3762 in
1014 3718 1172 3763 terra
1197 3707 1361 3775 bona,
1385 3725 1504 3762 ver.
1555 3707 1651 3776 23,
1682 3725 1815 3780 quae
1861 3706 2194 3780 explicatur
2220 3724 2327 3780 per
2355 3712 2538 3778 uzetia·
2578 3717 2726 3764 καλὲ,

319 3792 398 3835 καὶ
424 3792 616 3849 ἀγαθὴν,
643 3783 788 3839 Luc.
816 3784 939 3840 viii.
969 3785 1059 3853 15,
1080 3805 1177 3841 cor
1198 3787 1403 3841 bonu-m
1432 3794 1482 3841 et
1509 3785 1824 3851 honestum,
1848 3784 1910 3839 id
1928 3792 2033 3852 est,
2057 3784 2290 3856 egregie
2318 3783 2559 3853 bonum,
2589 3802 2728 3840 nam

320 3860 759 3933 conduplicatio
802 3860 947 3917 facit
975 3864 1051 3917 ad
1094 3862 1364 3936 epitasin,
1394 3882 1470 3919 ex
1516 3860 1730 3919 Graeco
1770 3860 2006 3916 dicendi
2034 3878 2267 3933 genere.
2352 3859 2497 3916 'Pale
2527 3867 2725 3917 autem

320 3955 436 4005 cor,
466 3955 602 3993 cum
631 3954 750 3992 non
779 3938 964 4009 possit
991 3956 1113 3995 esse
1142 3958 1179 3995 a
1207 3946 1441 4008 natura,
1472 3939 1650 3994 debet
1689 3937 1859 3993 nobis
1892 3937 2024 3993 dari
2054 3954 2091 3992 a
2116 3936 2329 4009 gratia,
2358 3937 2505 3992 dum
2532 3937 2728 3994 aufert

321 4032 359 4070 a
398 4014 568 4070 nobis
610 4031 710 4069 cor
750 4015 1055 4087 lapideum
1096 4022 1156 4071 et
1195 4016 1300 4071 dat
1340 4033 1638 4083 carneum,
1692 4014 1864 4071 Ezec.
1913 4014 2115 4069 xxxvi.
2203 4014 2383 4080 Quod
2424 4031 2558 4070 cum
2608 4033 2725 4072 non

320 4093 496 4148 detur
525 4091 936 4164 TemporariiS,
967 4093 1072 4165 qui
1099 4111 1198 4149 cor
1225 4092 1528 4165 lapideum
1570 4110 1745 4149 suum
1786 4091 2062 4161 retinent,
2092 4108 2162 4146 eo
2204 4090 2331 4165 ipso
2371 4097 2498 4147 tota
2537 4093 2727 4166 specie

321 4188 527 4226 eorum
556 4171 700 4225 fides
728 4188 764 4225 a
791 4170 906 4225 fide
936 4170 1196 4226 salvifica
1224 4170 1460 4226 differre
1488 4171 1681 4226 debet.

320 4286 352 4330 3
398 4287 442 4331 R
498 4289 513 4330 i
720 4289 730 4300 .
770 4311 790 4322 ·
915 4247 1031 4304 IV.
1077 4248 1129 4304 3.
1181 4247 1440 4304 Ratione
1483 4245 1764 4323 principii
1808 4246 2039 4315 interni,
2068 4251 2129 4302 et
2156 4245 2312 4303 modi
2339 4245 2726 4307 radicationiS.

355 4294 496 4400 '059³ss
516 4301 791 4391 ῗῐῗῗρῐξῖιὲι
830 4324 994 4382 Nam
1019 4325 1158 4382 fidei
1188 4325 1461 4382 salvificae
1491 4324 1850 4400 principium
1871 4332 1959 4381 est
1982 4323 2238 4397 Spiritus
2267 4325 2727 4399 regenerationis

383 4404 723 4453 radication123
837 4410 897 4460 et
918 4403 1270 4477 adoptioniS,
1294 4402 1336 4459 J
1341 4405 1436 4460 oh.
1462 4403 1546 4460 iii.
1562 4403 1618 4470 5,
1643 4401 1951 4459 Rom.viii.
1969 4401 2173 4470 15,sed
2195 4403 2333 4459 fidei
2357 4405 2727 4476 temporariae

326 4477 582 4551 Spiritus
609 4480 1081 4550 illuminationis,
1112 4481 1266 4538 Heb.
1300 4483 1376 4537 vi.
1404 4483 1461 4537 4.
1545 4480 1763 4538 Bloclus
1784 4480 2164 4537 radicatione}
2192 4486 2281 4536 est
2307 4480 2640 4556 profundus
2668 4484 2727 4539 in

324 4556 449 4626 illa,
473 4563 532 4611 et
552 4559 937 4629 superficialis
967 4560 1027 4615 in
1055 4560 1186 4617 ista.
1271 4560 1451 4616 Fides
1470 4559 1811 4633 justificans
1832 4558 2099 4615 radicata
2119 4565 2207 4614 est
2224 4558 2429 4614 intime
2452 4558 2510 4613 in
2535 4563 2726 4631 corde,

324 4640 531 4707 utpote
559 4653 692 4707 quae
722 4637 985 4693 consistit
1015 4637 1075 4692 in
1104 4637 1419 4710 profunda,
1452 4637 1840 4711 penitissima,
1870 4636 2058 4704 vitali,
2100 4642 2160 4692 ct
2200 4636 2388 4693 amica
2416 4654 2484 4692 ac
2510 4638 2730 4697 efficaci
