3221 5200
469 363 589 420 230
1332 373 1517 416 Locus
1546 373 1946 416 nuonscmus.
2531 352 2781 435 [ουκ-ετ.
2810 374 2894 415 n.

476 518 615 597 quia
648 518 762 576 hoc
797 516 986 595 potuit
1012 515 1137 575 fieri
1174 536 1253 575 ex
1292 515 1494 574 divina
1533 516 1905 592 revelatione,
1935 516 1996 575 in
2032 533 2264 594 poenam
2289 514 2605 592 hominum,
2635 523 2703 573 ut
2743 514 2897 574 idem

481 599 639 676 Aug.
670 608 731 657 et
757 606 890 675 post
916 617 1049 656 eum
1080 596 1346 673 Lyranus
1374 596 1663 655 observat.

561 678 752 736 XIII.
798 678 982 736 Nemo
1012 676 1222 734 dicitur
1248 675 1578 736 ascendisse
1620 677 1681 733 in
1710 676 1920 735 coelum
1948 684 2258 752 antequam
2305 674 2493 733 Filius
2519 675 2772 734 hominis
2799 675 2896 734 de·

482 759 782 818 scenderet
829 758 902 815 de
930 757 1094 830 eoelo,
1140 756 1182 815 J
1186 757 1280 814 oh.
1331 756 1411 813 iii.
1448 759 1539 829 13,
1592 775 1709 815 non
1736 756 1928 832 quoad
1956 756 2328 814 ascensionem
2357 758 2588 813 localem
2615 756 2692 813 ad
2717 756 2899 814 beati-

480 839 649 897 ficam
678 838 978 911 visionem,
1010 837 1148 913 quia
1176 836 1378 895 Enoch
1408 845 1466 895 et
1496 837 1659 894 Elias
1701 837 1824 913 jam
1874 836 2137 895 translati
2186 835 2412 894 fuerant
2441 836 2613 894 etiam
2643 855 2897 913 corpore,

485 918 588 978 sed
617 917 810 996 quoad
853 918 1225 975 ascensionem
1251 916 1554 992 mysticam,
1603 916 1682 974 id.
1726 917 2114 994 cognitionem
2150 936 2340 974 rerum
2370 916 2690 974 coelestium
2718 916 2904 975 homi-

486 999 659 1057 nibus
714 995 1258 1074 patefaciendamm.
1368 996 1449 1054 Ut
1495 996 1664 1054 Rom.
1716 1016 1774 1054 x.
1819 1000 1873 1071 6,
1917 999 2218 1054 ascendere
2265 996 2324 1053 in
2369 998 2580 1070 coelum,
2632 1004 2723 1054 est
2766 1015 2904 1073 cog·

486 1098 724 1137 noscere
754 1076 1031 1153 mysteria
1057 1075 1290 1151 divina;
1335 1085 1393 1134 et
1424 1076 1598 1135 Prov.
1630 1096 1774 1133 xxx.
1798 1080 1855 1135 4.
1920 1076 2053 1134 Hoc
2084 1095 2280 1150 sensu,
2302 1076 2442 1134 Joh.
2489 1075 2528 1133 i.
2578 1077 2669 1149 18,
2695 1074 2909 1134 dicitur

489 1159 778 1218 neminem
827 1156 1045 1214 vidisse
1088 1175 1343 1231 unquam
1388 1156 1595 1230 Deum,
1629 1155 1732 1214 sed
1762 1156 1977 1214 Filium
2005 1155 2105 1232 qui
2134 1164 2223 1214 est
2265 1155 2326 1211 in
2355 1155 2484 1213 sinu
2535 1155 2742 1230 Patris,
2774 1174 2903 1213 eum

489 1239 657 1296 nobis
684 1237 992 1311 revelasse,
1040 1245 1098 1294 et
1149 1236 1360 1294 Matth.
1408 1235 1489 1293 xi.
1540 1239 1638 1310 27,
1707 1239 1742 1269 “
1773 1236 2075 1295 Neminem
2118 1254 2465 1313 cognoscere
2497 1235 2744 1311 Patrem,
2795 1234 2910 1293 nisi

495 1318 728 1392 Filium,
760 1326 819 1375 et
847 1336 980 1375 eum
1008 1315 1102 1373 cui
1130 1314 1380 1374 voluerit
1408 1315 1724 1374 revelare.''

552 1397 732 1455 XIV.
777 1396 894 1454 Via
924 1395 1247 1454 Sanctuarii
1275 1404 1408 1453 ante
1430 1396 1824 1454 ascensionem
1848 1396 2062 1454 Christi
2090 1395 2346 1453 nondum
2368 1394 2580 1453 dicitur
2605 1393 2908 1471 patefacta,

496 1477 650 1535 Heb.
681 1476 761 1534 ix.
809 1478 864 1551 8,
896 1495 1013 1533 non
1030 1475 1188 1552 quod
1215 1475 1469 1535 totaliter
1495 1476 1746 1550 latuerit,
1779 1475 1877 1534 sed
1915 1481 1965 1534 1.
1998 1474 2166 1549 Quod
2213 1494 2328 1532 non
2377 1483 2496 1533 tam
2542 1475 2694 1533 clare
2741 1474 2916 1535 fuerit

493 1555 795 1634 patefacta.
881 1554 1055 1613 Ibant
1093 1574 1230 1630 ergo
1262 1555 1465 1614 Patres
1492 1555 1551 1612 in
1581 1556 1808 1630 coelnm,
1840 1576 1943 1632 per
1971 1556 2263 1613 Christum
2291 1554 2352 1612 in
2380 1574 2550 1631 quem
2581 1554 2909 1630 credebant,

497 1636 637 1714 quia
665 1637 762 1693 via
788 1643 895 1709 est,
926 1655 1042 1711 qua
1070 1635 1185 1692 itur
1212 1634 1273 1691 in
1301 1634 1527 1709 coelum,
1561 1635 1664 1693 sed
1690 1636 1790 1712 qui
1836 1635 2092 1693 nondum
2121 1635 2272 1692 clare
2311 1644 2433 1693 erat
2462 1635 2746 1710 cognitus,
2778 1634 2916 1710 quia

498 1716 754 1775 nondum
778 1725 1050 1790 venerat;
1098 1718 1154 1773 2.
1197 1713 1440 1789 Deinde,
1466 1735 1581 1773 non
1604 1715 1908 1791 quibusvis
1938 1714 2243 1790 Gentibus,
2277 1714 2425 1772 sicut
2441 1714 2503 1771 in
2526 1715 2695 1772 Novo
2714 1714 2915 1773 Testa-

499 1806 694 1855 mento
718 1818 731 1871 3
779 1798 835 1854 3.
863 1794 1136 1853 Nondum
1178 1803 1301 1852 erat
1328 1794 1617 1871 patefacta
1643 1795 1806 1876 λὺτςᾳ
1839 1795 2052 1853 Christi
2082 1794 2311 1869 actuali,
2357 1794 2514 1870 quod
2541 1794 2797 1853 nondum
2827 1814 2917 1853 so-

496 1876 684 1935 lutum
726 1883 864 1950 erat,
924 1875 1028 1933 sed
1067 1883 1293 1932 tantum
1341 1874 1533 1950 quoad
1587 1875 1896 1933 efficaciam
1939 1874 2165 1949 meriti;
2212 1878 2267 1932 4.
2313 1874 2446 1931 Non
2488 1874 2582 1932 hic
2625 1874 2918 1933 confertur

497 1965 726 2033 tempus
755 1974 887 2014 cum
915 1963 1188 2032 tempore,
1221 1953 1324 2011 sed
1352 1955 1544 2031 potius
1577 1955 1871 2013 Sacrificia
1915 1956 2178 2012 Mosaica
2214 1973 2346 2012 cum
2375 1954 2654 2012 sacrificio
2685 1954 2917 2030 Christi,

500 2045 566 2095 ut
594 2037 866 2094 innuatur
892 2054 1007 2092 non
1037 2034 1293 2110 potuisse
1315 2033 1483 2093 nobis
1505 2034 1606 2092 illa
1626 2035 1845 2111 aperire
1863 2035 2090 2108 coelum,
2112 2034 2268 2110 quod
2297 2034 2396 2092 uni
2419 2034 2688 2111 sanguini
2708 2033 2922 2093 Christi

503 2135 875 2190 concessum3
909 2117 963 2172 5.
1011 2115 1071 2173 Si
1097 2114 1360 2172 Christus
1388 2115 1607 2190 primus
1637 2115 1848 2175 dicitur
1875 2115 1934 2172 in
1963 2114 2171 2172 coelum
2211 2114 2524 2190 ingressuS,
2556 2114 2666 2172 hoc
2688 2133 2804 2171 non
2831 2134 2922 2171 ra·

504 2196 660 2254 tione
690 2195 963 2272 temporis
992 2193 1450 2270 intelligendum,
1483 2194 1586 2253 sed
1616 2195 1986 2269 causalitatis,
2028 2194 2164 2270 quia
2205 2193 2501 2270 ingressus
2544 2193 2758 2251 Christi
2787 2213 2926 2252 vera

505 2276 615 2335 fuit
644 2295 818 2334 causa
848 2274 1136 2349 Patribus,
1161 2293 1278 2332 non
1305 2274 1495 2332 minus
1518 2294 1584 2332 ac
1614 2274 1781 2333 nobis
1810 2273 2077 2333 introitus
2105 2274 2164 2330 in
2194 2274 2421 2331 coelum.

588 2356 731 2413 XV.
778 2357 991 2415 Φολιιιὸ
1019 2353 1091 2412 de
1139 2374 1255 2430 qua
1303 2354 1511 2413 Petrus
1545 2358 1609 2412 1ιι
1637 2376 1760 2431 cap.
1807 2356 1886 2413 iii.
1935 2356 2026 2428 19,
2057 2354 2195 2428 agit,
2227 2373 2404 2429 quum
2434 2353 2532 2429 ait,
2581 2353 2929 2412 “Christum

510 2436 729 2512 Spiritu
759 2456 863 2494 suo
891 2433 1211 2512 profectum
1237 2433 1580 2510 praedicasse
1616 2435 1940 2511 Spiritibus,
1971 2439 2070 2499 τοῖς
2098 2435 2138 2492 ἐν
2175 2433 2445 2513 φυλακῇ,”
2464 2453 2579 2491 non
2607 2442 2799 2511 potest
2827 2453 2931 2492 no·

506 2526 630 2575 tare
682 2516 948 2573 Limbum
996 2514 1250 2587 Patrum,
1299 2514 1436 2589 quia
1490 2514 1748 2590 loquitur
1799 2515 1870 2573 de
1931 2514 2241 2573 incredulis
2294 2515 2589 2576 Antonio-202¹
2635 2538 2768 2587 xm,
2827 2513 2928 2590 qui

511 2597 643 2655 olim
692 2594 1039 2669 imtnore‘qcri
1084 2592 1329 2667 fuerunt,
1378 2592 1514 2651 dum
1563 2594 1826 2653 Christus
1876 2595 2092 2672 Spiritu
2138 2615 2242 2653 suo
2287 2594 2631 2672 Prophetico
2664 2615 2768 2672 per
2812 2594 2929 2653 No-

512 2676 720 2733 achum
770 2674 886 2731 illis
927 2672 1322 2749 poenitentiam
1363 2672 1739 2749 praedicavit;
1788 2675 1905 2732 Sed
1932 2676 2118 2734 innuit
2155 2696 2439 2733 carcerem
2482 2675 2837 2748 infernalem,
2868 2684 2934 2734 ut

519 2755 706 2830 Apoc.
739 2774 840 2810 xx.
894 2757 948 2825 7,
979 2752 1040 2808 in
1084 2771 1199 2827 quo
1246 2751 1404 2808 Petri
1432 2761 1689 2828 tempore
1732 2754 1989 2812 conclusi
2030 2755 2436 2813 detinebantur
2473 2765 2704 2831 propter
2746 2755 2932 2814 rebel-

514 2834 728 2892 lionem
757 2833 967 2891 factam
997 2830 1135 2889 olim
1156 2829 1551 2907 praedicationi
1572 2832 1785 2891 Christi
1809 2853 1912 2911 per
1934 2835 2251 2910 Noachum,
2282 2841 2381 2900 τοῖς
2409 2836 2450 2893 ἐι
2477 2840 2685 2906 φυλακῇ
2714 2834 2936 2894 scilicet

516 2910 638 2985 οὖσι,
669 2913 769 2990 qui
791 2913 914 2990 jam
946 2919 1082 2969 sunt
1108 2910 1167 2968 in
1197 2929 1440 2986 carcere,
1473 2931 1588 2969 non
1617 2914 1718 2988 qui
1746 2913 1882 2971 olim
1911 2913 2153 2973 fuerant.

599 2994 779 3052 XVI.
828 2992 993 3050 Licet
1020 2990 1203 3066 possit
1224 2990 1338 3048 dici
1358 2991 1599 3050 Veteres
1619 2992 1853 3069 aliquod
1875 2994 2221 3071 cognitionis
2238 3004 2297 3053 et
2315 2994 2504 3053 solatii
2521 2995 2936 3053 incrementum

517 3074 801 3150 recepisse
830 3082 962 3149 post
989 3070 1404 3129 exhibitionem
1428 3072 1641 3131 Christi
1672 3074 1730 3130 in
1753 3093 1938 3149 carne,
1971 3084 2029 3132 et
2049 3076 2443 3133 ascensionem
2471 3074 2598 3151 ejus
2627 3075 2684 3131 in
2709 3074 2937 3151 coelum,

520 3164 586 3214 nt
614 3154 826 3213 dicitur
853 3153 925 3211 de
956 3151 1223 3227 Angelis,
1257 3152 1407 3228 Eph.
1439 3152 1520 3209 iii.
1556 3155 1664 3226 103
1713 3154 1842 3211 Non
1872 3154 2005 3212 inde
2035 3155 2295 3231 sequitur
2321 3174 2421 3213 eos
2450 3155 2618 3231 plane
2668 3154 2939 3212 exclusos

522 3236 699 3293 fuisse
729 3255 764 3292 a
793 3234 938 3292 coslo
968 3242 1027 3292 et
1068 3253 1103 3289 a
1144 3232 1367 3290 visione
1397 3232 1565 3290 faciei
1608 3233 1754 3309 Dei;
1817 3234 1921 3291 sed
1963 3243 2184 3292 tantum
2226 3234 2641 3293 beatitudinem
2685 3235 2939 3310 ipsorum

520 3315 778 3373 nondum
821 3314 991 3390 plane
1041 3321 1494 3370 consummatam
1537 3311 1749 3386 fuisse3
1796 3333 1910 3389 quo
1939 3314 2174 3390 quidam
2219 3315 2474 3372 referunt
2511 3315 2620 3372 ista
2651 3313 2938 3390 Apostoli,

526 3396 679 3452 Heb.
710 3394 791 3451 xi.
822 3396 917 3465 40,
966 3394 1002 3424 ‘⁶
1022 3391 1212 3449 Deum
1256 3392 1623 3467 prospexisse
1663 3393 1881 3469 aliquid
1909 3394 2116 3451 melius
2143 3414 2247 3470 pro
2276 3395 2476 3453 nobis:
2521 3414 2593 3452 ne
2624 3394 2745 3452 sine
2773 3394 2943 3451 nobis

523 3471 990 3549 perficerentur.’'
1076 3469 1275 3546 Atque
1317 3490 1386 3527 eo
1416 3470 1646 3529 videtur
1686 3474 2008 3549 respexisse
2056 3474 2332 3532 Calvinus
2361 3494 2464 3550 per
2488 3477 2787 3550 speculam,
2820 3474 2945 3531 sive

525 3549 811 3627 vigilandi
839 3558 1049 3623 actum,
1080 3549 1140 3604 in
1180 3568 1293 3624 quo
1323 3548 1463 3607 dicit
1506 3550 1683 3608 fuisse
1717 3551 1917 3611 Patres
1960 3574 2034 3611 ex
2080 3553 2365 3612 desiderio
2394 3554 2626 3627 Christi,
2660 3554 2718 3610 in
2752 3558 2780 3611 1
2817 3553 2943 3611 Pet.

527 3630 627 3703 iii„
689 3649 805 3686 non
854 3637 919 3687 ut
968 3627 1242 3686 excludat
1289 3648 1389 3685 eos
1433 3649 1467 3685 a
1508 3629 1777 3689 fruitione
1821 3633 2195 3691 beatitudinis
2233 3643 2291 3692 et
2319 3634 2542 3692 visione
2588 3634 2716 3707 Dei,
2749 3631 2852 3691 sed
2881 3641 2946 3693 ut

529 3709 879 3768 desiderium
922 3716 981 3766 et
1022 3713 1196 3765 ἆται
1224 3703 1423 3765 duab·
1465 3708 1752 3770 adventus
1782 3712 1996 3771 Christi
2037 3721 2214 3789 notet,
2259 3734 2374 3791 quo
2419 3715 2593 3772 ctiam
2622 3713 2947 3793 respexisse

531 3791 804 3849 dicuntur
833 3787 1070 3864 Angeli‚
1108 3792 1136 3845 1
1225 3796 1300 3846 et.
1330 3788 1368 3846 i.
1404 3792 1495 3846 12.

612 3869 829 3928 XVII.
874 3868 1180 3926 Promissio
1225 3867 1535 3944 aliquando
1563 3879 1728 3930 notat
1770 3872 2017 3948 primum
2058 3873 2372 3932 adventum
2412 3872 2625 3932 Christi
2669 3873 2727 3929 in
2778 3890 2948 3931 carne

528 3950 875 4030 promissum
905 3948 964 4005 in
994 3948 1195 4007 Veteri
1217 3948 1604 4024 TestamentO,
1636 3951 1947 4028 aliquando
1976 3953 2290 4012 secundum
2313 3953 2371 4010 in
2395 3953 2580 4029 gloria
2606 3952 2953 4029 promissum

529 4033 591 4090 in
642 4031 829 4089 Novo,
877 4029 1122 4087 Veteres
1166 4028 1378 4086 mortui
1423 4041 1573 4102 sunt,
1606 4050 1723 4087 non
1771 4042 1997 4107 accepto
2035 4034 2318 4109 promisso
2363 4052 2485 4107 su0,
2541 4033 2694 4090 Heb.
2739 4032 2818 4089 xi.
2851 4033 2948 4106 39,

530 4111 801 4169 nimirum
820 4108 892 4167 de
921 4107 1178 4166 adventu
1199 4108 1387 4183 priore
1412 4109 1642 4183 Christi,
1668 4111 1767 4186 qui
1789 4112 1958 4169 nobis
1986 4124 2312 4172 reservatus
2341 4119 2430 4171 est
2449 4116 2601 4194 χυςὶς
2642 4115 2802 4170 ὶυτόι
2830 4110 2953 4169 sine

530 4191 674 4268 ipsis
697 4212 711 4263 3
758 4189 862 4247 sed
887 4188 1089 4246 fideles
1117 4196 1425 4263 expectant
1446 4188 1635 4247 adhuc
1664 4191 1976 4263 iau-mala»
2017 4193 2154 4253 nim.
2184 4193 2585 4270 reportandam
2614 4192 2673 4249 in
2703 4191 2961 4249 adventu

532 4268 836 4349 posteriori
868 4267 1121 4341 Domini,
1145 4267 1297 4325 Heb.
1323 4288 1380 4324 x.
1404 4270 1497 4339 36,
1521 4272 1617 4344 37,
1639 4290 1812 4346 quam
1830 4283 1888 4330 et
1910 4272 2019 4349 ipsi
2039 4282 2173 4331 sunt
2201 4273 2525 4349 accepturi;
2558 4272 2661 4330 sed
2687 4292 2804 4329 non
2834 4271 2957 4329 sine

531 4351 718 4422 nobis,
750 4349 887 4424 quia
914 4347 1070 4423 quod
1098 4366 1250 4405 nunc
1278 4357 1669 4423 expectamuS,
1716 4351 1775 4408 id
1824 4353 2124 4410 nobiscum
2166 4373 2295 4411 cum
2338 4353 2456 4410 illis
2484 4371 2785 4411 commune
2815 4350 2958 4424 erit;

539 4429 632 4488 Ita
684 4431 896 4507 κρεῖττόν
936 4453 985 4486 τι
1027 4428 1220 4485 melius
1257 4427 1397 4503 quid
1420 4429 1588 4487 nobis
1617 4433 1916 4507 prospexit
1947 4432 2107 4490 Deus
2153 4434 2372 4491 ratione
2418 4432 2623 4509 prioris
2652 4431 2958 4505 adventus,

537 4528 653 4584 quo
683 4508 791 4567 soli
820 4507 1158 4584 gaudemus.
