3221 5200
408 388 629 436 QUAES'I'.
660 366 816 450 xm]
1147 385 1224 423 118
1254 384 1486 425 8881818
1515 384 1751 425 cameri
1781 386 2170 428 ›mmm-omo.
2728 375 2844 433 401

402 530 632 589 nomine
662 529 937 605 insignes,
969 526 1068 603 qui
1097 546 1200 604 per
1246 526 1530 604 posticum
1583 527 1918 604 Papismum
1963 529 2305 604 revocaturi‚
2360 538 2419 589 et
2459 530 2616 590 idolo
2662 531 2833 592 liberi

403 610 627 668 arbitrii
655 609 891 682 litaturi,
923 608 1227 684 plerosque
1257 626 1477 665 errores
1506 627 1642 665 suos
1673 608 1986 666 hauserunt
2014 629 2088 666 cx
2141 610 2380 683 Molin0,
2433 611 2650 687 Lessi0,
2688 614 2830 671 Sua·-

400 690 570 765 rezio‚
604 700 663 749 ct
690 691 819 749 aliis
848 687 1113 761 Jesuitis,
1146 695 1316 763 atque
1346 687 1500 744 hunc
1528 687 1681 745 inter
1709 698 1947 746 caeteros
1996 688 2067 746 dc
2117 690 2567 750 Universalitate
2620 693 2829 752 Mortis

403 769 634 845 Christi,
668 772 768 848 qui
797 769 927 826 idco
957 766 1209 825 secundo
1241 768 1365 824 loco
1397 768 1689 842 reponitur
1716 767 1866 826 inter
1892 789 2010 843 888,
2057 770 2156 845 qui
2206 790 2241 827 a
2294 770 2530 847 Synodo
2579 772 2831 830 Dordra-

402 868 544 907 cena
574 852 772 926 rejecti
801 856 952 922 sunt,
984 857 1042 906 et
1069 848 1237 924 nigro
1267 848 1426 904 theta
1453 847 1654 924 notati,
1688 850 1826 926 Cap.
1857 853 1912 922 2,
1944 848 2017 907 de
2047 849 2237 909 Morte
2269 851 2482 910 Christi
2528 851 2586 908 in
2619 852 2826 929 Rejec·

401 928 557 988 tione
590 931 882 990 Errorum.

1006 1007 1083 1065 V.
1127 1005 1429 1065 Articulus
1478 1007 1613 1064 talis
1667 1016 1757 1066 est
1831 1007 1891 1064 in
1953 1008 2181 1086 scriptis
2234 1010 2451 1087 Synod.
2540 1011 2820 1071 Dordrac.

431 1102 851 1146 Arminianorum.
926 1087 1253 1145 Remonstr.
1284 1106 1339 1162 p.
1371 1088 1508 1144 280.
1556 1090 1590 1120 ‘⁶
1617 1087 1874 1146 Pretium
1899 1088 2357 1165 Redemptionis,
2383 1090 2540 1167 quod
2563 1091 2828 1151 Christus

926 1167 1085 1225 Patri
1115 1186 1219 1224 suo
1248 1166 1473 1241 obtulit,
1506 1186 1622 1224 non
1650 1176 1874 1226 tantum
1904 1170 1963 1225 in
1993 1188 2055 1227 se
2083 1179 2141 1228 et
2162 1190 2264 1246 per
2312 1190 2373 1229 se
2418 1171 2526 1229 toti
2574 1172 2824 1230 humano

397 1249 595 1327 generi
624 1247 959 1307 redimendo
988 1246 1277 1304 sufficiens
1305 1254 1425 1320 est;
1458 1246 1560 1305 sed
1588 1247 1762 1306 etiam
1790 1269 1893 1325 pro
1923 1249 2190 1308 omnibus
2218 1259 2276 1309 et
2304 1250 2550 1328 singulis
2579 1251 2821 1308 homini·

398 1332 506 1388 bus
537 1351 609 1388 ex
641 1329 888 1402 decrctO,
921 1327 1223 1385 voluntate
1253 1336 1311 1383 et
1352 1326 1540 1401 gratia
1591 1328 1702 1385 Dei
1750 1328 1938 1387 Patris
1983 1330 2339 1405 persolutum
2388 1340 2514 1407 est3
2561 1351 2743 1408 coque
2789 1351 2823 1389 a

394 1410 832 1488 participatione
859 1408 1145 1466 fructuum
1176 1406 1377 1463 mortis
1408 1406 1640 1481 Christi,
1665 1427 1834 1466 nemo
1863 1408 2239 1468 antecedente
2272 1411 2382 1469 Dei
2433 1410 2663 1470 decreto
2691 1431 2819 1488 pra·

396 1491 513 1548 eisc
544 1489 817 1548 exclusus
846 1497 952 1546 881.
997 1492 1053 1544 2.
1141 1486 1403 1544 Christus
1432 1487 1638 1546 merito
1667 1489 1870 1547 mortis
1892 1509 2011 1548 suae
2044 1490 2232 1548 Deum
2265 1491 2497 1550 Patrem
2543 1492 2821 1550 universo

395 1571 593 1647 generi
623 1571 874 1626 humano
904 1569 1181 1625 hactenus
1210 1566 1622 1641 reconciliavit,
1655 1577 1719 1625 ut
1751 1569 1924 1627 Pater
1949 1579 2182 1646 propter
2207 1571 2369 1647 ipsus
2412 1572 2676 1629 meritum
2708 1572 2818 1629 sal-

394 1670 470 1708 va
489 1650 719 1727 justitia
746 1659 805 1706 81
832 1649 1075 1706 veritate
1098 1666 1218 1720 sua,
1238 1666 1453 1703 novum
1478 1646 1698 1705 Gratiae
1729 1649 1946 1707 Foedus
1975 1669 2105 1707 cum
2133 1650 2533 1726 peecatoribus
2575 1660 2632 1709 et
2661 1650 2818 1708 dam-

393 1730 614 1787 nationi
651 1729 919 1787 obnoxiis
946 1727 1276 1786 hominibus
1305 1726 1449 1784 inire
1478 1735 1536 1785 et
1565 1728 1785 1786 sancire
1815 1728 2066 1804 potuerit
2094 1739 2152 1787 et
2194 1730 2502 1788 voluerit.'’
2551 1731 2820 1789 Sentiunt

395 1829 534 1886 ergo
568 1813 619 1867 1.
666 1809 956 1867 Christum
986 1828 1062 1865 ex
1094 1806 1204 1864 Dei
1232 1806 1477 1864 concilio
1506 1826 1610 1882 pro
1640 1808 1906 1866 omnibus
1935 1817 1993 1866 et
2011 1808 2256 1884 singulis
2277 1810 2359 1866 ita
2380 1817 2665 1866 mortuum
2692 1829 2818 1867 esse

391 1900 457 1948 ut
484 1910 598 1947 non
629 1897 851 1948 tantum
881 1907 1035 1945 mors
1065 1886 1352 1945 sufficiens
1370 1886 1541 1943 fucrit
1566 1887 1629 1943 in
1659 1906 1719 1944 se
1747 1897 1981 1964 propter
2008 1888 2381 1946 intrinsecum
2410 1889 2683 1962 valorem,
2718 1889 2821 1948 sed

395 1969 745 2027 sufficienter
773 1968 947 2027 etiam
976 1987 1079 2043 pro
1110 1965 1376 2023 omnibus
1404 1974 1462 2023 81
1491 1965 1738 2041 singulis
1768 1967 1961 2025 oblata
1990 1967 2081 2043 sit,
2114 1976 2398 2044 quatenus
2430 1969 2590 2026 Deus
2613 1969 2816 2043 voluit,

390 2059 456 2108 ut
484 2050 545 2107 id
567 2049 722 2126 quod
750 2049 810 2105 in
841 2069 901 2105 se
932 2046 1219 2105 sufficiens
1248 2052 1369 2102 erat
1395 2065 1500 2122 pro
1529 2046 1814 2122 omnibus,
1840 2047 1933 2104 vel
1963 2047 2090 2105 loco
2119 2048 2215 2105 vel
2263 2048 2416 2106 bono
2466 2048 2721 2106 omnium
2752 2068 2819 2106 ac

391 2129 753 2205 singulorum
784 2127 907 2185 sive
936 2126 1114 2184 totius
1142 2125 1371 2201 generis
1397 2126 1636 2182 humani
1664 2126 2001 2201 solveretur,
2034 2126 2178 2185 adeo
2221 2137 2286 2185 ut
2333 2128 2662 2186 interventu
2691 2129 2818 2205 ejus

388 2208 602 2267 factum
634 2209 725 2281 sit,
756 2216 820 2265 ut
851 2208 1010 2264 Deus
1038 2206 1290 2281 gratiose
1318 2204 1379 2261 in
1405 2214 1699 2280 posterum
1729 2225 1858 2263 811111
1888 2226 2098 2282 genere
2126 2207 2377 2266 humano
2416 2227 2588 2283 agere
2617 2209 2816 2266 volue-

391 2287 483 2360 rit,
516 2297 688 2363 atque
718 2288 798 2344 ita
828 2285 1043 2344 Christi
1071 2304 1225 2342 mors
1254 2303 1370 2340 non
1399 2284 1475 2341 sit
1502 2284 1641 2342 novi
1675 2284 1936 2343 Foederis
1957 2287 2320 2363 promissum,
2354 2286 2457 2346 sed
2486 2288 2614 2363 ejus
2643 2308 2819 2346 causa

391 2376 450 2425 et
478 2366 932 2425 fundamentum.
977 2370 1033 2424 2.
1080 2364 1374 2422 Christum
1403 2382 1477 2420 ex
1511 2364 1701 2422 Patris
1729 2374 1788 2423 et
1817 2385 1921 2424 sua
1969 2366 2286 2425 intentione
2317 2367 2584 2425 omnibus
2613 2376 2671 2425 et
2700 2368 2815 2424 sin-

391 2447 546 2523 gulis
574 2446 905 2504 hominibus
926 2446 1050 2522 jam
1079 2444 1452 2521 pereuntibus
1470 2463 1643 2519 quam
1667 2445 1965 2503 servandis
1980 2446 2377 2522 impetravisse
2396 2448 2815 2505 restitutionem

391 2527 450 2584 in
481 2534 693 2585 statum
723 2527 923 2604 gratiae
953 2534 1012 2584 et
1039 2524 1258 2598 salatia,
1283 2523 1364 2581 118
1392 2531 1456 2581 ut
1478 2543 1652 2599 nemo
1665 2534 1898 2603 propter
1925 2535 2223 2603 peccatum
2252 2527 2531 2604 originale
2555 2528 2629 2586 sit
2657 2527 2817 2585 dam-

389 2608 621 2667 natione
651 2608 937 2666 obnoxius
959 2615 1060 2665 aut
1088 2603 1465 2680 damnanduS,
1499 2605 1601 2663 sed
1645 2626 1843 2665 omnes
1890 2607 1965 2664 ab
2015 2607 2181 2666 istius
2229 2609 2452 2685 peccati
2496 2617 2656 2666 reatu
2703 2609 2818 2667 sint

389 2689 693 2747 immunes.
740 2691 794 2746 3.
842 2688 1133 2746 Christum
1163 2706 1236 2743 ex
1270 2684 1459 2743 Patris
1488 2685 1730 2743 consilio
1759 2695 1998 2745 mortem
2031 2707 2135 2764 pro
2164 2689 2431 2747 omnibus
2450 2689 2662 2746 obiisse
2692 2688 2816 2746 sine

388 2778 544 2828 certo
574 2789 641 2827 88
670 2768 908 2826 definito
936 2766 1179 2826 consilio
1208 2785 1537 2842 quenquam
1566 2767 1902 2824 nominatim
1929 2767 2214 2842 salvandi,
2246 2768 2392 2826 adeo
2433 2777 2499 2827 ut
2546 2769 2814 2845 impetra-

388 2850 533 2907 tioni
561 2849 762 2906 mortis
791 2848 1006 2907 Christi
1034 2867 1139 2906 888
1165 2846 1498 2921 necessitas,
1530 2855 1589 2905 81
1616 2847 1836 2905 81111188
1867 2856 2021 2907 sarta
2048 2856 2218 2923 tecta,
2264 2848 2518 2908 numeris
2547 2849 2816 2906 omnibus

387 2929 653 2986 absoluta
674 2936 935 2986 constare
965 2927 1264 3003 potuisset,
1296 2925 1523 2984 etiamsi
1551 2926 1855 3003 impetrata
1882 2927 2200 3004 redemptio
2219 2928 2365 2986 nulli
2386 2928 2686 2987 individuo
2710 2948 2812 2986 un-

388 3026 562 3082 quam
590 3015 724 3065 8818
752 3007 877 3082 ipso
923 3006 1126 3064 fuisset
1174 3005 1478 3081 applicata.
1539 3009 1595 3063 4.
1664 3007 1956 3064 Christum
1999 3028 2103 3083 per
2151 3026 2309 3065 8118111
2365 3007 2813 3065 satisfactionem

386 3086 562 3143 nullis
591 3095 747 3144 certo
776 3085 1051 3142 meruisse
1080 3085 1264 3160 ipsam
1294 3084 1538 3141 salutem
1567 3094 1626 3142 et
1668 3085 1857 3158 fidem,
1909 3105 2024 3161 qua
2067 3087 2191 3143 haec
2238 3087 2452 3144 Christi
2501 3086 2816 3143 satisfactio

385 3165 460 3222 ad
489 3165 732 3223 salutem
763 3163 1067 3222 efficaciter
1094 3163 1494 3239 applicaretur,
1527 3163 1631 3220 sed
1658 3172 1883 3221 tantum
1914 3164 2073 3222 Patri
2100 3164 2476 3240 acquisivisse
2499 3165 2814 3241 plenariam

387 3245 745 3304 voluntatem
776 3253 833 3301 et
860 3252 1222 3319 potestatem,
1256 3242 1327 3300 de
1358 3261 1510 3300 novo
1539 3262 1670 3300 cum
1698 3243 2029 3301 hominibus
2058 3243 2285 3320 agendi,
2310 3243 2528 3302 Foedus
2550 3245 2645 3301 vcl
2665 3245 2811 3303 Gra-

387 3325 483 3384 tiae
513 3325 609 3382 vel
640 3325 892 3401 Operum
920 3323 1175 3398 ineundi,
1227 3330 1286 3381 et
1323 3342 1696 3398 quascunque
1745 3323 1925 3381 vellet
1971 3323 2331 3381 conditiones
2381 3323 2810 3401 praescribendi,

350 3469 353 3472 ,
386 3425 628 3482 quarum
657 3403 951 3481 praestatio
969 3424 1004 3461 a
1030 3403 1213 3462 libero
1235 3401 1485 3460 hominis
1505 3402 1743 3461 arbitrio
1760 3402 2024 3480 pendeat,
2050 3414 2222 3479 atque
2245 3403 2376 3463 ideo
2393 3403 2514 3461 fieri
2538 3404 2812 3480 potuisse,

386 3495 452 3545 ut
480 3487 575 3544 vel
604 3505 791 3558 nemo,
823 3486 919 3543 vel
948 3504 1150 3543 omnes
1179 3484 1311 3541 illas
1365 3483 1687 3559 implerent.
1753 3486 1808 3542 5.
1876 3483 2348 3560 Impetrationem
2396 3484 2571 3542 latius
2617 3494 2813 3562 patere

385 3567 786 3643 applicatione,
818 3575 884 3624 ut
912 3566 1210 3641 impetrata
1239 3565 1315 3622 sit
1343 3563 1501 3622 salus
1530 3563 1813 3638 omnibus,
1845 3583 1975 3640 quae
2003 3572 2195 3622 tamen
2244 3564 2444 3641 paucis
2474 3565 2812 3641 applicetur.

386 3648 528 3720 Quae
557 3647 750 3704 omnia
776 3657 900 3705 tum
929 3666 1004 3704 ex
1035 3644 1355 3703 Collatione
1387 3643 1691 3719 Hagiensi,
1723 3652 1845 3703 tum
1875 3665 1950 3702 ex
1983 3643 2226 3722 Scriptis
2261 3644 2480 3720 Synod.
2528 3644 2810 3703 Dordrac.

388 3727 712 3784 Remonstr.
743 3727 801 3783 in
832 3726 1220 3785 declaratione
1267 3724 1566 3783 sententiae
1615 3724 1867 3801 ipsorum
1919 3725 2071 3783 circa
2119 3725 2433 3783 secundum
2482 3723 2811 3783 Articulum

385 3805 582 3879 colligi
612 3815 871 3881 possunt.

995 3885 1107 3942 VI.
1154 3884 1255 3941 Ad
1276 3885 1426 3942 hane
1454 3884 1817 3958 sententiam,
1851 3884 1899 3941 si
1927 3904 2044 3941 11811
2073 3884 2324 3957 8111111118,
2371 3901 2586 3957 magna
2613 3890 2807 3940 tamen

911 3982 987 4020 ex
1014 3971 1194 4044 parte,
1240 3962 1524 4021 accedunt
1564 3984 1639 4021 ex
1683 3963 1929 4037 NostriS,
1975 3964 2076 4039 qui
2107 3962 2370 4020 Gratiam
2403 3960 2810 4019 Universalem

387 4049 640 4100 tuentur.
729 4042 813 4100 Ut
855 4042 1007 4100 enim
1037 4042 1406 4122 <panaenus-lav
1433 4050 1492 4100 et
1520 4062 1773 4100 amorem
1799 4042 1909 4100 Dei
1938 4062 2078 4118 erga
2107 4043 2309 4100 Genus
2337 4043 2652 4099 humanum
2682 4041 2809 4098 uni-

387 4123 675 4181 versalem
736 4129 1036 4196 statuunt3
1085 4123 1177 4179 Ita
1222 4142 1297 4179 ex
1326 4122 1425 4178 illo
1455 4140 1650 4179 amore
1700 4130 1936 4180 censent
1965 4121 2255 4179 Christum
2286 4142 2321 4178 a
2351 4122 2521 4178 Patre
2552 4119 2611 4176 in
2639 4141 2809 4178 mun-

386 4203 525 4262 dum
553 4203 811 4276 missum,
845 4209 1120 4279 tanquam
1168 4200 1481 4258 remedium
1522 4201 1850 4259 universale
1880 4201 1955 4259 ad
2001 4201 2419 4277 procurandam
2451 4200 2705 4258 omnium
2756 4209 2815 4258 et

388 4284 748 4360 singulorum
780 4283 1025 4340 salutem
1057 4282 1165 4340 sub
1208 4280 1537 4339 conditione
1566 4280 1740 4356 fidei;
1789 4282 1866 4339 Et
1895 4281 2185 4340 Christum
2216 4301 2285 4339 ea
2313 4281 2629 4339 intentione
2658 4300 2810 4338 mor-

384 4373 548 4422 tuum
592 4383 719 4422 esse
757 4384 861 4440 pro
901 4362 1171 4421 omnibus
1216 4361 1323 4420 sub
1370 4360 1569 4418 eadem
1620 4360 1966 4435 conditione,
2014 4361 2152 4419 lieet
2195 4361 2416 4419 fructus
2454 4368 2513 4418 et
2561 4360 2813 4419 efficacia

384 4443 585 4501 mortis
642 4444 770 4521 ejus
816 4443 890 4501 ad
934 4462 1150 4520 paucos
1195 4450 1420 4501 tantum
1464 4441 1782 4518 perveniat,
1835 4441 2046 4517 quibus
2094 4442 2254 4499 Deus
2304 4440 2535 4499 decreto
2578 4441 2815 4517 speciali

384 4521 555 4579 fidem
586 4523 722 4581 darc
752 4523 1026 4583 decrevit.
1142 4524 1273 4581 Η88
1314 4521 1486 4580 1118118
1515 4521 1866 4598 pertendunt
1907 4522 2215 4579 Decretum
2243 4521 2445 4579 mortis
2474 4521 2686 4579 Christi
2715 4541 2814 4579 an-

386 4603 687 4660 tecessisse
741 4604 1050 4662 Decretum
1082 4602 1415 4677 Electionis,
1449 4603 1527 4660 Et
1577 4603 1767 4660 Deum
1810 4622 1926 4660 non
1973 4602 2082 4659 hos
2123 4601 2311 4676 magis
2352 4621 2523 4677 quam
2566 4601 2698 4660 illos
2726 4622 2816 4660 re-

388 4682 648 4757 spexisse
678 4682 738 4739 in
766 4683 1048 4742 mittendo
1080 4684 1326 4756 Christe,
1360 4682 1461 4740 sed
1492 4683 1761 4741 omnibus
1789 4703 1862 4741 ex
1893 4701 2059 4758 aequo
2088 4681 2408 4739 destinasse
2439 4680 2730 4740 Christum
2759 4681 2820 4737 in

474 4780 623 4819 88118
654 4780 717 4818 11.
2471 4764 2506 4818 2
2537 4781 2569 4818 c

385 3922 868 3967 Universalistarurn.
