3221 5200
358 391 584 439 Qum-:sn
623 375 707 454 xz]
1212 395 1286 432 me
1318 394 1866 435 s.xx‹·T11-·i‹·.x'r1‹mit.
2675 383 2789 439 63:29

358 572 486 620 Quid
509 575 573 618 sit
597 575 823 617 meritum
964 535 1039 593 V.
1087 534 1254 610 Quod
1285 543 1347 594 ut
1376 535 1733 594 commodius
1757 535 1871 605 fiat,
1895 534 2296 611 praemittenda
2313 545 2400 594 cst
2417 538 2629 610 Mer-iti,
2659 559 2787 614 pro-

417 633 714 687 ‹stquae‹÷jus
732 607 843 675 conl
884 615 1003 692 prie
1034 615 1189 690 dieti,
1217 615 1490 688 definitio,
1544 625 1602 674 et
1653 616 1915 673 videndae
1947 616 2321 689 conditioneS,
2355 638 2483 692 quae
2513 618 2584 675 ad
2619 620 2672 675 id
2699 640 2783 677 re-

417 691 641 735 ditiones.
881 696 1202 771 quiruntur.
1278 696 1444 768 niel„
1471 697 1601 753 lect.
1634 700 1728 768 69,
1762 697 1819 751 in
1851 697 2025 753 Cano.
2061 696 2257 752 Missae
2287 696 2488 754 definit
2517 700 2781 756 meritum

358 795 472 833 esse
501 796 640 850 opus
669 775 990 851 imputabile
1017 779 1100 832 ad
1126 778 1365 850 laudem,
1399 776 1457 833 id
1489 785 1592 848 est,
1643 775 1812 832 laude
1863 775 2123 851 dignum.
2211 776 2341 832 lIoc
2366 796 2538 834 sensu
2569 779 2616 835 si
2647 801 2779 836 ccii-

357 855 500 913 tenti
532 865 725 913 essent
758 854 1111 927 Adversarii,
1145 855 1303 912 nulla
1331 866 1483 913 esset
1511 856 1776 932 quaestiO.
1841 855 2023 912 Nemo
2053 856 2202 911 enim
2236 863 2413 931 negat
2441 857 2591 915 bona
2611 879 2784 934 opera

358 934 613 992 fidelium
632 954 758 1004 esse
776 934 946 991 laude
970 934 1163 1009 digna.
1228 934 1627 1007 Bellarminus,
1662 935 1760 992 lib.
1792 955 1848 993 v,
1882 935 1951 992 de
1981 936 2233 993 Justific.
2265 955 2440 1012 neap.
2476 940 2565 1008 10,
2600 959 2780 1013 usque

356 1014 430 1070 ad
458 1017 547 1082 16,
575 1023 794 1090 septem
818 1014 1175 1071 conditiones
1195 1014 1398 1089 Operis
1429 1014 1702 1071 meritorii
1732 1025 1992 1072 recenset
2017 1038 2030 1073 :
2079 1018 2127 1072 1.
2167 1016 2248 1074 Ut
2267 1016 2340 1074 sit
2368 1036 2513 1092 opus
2533 1018 2776 1092 bouum;

357 1099 413 1151 2.
439 1095 597 1168 Opus
621 1095 896 1166 liberum3
930 1096 984 1150 3.
1006 1093 1245 1150 Factum
1266 1094 1323 1149 in
1344 1094 1680 1168 obsequium
1716 1095 1849 1168 Dei;
1876 1099 1931 1151 4.
1958 1095 2055 1151 Ab
2074 1096 2304 1153 homine
2324 1095 2560 1166 viatore,
2589 1098 2643 1154 id
2671 1112 2776 1170 est,

356 1173 414 1228 in
446 1172 597 1229 vivis
626 1183 861 1247 agente3
895 1176 950 1229 5.
975 1171 1307 1230 Justificato
1326 1182 1382 1230 et
1403 1174 1586 1229 amico
1615 1173 1756 1245 Dei;
1790 1177 1844 1229 6.
1868 1175 2034 1247 Quod
2064 1175 2458 1251 proficiscatur
2488 1198 2558 1234 ex
2591 1178 2780 1235 chari-

357 1261 503 1325 tate3
538 1257 591 1310 7.
626 1252 792 1325 Quod
821 1253 1031 1309 habeat
1054 1272 1335 1309 annexam
1364 1252 1473 1309 Dei
1496 1252 1951 1327 promissionem.
2009 1255 2123 1311 Sed
2148 1255 2283 1314 licet
2304 1256 2427 1313 istae
2450 1277 2647 1314 omncs
2671 1279 2778 1315 cou

353 1331 600 1390 ditiones
630 1333 990 1409 requirantur
1017 1331 1077 1388 in
1106 1351 1275 1408 opere
1304 1333 1472 1402 bon0‚
1506 1352 1618 1389 non
1640 1331 1927 1390 sufficiunt
1947 1343 2135 1391 tamen
2159 1335 2234 1392 ad
2256 1336 2403 1394 illud
2424 1337 2776 1395 reddendum

355 1412 726 1487 meritorium,
759 1413 894 1489 quia
923 1412 981 1468 in
1010 1432 1146 1469 vero
1176 1412 1379 1471 merito
1408 1412 1627 1489 aliquid
1674 1412 1909 1489 insuper
1956 1414 2167 1490 requiri
2198 1417 2463 1491 agnoscit
2492 1417 2612 1494 ipse
2652 1419 2777 1474 1301-

356 1493 537 1566 larm.,
571 1514 693 1569 cap.
724 1494 844 1550 xiv,
878 1502 936 1551 et
958 1493 1119 1560 xvii„
1145 1493 1411 1550 nimirum
1434 1493 1798 1550 intrinsecam
1832 1493 1947 1550 vim
1980 1502 2037 1551 et
2056 1494 2414 1571 dignitatem,
2438 1517 2611 1573 quum
2640 1499 2780 1558 dicit

357 1573 620 1631 meritum
653 1573 794 1631 illud
824 1593 967 1646 esse,
1000 1572 1091 1631 cui
1120 1574 1417 1650 praemium
1468 1571 1745 1631 debeatur
1789 1577 1862 1629 cx
1909 1574 2127 1632 ratione
2170 1575 2430 1651 justitian,
2462 1598 2576 1635 non
2609 1579 2778 1635 modo

351 1652 753 1728 distributivae,
788 1654 889 1712 sed
918 1654 1089 1713 etiam
1120 1654 1563 1728 commutativae,
1610 1662 1674 1710 ut
1703 1654 1776 1712 sit
1809 1655 1970 1730 justa
2020 1655 2318 1729 aequalitas
2357 1657 2506 1713 inter
2554 1678 2698 1732 opus
2720 1669 2779 1717 et

355 1734 695 1791 mercedem.

436 1813 544 1868 VI.
594 1812 690 1869 Ad
712 1834 909 1872 verum
940 1835 1078 1890 ergo
1109 1815 1371 1872 meritum
1403 1814 1657 1889 quinque
1689 1813 1810 1870 istm
1843 1813 2200 1872 conditiones
2230 1815 2574 1890 exiguntur:
2613 1819 2662 1874 1.
2695 1817 2775 1875 Ut

355 1911 493 1965 opus
521 1892 590 1946 sit
619 1893 929 1966 indebitum,
963 1914 1130 1951 nemo
1161 1895 1311 1950 enim
1342 1903 1591 1950 meretur
1620 1893 2003 1969 persolvendo
2053 1894 2206 1969 quod
2236 1895 2423 1968 debet,
2461 1897 2598 1953 Luc.
2626 1897 2769 1954 xvii.

364 1975 451 2044 10,
486 1972 587 2028 scd
617 1971 916 2030 satisfacit.
948 1976 1003 2029 2.
1042 1973 1121 2030 Ut
1152 1973 1226 2032 sit
1274 1982 1541 2047 nostrum,
1589 1992 1759 2029 nemo
1789 1973 1939 2029 enim
1973 1972 2042 2030 de
2074 1973 2261 2030 alieno
2289 1984 2478 2050 potest
2508 1976 2618 2034 dici
2652 1996 2770 2032 mcu

354 2052 482 2110 reri.
535 2055 589 2108 3.
630 2052 706 2110 Ut
737 2052 809 2108 sit
831 2055 1141 2126 perfectum
1171 2053 1435 2110 omnibus
1466 2053 1719 2110 numeris
1750 2060 1806 2110 et
1836 2053 1990 2109 omni
2021 2073 2188 2110 naevo
2228 2074 2463 2130 carens3
2509 2077 2638 2113 nam
2674 2056 2769 2113 ubi

354 2141 441 2188 est
472 2140 786 2207 peceatum,
820 2131 897 2188 ibi
929 2152 1041 2189 non
1075 2142 1264 2208 potest
1293 2153 1417 2190 esse
1449 2133 1733 2190 meritum.
1800 2135 1854 2188 4.
1891 2133 1972 2190 Ut
2002 2134 2076 2190 sit
2121 2136 2336 2208 oequale
2365 2144 2422 2191 et
2451 2138 2758 2210 proportio·

355 2222 549 2268 uatum
577 2211 809 2287 praemio
839 2221 896 2269 ct
926 2213 1189 2283 mercedi,
1218 2232 1383 2270 secus
1406 2211 1618 2270 donum
1652 2211 1836 2285 fuerit,
1860 2232 1973 2269 non
1998 2212 2281 2286 meritum,
2310 2213 2465 2288 quod
2499 2215 2766 2275 Bellarm.

354 2291 477 2366 ipse
508 2291 807 2367 agnoscit;
840 2292 940 2349 lib.
970 2312 1027 2348 V.
1059 2291 1128 2349 de
1159 2292 1411 2350 Justifie.
1443 2312 1566 2367 cap.
1605 2295 1694 2364 17,
1726 2312 1800 2349 ex
1830 2301 2037 2364 mente,
2071 2301 2134 2350 ut
2163 2293 2284 2368 ipse
2315 2294 2533 2366 statuit,
2567 2296 2768 2351 Conci-

352 2371 414 2427 lii
438 2370 693 2428 Trident.
750 2374 803 2428 5.
836 2371 913 2429 Ut
944 2372 1239 2447 praemium
1269 2373 1369 2429 tali
1400 2372 1557 2448 operi
1587 2371 1911 2447 exjustitia
1939 2372 2232 2430 debeatur.
2265 2372 2431 2432 Unde
2461 2374 2640 2448 vulgo
2671 2374 2767 2431 dc-

354 2450 549 2507 finitur
572 2452 726 2526 Opus
745 2451 1055 2524 indebitum,
1075 2453 1371 2526 proeme'um
1398 2473 1469 2508 εει)
1490 2453 1687 2508 ordine
1690 2452 1923 2525 justitiae
1945 2473 2017 2509 ex
2027 2453 2264 2510 indebito
2266 2454 2491 2527 faciens
2510 2455 2765 2512 debitum.

692 2599 702 2610 ⁶
962 2532 1106 2590 VII.
1154 2532 1245 2588 Ex
1301 2533 1511 2608 quibus
1557 2531 1723 2589 facile
1767 2531 2095 2607 colligimus
2146 2533 2364 2590 nullum
2416 2553 2584 2611 posse
2617 2555 2766 2591 nunc

354 2595 835 2700 Ἷξίιὲξῐιῗξυάᾚῖἷω·
879 2612 1000 2670 dari
1032 2613 1295 2670 meritum
1331 2613 1386 2670 in
1416 2612 1646 2669 homine
1679 2612 1832 2689 apud
1867 2614 2052 2670 Deum
2083 2614 2579 2691 qualibuscunque
2630 2636 2762 2691 ope-

618 2671 673 2713 g.
714 2674 737 2699 υ
766 2674 805 2699 θ’
878 2694 1056 2768 ribus,
1089 2713 1192 2750 nec
1223 2693 1293 2750 de
1324 2713 1595 2769 congruo,
1630 2713 1734 2751 nec
1764 2693 1835 2751 de
1865 2692 2172 2769 condigne.
2224 2698 2273 2753 1.
2308 2694 2455 2768 Quia
2483 2715 2597 2753 non
2630 2706 2765 2755 sunt

353 2775 624 2849 indebita,
653 2776 753 2833 sed
785 2775 994 2847 debita,
1028 2772 1303 2850 quiequid
1332 2773 1483 2831 enim
1532 2792 1731 2831 sumus
1780 2782 1836 2831 et
1866 2793 2187 2849 possumuS,
2235 2776 2346 2833 hoc
2376 2784 2559 2833 totum
2592 2777 2763 2834 debe-

353 2875 479 2912 mus
518 2857 655 2927 Deo,
689 2858 853 2932 cujus
884 2855 1011 2912 ideo
1041 2855 1330 2912 debitores
1360 2854 1620 2925 dicimur,
1657 2854 1795 2911 Luc.
1829 2854 1968 2912 xvii.
2003 2857 2089 2927 10,
2122 2864 2179 2912 et
2214 2855 2377 2914 Rom.
2409 2856 2530 2913 viii.
2570 2861 2657 2914 1‘2.
2708 2863 2762 2915 2.

354 2934 591 2991 Nullum
624 2946 710 2993 est
742 2944 1015 3005 nostrum,
1050 2934 1150 2992 sed
1181 2935 1372 2991 omnia
1402 2945 1535 2991 sunt
1565 2934 1716 2991 dona
1755 2935 1954 3007 gratiae
1985 2944 2042 2991 ct
2071 2934 2290 2993 fructus
2325 2936 2591 3011 Spiritus,
2633 2938 2762 2994 Jac.

348 3013 387 3069 i.
418 3017 508 3087 17,
540 3014 687 3070 Phil.
715 3015 771 3071 ii.
814 3018 898 3086 13,
927 3020 961 3069 2
995 3016 1122 3071 Cor.
1154 3014 1232 3069 iii.
1267 3017 1320 3069 5.
1374 3017 1428 3070 3.
1465 3014 1592 3069 Non
1624 3024 1757 3070 suut
1786 3014 2053 3087 perfecta,
2088 3015 2188 3070 sed
2221 3015 2396 3070 variis
2427 3015 2615 3071 adhue
2646 3036 2753 3072 nae-

352 3093 441 3149 vis
484 3093 798 3168 inquinata,
849 3093 1013 3150 Rom.
1048 3092 1145 3149 vii.
1184 3095 1273 3166 18,
1321 3092 1451 3148 Gal.
1486 3112 1540 3148 v,
1579 3095 1668 3165 17,
1707 3095 1795 3163 18,
1829 3101 1886 3149 et
1919 3093 2030 3148 Isa.
2062 3092 2206 3149 lxiv.
2240 3096 2294 3149 6.
2359 3097 2414 3148 4.
2450 3094 2580 3149 Non
2627 3105 2760 3153 sunt

350 3173 593 3248 aequalia
623 3172 821 3248 gloria}
850 3172 1073 3241 futurae,
1126 3171 1261 3246 quia
1290 3171 1435 3227 finiti
1474 3181 1532 3227 et
1577 3170 1905 3245 temporarii
1954 3170 2027 3226 ad
2057 3170 2344 3228 infinitum
2378 3180 2435 3229 ct
2485 3181 2760 3231 oeternum

351 3253 509 3310 nulla
537 3262 626 3310 est
654 3253 961 3328 proportiO,
998 3252 1164 3307 Rom.
1210 3249 1329 3306 viii.
1366 3252 1455 3323 18,
1490 3254 1524 3306 2
1558 3250 1687 3309 Cor.
1719 3249 1796 3306 iv.
1833 3253 1924 3306 17.
1991 3252 2045 3306 5.
2073 3250 2298 3308 Merces
2326 3271 2455 3327 quae
2488 3251 2600 3309 illis
2630 3273 2758 3328 pro-

350 3333 597 3390 mittitur
624 3352 777 3389 mere
808 3341 895 3389 est
924 3330 1174 3407 gratuita
1204 3338 1261 3386 et
1289 3328 1560 3402 indebita,
1592 3328 1850 3405 adeoque
1881 3331 2254 3405 expectanda,
2287 3351 2403 3389 non
2432 3352 2504 3389 ex
2535 3332 2760 3391 interno

348 3413 537 3489 operis
566 3412 785 3484 merito,
819 3420 877 3469 et
905 3411 1214 3469 intrinseca
1269 3410 1395 3484 ejus
1450 3409 1750 3485 dignitate,
1785 3409 1886 3467 sed
1925 3418 2145 3467 tantum
2204 3432 2278 3468 cx
2335 3413 2662 3470 coronantis
2691 3413 2759 3470 li·

348 3492 596 3550 berrima
645 3492 996 3567 dignatione,
1060 3491 1226 3547 Rom.
1278 3490 1356 3547 vi.
1388 3492 1482 3561 23,
1537 3498 1594 3547 et
1623 3490 1683 3545 iv
1733 3492 1787 3563 4,
1820 3498 1877 3547 et
1906 3489 1984 3546 xi.
2018 3494 2071 3548 6.
2160 3491 2315 3549 Hinc
2372 3492 2542 3550 etiam
2600 3503 2759 3569 patet

348 3573 570 3629 nullum
629 3572 752 3629 dari
800 3571 1065 3629 meritum
1095 3569 1321 3647 proprie
1362 3569 1577 3628 dictum
1608 3569 1858 3627 hominis
1903 3590 2042 3646 erga
2074 3572 2281 3646 Deum,
2324 3572 2381 3629 in
2415 3593 2756 3650 quocunque

348 3651 519 3710 fuerit
550 3661 701 3710 statu
727 3675 741 3726 ς
785 3652 1043 3728 adeoque
1080 3650 1372 3708 Adamum
1422 3649 1609 3726 ipsum
1681 3650 1728 3708 si
1779 3650 2139 3728 perstitisset,
2198 3673 2314 3710 non
2363 3653 2539 3712 fuisse
2591 3655 2758 3711 meri·

348 3740 539 3789 turum
571 3734 750 3790 vitam
780 3752 853 3790 ex
883 3731 1348 3809 rigorejustitiae,
1408 3730 1545 3789 licet
1572 3751 1675 3806 per
1702 3731 1990 3807 quandam
2024 3741 2380 3798 omnm-deam
2423 3735 2581 3789 Deus
2638 3734 2760 3810 pol-

347 3811 542 3869 licitus
572 3813 681 3888 ipsi
712 3821 863 3870 essct
892 3834 964 3870 ex
996 3822 1162 3888 pacto
1193 3812 1370 3869 vitam
1403 3812 1510 3868 sub
1540 3811 1869 3868 conditione
1919 3811 2186 3886 perfectae
2237 3809 2597 3880 obedientiae,
2621 3833 2749 3886 quaa

347 3891 639 3947 meritoria
667 3891 877 3948 dicitur
904 3913 978 3949 ex
1008 3893 1108 3948 illo
1137 3901 1304 3968 pacto
1333 3891 1520 3948 latiori
1553 3911 1742 3963 sensu,
1775 3891 1910 3965 quia
1960 3890 2158 3946 debuit
2187 3908 2311 3944 esse
2343 3890 2521 3947 veluti
2553 3891 2755 3947 funda-

349 3977 603 4027 mentum
634 3978 691 4027 et
720 3989 892 4027 causa
922 3972 1211 4027 meritoria
1239 3969 1311 4026 ad
1342 3970 1505 4045 cujus
1536 3970 1802 4026 intuitum
1840 3970 1996 4025 Deus
2026 3969 2202 4024 vitam
2235 3967 2317 4022 illi
2348 3969 2754 4045 adjudicasset.

392 4115 410 4127 .
956 4049 1137 4106 VIII.
1186 4049 1256 4105 In
1300 4050 1504 4124 specie,
1552 4059 1750 4106 cont-ra
1793 4048 2003 4105 Merita
2046 4047 2116 4103 de
2163 4046 2431 4121 Congruo
2481 4050 2653 4109 facit:
2706 4059 2754 4108 l.

362 4115 467 4161 ”⁶⁰
485 4116 542 4159 ‘³⁰
564 4115 808 4171 congruo.
872 4129 1037 4204 Quod
1068 4130 1212 4185 nihil
1241 4128 1375 4186 boni
1406 4131 1478 4186 ab
1507 4129 1736 4186 homine
1779 4138 2076 4203 peccatore
2127 4136 2184 4184 et
2212 4128 2464 4186 nondum
2497 4131 2757 4201 regenito

345 4216 438 4273 vel
470 4214 709 4289 eogitari
743 4213 833 4270 vel
866 4210 1120 4287 praestari
1152 4218 1356 4286 potest,
1391 4219 1453 4266 ut
1484 4210 1604 4264 fuse
1636 4228 1739 4265 suo
1769 4208 1896 4264 loco
1925 4207 2243 4283 probatum,
2277 4206 2412 4266 dum
2444 4209 2514 4266 de
2551 4211 2756 4268 Libero

350 4296 626 4368 Arbitrio,
659 4305 718 4352 et
774 4291 1092 4350 Vocatione
1123 4289 1339 4347 efficaci
1367 4299 1556 4345 actum
1587 4296 1692 4344 est.
1766 4292 1819 4343 2.
1867 4287 2014 4360 Quia
2070 4286 2271 4343 Gratia
2316 4309 2444 4364 quae
2495 4288 2752 4364 debetur,

346 4395 460 4432 non
491 4384 578 4433 est
609 4374 811 4451 gratia.
900 4372 982 4427 At
1012 4370 1197 4444 gratia
1225 4389 1352 4445 quoe
1381 4367 1547 4424 nobis
1597 4367 1767 4424 datur
1815 4378 1903 4424 est
1953 4366 2277 4423 omnimode
2328 4369 2594 4444 gratuita,
2628 4391 2755 4446 quae

347 4475 545 4512 omnes
575 4465 736 4513 actus
767 4462 823 4511 et
868 4449 1273 4527 dispositiones
1321 4459 1546 4505 nostras
1590 4448 1885 4522 praevertit
1942 4456 1998 4504 et
2043 4446 2238 4520 anteit,
2292 4459 2348 4506 et
2406 4450 2555 4507 circa
2584 4472 2754 4526 quam

346 4535 517 4593 homo
549 4554 609 4591 se
639 4535 812 4592 habet
868 4551 1020 4589 mere
1070 4529 1317 4605 passive,
1349 4535 1413 4585 ut
1468 4527 1681 4602 passim
1713 4549 1746 4583 a
1778 4527 1958 4585 Paulo
2004 4527 2258 4599 docetur,
2321 4529 2487 4586 Rom.
2546 4530 2624 4587 ix.
2668 4536 2753 4606 16,

350 4615 497 4691 Eph.
533 4614 588 4671 ii.
623 4618 677 4683 3,
711 4617 765 4688 5,
800 4617 853 4686 9,
896 4614 982 4670 10.
1028 4610 1141 4667 Tit.
1176 4609 1254 4665 iii.
1307 4613 1359 4679 5,
1399 4612 1423 4663 1
1462 4608 1590 4665 (for.
1651 4608 1729 4665 iii.
1763 4610 1816 4679 3,
1851 4611 1904 4675 5,
1957 4617 2014 4663 et
2043 4626 2077 4662 a
2105 4606 2271 4663 nobis
2301 4609 2427 4666 loco
2457 4610 2632 4667 citato
2664 4633 2752 4669 os·

345 4706 590 4751 tensum.
664 4696 718 4750 3.
765 4692 913 4765 Quia
944 4692 1023 4749 sic
1055 4691 1225 4747 homo
1254 4689 1412 4765 prius
1453 4687 1615 4745 daret
1644 4687 1857 4764 aliquid
1895 4688 2036 4761 Dee,
2069 4696 2264 4745 contra
2293 4689 2551 4764 l‘aulum,
2591 4692 2755 4751 Rom.
