3221 5200
238 365 457 413 Quffisr.
490 342 693 424 xxixa]
1257 363 1335 401 ns
1365 363 1517 403 neon
1547 362 1668 402 nm.
2530 347 2641 403 137

315 504 579 563 XXIX.
623 502 1008 562 Tabernaeuli
1036 522 1360 580 congruens
1388 523 1490 581 per
1518 502 1923 562 commissuras
1958 511 2015 561 et
2043 522 2352 581 compages
2381 524 2514 563 suas
2555 525 2648 563 co-

237 585 605 660 agmentati0‚
640 584 919 643 Ecclesia:
950 584 1171 660 Corpus
1199 603 1274 641 ex
1305 585 1534 643 Christo
1565 583 1784 660 Capite,
1815 590 1873 640 et
1913 582 2181 642 fidelibus
2211 586 2338 660 ejus
2380 584 2651 644 membris

236 664 739 745 συναζμολογοῦμυον
767 672 825 722 et
853 663 1283 740 συμβιβαζόμινον
1309 663 1614 741 figurabat,
1638 663 1786 739 Eph.
1817 662 1895 719 iv.
1916 665 2007 721 16.
2092 664 2164 740 Ej
2175 683 2240 721 us
2267 664 2325 721 iu
2350 664 2653 742 Templum

236 747 474 804 mutatio
502 744 841 802 mutabilem
869 745 1086 822 politiae
1114 745 1385 803 Judai‘cae
1404 744 1642 802 formam
1667 742 2026 819 designabat,
2051 764 2179 820 quae
2208 744 2393 820 primo
2421 745 2652 803 mobilis

237 835 292 884 et
333 824 721 883 ambulatoria
769 823 877 882 suit
926 824 986 881 in
1031 823 1277 897 deserte,
1323 823 1532 883 deinde
1577 823 1687 882 sub
1720 822 2027 882 Solomone
2065 833 2234 881 nacta
2262 832 2349 882 est
2377 825 2648 901 quietem,

237 925 404 982 quam
434 904 760 981 Templum,
793 903 1191 962 Tabernaculo
1219 904 1452 980 quidem
1480 903 1741 980 partibus
1769 910 1828 960 et
1867 902 2264 962 instrumentis
2293 904 2411 961 suis
2453 905 2648 963 analo-

236 1006 388 1062 gum,
420 984 528 1042 sed
573 984 904 1056 stabilitate,
938 983 1260 1060 splendore,
1293 993 1351 1043 et
1394 984 1696 1060 majestate
1724 982 1898 1059 longe
1937 983 2257 1059 augustius,
2289 984 2649 1060 designabat.

238 1064 463 1124 Deinde
491 1073 646 1122 recte
676 1064 736 1120 in
764 1062 1162 1122 Tabernaculo
1203 1064 1511 1122 exhibetur
1538 1064 1731 1139 imago
1776 1072 1900 1121 tum
1928 1063 2141 1121 veteris
2187 1063 2482 1138 Ecclesiae,
2528 1073 2651 1122 tum

236 1145 411 1203 totius
440 1144 580 1201 vitae
608 1144 873 1202 humanae
903 1153 1088 1202 status
1118 1144 1430 1219 mutabilis,
1461 1143 1518 1200 in
1549 1143 1792 1219 Templo
1821 1163 1959 1200 vero
1998 1152 2119 1201 tum
2151 1143 2428 1201 Ecclesiae
2459 1145 2651 1203 Chris-

236 1225 422 1298 tianae,
456 1233 581 1281 tum
613 1222 888 1281 Ecclesia:
918 1223 1344 1301 triumphantis.
1430 1223 1574 1280 Ideo
1617 1222 1677 1279 in
1705 1222 1807 1280 illo
1853 1222 1963 1280 soli
1990 1222 2205 1298 Judaei,
2238 1223 2297 1280 in
2325 1224 2437 1282 isto
2479 1225 2652 1283 etiam

237 1304 519 1378 Gentiles,
551 1304 716 1380 Tyrii
742 1312 802 1362 et
833 1301 1073 1379 Sidonii,
1106 1323 1338 1380 operam
1367 1311 1670 1360 navarunt.

617 1429 628 1441 .
843 1383 1068 1441 XXX.
1111 1387 1271 1441 Arca
1298 1383 1569 1458 Foederis,
1600 1402 1731 1459 quae
1753 1381 2151 1440 Tabernaculo
2173 1392 2231 1442 et
2252 1383 2494 1462 Templo
2516 1405 2650 1444 con-

285 1431 418 1474 Are·
438 1428 671 1474 Foedera.
761 1463 1068 1538 tinebatur,
1100 1463 1159 1521 in
1188 1484 1304 1540 qua
1331 1463 1570 1521 Tabulae
1602 1462 1780 1539 Legis
1820 1462 2131 1520 reconditae
2173 1472 2352 1539 erant,
2385 1464 2652 1542 imposito

237 1541 505 1616 operculo
548 1561 722 1601 aureo
753 1543 1160 1619 Propitiatorio
1202 1564 1237 1601 a
1279 1543 1626 1602 Cherubinis
1669 1552 1838 1618 tect0,
1876 1542 2242 1618 significabat
2273 1548 2325 1601 1.
2350 1545 2649 1620 Christum,

236 1640 405 1699 super
431 1641 606 1699 quem
639 1622 800 1681 Deus
825 1623 1098 1681 thronum
1127 1623 1330 1700 gratiae
1359 1623 1561 1698 erexit,
1596 1623 1751 1681 Heb.
1783 1623 1861 1680 iv.
1898 1626 1988 1697 16,
2020 1622 2078 1679 in
2107 1642 2223 1698 quo
2252 1642 2313 1681 se
2342 1625 2653 1701 propitium

234 1702 400 1761 nobis
427 1701 684 1778 exhibet,
701 1703 800 1779 qui
830 1702 1000 1761 datus
1028 1704 1196 1761 nobis
1224 1713 1313 1762 est
1340 1704 1401 1761 in
1432 1702 1902 1780 Propitiatorium
1931 1702 1988 1759 in
2018 1702 2299 1777 sanguine
2328 1723 2449 1776 suo,
2486 1704 2651 1763 Rom.

234 1781 311 1839 iii.
341 1786 441 1847 25,
473 1781 533 1838 in
561 1801 676 1858 quo
719 1782 1044 1841 absconditi
1085 1791 1221 1842 sunt
1261 1783 1519 1842 thesauri
1560 1782 1856 1859 sapientiae
1899 1791 1958 1840 et
1999 1780 2414 1856 intelligentiae,
2438 1783 2561 1841 Col.
2592 1785 2651 1843 ii.

237 1863 288 1935 3,
318 1871 378 1920 et
407 1861 648 1920 Tabulae
680 1862 856 1939 Logis
884 1863 1168 1938 repositae,
1200 1882 1378 1939 quum
1423 1863 1549 1921 Lex
1581 1861 1692 1920 Dei
1734 1861 1793 1918 in
1843 1861 1969 1936 ejus
1998 1860 2318 1918 visceribus
2365 1862 2655 1939 insculpta

235 1940 355 2015 fuit,
386 1942 484 2000 Ps.
508 1941 589 1999 xl.
615 1944 670 2016 8,
702 1942 762 1999 in
792 1962 906 2019 quo
935 1943 1101 2014 λόγων
1127 1943 1235 2001 Dei
1258 1942 1566 2015 invenitur,
1593 1941 1746 2019 quia,
1776 1949 1843 2000 ut
1859 1941 2006 2012 λόγος
2034 1940 2238 2014 Patris,
2272 1942 2505 2000 oracula
2525 1943 2654 2020 ejus

235 2019 438 2096 fundit,
485 2030 544 2079 et
585 2022 943 2081 voluntatem
994 2024 1119 2100 ejus
1168 2022 1337 2080 nobis
1384 2023 1638 2095 revelat3
1684 2021 1777 2079 eui
1820 2020 2037 2098 Angeli
2087 2020 2431 2095 ministrant,
2476 2031 2535 2080 et
2579 2023 2655 2081 ad

236 2102 400 2178 cujus
428 2101 673 2178 gloriam
704 2111 761 2161 et
788 2103 1064 2179 mysteria
1089 2103 1342 2181 penitius
1365 2101 1807 2178 contemplanda
1830 2100 2142 2158 Cherubini
2165 2099 2570 2180 waganon-uvea,
2595 2112 2654 2162 et

237 2201 359 2239 sese
408 2181 738 2255 demittunt,
795 2185 824 2238 1
859 2183 985 2241 Pet.
1024 2183 1062 2241 i.
1098 2187 1190 2241 12.
1276 2187 1332 2240 2.
1363 2183 1694 2255 Ecclesiam,
1740 2181 1800 2237 in
1843 2201 1959 2257 qua
1989 2180 2150 2238 Deus
2179 2181 2448 2240 thronum
2485 2202 2654 2241 suum

238 2261 436 2334 erexit,
463 2270 522 2320 et
540 2261 794 2320 Tabulas
823 2282 1016 2321 sacras
1033 2262 1268 2322 recondi
1291 2262 1504 2334 voluit3
1536 2261 1637 2319 ubi
1658 2269 2002 2337 praesentem
2023 2279 2083 2317 se
2106 2260 2343 2319 exhibet
2364 2261 2421 2321 in
2447 2263 2648 2339 gratia,

237 2350 292 2399 et
317 2341 609 2418 placatum
651 2341 711 2398 in
743 2341 972 2401 Christo
1000 2363 1140 2401 vero
1168 2341 1593 2419 propitiatorio;
1639 2340 1740 2399 ubi
1770 2340 2002 2398 oracula
2028 2339 2219 2398 fundit
2246 2361 2349 2417 per
2361 2342 2650 2419 Verbum;

236 2421 333 2479 ubi
361 2421 587 2497 Angeli
634 2429 908 2497 tanquam
942 2423 1190 2499 Spiritus
1237 2420 1633 2479 ministratorii
1678 2420 1909 2478 adstant
1949 2428 2227 2496 perpetuo
2279 2421 2563 2497 fidelibus,
2595 2431 2656 2482 et

238 2521 432 2559 eornm
463 2500 635 2559 saluti
665 2501 1013 2578 invigilant3
1061 2503 1161 2561 ubi
1190 2502 1354 2578 vir-qa
1398 2500 1718 2577 disciplinae
1768 2509 1826 2558 et
1867 2500 2071 2573 crucis,
2102 2520 2217 2577 qua
2258 2521 2365 2560 nos
2402 2513 2651 2579 exercet,

237 2580 611 2660 conjungitur
638 2602 769 2640 cum
797 2603 1008 2641 manna
1037 2581 1446 2642 consolationis
1475 2590 1533 2640 et
1560 2581 1716 2657 vitae,
1748 2600 1863 2658 quo
1891 2600 1998 2639 nos
2028 2588 2330 2641 sustentat.

841 2662 1102 2721 XXXI.
1127 2666 1330 2721 Altare
1359 2662 1593 2740 duplex,
1626 2663 1933 2721 holocausti
1958 2670 2015 2720 et
2034 2663 2267 2739 suffitus,
2290 2663 2435 2723 duas
2461 2672 2653 2741 partes

760 2742 929 2801 officii
979 2743 1366 2803 Sacerdotalis
1414 2743 1629 2802 Christi
1676 2744 2128 2821 repraesentavit,
2160 2763 2289 2820 quae
2336 2744 2395 2802 in
2438 2744 2655 2823 duplici

236 2820 358 2896 ejus
388 2828 544 2878 statu
573 2819 798 2897 impleri
828 2822 1152 2881 debuerunt
1177 2847 1191 2883 :
1238 2825 1693 2899 satisfactionem,
1742 2824 1802 2881 in
1833 2823 2103 2901 Corporis
2143 2824 2232 2881 sui
2262 2825 2554 2885 oblatione
2596 2835 2656 2886 et

237 2900 536 2976 sanguinis
585 2899 808 2960 fusione
857 2902 917 2960 in
963 2912 1118 2961 statu
1159 2904 1523 2979 humilitatis,
1555 2914 1616 2962 et
1645 2906 2081 2962 intercessionem
2124 2903 2183 2960 in
2212 2905 2376 2963 coelis
2410 2906 2470 2962 in
2500 2915 2655 2965 statu

235 2980 604 3038 exaltationis
633 3000 734 3057 per
763 2982 958 3039 vivam
987 2991 1046 3041 et
1086 2984 1418 3042 continuam
1465 2983 1731 3041 sacrificii
1773 2984 1864 3041 sui
1898 2984 2478 3060 repraesentationem,
2524 3005 2653 3060 quae

231 3059 527 3117 thuribulo
549 3080 739 3135 aure0,
754 3081 869 3137 quo
887 3063 1266 3139 thymiamata
1286 3062 1590 3120 adolentur
1613 3082 1785 3138 super
1808 3062 2029 3135 Altare,
2055 3061 2446 3134 adumbratur,
2464 3063 2652 3140 Apoc.

235 3139 354 3198 viii.
375 3143 432 3198 3.
468 3140 821 3199 “Habemus
844 3142 1109 3217 Altare,”
1134 3142 1321 3218 inquit
1344 3142 1573 3217 Apost.,
1601 3141 1755 3198 Heb.
1776 3141 1898 3197 xiii.
1919 3144 2009 3213 10,
2030 3145 2151 3197 “ex
2175 3160 2289 3215 quo
2307 3151 2651 3217 potestatem

234 3218 443 3277 edendi
473 3239 590 3277 non
638 3220 854 3280 habent
903 3222 1002 3299 qui
1053 3222 1314 3280 serviunt
1342 3220 1800 3279 Tabernacu10.”
1886 3218 1985 3276 Ab
2029 3238 2145 3277 uno
2187 3219 2261 3276 ad
2291 3220 2449 3277 aliud
2478 3220 2654 3282 fiebat

232 3299 547 3359 transitus:
591 3299 653 3357 in
682 3300 878 3360 AEneo
906 3301 1092 3378 primo
1121 3301 1463 3359 sacrificium
1509 3299 1703 3358 offerri
1747 3298 1948 3357 debuit
1990 3306 2298 3375 antequam
2338 3300 2655 3376 tbymiama

234 3378 562 3454 offerretur;
610 3379 692 3437 sic
719 3380 1048 3439 Satisfactio
1076 3380 1478 3457 praemittenda
1505 3380 1615 3438 suit
1639 3378 2064 3453 Intercessioni,
2089 3378 2225 3455 quia
2247 3379 2370 3439 sine
2393 3380 2651 3441 satisfac·

233 3459 390 3517 tione
419 3478 620 3536 preces
649 3479 849 3520 omnes
879 3461 1113 3519 inutiles
1143 3470 1293 3519 sunt.
1379 3460 1645 3519 Christus
1665 3462 1868 3517 Altare
1896 3469 2192 3518 nostrum:
2239 3460 2308 3518 In
2338 3482 2517 3538 cruce,
2549 3482 2653 3539 per

231 3538 684 3598 immolationem
703 3562 719 3618 ;
768 3541 838 3599 In
866 3545 1016 3617 coeIO,
1047 3561 1151 3618 per
1178 3541 1686 3615 intercessionem;
1734 3540 1804 3596 In
1846 3560 2056 3616 mensa,
2100 3560 2205 3617 per
2241 3561 2651 3602 commemora-

229 3619 466 3677 tionem.
2187 3662 2196 3671 .

251 3723 439 3771 Mensa.
462 3724 697 3770 candela-
842 3701 1137 3761 XXXII.
1184 3701 1256 3760 In
1302 3701 1432 3760 loco
1481 3707 1681 3759 sancto
1710 3699 1846 3757 Tria
1893 3699 2179 3777 praecipue
2229 3701 2650 3766 observantur:

276 3784 678 3889 Almi'gtxilfl'itua.
761 3782 984 3856 Mensa,
1010 3782 1111 3840 ubi
1132 3802 1312 3860 panes
1335 3789 1678 3856 conspectus
1700 3780 2136 3857 apponebantur
2158 3803 2172 3857 ;
2209 3782 2644 3859 Candelabrum,

279 2708 456 2752 Altare
476 2706 673 2765 duplex.

759 3861 820 3918 in
849 3881 964 3937 quo
1006 3861 1255 3920 lucernae
1297 3860 1792 3934 accendebantur:
1837 3868 1896 3917 et
1923 3862 2124 3918 Altarc
2162 3863 2389 3934 suffitus,
2421 3863 2521 3919 ubi
2563 3863 2649 3920 in-

231 3959 469 4000 censum
501 3939 877 4016 adolebatur3
929 3940 1142 4018 quibus
1190 3940 1541 4018 respondent
1588 3939 1648 3998 in
1679 3938 1959 4014 Ecclesia,
2000 3942 2137 3997 Lux
2177 3941 2355 4009 Verbi,
2388 3960 2502 4016 qua
2539 3962 2648 4001 nos

227 4019 538 4092 illuminat,
582 4020 760 4077 Panis
787 4022 927 4095 zitoe,
960 4041 1075 4097 quo
1104 4041 1210 4080 nos
1238 4021 1437 4098 pascit,
1469 4029 1527 4080 et
1559 4021 1754 4080 Cultus
1780 4039 1958 4093 sacer,
1989 4039 2161 4095 quem
2190 4039 2225 4076 a
2253 4020 2421 4078 nobis
2463 4022 2648 4098 exigit
2756 4086 2771 4095 .

228 4120 333 4178 per
361 4099 710 4158 oblationem
755 4120 989 4177 precum
1038 4109 1096 4158 et
1144 4102 1386 4160 aliorum
1431 4100 1837 4158 sacrificiorum
1869 4098 2290 4175 spiritualium:
2340 4102 2477 4158 Lux
2501 4102 2652 4181 fidei

228 4180 500 4257 splendet
528 4180 586 4237 in
619 4180 996 4255 Candelabm,
1039 4181 1167 4239 Vita
1193 4182 1316 4258 spei
1338 4180 1511 4239 alitur
1537 4181 1598 4238 in
1627 4180 1851 4254 Mensa,
1883 4187 1940 4237 et
1966 4178 2125 4255 anis
2153 4179 2443 4238 charitatis
2483 4182 2640 4241 fove·

225 4270 323 4320 tur
351 4261 411 4317 in
442 4259 653 4319 Altari.

841 4340 1170 4399 XXXIII.
1214 4342 1466 4399 Labrum
1495 4360 1725 4413 oencum,
1758 4339 1815 4396 in
1837 4359 1953 4416 quo
1985 4337 2327 4398 Sacerdotes
2364 4341 2641 4400 teneban-

755 4427 852 4478 tur
877 4421 1073 4478 lavare
1103 4441 1307 4478 manus
1336 4429 1394 4479 et
1423 4419 1599 4497 pedes
1629 4439 1781 4494 suos,
1813 4428 2118 4496 antequam
2149 4420 2223 4477 ad
2243 4420 2447 4479 Altare
2475 4442 2636 4481 acce-

231 4496 452 4571 derent,
496 4506 555 4556 et
584 4499 761 4556 sacris
803 4509 1189 4576 operarentur,
1237 4501 1466 4577 signum
1506 4508 1629 4558 erat
1672 4498 2093 4557 Purificationis
2137 4500 2463 4577 singularis,
2507 4522 2637 4579 quae

230 4578 543 4655 requiritur
569 4578 628 4635 in
657 4579 729 4636 iis
758 4580 857 4656 qui
887 4579 959 4637 ad
993 4580 1179 4638 Deum
1209 4580 1506 4655 accedunt,
1540 4580 1663 4638 sive
1697 4579 1973 4656 peculiari
2002 4580 2303 4639 vocatione
2345 4582 2634 4643 ministro-

228 4676 354 4737 rum
390 4657 501 4715 Dei
533 4658 648 4716 sint
675 4659 957 4735 instructi,
989 4660 1112 4719 sive
1149 4660 1441 4719 communi
1481 4659 1756 4735 fidelium,
1800 4670 1865 4718 ut
1907 4670 2196 4722 constaret
2234 4662 2520 4722 neminem
2563 4665 2639 4724 ad

250 4391 471 4437 Imbrum
494 4405 694 4437 aeneum.
