3221 5200
551 326 671 382 490
1371 339 1552 379 Locus
1584 337 1841 378 nscrmus
1871 336 2141 386 Quini-us,
2603 318 2863 398 [QnAEsr.
2898 338 2989 378 vr.

551 481 667 539 Sed
699 481 992 539 Voluntas
1020 479 1376 558 praecipiens,
1399 499 1527 555 quae
1559 498 1709 555 saepe
1740 479 1968 536 nomine
1997 489 2165 541 βιυλῆς
2221 496 2323 534 seu
2352 477 2577 535 consilii
2607 478 2978 554 designatur,

554 561 726 618 Prov.
759 561 794 618 i.
820 564 915 633 24,
951 564 1046 629 25,
1077 560 1213 617 Act.
1244 580 1346 616 xx.
1379 564 1474 630 27,
1510 560 1694 635 Apoc.
1727 558 1805 615 iii.
1841 561 1933 616 18.
2022 559 2322 635 Sprevisse
2352 577 2492 632 ergo
2531 557 2804 615 dicuntur
2834 578 2981 616 con·

549 640 741 697 silium
777 641 882 697 Dei
913 640 970 696 in
991 640 1280 716 propriam
1307 638 1635 715 perniciem,
1667 646 1948 713 quatenus
1986 640 2310 713 rejecerunt
2356 637 2690 695 mandatum
2723 638 2839 695 Dei
2868 658 2978 713 per

547 720 590 776 J
596 722 878 778 ohannem
906 719 1278 796 propositum,
1311 738 1425 793 quo
1457 718 1639 775 vocab
1662 726 1722 776 at
1742 737 1842 775 eos
1870 717 1944 775 ad
1974 717 2146 775 fldem
2181 729 2240 776 et
2267 717 2769 792 rescipiscentiam,
2801 727 2865 775 et
2887 719 2977 774 sic

548 800 701 858 viam
733 800 935 858 salutis
966 799 1073 856 sibi
1103 798 1176 855 ab
1205 816 1272 855 eo
1301 805 1677 855 monstratam
1706 797 2134 874 praecluserunt,
2167 806 2226 856 et
2254 816 2465 872 magno
2515 816 2620 854 sno
2648 797 2802 854 malo
2833 817 2971 873 gra·

551 883 690 940 tiam
722 880 880 937 illam
913 878 1023 935 Dei
1054 884 1187 934 sunt
1216 878 1523 952 aspernati.

639 959 901 1016 XXIX.
949 956 1353 1033 ExprobratiO,
1386 976 1559 1031 quam
1589 956 1853 1014 Christus
1902 955 2039 1014 facit
2065 956 2362 1014 Corazinis
2390 964 2449 1013 et
2478 955 2863 1014 Bethsaiditis
2894 956 2972 1014 de

550 1038 909 1100 contumacia
938 1055 1042 1094 sua
1069 1044 1127 1093 et
1156 1034 1572 1107 incredulitate,
1607 1036 1817 1093 Matth.
1837 1036 1917 1093 xi.
1942 1039 2036 1108 21,
2069 1037 2287 1094 evincit
2304 1035 2537 1112 quidem
2558 1036 2968 1111 gravissimam

551 1140 676 1178 eam
707 1118 882 1175 fuisse
912 1123 970 1173 et
999 1114 1433 1188 intolerabilem,
1466 1115 1667 1173 odiosa
1694 1116 2116 1191 comparatione
2147 1136 2277 1174 cum
2307 1115 2754 1191 corruptissimis
2782 1135 2971 1192 popu-

551 1200 642 1272 lis,
675 1205 732 1254 et
754 1197 853 1272 qui
875 1216 909 1253 a
930 1194 1157 1254 Judaeis
1186 1195 1326 1272 ipsis
1353 1213 1471 1271 prae
1517 1194 1740 1252 caeteris
1774 1194 2040 1252 omnibus
2082 1195 2324 1252 infames
2365 1202 2424 1252 et
2451 1195 2760 1252 execrandi
2789 1195 2971 1252 habe·

553 1278 778 1335 bantur.
866 1274 983 1332 Sed
1010 1294 1128 1331 non
1149 1282 1341 1350 potest
1388 1275 1631 1350 probare
1677 1274 1938 1350 gratiam,
1991 1294 2164 1350 quam
2209 1275 2471 1333 Christus
2514 1294 2654 1350 erga
2684 1274 2971 1333 Civitates

553 1357 682 1414 illas
704 1363 1021 1428 exemerat,
1075 1363 1132 1411 et
1181 1354 1274 1411 cui
1312 1362 1430 1411 tam
1470 1353 1848 1428 pervicaciter
1890 1355 2235 1427 restiterant,
2284 1354 2461 1412 fuisse
2485 1354 2858 1412 sufficientem
2888 1354 2966 1411 ad

551 1436 1003 1494 conversionem.
1089 1433 1209 1490 Nec
1239 1433 1348 1490 hoc
1376 1432 1571 1508 colligi
1602 1440 1793 1508 potest
1820 1452 1895 1490 ex
1923 1453 1992 1491 eo
2021 1433 2176 1509 quod
2205 1434 2416 1492 dicitur
2471 1434 2678 1509 Tyrios
2707 1442 2765 1491 et
2796 1433 2967 1491 Sido-

549 1516 678 1573 nios
709 1533 832 1572 sese
862 1531 1243 1571 conversuros
1285 1512 1478 1582 fuisse,
1511 1511 1560 1568 si
1589 1531 1673 1569 eae
1700 1511 1947 1571 virtutes
1995 1513 2143 1571 inter
2170 1533 2270 1571 eos
2300 1513 2464 1571 factas
2505 1513 2765 1583 fuissent,
2799 1522 2860 1570 et
2888 1513 2967 1570 si-

552 1595 706 1652 milis
736 1593 920 1670 gratia
949 1611 1238 1650 concessa.
1329 1595 1378 1648 l.
1424 1591 1572 1665 Quia
1599 1592 1777 1648 verba
1806 1591 1917 1650 ista
1945 1612 2059 1649 non
2089 1601 2207 1650 tam
2228 1593 2455 1670 proprie
2486 1592 2557 1650 de
2588 1592 2967 1650 conversione

551 1684 683 1733 actu
712 1673 904 1732 futura
943 1671 1194 1747 intelligi
1237 1670 1465 1744 debent,
1511 1690 1640 1746 quae
1682 1690 1785 1748 per
1827 1672 1950 1730 sola
1992 1673 2268 1731 miracula
2308 1672 2567 1749 praestari
2609 1691 2725 1729 non
2752 1681 2965 1748 potest,

551 1774 724 1831 quam
753 1753 1097 1828 hyperbolice
1126 1758 1184 1808 et
1210 1750 1577 1827 populariter,
1628 1751 1702 1808 ad
1747 1751 2207 1810 incredulitatem
2250 1755 2315 1810 et'
2357 1750 2828 1827 impoenitentiam
2854 1752 2897 1810 J
2901 1772 2967 1808 u—

550 1834 804 1892 daeorum
834 1833 1088 1908 ipsorum
1111 1829 1594 1907 exaggerandam,
1626 1850 1756 1906 quae
1786 1841 2017 1907 superat
2046 1832 2219 1890 etiam
2248 1831 2669 1907 corruptionem
2698 1830 2964 1907 perditis·

552 1915 823 1971 simarum
853 1912 1092 1969 istarum
1124 1910 1398 1969 Gentium
1425 1931 1439 1967 ε
1484 1909 1697 1983 Quales
1726 1910 2207 1986 exaggerationes
2229 1912 2632 1988 comparativae
2655 1909 2968 1968 familiares

549 2003 684 2052 sunt
716 1993 1041 2067 Scripturas.
1077 1991 1189 2062 Sic,
1244 1990 1416 2047 Ezec.
1441 1989 1521 2046 iii.
1542 1992 1596 2064 6,
1649 1990 1931 2046 Dominus
1954 1991 2033 2047 ita
2059 1991 2405 2067 Prophetam
2430 1990 2753 2067 compellat,
2804 1993 2839 2021 “
2865 1991 2969 2047 Ad

552 2073 785 2131 domum
820 2070 1052 2129 Israelis
1081 2070 1211 2126 misi
1240 2078 1313 2143 te,
1339 2088 1456 2126 non
1498 2067 1571 2125 ad
1599 2070 1876 2145 populum
1918 2070 2103 2145 ignoti
2155 2071 2452 2142 sermonis,
2485 2070 2606 2127 sive
2636 2069 2962 2142 barbarum,

548 2172 680 2209 nam
711 2153 759 2209 si
789 2150 1096 2209 mittereris
1119 2149 1191 2206 ad
1221 2169 1320 2208 eos
1362 2148 1628 2206 audirent
1656 2149 1771 2222 te,''
1827 2149 1958 2206 Non
2003 2150 2158 2225 quod
2205 2170 2405 2226 reapse
2436 2149 2656 2207 Gentes
2684 2149 2808 2206 istae
2829 2169 2963 2226 pro·

548 2231 818 2290 cliviores
847 2229 1051 2288 suturae
1083 2228 1325 2287 fuissent
1341 2228 1416 2285 ad
1442 2228 1794 2287 audiendum
1846 2229 2210 2304 Prophetam,
2259 2249 2437 2305 quum
2486 2228 2799 2305 praesertim
2846 2248 2967 2286 non

552 2311 978 2388 intelligerent3
1025 2309 1128 2366 sed
1181 2317 1247 2366 ut
1295 2307 1737 2366 obstinationem
1796 2308 1839 2365 J
1842 2308 2135 2366 udaeorum
2198 2309 2386 2386 magis
2434 2317 2656 2384 arguat.
2742 2307 2967 2365 Eodem

552 2411 724 2448 sensu
753 2390 906 2446 idem
941 2389 1228 2464 Propheta
1284 2387 1579 2445 Israelitas
1625 2387 1801 2463 duplo
1852 2389 2079 2464 pejores
2134 2387 2509 2445 Samaritanis
2558 2407 2682 2445 csse
2719 2388 2962 2462 asserit3

551 2490 747 2546 quum,
770 2489 894 2544 cap.
920 2469 1040 2526 xvi.
1072 2471 1167 2542 51,
1200 2467 1340 2524 dicit
1372 2468 1408 2498 ‘⁴
1427 2467 1469 2524 J
1474 2467 1645 2524 udam
1669 2466 2019 2543 justificasse
2051 2487 2274 2526 sorores
2303 2469 2494 2540 suas,”
2526 2468 2699 2543 longe
2729 2468 2966 2543 gravius

551 2549 694 2625 ipsis
750 2547 1059 2625 peccando,
1119 2566 1248 2623 quae
1297 2545 1370 2604 ad
1401 2565 1688 2604 summum
1745 2545 1860 2606 fere
1917 2555 2313 2623 peccaverant.
2400 2547 2531 2605 Non
2574 2547 2691 2604 alia
2744 2546 2965 2605 ratione

555 2630 839 2701 ChristuS,
875 2628 1013 2684 Luc.
1044 2626 1168 2684 xix.
1226 2629 1320 2700 40,
1357 2627 1391 2658 “
1419 2626 1482 2683 Si
1509 2626 1570 2682 hi
1627 2626 1948 2701 siluerint,''
1982 2628 2184 2704 inquit,
2246 2631 2281 2660 “
2303 2627 2526 2703 lapides
2574 2627 2964 2685 clamabunt.”

555 2709 631 2765 Et
660 2707 801 2763 nihil
832 2706 1098 2765 usitatius
1129 2714 1188 2762 et
1216 2704 1569 2780 frequentius
1588 2706 1836 2764 occurrit
1865 2707 1923 2763 in
1952 2707 2242 2764 ordinario
2271 2726 2530 2764 sermone
2557 2729 2570 2764 ι
2639 2707 2702 2765 Si
2729 2707 2837 2764 hoc
2867 2706 2965 2765 vel

554 2786 701 2843 illud
729 2785 1008 2853 fecissem,
1042 2784 1156 2840 Vel
1186 2804 1327 2840 saxa
1355 2783 1782 2857 emollivissem,
1816 2787 1908 2843 vel
1939 2786 2109 2844 bruta
2136 2786 2476 2858 docuissem,
2509 2786 2604 2844 vel
2648 2785 2969 2844 audivisset

554 2865 779 2933 surdus,
812 2871 872 2921 et
904 2884 1090 2921 caecus
1119 2863 1378 2935 vidisset,
1410 2871 1468 2920 et
1498 2863 1625 2921 sim.
1686 2864 1817 2921 Non
1847 2866 1955 2923 hoc
1985 2867 2270 2937 volumus,
2303 2866 2397 2923 vel
2428 2886 2568 2923 saxa
2590 2886 2759 2942 posse
2787 2866 2969 2922 emol-

556 2946 667 3018 liri,
692 2944 788 3002 vel
819 2945 991 3001 bruta
1028 2963 1197 3020 posse
1227 2942 1438 3016 doceri,
1470 2943 1566 3000 vel
1588 2943 1794 3001 surdos
1822 2945 2038 3017 audire,
2065 2954 2124 3004 et
2151 2965 2333 3003 caecos
2363 2945 2575 3018 videre,
2607 2945 2722 3003 Sed
2763 2945 2967 3002 odiosa

555 3027 666 3083 ista
695 3024 1114 3101 comparatione
1145 3023 1412 3081 duritiem
1441 3023 1483 3082 J
1487 3023 1674 3081 udicis
1717 3024 2105 3098 inexorabilis,
2151 3035 2209 3083 et
2259 3025 2653 3101 stupiditatem
2683 3038 2966 3083 summam

555 3106 822 3183 discipuli
845 3105 1163 3182 exprimere
1195 3103 1561 3161 intendimus.
1650 3103 1784 3161 Pari
1834 3104 2001 3180 plane
2050 3114 2218 3180 pacto
2258 3105 2351 3162 hic
2382 3105 2644 3162 Christus
2672 3104 2881 3180 Tyrios
2910 3114 2971 3163 et

561 3186 830 3245 Sidonios
859 3184 1278 3243 convertendos
1309 3183 1484 3241 fuisse
1513 3183 1671 3258 dicit,
1705 3184 1752 3241 si
1783 3184 2027 3242 virtutes
2056 3184 2182 3242 istae
2211 3184 2376 3242 factoe
2406 3185 2554 3243 inter
2581 3204 2681 3242 eos
2705 3184 2966 3255 fuissent,

555 3287 671 3324 non
701 3274 764 3324 ut
792 3265 1229 3323 conversionem
1260 3272 1414 3321 certo
1444 3262 1694 3320 futuram
1715 3272 1877 3321 notet
1905 3263 2007 3321 tali
2036 3264 2346 3339 hypothesi
2370 3264 2521 3337 data,
2553 3263 2655 3322 sed
2684 3274 2747 3322 ut
2768 3265 2966 3340 gravi·

556 3356 732 3405 tatem
762 3346 981 3421 peccati
1011 3343 1349 3402 Judaeorum
1405 3342 1734 3418 exprimat;
1795 3344 1963 3419 quasi
2017 3344 2249 3416 diceret,
2284 3344 2460 3401 Nulla
2515 3344 2676 3402 Gens
2705 3354 2793 3402 est
2846 3355 2969 3401 tam

561 3425 735 3483 effera
764 3432 823 3481 et
877 3432 992 3480 tam
1024 3423 1316 3479 indomitae
1345 3422 1602 3494 cerviciS,
1636 3442 1742 3479 nec
1771 3423 2006 3498 Tyrum,
2039 3442 2146 3480 nec
2180 3422 2467 3497 Sidonem,
2499 3443 2606 3481 nec
2658 3423 2968 3481 Sodomam

558 3505 741 3579 ipsam
771 3502 1013 3578 excipio,
1045 3521 1174 3575 quae
1203 3520 1321 3557 non
1349 3519 1628 3557 conversa
1656 3502 1858 3559 fuisset
1885 3511 1984 3560 aut
2014 3511 2298 3560 commota
2326 3504 2547 3576 saltem,
2580 3512 2665 3561 tot
2694 3503 2880 3579 signis
2912 3516 2971 3563 et

560 3580 850 3640 miraculis
879 3599 913 3635 a
941 3599 1031 3635 me
1060 3580 1210 3637 inter
1236 3597 1342 3636 vos
1370 3578 1554 3653 factis,
1580 3581 1653 3637 ad
1683 3600 1811 3656 quoe
1860 3589 2052 3639 tamen
2097 3602 2203 3640 vos
2255 3582 2533 3655 Corazini,
2570 3582 2970 3657 Bethsaiditae,

560 3672 618 3720 et
648 3662 1008 3736 Caperna'itae
1037 3657 1410 3716 obduruistis.
1497 3658 1676 3716 Porro
1707 3660 2140 3719 fundamentum
2171 3662 2631 3737 exprobrationis
2660 3663 2829 3721 istius
2851 3682 2970 3720 non

559 3759 792 3801 neccsse
843 3747 930 3797 est
972 3737 1097 3795 dari
1159 3738 1218 3794 in
1276 3737 1462 3815 gratia
1525 3738 1838 3798 sufficiente
1898 3740 1971 3797 ad
2029 3742 2480 3815 conversionem,
2532 3762 2660 3817 quae
2719 3742 2761 3801 J
2765 3741 2969 3815 udaeis,

561 3842 677 3880 non
727 3819 921 3896 Tyriis
976 3828 1034 3876 et
1082 3818 1211 3876 aliis
1267 3817 1591 3893 contigerit.
1732 3819 1848 3878 Sed
1905 3821 2213 3895 petendum
2269 3831 2373 3893 est,
2432 3820 2525 3879 vel
2578 3835 2626 3879 ix
2685 3836 2775 3879 rav
2825 3844 2973 3891 ραι..-

560 3912 698 3971 μίη»,
746 3898 1062 3958 secundum
1091 3898 1173 3956 rei
1195 3897 1680 3975 probabilitatem,
1712 3908 1771 3958 et
1790 3919 1947 3957 more
1976 3900 2227 3957 humano
2255 3920 2357 3976 per
2386 3899 2617 3958 modum
2647 3916 2969 3955 accommo-

559 3980 826 4055 dationis,
862 3979 977 4037 Vel
1005 3999 1080 4038 ex
1110 3990 1265 4037 certa
1293 3978 1532 4036 scientia
1560 3979 1791 4051 Christi,
1823 3989 2087 4055 respectu
2126 3979 2517 4056 dispositionis
2557 3980 2967 4055 subjectorum,

559 4082 731 4138 quam
762 4067 1002 4117 noverat
1030 4078 1156 4116 esse
1185 4059 1438 4135 pejorem
1467 4068 1526 4116 et
1553 4059 1989 4117 obstinatiorem
2019 4060 2078 4116 in
2117 4059 2361 4133 Judaeis,
2394 4079 2565 4135 quam
2595 4059 2657 4115 in
2684 4060 2831 4131 aliis,
2863 4060 2969 4135 qui

558 4151 622 4199 ut
651 4141 928 4198 minorem
956 4138 1143 4197 lucem
1187 4138 1518 4211 habuerant,
1565 4139 1756 4196 minus
1798 4139 1970 4196 etiam
2012 4148 2409 4215 peccaverant,
2455 4147 2513 4196 et
2554 4138 2752 4196 mitius
2793 4139 2969 4195 etiam

560 4219 833 4297 puniendi
875 4227 1055 4276 erant.
1139 4219 1194 4275 2.
1242 4218 1421 4275 Recte
1463 4218 1637 4275 etiam
1679 4217 1792 4276 dici
1836 4226 2042 4294 potest,
2076 4219 2169 4276 hic
2212 4238 2327 4275 non
2361 4219 2458 4294 agi
2501 4217 2574 4275 de
2619 4218 2855 4276 salutari
2911 4228 2971 4277 et

563 4300 784 4358 interna
813 4298 1205 4370 conversione,
1239 4297 1339 4354 sed
1370 4296 1441 4355 de
1463 4298 1803 4376 poenitentia
1832 4306 2053 4355 tantum
2083 4308 2341 4356 externa.
2387 4298 2532 4356 Tum
2564 4298 2699 4373 quia
2727 4318 2889 4356 sacco
2919 4308 2973 4355 ee

560 4381 741 4436 cinere
769 4378 1124 4453 exprimitur,
1157 4395 1284 4451 quae
1313 4377 1482 4451 signa
1510 4387 1644 4433 sunt
1692 4386 1931 4435 externa
1972 4378 2324 4453 poenitentiae
2350 4401 2364 4436 ι
2449 4376 2631 4435 Aliud
2660 4388 2851 4435 autem
2881 4388 2973 4435 est

555 4460 614 4516 in
644 4477 810 4515 sacco
851 4467 910 4514 et
950 4457 1139 4513 cinere
1183 4465 1519 4531 conceptum
1563 4456 1820 4514 dolorem
1865 4457 2183 4533 exprimere
2239 4465 2296 4515 et
2338 4456 2728 4534 poenitentiam
2774 4457 2973 4533 aliquo

556 4537 728 4594 modo
772 4537 1055 4609 inchoare,
1104 4534 1286 4591 Aliud
1328 4554 1466 4592 vero
1507 4555 1610 4611 per
1651 4536 1894 4612 gratiam
1937 4536 2223 4594 efficacem
2266 4536 2544 4595 converti.
2652 4536 2799 4593 Tum
2832 4537 2973 4612 quia

556 4614 900 4672 adscribitur
928 4613 1260 4689 conspectui
1291 4613 1714 4687 miraculorum,
1740 4634 1868 4690 quae
1900 4626 2033 4673 sunt
2076 4625 2298 4674 tantum
2328 4616 2521 4675 media
2548 4623 2806 4686 externa,
2839 4637 2974 4691 qnae
