3221 5200
487 341 604 399 ,520
1279 347 1468 388 Locus
1500 348 1764 388 memus
1794 348 2078 392 Quina-trs,
2509 331 2766 408 [QUAEST.
2804 349 2919 391 xv.

1093 488 1210 546 IX.
1256 488 1653 546 Sanctificatio
1682 489 1859 545 fldem
1889 489 2209 547 salvificam
2249 490 2515 565 sequitur
2555 492 2922 556 necessario,

1013 570 1156 644 quia
1197 570 1468 643 purificat
1509 586 1629 636 cor,
1662 568 1796 623 Act.
1828 587 1924 625 xv.
1956 569 2011 637 9,
2050 576 2110 625 et
2147 569 2353 625 efficax
2394 576 2487 626 est
2524 587 2628 643 per
2654 571 2928 625 charita-

1009 655 1147 716 tem,
1194 647 1329 704 Gal.
1372 665 1428 702 v.
1474 646 1509 701 6
1522 666 1537 713 ;
1579 653 1703 700 tam
1753 647 2045 719 pathetice
2087 647 2307 721 quippe
2345 647 2749 704 incredibilem
2795 648 2920 705 Dei

500 750 641 805 erga
669 749 776 787 nos
804 744 1081 794 amorem,
1111 732 1172 782 et
1211 741 1504 780 summam
1535 722 1752 779 Christi
1795 725 2099 780 morientis
2126 726 2475 783 charitatem
2500 733 2918 800 repraesentat,

501 819 572 866 ut
597 816 808 865 mutuo
835 803 1241 878 benignissimi
1272 800 1604 859 Servatoris
1632 819 1832 857 amore
1865 804 2187 860 inflammet
2212 805 2467 872 fidelem,
2487 812 2557 860 ut
2577 804 2729 859 nihil
2757 806 2922 860 anti-

503 890 680 962 quius
718 889 918 952 ducat,
947 899 1127 957 quam
1178 880 1288 955 ipsi
1326 898 1531 936 rursus
1566 879 1767 935 vivere
1815 889 1875 937 et
1915 881 2083 948 mori,
2116 883 2152 937 2
2184 881 2315 938 Cor.
2341 901 2396 938 v.
2432 881 2522 950 14,
2551 882 2643 950 15,
2675 881 2817 938 Gal.
2853 882 2916 940 ii.

503 968 598 1036 20,
640 973 765 1022 tam
806 959 1120 1038 profundis
1160 956 1598 1016 characteribus
1642 957 1875 1016 honesti
1924 959 2173 1033 speciem
2228 960 2443 1015 animae
2493 959 2799 1032 imprimit,
2848 969 2921 1017 ut

502 1044 656 1100 nihil
685 1042 795 1098 sibi
823 1039 1133 1115 pulchrius
1159 1037 1495 1103 arbitretur,
1526 1053 1707 1108 quam
1736 1036 1790 1091 ei
1820 1038 1980 1093 omni
2010 1037 2210 1093 studio
2238 1055 2480 1111 operam
2507 1039 2669 1106 dare,
2692 1044 2753 1093 et
2779 1046 2913 1094 tam

507 1124 625 1178 alte
653 1118 1101 1176 meditationem
1128 1114 1430 1190 promissae
1454 1114 1753 1169 beatitatis
1782 1115 2079 1189 insculpit‚
2099 1121 2168 1171 ut
2184 1134 2293 1189 pro
2322 1133 2392 1173 ea
2420 1116 2620 1172 omnia
2635 1117 2918 1189 experiri,

506 1208 566 1256 et
606 1196 892 1254 sustinere
933 1200 1179 1269 paratus
1219 1193 1312 1261 sit,
1355 1193 1392 1248 2
1425 1191 1559 1248 Cor.
1590 1192 1668 1248 iv.
1704 1193 1794 1261 16,
1829 1193 1919 1256 17.
2006 1193 2122 1250 Sed
2162 1194 2308 1250 fides
2346 1195 2704 1267 temporaria
2745 1194 2918 1250 inani

507 1274 866 1332 confidentia
918 1272 1220 1328 hominem
1275 1269 1591 1343 decipiens,
1641 1272 1738 1326 vel
1786 1272 2084 1345 profundo
2133 1271 2464 1328 securitatis
2510 1289 2718 1346 sopore
2770 1288 2916 1328 eum

509 1352 729 1421 obruit,
778 1359 848 1407 ut
894 1349 1055 1407 carni
1104 1349 1475 1420 indulgendo
1518 1348 1707 1403 altum
1753 1356 1977 1419 stertat,
2023 1349 2142 1405 Vel
2196 1349 2245 1404 si
2298 1367 2403 1423 per
2450 1349 2915 1424 superficiariam

513 1429 800 1488 Veritatis
830 1426 1228 1499 Evangelicae,
1253 1436 1311 1485 et
1353 1425 1494 1481 boni
1542 1426 1703 1498 quod
1750 1426 2079 1501 Evangelio
2102 1433 2456 1497 ostentatur,
2479 1427 2905 1500 cognitionem,
2994 1428 2999 1431 ’

511 1508 805 1564 excitatur
832 1507 908 1562 ad
938 1505 1201 1577 aliquam
1230 1505 1368 1559 vitae
1398 1502 1894 1575 emendationem,
1918 1514 1978 1562 et
2005 1511 2309 1562 externam
2338 1510 2581 1561 actuum
2609 1506 2671 1561 in
2698 1506 2919 1561 melius

511 1585 926 1653 mutationem,
968 1590 1038 1639 ut
1082 1599 1187 1655 per
1235 1580 1662 1653 “agnitionem
1706 1581 1954 1638 Domini
2001 1591 2062 1639 et
2114 1582 2441 1639 Servatoris
2487 1583 2638 1640 Jesu
2687 1584 2916 1641 Christi

512 1663 877 1739 pollutiones
917 1660 1126 1717 mundi
1169 1660 1548 1734 aliquatenus
1587 1659 1895 1732 effugiat,”
1938 1661 1976 1718 2
2019 1660 2147 1718 Pet.
2192 1659 2254 1717 ii.
2299 1662 2393 1730 20,
2453 1661 2594 1718 Νοιι
2645 1668 2919 1735 penetrat

513 1759 700 1817 usque
748 1741 824 1797 ad
874 1740 1067 1813 ipsum
1118 1756 1219 1795 cor
1265 1739 1343 1795 ad
1399 1736 1550 1794 illud
1599 1738 2055 1810 purificandum,
2104 1745 2165 1795 et
2209 1727 2671 1796 introducendos
2725 1757 2918 1795 novos

512 1818 838 1878 sanctitatis
857 1817 1110 1874 habitus.
1156 1815 1337 1873 Unde
1359 1815 1827 1890 quotiescunque
1845 1818 1940 1872 vel
1957 1816 2264 1874 blanditiae
2283 1818 2493 1873 mundi
2517 1825 2576 1873 et
2596 1816 2803 1884 earniS,
2817 1817 2914 1872 vel

512 1897 949 1974 persecutiones
990 1895 1297 1967 ingruunt,
1326 1911 1468 1950 mox
1509 1894 1568 1949 in
1614 1894 1905 1951 inchoatae
1947 1895 2259 1969 probitatis
2287 1914 2461 1951 cursu
2509 1894 2810 1964 fatiscunt,
2855 1903 2919 1951 et

515 1979 593 2033 ad
636 1976 836 2032 sordes
876 1973 1154 2047 prist-inas
1196 1975 1464 2028 redeunt.
1549 1970 1720 2027 Tunc
1761 1973 2032 2028 notiones
2074 1974 2198 2029 veri
2240 1981 2300 2029 et
2334 1974 2493 2041 boni,
2524 1990 2671 2045 quas
2716 1972 2918 2029 Evan-

513 2054 737 2128 gelium
805 2053 946 2126 ipsis
990 2057 1379 2122 suggesserat,
1440 2050 1591 2106 adeo
1645 2067 1718 2104 ex
1765 2051 1964 2106 animo
2013 2052 2395 2121 inducuntur,
2445 2060 2514 2108 ut
2567 2057 2915 2124 praesentem

514 2134 900 2206 voluptatem,
969 2129 1427 2202 utilitatemque,
1494 2134 1555 2184 et
1632 2127 1837 2200 fugam
1921 2129 2282 2186 imminentis
2348 2128 2571 2198 damni,
2640 2128 2920 2184 omnibus

515 2209 830 2284 Evangelii
886 2206 1203 2281 promissis,
1259 2213 1319 2261 et
1384 2206 1619 2280 pietatis
1672 2223 1709 2260 a
1766 2205 2002 2262 Christ-o
2070 2207 2421 2282 praescriptae
2477 2206 2676 2262 studio
2740 2205 2919 2262 facile

513 2288 849 2362 praferant.

512 2405 555 2452 ⁷·
572 2405 993 2462 ¹³⁸‘¹⁰¹¹‘⁰¹’J⁰“²³·
1023 2462 1060 2500 a
1097 2363 2425 2516 {12¹³ss{31⁰m‘31'22'02‘1530002531‘3203323380ffi'
2454 2364 2920 2516 ἓὲἓῖἰῗθῖἒὲἑᾞ
2948 2473 2952 2474 f

515 2522 653 2591 reri,
681 2523 859 2578 habet
901 2522 1081 2577 etiam
1122 2520 1317 2576 ideam
1359 2521 1604 2595 triplicis
1648 2521 1794 2588 boni,
1824 2520 2056 2588 honesti,
2087 2521 2256 2588 utilis,
2287 2531 2340 2576 et
2368 2519 2634 2595 jucundi,
2677 2521 2919 2594 quando

515 2602 867 2675 proponitur
909 2599 1078 2655 nobis
1118 2599 1232 2655 sub
1260 2599 1411 2668 idea,
1430 2599 1526 2655 vel
1555 2599 1894 2656 deliciarum
1935 2600 2127 2657 omnis
2162 2600 2411 2673 generiS,
2441 2600 2536 2654 vel
2567 2599 2918 2667 diviciarum,

516 2687 578 2734 et
624 2680 1038 2733 thesaurorum
1079 2676 1519 2746 immensorum,
1564 2679 1662 2732 vel
1705 2696 1949 2734 summae
1975 2678 2176 2753 yloriae
2229 2686 2288 2735 et
2322 2678 2689 2754 perfectionis
2730 2676 2918 2734 omni-

516 2757 731 2823 modae,
807 2754 905 2810 Ita
959 2753 1354 2809 diversimode
1393 2754 1539 2810 fides
1599 2755 1737 2811 inde
1780 2756 2050 2813 afficitur.
2151 2756 2329 2813 Fides
2384 2756 2651 2815 historica
2712 2772 2921 2831 appre-

516 2831 727 2889 hendit
769 2832 917 2887 illud
963 2830 1304 2905 simpliciter
1331 2832 1441 2887 sub
1468 2831 1605 2888 idea
1644 2834 1779 2902 veri,
1812 2833 1892 2889 Et
1905 2836 2066 2910 fides
2097 2834 2445 2911 temporaria
2473 2837 2584 2892 sub
2625 2836 2763 2892 idea
2789 2831 2920 2888 bom‘

519 2910 694 2979 utilis,
723 2912 818 2966 vel
846 2912 1104 2984 jucundi,
1148 2910 1310 2982 quod
1337 2909 1433 2965 vel
1463 2913 1841 2968 commodum
1870 2912 2116 2985 aliquod
2160 2913 2563 2982 memorabile,
2582 2916 2676 2970 vel
2707 2912 2921 2984 volup-

518 2996 700 3046 tatem
729 2990 988 3062 aliquam
1019 2989 1294 3044 eximiam
1323 2994 1516 3061 potest
1543 2990 1714 3046 nobis
1744 2989 1969 3046 afferre.
2055 2992 2140 3047 At
2157 2992 2315 3067 fides
2332 2992 2660 3068 justificans
2686 2990 2922 3066 proprie

516 3075 576 3123 et
603 3068 881 3141 primario
910 3067 1144 3141 respicit
1178 3066 1328 3122 illud
1359 3066 1469 3121 sub
1506 3068 1644 3143 idea
1671 3067 1904 3135 honesti,
1943 3069 2080 3125 lieet
2108 3070 2253 3127 alias
2284 3080 2464 3139 σχίσας
2497 3088 2616 3125 non
2656 3067 2926 3141 negligat

518 3148 884 3202 secundariO.
971 3146 1057 3204 Ut
1096 3163 1236 3200 vero
1266 3144 1480 3212 anima,
1504 3164 1638 3219 quae
1666 3148 1894 3203 honesti
1927 3165 2125 3203 amore
2163 3156 2250 3204 est
2276 3150 2512 3223 penitus
2540 3148 2786 3211 imbuta,
2815 3151 2925 3200 aut

518 3243 635 3279 non
666 3225 930 3297 agitatur
955 3222 1521 3297 perturbationibus,
1551 3233 1658 3280 aut
1698 3226 1752 3300 si·
1785 3243 2211 3298 nonnunquam
2252 3229 2327 3283 ab
2356 3229 2557 3300 al‘quo
2588 3222 2924 3281 vehementi

519 3302 749 3374 objecto
771 3303 1132 3376 percellitur,
1152 3301 1243 3356 vel
1268 3300 1653 3373 promissione
1676 3304 1987 3369 bonorum,
2010 3303 2105 3358 vel
2128 3304 2304 3362 minis
2325 3306 2642 3371 malorum,
2666 3300 2927 3373 resurgit

517 3382 718 3435 statim
746 3379 1175 3452 praestantioris
1217 3377 1376 3444 boni,
1427 3380 1588 3450 quod
1638 3380 1823 3435 menti
1869 3379 2234 3451 obversatur,
2278 3381 2770 3446 consideratione,
2818 3376 2920 3433 Ita

520 3475 654 3528 quae
699 3457 932 3511 honesti
981 3455 1190 3528 specie,
1223 3455 1315 3508 vel
1360 3472 1478 3510 non
1531 3457 1774 3513 ducitur
1822 3456 2083 3526 omnin0‚
2113 3461 2209 3515 vel
2255 3460 2542 3533 languide
2584 3465 2818 3515 tantum
2864 3464 2924 3510 et

519 3533 735 3604 frigide
765 3539 1054 3600 movetur,
1085 3531 1249 3585 utilis
1278 3548 1417 3586 vero
1446 3539 1505 3587 et
1543 3533 1800 3605 jucundi
1848 3534 1984 3589 idea
2009 3541 2245 3592 tenetur
2270 3537 2506 3595 fortiter
2527 3535 2771 3602 irretita,
2800 3551 2921 3588 non

515 3609 712 3664 deficit
733 3608 991 3681 quidem,
1011 3607 1281 3681 quandiu
1298 3608 1415 3663 duo
1438 3609 1595 3665 bona
1619 3612 1724 3667 illa
1745 3612 2063 3685 conjuncta
2084 3621 2240 3671 sunt.
2313 3616 2401 3672 At
2424 3615 2527 3671 ubi
2548 3618 2916 3687 separantur,
3014 3626 3019 3631 ·

522 3693 591 3741 ut
619 3693 969 3759 separantur
995 3703 1200 3759 quum,
1239 3702 1312 3740 ex
1349 3703 1457 3756 gr.,
1488 3704 1633 3743 crux
1666 3696 1725 3745 et
1741 3690 2070 3762 persecutio
2098 3700 2336 3766 propter
2356 3692 2654 3750 Christum
2677 3688 2924 3762 ingruit,

518 3764 668 3820 levis
699 3773 823 3819 tum
846 3763 968 3818 veri
996 3772 1057 3819 et
1084 3762 1225 3817 boni
1254 3763 1486 3820 honesti
1511 3764 1816 3840 impressio
1845 3767 2098 3836 facessit,
2129 3777 2188 3825 et
2217 3779 2440 3839 φιλαυτία
2468 3770 2613 3826 facit
2640 3775 2710 3823 ut
2739 3769 2922 3822 homo

519 3837 684 3899 utilis
714 3851 774 3898 et
803 3842 1062 3915 jucundi
1094 3841 1285 3897 ideam
1316 3844 1676 3914 sequendam
1712 3845 1959 3917 judicet.

1114 3918 1230 3975 XI.
1276 3918 1338 3976 Si
1369 3918 1755 3995 Temporarii‚
1793 3922 2008 3980 Christi
2036 3924 2094 3980 di
2122 3924 2311 3999 cipuli,
2342 3938 2396 3983 ct
2409 3925 2527 4003 filii
2555 3920 2924 3998 De2·,fich0s‚

1033 4009 1085 4054 et
1126 3999 1427 4067 credentes,
1469 4001 1826 4074 quandoque
1856 4009 2159 4067 vocantur,
2202 4005 2318 4060 hoc
2356 4007 2440 4074 fit,
2483 4004 2579 4059 vel
2623 4011 2748 4055 κατὰ
2784 4007 2925 4067 δόξαν,

1031 4082 1271 4151 propter
1300 4076 1359 4131 id
1389 4079 1548 4150 quod
1579 4077 1861 4134 videntur
1886 4098 1957 4135 ex
1990 4081 2269 4153 opinione
2299 4082 2554 4137 aliorum
2582 4089 2641 4137 et
2668 4098 2739 4135 ex
2760 4079 2924 4152 judi·

519 4153 611 4208 cio
641 4152 965 4221 eharitatis,
988 4153 1131 4226 quia
1158 4172 1259 4226 per
1284 4153 1421 4209 fidei
1450 4153 1891 4228 professionem,
1913 4165 1970 4213 et
1995 4157 2506 4214 Sacramentorum
2536 4157 2925 4215 initiationem

519 4231 580 4287 in
625 4231 924 4304 publicam
973 4229 1250 4285 Ecclesiae
1300 4231 1640 4288 societatem
1688 4234 2026 4290 coalescunt
2050 4256 2062 4301 ;
2107 4237 2206 4291 sed
2253 4254 2371 4290 non
2420 4255 2493 4291 ex
2542 4237 2630 4291 rei
2659 4234 2925 4289 veritate.

525 4307 704 4364 Unde
736 4309 995 4380 August.
1026 4310 1100 4363 de
1126 4309 1389 4381 Corrept.
1414 4316 1473 4365 et
1498 4310 1600 4367 Gr.
1633 4328 1757 4384 cap.
1784 4311 1858 4377 9.,
1889 4312 2053 4379 dicit,
2085 4320 2118 4344 “
2140 4312 2326 4369 Filios
2349 4313 2459 4370 Dei
2484 4315 2773 4386 quosdam
2802 4328 2927 4367 esse

523 4385 672 4452 Deo,
702 4385 803 4457 qui
835 4402 952 4441 non
987 4394 1122 4440 sunt
1148 4385 1332 4451 nobis,
1356 4392 1415 4440 et.
1443 4389 1730 4458 quosdam
1754 4406 1892 4457 esse,
1918 4389 2019 4462 qui
2044 4397 2282 4462 propter
2304 4398 2630 4464 susceptam
2660 4389 2753 4444 vel
2784 4397 2931 4443 tem-

520 4464 809 4535 pora.iter
835 4462 1108 4533 gratiam,
1139 4462 1241 4519 filii
1277 4462 1387 4517 Dei
1418 4463 1699 4520 dicuntur
1726 4483 1761 4521 a
1790 4466 1976 4540 nobis,
2009 4485 2116 4522 nec
2143 4473 2339 4523 tamen
2369 4479 2507 4524 sunt
2538 4468 2727 4524 Deo.''

601 4538 756 4595 Ml.
803 4539 981 4595 Fides
1007 4559 1126 4594 non
1157 4547 1244 4595 est
1267 4557 1421 4607 vera,
1446 4542 1586 4613 quia
1614 4553 1962 4616 perseverat,
1983 4544 2079 4599 sed
2112 4554 2460 4617 perseverat,
2482 4546 2622 4619 quia
2644 4562 2787 4601 vera
2813 4552 2930 4609 est:

515 4626 584 4672 ut
614 4617 1050 4687 perseverantia
1076 4635 1194 4671 non
1246 4616 1319 4671 sit
1348 4634 1524 4673 causa
1556 4620 1819 4675 veritatis
1841 4622 1994 4690 fidoi,
2026 4624 2123 4677 sed
2151 4640 2514 4697 consequens
2538 4631 2595 4678 et
2626 4624 2923 4691 effectum,

497 557 624 601 Tum
701 568 783 598 san
790 551 972 598 ctifica-

667 614 818 658 tionis

596 3985 780 4029 Fontes
802 3986 932 4029 solu-

671 4046 876 4087 tionum.
