3221 5200
313 366 540 414 QuAEsr.
573 348 751 430 xvu.]
1147 368 1223 408 m:
1254 367 1585 409 vocat-rous
1618 369 1691 410 ΕΤ
1721 371 1876 410 rins.
2467 373 2470 377 ’
2608 350 2723 409 549

310 527 437 564 esse
466 517 523 565 et
552 509 848 584 incertum,
882 510 1017 587 quia
1044 512 1156 570 ista
1184 510 1356 568 etiam
1385 512 1576 569 media
1618 532 1652 569 a
1697 513 1823 570 Deo
1853 509 2020 570 nobis
2047 510 2474 588 promittuntur,
2508 518 2565 568 et
2593 530 2723 587 pro·-

310 595 583 645 curantur
608 608 712 664 per
743 590 1037 667 Spiritum.

915 670 1104 728 XIX.
1149 670 1361 743 Terti0,
1393 670 1480 728 Ab
1508 672 1806 753 Exemplis
1834 672 2187 731 Sanctorum.
2248 670 2332 728 Ut
2363 672 2398 702 “
2423 667 2722 726 Abraham

307 730 352 773 ³·
406 733 791 836 *gg‘ncssssgffipffi‘
838 751 1009 808 Pater
1038 748 1407 808 Credentium
1442 759 1642 809 contra
1670 772 1828 833 spem
1861 750 1968 809 sub
1998 770 2097 826 spe
2127 749 2386 823 credidit,
2418 769 2534 806 non
2565 748 2720 806 infir-

704 825 714 837 ’
834 840 1023 888 matus
1067 830 1197 906 fide,
1252 835 1354 894 sed
1390 842 1743 903 πληροφορηθεὶς,
1781 831 2111 906 plenissime
2162 829 2365 903 sciens,
2418 827 2573 904 quod
2623 828 2721 886 ille

307 904 406 979 qui
437 906 792 981 promisisset
820 910 971 986 potis
1000 919 1121 967 erat
1151 909 1431 984 efficere‚”
1460 910 1627 968 Rom.
1658 910 1735 968 iv·
1768 914 1862 968 21.
1951 909 2047 967 An
2071 928 2208 966 vero
2236 909 2349 966 ista
2369 907 2722 967 conveniunt

309 992 460 1055 ὶτοχῃ
487 985 820 1063 Pontificiae,
854 989 946 1047 vel
979 990 1379 1052 certitudinem
1426 990 1869 1066 conjecturalem
1916 997 2139 1047 tantum
2183 990 2433 1046 notant?
2503 986 2719 1045 Annon

307 1063 528 1138 spirant
572 1064 830 1124 divinam
869 1078 926 1126 et
961 1068 1321 1132 infallibilem
1372 1068 1825 1130 certitudinem?
1904 1068 2164 1126 Eandem
2213 1074 2497 1125 testantur
2540 1067 2721 1125 verba

307 1142 352 1199 J
355 1143 538 1218 acobi,
565 1144 714 1204 Gen.
746 1148 891 1204 xlix.
929 1151 1017 1222 18,
1044 1149 1388 1211 anhelantis·
1412 1148 1488 1207 ad
1529 1149 1774 1206 salutem
1818 1148 2070 1222 Domini,
2103 1156 2160 1205 et
2188 1166 2313 1205 eam
2344 1167 2473 1205 cum
2507 1145 2720 1204 fiducia

277 1225 685 1298 expectamus,
731 1228 982 1286 Salutem
1012 1237 1166 1287 tuam
1216 1228 1520 1307 expectavi.
1607 1228 1729 1287 Nec
1772 1228 1939 1287 aliter
1969 1226 2164 1285 David
2191 1227 2478 1284 animatus
2508 1234 2631 1284 erat
2657 1225 2716 1283 in

308 1301 484 1359 variis
518 1304 780 1380 Psalmis,
831 1308 982 1366 Psal.
1015 1309 1135 1366 xvi.
1168 1313 1222 1386 8,
1255 1315 1310 1385 9,
1347 1312 1438 1383 10,
1487 1311 1521 1341 “
1547 1307 1830 1384 Proposui
1867 1307 2178 1366 Dominum
2202 1326 2392 1364 coram
2422 1326 2551 1381 me;
2584 1305 2721 1380 quia

307 1389 395 1439 est
423 1401 459 1438 a
486 1382 706 1441 dextris
735 1387 895 1462 meis,
940 1407 1056 1445 non
1086 1392 1420 1450 confundar.
1508 1388 1651 1445 Ideo
1691 1388 1949 1446 laetatum
1979 1397 2068 1445 est
2094 1405 2194 1444 cor
2218 1405 2428 1458 meum,
2467 1393 2524 1443 et
2553 1386 2715 1443 exul·

306 1461 455 1520 tavit
495 1462 695 1540 lingua
735 1486 880 1541 mea,
925 1488 1058 1525 caro
1101 1490 1229 1529 mea
1270 1470 1592 1547 requiescet
1621 1467 1679 1524 in
1709 1487 1827 1545 spe,
1881 1467 2029 1542 Quia
2057 1486 2172 1524 non
2202 1466 2566 1542 derelinques
2595 1465 2716 1523 ani-

306 1559 458 1597 mam
487 1562 672 1600 meam
695 1545 754 1602 in
778 1547 1099 1626 sepulchro,
1124 1570 1231 1609 nec
1261 1549 1496 1627 patieris
1523 1548 1797 1607 Sanctum
1820 1557 1984 1606 tuum
2007 1547 2203 1603 videre
2234 1545 2715 1621 corruptionem.”

308 1618 473 1678 Licet
501 1623 651 1679 enim
694 1625 1000 1685 Graculum
1034 1629 1190 1689 istud
1219 1631 1433 1688 directe
1463 1636 1521 1686 et
1548 1627 1818 1704 primario
1859 1626 2129 1703 respiciat
2172 1625 2480 1698 Christum,
2512 1624 2573 1680 in
2601 1643 2716 1700 quo

306 1699 429 1756 solo
461 1702 709 1775 perfecte
739 1706 964 1783 impleri
993 1706 1210 1784 debuit,
1243 1718 1307 1768 ut
1338 1710 1544 1766 Petrus
1590 1707 1832 1782 colligit,
1866 1707 2001 1763 Act.
2032 1705 2109 1778 ii.,
2145 1703 2304 1760 Nihil
2334 1704 2542 1775 obstat,
2574 1704 2715 1779 quin

306 1779 644 1840 secundario
688 1793 745 1842 et
787 1798 1206 1863 consequenter
1249 1789 1324 1846 ad
1372 1786 1661 1845 Davidem
1707 1786 1895 1861 ipsum
1944 1784 2244 1861 pertineat,
2290 1782 2390 1858 qui
2435 1782 2546 1839 sibi
2582 1783 2714 1858 jure

303 1857 724 1920 immunitatem
754 1884 787 1920 a
814 1874 996 1924 morte
1045 1867 1387 1944 promiserit,
1433 1865 1571 1942 quia
1613 1865 1876 1923 Christus
1905 1884 2019 1921 non
2063 1862 2171 1920 sibi
2214 1860 2483 1938 privatim
2526 1881 2712 1919 resur·

304 1937 495 2012 gendo
526 1940 1009 2002 immortalitatem
1040 1947 1278 2023 peperit,
1311 1945 1413 2004 sed
1441 1944 1711 2002 fidelibus
1740 1943 2023 2002 omnibus.
2126 1942 2288 1999 Idem
2318 1941 2457 1999 alibi
2483 1941 2713 2017 profite-

304 2025 399 2073 tur
426 2020 652 2095 saepiuS,
683 2023 834 2080 Psal.
867 2024 1032 2082 xxiii.
1053 2029 1108 2099 6,
1136 2025 1534 2084 Misericordia
1556 2032 1657 2081 tua
1685 2023 2067 2099 subsequetur
2094 2041 2185 2079 me
2214 2021 2480 2080 omnibus
2509 2020 2714 2079 diebus

305 2095 441 2153 vitae
464 2117 624 2173 meae,
657 2111 715 2159 et
747 2103 899 2178 Psal.
925 2105 1091 2162 xxxi.
1127 2109 1178 2179 1,
1211 2106 1344 2162 Non
1366 2102 1686 2162 confundar
1715 2104 1772 2160 in
1801 2111 2097 2175 aeternum,
2135 2109 2194 2159 et
2224 2101 2377 2158 Psal.
2409 2099 2533 2157 lxii.
2567 2105 2620 2173 1,
2652 2104 2709 2176 2,

304 2182 362 2231 et
390 2175 585 2234 cxviii.
618 2181 671 2253 5,
706 2186 801 2240 &c.
891 2183 1106 2241 Paulus
1154 2185 1307 2243 idem
1355 2191 1600 2242 testatur
1646 2202 1763 2240 non
1807 2180 2001 2256 semel,
2047 2180 2149 2239 sed
2190 2179 2492 2257 praecipue,
2540 2179 2711 2238 Rom.

305 2253 424 2312 viii.
456 2257 551 2329 38,
591 2286 837 2328 orm-uma:
874 2265 909 2295 “
932 2282 1239 2338 persuasus
1263 2284 1390 2322 sum
1414 2263 1559 2320 nihil
1579 2281 1687 2320 nos
1710 2281 1972 2338 separare
2001 2279 2169 2337 posse
2188 2260 2261 2318 ab
2289 2278 2481 2316 amore
2512 2258 2625 2316 Dei
2652 2259 2713 2317 in

304 2333 593 2411 Christ0,''
641 2338 758 2396 Ubi
787 2343 1217 2416 persuasionem
1244 2351 1424 2417 notat,
1455 2362 1572 2400 non
1599 2342 1875 2400 moralem
1904 2349 2129 2399 tantum
2159 2349 2217 2398 et
2244 2338 2708 2415 conjecturalem,

303 2412 405 2471 sed
434 2424 647 2474 certam
676 2427 734 2476 et
763 2421 996 2479 minime
1026 2422 1308 2498 fallacem,
1339 2430 1538 2499 utpote
1568 2442 1697 2498 quae
1727 2420 1869 2480 fluat
1898 2441 1973 2479 ex
2004 2419 2320 2492 Electione‚
2345 2438 2464 2476 ver.
2489 2421 2584 2492 29,
2611 2421 2708 2493 33,

301 2501 359 2551 et
387 2513 422 2551 a
450 2495 663 2555 virtute
697 2499 946 2576 Spiritus
978 2502 1056 2576 S.,
1088 2523 1207 2563 ver.
1239 2506 1335 2577 26,
1367 2511 1426 2562 et
1453 2502 1674 2559 firmam
1718 2501 1923 2578 gignat
1960 2499 2428 2572 consolationem,
2459 2517 2579 2556 ver.
2611 2501 2708 2574 31,

300 2593 402 2651 per
429 2594 602 2651 quam
632 2598 747 2637 non
776 2582 1161 2660 qualicunque
1187 2582 1455 2660 opinione
1484 2590 1541 2641 et
1571 2602 1671 2659 spe
1702 2602 1762 2641 se
1790 2582 1983 2655 lactet,
2018 2578 2120 2638 sed
2148 2578 2471 2638 indubitata
2498 2576 2711 2637 fiducia

301 2674 362 2712 se
402 2655 603 2732 erigat,
649 2659 929 2720 adversus
951 2665 1189 2739 quosvis
1230 2664 1460 2738 hostes;
1520 2663 1726 2721 Certus
1762 2682 1879 2720 non
1920 2658 2276 2718 modo-nihil
2315 2658 2516 2716 fideles
2546 2677 2707 2735 sepa-

299 2743 507 2810 turum,
554 2738 655 2795 sed
684 2760 755 2797 ne
783 2762 952 2818 posse
982 2744 1214 2820 quidem
1244 2763 1507 2821 separare
1535 2742 1609 2801 ab
1639 2762 1831 2801 amore
1862 2742 1991 2800 Dei.

381 2814 535 2873 XX.
597 2818 836 2880 Frustra
856 2823 951 2880 hic
993 2825 1326 2901 reponitur:
1361 2827 1412 2881 1.
1448 2826 1483 2855 “
1508 2822 1733 2881 Paucos
1768 2822 1909 2881 istos
1939 2821 2182 2880 eximios
2211 2821 2403 2895 Viros,
2433 2818 2709 2896 peculiari

299 2891 492 2951 forsan
533 2898 884 2959 revelatione
913 2912 1100 2961 certos
1129 2923 1256 2962 esse
1284 2902 1526 2961 factos.’'
1617 2901 1733 2959 Sed
1759 2904 1869 2960 hoc
1900 2902 2080 2978 gratis
2108 2901 2362 2977 fingitur,
2393 2909 2450 2957 et
2479 2900 2553 2957 ab
2582 2900 2708 2975 ipso

301 2969 484 3029 Paulo
526 2973 821 3053 refellitur,
853 2980 951 3055 qui
979 2983 1089 3039 hoc
1117 2982 1253 3040 fidei
1283 2981 1621 3054 Abrahami,
1663 3001 1779 3039 non
1816 2980 2155 3038 revelationi
2196 2978 2488 3052 adscribit,
2536 2978 2704 3036 Rom.

299 3049 376 3107 iv.
409 3058 466 3108 et
497 3051 649 3110 Heb.
680 3054 759 3113 xi.
845 3058 968 3115 Nec
995 3060 1105 3117 hoc
1135 3059 1247 3118 sibi
1274 3059 1476 3117 tribuit
1502 3066 1728 3117 tantum
1769 3067 2044 3134 tanquam
2086 3058 2389 3134 peculiare,
2435 3056 2538 3113 sed
2578 3065 2705 3114 tan·

298 3149 470 3205 quam
499 3150 800 3193 commune
830 3138 1052 3195 caeteris
1080 3137 1370 3215 praedicat,
1402 3146 1461 3196 et
1488 3138 1727 3196 arcessit
1756 3137 1827 3194 ab
1858 3136 2175 3194 Electionis
2203 3134 2547 3193 immutabili
2574 3155 2704 3211 pro·

297 3210 502 3285 posit0,
535 3211 608 3268 ab
637 3232 830 3273 amore
876 3216 1106 3291 Christi,
1139 3217 1213 3275 ab
1241 3217 1365 3293 ejus
1397 3217 1588 3275 Morte
1618 3225 1676 3275 et
1720 3216 2157 3291 Intercessione,
2203 3235 2330 3291 quae
2372 3234 2487 3272 non
2529 3214 2707 3290 hujus

295 3288 390 3345 vel
420 3288 592 3366 illius,
635 3293 737 3351 sed
765 3295 1020 3355 omnium
1047 3296 1304 3355 fidelium
1334 3306 1468 3355 sunt
1495 3296 1664 3355 bona.
1749 3299 1805 3354 2.
1848 3298 1883 3328 “
1906 3295 2099 3354 Voces
2145 3296 2344 3353 scimus
2384 3303 2438 3351 et
2475 3313 2703 3370 coquos·

296 3368 483 3443 cimus,
536 3390 653 3428 non
711 3377 1034 3434 necessario
1082 3376 1376 3435 includere
1426 3376 1828 3435 certitudinem
1857 3375 1995 3433 fidei
2022 3374 2251 3449 divinae,
2285 3374 2389 3432 sed
2415 3393 2490 3431 ex
2520 3374 2703 3450 signis

295 3449 582 3524 quandam
613 3454 1059 3530 conjecturam.''
1147 3457 1323 3533 Resp.
1376 3457 1508 3515 Non
1536 3476 1816 3534 negamus
1844 3476 1946 3533 per
1975 3456 2140 3531 signa
2168 3464 2226 3513 et
2254 3462 2421 3512 notas
2449 3453 2704 3513 internas

294 3547 400 3587 nos
429 3528 638 3590 deduci
665 3534 725 3590 in
752 3536 902 3594 hanc
945 3537 1226 3612 notitiam,
1273 3535 1376 3595 sed
1424 3537 1672 3614 Spiritus
1726 3537 1972 3595 Sanctus
2019 3536 2290 3612 obsignat
2337 3534 2703 3593 conscientiis

294 3607 418 3667 haec
448 3610 616 3687 signa
643 3633 760 3673 non
788 3636 916 3675 esse
946 3617 1190 3693 fallacia,
1216 3617 1372 3693 quod
1415 3617 1715 3675 confirmat
1748 3618 1790 3676 J
1796 3617 2066 3689 ohannes„
2103 3618 2170 3673 1·
2198 3615 2278 3673 iii.
2309 3618 2406 3688 21,
2454 3617 2489 3647 “
2513 3614 2575 3671 Si
2605 3634 2704 3672 cor

293 3698 552 3747 nostrum
583 3712 689 3751 nos
716 3716 834 3754 non
862 3698 1221 3773 condemnat,
1265 3697 1537 3756 fiduciam
1571 3698 1851 3756 habemus
1880 3695 2032 3773 apud
2064 3696 2270 3753 Deum.
2357 3695 2435 3752 Et
2461 3712 2564 3769 per
2589 3693 2702 3751 hoc

293 3767 560 3826 novimus
601 3772 860 3833 habitare
903 3797 1035 3835 eum
1063 3778 1123 3835 in
1151 3776 1335 3850 nobiS,
1365 3797 1440 3834 ex
1475 3777 1692 3853 Spiritu
1734 3795 1907 3853 quem
1947 3774 2115 3832 nobis
2157 3772 2375 3831 dedit.”
2462 3772 2703 3829 Frustra

290 3852 482 3902 autem
503 3848 548 3905 J
551 3849 807 3910 ohannes
848 3853 1064 3914 diceret
1093 3875 1199 3913 nos
1229 3856 1374 3913 scire
1403 3864 1461 3913 et
1490 3874 1837 3931 cognoscere
1866 3872 1973 3911 nos
2006 3852 2281 3929 Spiritum
2316 3850 2425 3907 Dei
2464 3849 2695 3924 habere,

293 3931 352 3982 et
383 3923 659 4001 Spiritum
686 3930 849 3989 illum
881 3952 1005 3992 esse
1034 3942 1245 3992 nostrae
1283 3953 1414 3991 cum
1459 3935 1689 3992 Christo
1734 3931 2150 3991 communionis
2198 3938 2618 4007 argumentum,
2651 3929 2701 3988 si

291 4002 401 4061 hoc
430 4024 505 4062 ex
534 4006 717 4083 signis
745 4018 966 4070 tantum
996 4012 1298 4071 fallacibus
1325 4020 1384 4070 et
1412 4012 1898 4089 conjecturalibus
1924 4011 2135 4069 habere
2163 4028 2482 4087 possemus.

898 4091 1089 4151 XXI.
1147 4091 1206 4150 A
1247 4092 1513 4150 Precibus
1553 4093 1907 4151 Sanctorum.
1993 4089 2141 4164 Quia
2180 4090 2460 4167 jubentur
2498 4088 2702 4148 fideles

320 4149 362 4192 4.
380 4150 732 4257 sffnoffiffiissu
815 4178 1007 4248 petere
1036 4192 1071 4230 a
1099 4171 1227 4230 Deo
1255 4171 1649 4245 remissionem
1697 4178 2077 4248 peccatorum,
2131 4170 2289 4246 Ergo
2338 4177 2579 4246 possunt
2626 4168 2700 4227 de
2788 4250 2801 4256 ἱ

676 4247 688 4258 ’
815 4270 884 4309 ea
912 4251 1052 4311 certi
1080 4271 1236 4329 esse3
1277 4271 1407 4311 cum
1438 4251 1622 4310 sciant
1648 4270 1848 4328 preces
1877 4269 2010 4308 suas
2036 4269 2153 4307 non
2183 4269 2362 4307 vanas
2391 4268 2516 4306 esse
2545 4247 2700 4325 apud

296 4322 500 4398 Deum,
547 4326 650 4385 sed
691 4339 847 4389 certo
876 4351 974 4390 eas
1017 4332 1272 4391 obtinere
1317 4332 1489 4409 juxta
1542 4332 1651 4389 Dei
1701 4329 2136 4408 promissionem
2178 4327 2454 4406 quicquid
2495 4327 2555 4385 in
2581 4328 2697 4385 fide

289 4402 574 4480 petierint,
609 4407 790 4469 Marc.
821 4411 902 4471 xi.
934 4415 1029 4487 24,
1061 4420 1119 4470 et
1150 4415 1179 4470 1
1213 4413 1255 4471 J
1259 4412 1352 4470 oh.
1383 4431 1439 4469 v.
1475 4414 1566 4484 14,
1596 4413 1690 4469 15.
1776 4411 1899 4469 Nec
1928 4410 2119 4468 obstat
2147 4408 2301 4485 quod
2329 4427 2528 4485 preces
2553 4406 2696 4466 fide-

290 4479 432 4538 lium
472 4502 590 4542 non
632 4505 856 4567 semper
900 4492 1305 4568 exaudiuntur,
1336 4498 1403 4551 ut
1451 4492 1510 4549 in
1543 4490 1726 4549 Paulo
1754 4490 1962 4565 visum,
1995 4494 2030 4547 2
2064 4490 2191 4548 Cor.
2224 4488 2343 4561 xii„
2375 4488 2510 4564 quia
2538 4486 2698 4546 aliud

290 4568 379 4617 est
405 4568 757 4642 temporalia,
803 4571 961 4630 aliud
991 4572 1310 4649 spiritualia
1338 4592 1373 4630 a
1403 4572 1528 4630 Deo
1557 4579 1769 4648 petere.
1856 4571 1945 4628 De
1975 4569 2091 4627 illis
2119 4568 2421 4646 promissio
2462 4587 2578 4626 non
2609 4575 2697 4626 est

290 4637 540 4718 definita,
586 4646 688 4705 sed
727 4649 1148 4728 conditionalis,
1196 4659 1480 4729 quatenus
1511 4651 1624 4709 Dei
1653 4651 1852 4728 gloriae
1881 4660 1939 4709 et
1967 4657 2177 4709 nostrae
2206 4648 2379 4710 saluti
2407 4647 2696 4706 convenit.
