3221 5200
473 368 588 426 160
1309 357 1318 366 ’
1369 377 1552 420 Locus
1580 377 1981 420 nuonncmus.
2542 359 2793 443 [Quaesr.
2824 382 2888 425 11.

471 522 736 584 homines
763 528 928 581 erant
953 519 1301 598 peragenda,
1332 519 1429 578 vel
1457 538 1533 578 ex
1559 529 1723 598 parte
1764 520 2061 579 bominum
2104 518 2260 597 apud
2289 517 2497 598 Deum,
2542 523 2619 582 ad
2659 525 2890 604 plenam

467 604 701 663 foederis
729 603 930 680 gratiae
958 600 1526 660 consummationem.

469 722 804 826 ffissgff‘m
819 725 957 824 {3125
999 678 2481 836 ..ffi‘{‚{{2.¹¹112‚‡²}55.32⁰.⁰ioesszffaepss‘z’btffiss
2503 685 2888 840 {rssffisnek

527 796 751 943 mugiit
822 838 952 884 Deus
985 849 1158 916 parte
1198 840 1480 898 hominum
1528 806 1715 899 officia
1758 839 1901 916 ipsis
1948 841 2298 918 praescripta.
2386 840 2647 919 Utraque
2692 785 2804 902 ve‘i'
2831 845 2888 902 in

527 912 614 943 ¹¹⁰⁵
669 912 707 941 Γ·
987 940 1192 996 ρεπενε
1236 920 1333 978 vel
1377 920 1436 977 in
1476 921 1657 996 specie
1697 929 2111 996 proponuntur.
2193 923 2267 978 In
2289 941 2494 997 genere
2520 923 2889 982 continentur

469 1003 531 1062 in
574 1001 821 1062 formula
867 1000 1116 1074 foederis,
1148 1020 1263 1076 qua
1293 999 1454 1057 Dens
1503 1000 1808 1078 pollicetur
1847 1020 1905 1057 se
1935 1003 2074 1075 sore
2102 1002 2288 1058 Deum
2316 1011 2580 1076 nostrum,
2613 1011 2672 1060 et
2700 1002 2888 1078 exigit

470 1092 538 1143 ut
566 1083 744 1140 simus
774 1081 902 1158 ejus
929 1080 1204 1158 populus;
1236 1099 1365 1156 quae
1386 1080 1710 1138 absolvitur
1730 1079 1962 1155 quidem
1991 1080 2353 1156 paucissimis
2375 1081 2583 1155 verbiS,
2611 1081 2716 1139 sed
2742 1102 2887 1158 pon-

471 1161 874 1235 derosissimis,
906 1180 1034 1236 quae
1064 1160 1521 1235 complectuntur
1542 1159 1819 1236 quicquid
1839 1179 1874 1216 a
1903 1159 2030 1217 Deo
2060 1160 2276 1217 homini
2304 1161 2671 1237 promittitur,
2691 1162 2787 1219 vel
2810 1162 2885 1219 ab

468 1241 701 1300 homine
751 1241 1018 1317 exigitur,
1071 1247 1136 1298 ut
1180 1240 1351 1316 paulo
1389 1239 1718 1298 distinctius
1766 1238 2069 1297 formulam
2108 1240 2276 1297 istam
2324 1240 2673 1317 expendenti
2718 1241 2886 1300 facile

469 1321 726 1400 patebit:
768 1329 887 1378 tam
916 1319 1107 1396 quoad
1127 1318 1565 1397 promissionem
1587 1318 1869 1393 beneficii,
1894 1327 1952 1377 et
1974 1319 2433 1378 testificationem
2464 1321 2691 1396 amoris,
2712 1341 2887 1397 quam

466 1400 661 1479 quoad
680 1402 871 1458 cultus
899 1409 959 1458 et
986 1399 1249 1475 obsequii
1277 1399 1654 1474 exactionem,
1680 1419 1809 1475 quae
1838 1398 1952 1457 duo
1980 1399 2076 1456 hic
2103 1398 2498 1458 includuntur.
2544 1401 2623 1460 Et
2638 1402 2713 1459 ad
2733 1403 2882 1460 Pro·

467 1482 779 1539 missionem
797 1479 1031 1556 quidem
1049 1478 1205 1555 quod
1226 1479 1459 1553 attinet3
1484 1479 1619 1537 talis
1637 1488 1726 1538 est
1743 1487 1801 1537 et
1817 1487 1993 1552 tanta,
2019 1487 2084 1537 ut
2101 1479 2307 1538 merito
2325 1480 2516 1537 anima
2537 1489 2596 1539 et
2619 1482 2885 1539 substan·

469 1562 551 1620 tia
578 1559 811 1618 foederis
839 1559 1080 1633 dicatur,
1113 1557 1546 1617 fundamentum
1589 1566 1650 1617 et
1676 1558 2079 1635 compendium
2108 1567 2442 1617 caeterarum
2472 1560 2727 1619 omnium
2756 1581 2885 1638 pro-

470 1641 826 1714 missionum,
858 1659 987 1715 qnae
1014 1637 1284 1696 fidelibus
1329 1638 1538 1696 dantur
1581 1638 1644 1695 in
1676 1638 2007 1715 Scriptura3
2059 1658 2174 1715 qna
2202 1638 2347 1696 nihil
2376 1640 2696 1715 sublimius,
2742 1641 2888 1698 nihil

470 1720 714 1798 plenius,
760 1719 907 1776 nihil
936 1719 1189 1793 suavius,
1241 1718 1387 1775 nihil
1416 1718 1635 1777 firmius
1663 1717 1788 1776 dari
1815 1726 2023 1795 potest.
2109 1717 2250 1777 Ideo
2281 1738 2396 1776 non
2423 1739 2541 1777 una
2567 1720 2663 1779 vel
2706 1720 2889 1778 altera

471 1801 598 1858 vice
627 1807 851 1858 tantum
879 1798 1173 1875 proposita
1200 1805 1305 1871 est,
1337 1797 1442 1856 sed
1469 1797 1802 1875 saepissime,
1848 1798 2075 1874 quoties
2101 1798 2199 1856 vel
2228 1797 2415 1856 foedus
2442 1799 2627 1875 primo
2653 1800 2885 1858 institu-

469 1888 593 1939 tum
639 1879 736 1937 vel
784 1887 1124 1936 renovatum
1174 1885 1280 1953 est,
1311 1886 1429 1936 tam
1480 1879 1587 1937 sub
1617 1878 1694 1936 V.
1742 1897 1913 1953 quam
1965 1878 2073 1936 sub
2104 1878 2176 1935 N.
2207 1876 2275 1936 Τ.
2362 1878 2555 1936 Primo
2584 1879 2734 1936 facta
2776 1879 2886 1939 fuit

471 1960 824 2032 Abraham0,
858 1959 1006 2018 Gen.
1037 1957 1180 2015 xvii.
1213 1962 1266 2031 7,
1299 1959 1355 2015 8.
1403 1959 1439 1990 ‘⁴
1459 1958 1577 2015 Ero
1608 1957 1770 2016 Deus
1798 1965 1933 2017 tuus
1961 1966 2021 2015 et
2048 1957 2284 2015 seminis
2313 1958 2397 2015 tui
2418 1966 2549 2035 post
2577 1959 2703 2032 te;''
2748 1978 2882 2016 con·

469 2039 696 2097 firmata
737 2039 953 2115 populo
998 2036 1338 2111 IsraeliticO,
1393 2036 1583 2094 Exod.
1614 2057 1716 2095 xx.
1749 2041 1804 2110 2,
1848 2046 1906 2096 et
1944 2037 2110 2095 xxix.
2141 2040 2237 2113 45,
2285 2037 2521 2096 Denter.
2550 2058 2607 2095 v.
2639 2042 2694 2112 2,
2728 2042 2782 2111 3,
2810 2041 2881 2113 63

470 2119 715 2196 repetita
757 2118 800 2177 J
805 2117 986 2176 udaeis
1033 2117 1094 2173 in
1139 2116 1472 2193 captivitate
1523 2115 1904 2193 Babylonica,
1950 2116 2169 2176 Jerem.
2215 2117 2380 2175 xxiv.
2426 2121 2481 2192 7,
2523 2126 2582 2175 et
2608 2137 2752 2175 xxx.
2785 2122 2881 2193 22,

474 2198 688 2256 Ezech.
723 2196 805 2255 xi.
836 2200 941 2272 203
992 2196 1197 2255 iterata
1234 2204 1368 2272 post
1394 2195 1810 2271 captivitatem,
1844 2197 1978 2255 Zac.
2008 2196 2133 2254 xiii.
2163 2198 2229 2271 93
2273 2204 2552 2255 renovata
2579 2197 2686 2255 snb
2716 2198 2886 2256 Novo

473 2279 631 2336 Test.
662 2297 738 2334 ex
777 2276 1008 2335 oraculo
1037 2276 1080 2335 J
1084 2275 1329 2334 eremiae.
1359 2274 1526 2332 xxxi.
1557 2278 1654 2350 33,
1688 2279 1723 2333 2
1755 2275 1886 2335 Cor.
1914 2277 1997 2334 vi.
2029 2278 2121 2350 16,
2166 2283 2226 2334 et
2254 2276 2409 2335 Heb.
2440 2276 2561 2334 viii.
2596 2279 2705 2354 1⁰3
2757 2297 2884 2354 quai

471 2358 534 2416 in
579 2357 765 2434 gloria
807 2355 1030 2414 coelesti
1074 2355 1248 2413 etiam
1291 2353 1587 2431 implenda
1630 2364 1736 2428 est,
1779 2354 1966 2432 Apoc.
2010 2355 2135 2413 xxi.
2177 2359 2234 2414 3.
2280 2358 2317 2388 ‘⁴
2347 2357 2501 2414 Ecce
2541 2357 2878 2415 tabernacu-

474 2438 594 2496 lum
640 2435 751 2494 Dei
796 2456 929 2494 cum
971 2434 1320 2509 bominibus,
1369 2442 1428 2493 et
1468 2434 1759 2493 habitabit
1802 2455 1932 2493 cum
1972 2435 2061 2510 iis,
2106 2443 2166 2494 et
2204 2434 2316 2511 ipsi
2352 2445 2521 2494 erunt
2562 2437 2650 2494 illi
2686 2437 2747 2493 in
2782 2457 2886 2513 po·

471 2517 690 2596 pulum,
734 2524 793 2574 et
836 2516 998 2574 Deus
1046 2514 1155 2572 erit
1202 2533 1331 2572 cum
1381 2512 1524 2590 ipsis
1554 2514 1717 2572 Deus
1763 2513 2080 2591 ipsorum.''
2165 2515 2363 2591 Atque
2408 2516 2490 2573 ita
2531 2535 2755 2574 summa
2796 2524 2886 2574 est

475 2596 730 2656 omnium
759 2594 1167 2654 beneficiorum
1199 2593 1312 2652 Dei
1340 2593 1399 2652 in
1426 2592 1630 2653 fideles
1672 2603 1789 2653 tam
1819 2594 1879 2652 in
1910 2594 2098 2672 gratia
2124 2614 2297 2670 quam
2334 2594 2393 2652 in
2424 2595 2626 2671 gloria.
2714 2595 2886 2655 Unde

474 2696 592 2735 non
635 2675 921 2732 immerito
965 2674 1193 2732 Psaltes
1236 2675 1455 2733 beatam
1493 2684 1713 2752 yentcm
1752 2675 2029 2751 praedicat
2068 2677 2222 2750 cujus
2259 2676 2420 2732 Deus
2452 2684 2532 2732 eat
2556 2676 2732 2750 Deua,
2779 2676 2881 2735 Ps.

475 2755 685 2814 xxxiii.
720 2758 813 2812 12.

480 2872 611 2923 Quid
730 2872 962 2929 importet
1082 2832 1333 2891 XVIII.
1376 2833 1600 2893 Verum
1636 2842 1703 2893 ut
1740 2833 2026 2910 genuinus
2054 2852 2257 2892 sensus
2286 2832 2453 2892 istius
2488 2832 2887 2910 promissionis

536 2932 664 2989 quod
714 2930 845 2975 Deus
896 2930 962 2974 sit
1001 2913 1298 2988 habeatur,
1342 2933 1459 2972 non
1501 2917 1615 2973 late
1657 2912 1934 2972 sumenda
1974 2923 2080 2987 est,
2125 2921 2409 2991 quatenns
2456 2913 2881 2990 authoritatem,

536 2995 703 3035 noster
723 2989 869 3034 Deus.
1003 3013 1200 3052 curam
1227 3002 1285 3052 et
1312 2993 1631 3052 dominium
1661 2992 1775 3051 Dei
1802 2992 2106 3069 significat,
2151 2994 2288 3070 quia
2329 2994 2412 3051 sic
2442 2994 2604 3051 Deus
2645 3002 2734 3052 est
2768 3014 2888 3052 non

480 3083 702 3135 tantum
748 3073 1024 3148 fidelium,
1072 3073 1175 3131 sed
1219 3082 1278 3132 et
1314 3073 1614 3132 bominum
1651 3073 1711 3130 in
1758 3092 1985 3149 genere,
2035 3074 2150 3131 imo
2195 3082 2255 3133 et
2298 3074 2554 3132 omnium
2597 3082 2888 3132 ereatura-

482 3177 626 3231 ωσι,
670 3155 894 3215 ratione
937 3152 1244 3213 creationis
1281 3160 1339 3211 et
1382 3152 1835 3230 gubernationis,
1877 3162 1936 3211 et
1979 3154 2127 3211 nihil
2172 3153 2464 3231 singulare
2509 3162 2568 3212 et
2610 3154 2888 3212 eximium

481 3236 851 3315 polliceretur
897 3234 1109 3311 populo
1160 3253 1333 3311 supra
1379 3240 1618 3291 caeteras
1666 3241 1871 3309 gentes
1907 3255 1921 3292 ι
1979 3232 2094 3291 Sed
2142 3235 2345 3307 stricte,
2395 3242 2569 3310 prout
2615 3233 2889 3309 importat

481 3317 819 3375 relationem
867 3313 1215 3388 foederalem,
1262 3320 1322 3371 et
1365 3313 1678 3389 gratiosam
1724 3311 1883 3370 illam
1932 3314 2411 3387 communionem,
2459 3332 2574 3389 qua
2621 3313 2780 3370 Deus
2827 3332 2889 3371 se

481 3396 704 3454 homini
746 3393 1033 3471 peccatori
1075 3391 1459 3451 communicat
1498 3391 1572 3450 ad
1621 3392 1809 3467 ipsum
1856 3391 1979 3450 vita
2019 3392 2329 3450 immortali
2373 3400 2431 3450 et
2474 3391 2627 3449 felici
2669 3391 2886 3449 donan-

482 3475 639 3547 dum,
683 3481 857 3550 prout
892 3471 993 3528 illa
1020 3471 1265 3529 formula
1292 3472 1439 3530 solet
1505 3471 1682 3530 assim
1711 3470 2006 3547 explicari.
2092 3471 2187 3529 Ita
2223 3471 2275 3530 si
2309 3472 2469 3529 Deus
2507 3478 2596 3528 est
2632 3471 2888 3528 omnium

483 3573 587 3630 per
617 3550 1065 3624 Providentiam,
1113 3552 1274 3608 Dens
1318 3559 1408 3609 est
1460 3492 1719 3610 fidelium
1773 3570 1877 3627 per
1931 3550 2214 3626 gratiam;
2267 3550 2317 3608 si
2367 3550 2528 3607 Deus
2576 3558 2665 3607 est
2715 3550 2885 3608 Crea-

482 3641 740 3691 turarum
788 3632 850 3688 in
891 3629 1109 3687 mundo
1152 3650 1255 3707 per
1297 3631 1705 3690 authoritatem
1749 3638 1808 3689 et
1849 3629 2183 3706 potentiam,
2232 3629 2393 3687 Deus
2431 3637 2521 3687 est
2558 3628 2757 3705 populi
2801 3630 2891 3688 sui

483 3711 545 3769 in
589 3710 854 3769 Ecclesia
891 3728 995 3786 per
1033 3709 1498 3769 benevolentiam
1540 3719 1600 3770 et
1641 3729 1910 3785 amorem,
1956 3716 2015 3767 et
2050 3728 2153 3785 per
2192 3708 2473 3767 beneficia
2507 3728 2638 3786 qnae
2671 3709 2759 3766 illi
2786 3709 2892 3767 im·

521 3791 741 3850 ertitur.

479 3811 550 3948 P·
1088 3869 1279 3928 XIX.
1324 3869 1602 3944 Quamvis
1630 3890 1770 3928 vero
1810 3868 1927 3929 sint
1967 3867 2283 3943 innumera,
2313 3877 2558 3945 possunt
2598 3876 2791 3928 tamen
2818 3868 2895 3927 ad

482 3936 967 4040 Hffmnisscffifflffifflg
1007 3959 1254 4025 quatuor
1280 3950 1393 4008 ista
1418 3951 1712 4027 praecipua
1727 3948 1942 4008 referri.
2032 3952 2081 4006 1.
2113 3949 2640 4007 Reconciliationem
2660 3958 2720 4008 et
2746 3970 2894 4007 com-

541 4053 793 4107 salutaria,
883 4052 966 4095 sed
1007 4031 1321 4088 munionem
1349 4050 1479 4089 cum
1512 4029 1657 4105 Dec,
1688 4049 1792 4106 per
1818 4049 1990 4105 quam
2022 4048 2138 4087 non
2164 4036 2388 4087 tantum
2418 4029 2587 4087 nobis
2613 4029 2891 4105 placatur,

541 4116 750 4169 quatuor
801 4110 965 4168 preci·
1011 4109 1115 4168 sed
1133 4119 1192 4168 et
1213 4110 1465 4186 seipsum
1487 4109 1657 4167 nobis
1678 4107 1795 4181 dat,
1810 4118 1877 4168 ut
1891 4109 2165 4185 deinceps
2189 4108 2264 4167 sit
2285 4118 2481 4168 noster
2501 4118 2619 4168 tam
2643 4106 2892 4182 οὖσιυδὸς,

539 4184 647 4229 ¹²⁰⁶·
1006 4188 1199 4265 quoad
1224 4199 1488 4248 naturam
1517 4197 1576 4249 et
1602 4187 1897 4262 attributa,
1929 4208 2101 4265 quam
2134 4193 2500 4264 ὑποστατυιὸς,
2537 4189 2729 4266 quoad
2760 4189 2895 4246 Per-

483 4290 672 4346 sonas,
716 4276 775 4328 et
816 4269 1178 4347 operationes
1218 4268 1568 4345 personales.
1653 4272 1710 4325 2.
1758 4268 2215 4327 Communionem
2255 4272 2542 4343 bonorum,
2586 4277 2653 4328 ut
2700 4276 2900 4327 nostra

482 4351 600 4410 sint
628 4350 821 4409 omnia
851 4349 963 4407 Dei
991 4348 1161 4422 bona,
1193 4357 1252 4406 et
1279 4367 1639 4425 qnaecnnqne
1668 4346 1741 4404 ad
1764 4347 1953 4423 ipsum
1975 4349 2283 4424 pertinent.
2344 4353 2400 4408 3.
2434 4349 2898 4420 Conformitatem

482 4450 605 4488 cum
636 4432 780 4505 Deo,
810 4449 914 4506 per
941 4436 1161 4486 naturae
1190 4426 1404 4486 divinae
1444 4426 1944 4504 participationem
1982 4436 2041 4485 et
2082 4427 2644 4486 transformationem
2671 4426 2731 4482 in
2766 4426 2895 4501 ejus

483 4508 812 4584 imaginem.
895 4510 952 4565 4.
1005 4507 1394 4566 Constantiam
1434 4517 1493 4567 et
1534 4507 1897 4566 aeternitatem
1938 4507 2148 4565 amoris
2179 4508 2291 4564 Dei
2328 4515 2387 4564 et
2413 4504 2644 4563 unionis
2681 4512 2894 4562 nostrae

483 4607 616 4646 cum
646 4588 787 4663 ips0,
818 4608 948 4664 quae
978 4586 1114 4662 quia
1151 4586 1350 4663 magni
1388 4597 1524 4647 sunt
1551 4589 1613 4646 in
1640 4587 1752 4645 hoc
1784 4595 2128 4664 argumento
2169 4584 2463 4660 momenti,
2507 4584 2682 4664 paulo
2711 4585 2896 4644 fusius

482 4665 765 4726 deducere
793 4686 911 4725 non
936 4664 1175 4743 pigebit.
