3221 5200
254 382 473 430 QUAEST.
507 360 623 441 ua]
1103 378 1179 416 ns
1210 374 1544 417 voca‘nonn
1575 376 1650 415 ar
1693 375 1848 416 rma.
2560 363 2674 422 497

253 522 416 580 locus
445 542 570 580 esse
599 527 811 598 posset,
836 521 976 596 quin
1007 518 1230 596 proprie
1254 518 1428 576 etiam
1450 516 1736 594 pertineat
1763 518 1837 575 ad
1866 519 2224 578 voluntatem
2248 523 2277 578 P
2360 522 2529 597 Quod
2556 542 2672 582 non

253 602 421 679 pauci
451 622 526 659 ex
554 601 694 677 ipsis
726 600 1045 658 Pontifieiis
1068 605 1429 676 agnoscunt:
1462 599 1786 657 Bonavent.
1817 599 1878 655 in
1911 599 2082 657 Disti.
2115 602 2150 658 9
2180 601 2390 677 quarti,
2402 605 2554 680 fides
2582 623 2673 660 re·-

252 682 416 756 spz'cit
441 683 770 739 intellectum
798 690 851 737 et
876 682 1171 754 affectum:
1215 678 1420 735 Thom.
1453 682 1507 750 2,
1540 680 1612 733 2·
1640 696 1696 752 q.
1730 682 1784 752 2,
1817 679 1977 737 artic.
2009 684 2064 739 2.
2152 681 2460 741 “Credere
2482 683 2557 740 ad
2585 683 2671 739 in-

253 761 546 819 tellectum
576 761 825 837 pertinet
852 769 1022 837 prout
1066 767 1155 817 est
1203 778 1237 815 a
1286 758 1584 815 voluntate
1632 767 1825 816 motus
1870 758 1945 816 ad
1993 759 2486 821 assentiendum.”
2575 762 2671 820 Sic

238 841 386 997 jgcilel
408 850 466 899 et
496 840 695 976 Esltius
723 841 783 896 in
803 840 882 898 iii.
909 849 1125 898 senten.
1152 837 1348 896 distin.
1373 841 1467 911 23,
1493 856 1549 912 q.
1581 840 1638 893 2.
1665 836 2000 915 Altenstaig
2028 838 2088 896 in
2120 840 2334 898 Dietio.
2364 841 2437 899 ad
2467 862 2669 901 vocem

335 941 407 995 68,
440 928 498 979 et
526 940 560 977 a
585 940 643 977 u.
1922 957 1927 962 ,

1182 1073 1583 1143 QUAESTIO
1634 1073 1749 1131 IX.

249 1238 353 1294 An
396 1232 675 1294 Fidesvsit
715 1257 971 1297 assensus
1012 1239 1134 1295 sine
1175 1231 1397 1302 notitia,
1428 1243 1483 1288 et
1521 1231 1720 1288 melius
1762 1235 2074 1310 definiatur
2114 1258 2226 1313 per
2272 1241 2669 1313 Iynorante'am

689 1336 864 1391 quam
881 1338 996 1393 per
1021 1313 1311 1374 Notitiam
1338 1312 1365 1366 ἓ
1447 1308 1510 1366 N
1513 1328 1603 1384 cg.
1635 1319 1845 1369 contra
1874 1311 2231 1374 Pontificios.

330 1473 379 1529 I.
428 1471 693 1538 Quaestio
717 1474 887 1531 nobis
908 1475 1004 1532 hie
1025 1469 1335 1530 intercedit
1350 1485 1486 1524 cum
1511 1465 1858 1538 Pontificiis‚
1881 1470 1986 1544 qui
2008 1479 2077 1529 ut
2096 1472 2333 1532 facilius
2364 1473 2666 1548 Populum

242 1569 347 1623 per
374 1569 590 1608 coecam
620 1550 1015 1609 obedientiam
1047 1551 1156 1609 sibi
1185 1545 1521 1620 subjiciant,
1562 1563 1685 1601 non
1727 1549 1909 1604 modo
1937 1567 2078 1605 eum
2105 1561 2307 1610 arcent
2334 1570 2371 1609 a
2412 1552 2667 1609 lectione

244 1628 566 1702 Scripturae
591 1627 801 1698 Sacrae,
821 1633 920 1686 sed
945 1631 1125 1687 etiam
1146 1647 1182 1686 a
1203 1627 1336 1695 fide,
1356 1641 1489 1697 quae
1512 1623 1625 1697 ipsi
1653 1624 1999 1698 imponitur,
2019 1631 2350 1687 excludunt
2371 1630 2665 1698 notitiam,

244 1725 380 1762 carn
410 1707 486 1762 ad
515 1707 746 1762 nudum
767 1727 1070 1765 assensum
1101 1705 1439 1769 referentes,
1463 1708 1533 1757 ut
1548 1702 1763 1759 melius
1784 1704 2104 1761 definiatur
2123 1726 2226 1780 per
2244 1707 2664 1782 ignorantiam,

245 1802 430 1857 quam
456 1801 562 1857 per
590 1784 884 1855 notitiam,
916 1794 985 1842 ut
1011 1785 1282 1859 loquitur
1310 1780 1596 1837 Bellarm.
1628 1780 1729 1835 lib.
1760 1779 1796 1835 i.
1829 1782 1903 1836 de
1932 1779 1973 1837 J
1980 1784 2112 1839 usti.
2144 1803 2191 1841 c.
2223 1786 2278 1847 7.

265 1897 268 1900 -
835 1863 925 1920 ΙΙ.
960 1863 1100 1920 Non
1130 1858 1434 1937 quaeritur,
1467 1856 1569 1912 An
1597 1857 1744 1913 fides
1772 1857 1847 1912 sit
1875 1875 2167 1931 assensus,
2192 1863 2354 1937 quod
2384 1861 2665 1937 utrinque

290 1928 658 2030 Statttixgnpguaes-
750 1949 838 1997 est
854 1942 916 1996 in
934 1941 1197 1998 confesso
1222 1959 1236 2005 3
1261 1936 1322 1992 N
1326 1952 1409 2002 ec,
1436 1933 1538 1989 An
1562 1933 1638 1991 sit
1659 1936 1835 2009 plena
1855 1938 2185 2010 etperfecta
2206 1940 2420 1997 notitia
2446 1948 2664 2014 myste-

545 2019 555 2029 '
757 2019 1003 2088 riorum,
1022 2026 1145 2074 tam
1174 2013 1376 2090 quoad
1406 2018 1458 2064 τὸ
1481 2017 1606 2080 διότι,
1631 2031 1816 2086 quam
1846 2023 1898 2068 en*
1921 2023 2004 2082 ὅί-ι,
2030 2024 2099 2072 ut
2121 2017 2271 2073 nibil
2300 2020 2536 2074 credere
2564 2019 2667 2074 de-

244 2099 508 2166 beamus,
538 2095 652 2152 nisi
681 2097 846 2170 quod
873 2097 1031 2152 clare
1059 2103 1120 2152 et
1146 2093 1419 2150 distincte
1447 2089 1825 2163 percipimus.
1896 2090 1959 2147 N
1961 2110 2059 2150 am
2100 2101 2169 2152 ut
2195 2097 2480 2170 pleraque
2509 2114 2665 2169 mys-

241 2176 391 2231 teria
419 2174 785 2247 Evangelica
812 2180 1098 2247 superant
1124 2176 1364 2244 captum
1406 2166 1655 2224 rationis
1681 2169 2042 2241 longissime,
2072 2190 2383 2247 nunquam
2413 2175 2570 2230 clare
2607 2182 2668 2231 et

241 2252 516 2309 distincte
543 2268 580 2307 a
605 2251 776 2307 nobis
804 2251 1025 2326 percipi
1065 2254 1314 2324 possunt
1354 2245 1555 2319 quoad
1585 2254 1638 2300 ez
1660 2252 1787 2314 διότι,
1817 2247 1914 2302 vel
1944 2258 1997 2303 τι)
2020 2259 2130 2314 «ὃς,
2162 2269 2269 2308 seu
2296 2257 2578 2308 naturam
2607 2260 2668 2308 et

243 2332 493 2386 modum
517 2346 713 2399 suum,
737 2331 837 2386 sed
857 2336 1093 2385 tantum
1116 2326 1316 2401 quoad
1341 2332 1392 2376 ez
1412 2330 1496 2391 ἔτι,
1516 2326 1679 2395 quod
1700 2341 1835 2380 vere
1857 2324 1973 2381 sint
1995 2327 2080 2385 ita
2100 2330 2379 2385 revelata.
2413 2328 2663 2397 Deinde,

243 2415 315 2465 ut
342 2406 724 2465 sanctificatio
753 2416 842 2464 est
882 2406 1261 2479 imperfecta3
1306 2403 1392 2457 ita
1418 2417 1559 2458 suos
1586 2403 1769 2460 habet
1794 2404 2016 2474 gradus
2043 2407 2207 2478 fides,
2238 2406 2457 2481 quibus
2485 2425 2668 2480 auge-

243 2493 346 2544 tur
374 2492 434 2543 et
463 2484 685 2556 crescit,
716 2494 777 2542 et
804 2486 1002 2558 quoad
1032 2482 1329 2551 notitiam,
1359 2485 1419 2535 et
1446 2482 1646 2552 quoad
1684 2479 1983 2538 fiduciam.
2028 2483 2167 2541 Hoc
2195 2502 2375 2541 sensu
2412 2502 2534 2540 non
2563 2503 2667 2541 ne-

243 2583 458 2639 gamus
483 2564 664 2621 fidem
693 2570 852 2621 certo
881 2569 1149 2637 respectu
1178 2561 1502 2637 implicitam
1542 2576 1713 2632 posse
1743 2557 1878 2628 dici,
1908 2568 2039 2619 tum
2078 2562 2140 2618 in
2168 2562 2385 2637 pueris,
2415 2569 2475 2619 et
2503 2562 2667 2618 rudi-

245 2645 374 2714 buS,
412 2643 517 2718 qui
561 2644 874 2699 obscuram
915 2649 1151 2699 tantum
1198 2641 1421 2698 habent
1468 2637 1764 2706 notitiam,
1793 2643 1925 2694 tum
1969 2640 2030 2696 in
2079 2640 2566 2714 provectioribus,
2606 2641 2667 2697 in

244 2722 466 2796 quibus
491 2723 602 2777 lux
630 2739 860 2795 semper
888 2730 975 2778 cst
1006 2721 1198 2777 mixta
1225 2714 1498 2783 tenebris,
1543 2716 1647 2789 qui
1685 2734 1838 2789 saepe
1869 2726 1921 2772 τὸ
1944 2727 2012 2773 ἔτι
2035 2721 2231 2775 solum
2273 2719 2507 2792 assequi
2534 2737 2669 2793 pos-

244 2808 407 2870 sunt,
438 2800 540 2856 sed
569 2801 648 2856 ad
680 2810 732 2853 va
756 2806 864 2854 διε-τι
893 2817 1015 2855 non
1058 2804 1396 2872 assurgunt.
1485 2800 1582 2857 Sic
1625 2801 1771 2856 fides
1800 2797 2054 2854 Patrum
2087 2796 2164 2853 V.
2195 2798 2261 2854 Τ.
2306 2797 2509 2871 potuit
2552 2797 2668 2853 dici

249 2879 503 2934 obscura
529 2884 590 2933 et
628 2877 918 2951 implicita
955 2883 1228 2951 respectu
1270 2886 1504 2948 nostrae,
1534 2884 1775 2952 propter
1803 2874 2225 2932 obscuritatem
2272 2875 2668 2932 revelationis.

251 2955 367 3012 Sed
392 2954 697 3027 quaeritur,
729 2956 831 3012 An
855 2956 1001 3010 fides
1021 2955 1083 3009 in
1114 2961 1402 3027 conceptu
1424 2974 1534 3013 suo
1557 2955 1829 3012 includat
1856 2954 2150 3025 notitiam,
2177 2953 2225 3009 si
2252 2971 2375 3009 non
2412 2953 2670 3025 plenam,

248 3039 313 3088 at
340 3050 541 3089 veram
569 3038 630 3086 et
656 3040 875 3088 certam
902 3031 965 3085 in
993 3050 1101 3087 suo
1131 3031 1338 3086 ordine
1362 3036 1385 3089 ἓ
2226 3050 2229 3053 ’

332 3108 464 3165 ΙΙΙ.
510 3107 572 3164 Ν
577 3126 651 3163 on
683 3108 987 3181 quaeritur,
1021 3108 1124 3163 An
1151 3109 1297 3163 fides
1325 3110 1401 3166 sit-
1429 3110 1691 3179 scientia,
1723 3128 1856 3183 quse
1884 3110 2105 3165 habeat
2131 3108 2492 3165 evidentiam
2518 3131 2530 3167 :
2577 3109 2674 3166 Sic

248 3185 408 3241 enim
432 3185 823 3257 distinguitur
843 3203 882 3241 a
898 3184 1159 3253 scientia,
1172 3203 1304 3258 quae
1325 3188 1507 3243 habet
1527 3205 1833 3243 assensum
1854 3192 2084 3241 certum
2104 3196 2163 3242 et
2186 3185 2540 3254 evidentem,
2565 3186 2670 3258 qui

252 3262 467 3320 nititur
495 3262 723 3319 ratione
751 3265 913 3320 clara
939 3268 999 3316 et
1026 3269 1200 3331 certa,
1231 3269 1291 3318 et
1317 3265 1393 3320 ab
1423 3264 1720 3337 opinione,
1752 3282 1886 3337 quae
1914 3262 2127 3319 nititur
2163 3262 2394 3319 ratione
2434 3269 2672 3319 tantum

254 3340 548 3415 probabili
572 3360 587 3409 ;
631 3340 735 3398 ubi
762 3342 909 3397 fides
929 3346 1100 3395 notat
1121 3358 1426 3398 assensum
1454 3348 1685 3399 certum
1707 3341 1969 3414 quidem,
1994 3342 2097 3397 sed
2125 3339 2544 3409 inevidentem,
2568 3339 2672 3412 qui

255 3437 378 3475 non
406 3418 653 3488 ratione,
684 3421 787 3475 sed
814 3416 1153 3475 testimonio
1181 3418 1385 3476 divino
1416 3420 1666 3476 nititur:
1712 3418 1847 3489 Sed,
1879 3419 1979 3475 An
2012 3435 2281 3475 assensus
2307 3416 2410 3473 ille
2460 3416 2536 3472 sit
2563 3437 2673 3473 coe·

256 3515 377 3567 cus,
402 3497 507 3571 qui
536 3497 700 3553 omni
725 3495 942 3554 notitia
961 3495 1322 3553 destituatur
1344 3519 1358 3567 ;
1402 3498 1487 3554 ita
1506 3503 1577 3553 ut
1603 3497 1819 3555 melius
1872 3514 1976 3571 per
2017 3495 2421 3569 ignorantiam
2468 3496 2675 3551 defini-

257 3580 396 3631 atur
443 3593 627 3649 quam
669 3594 774 3650 per
802 3573 1220 3649 cognitionem,
1250 3582 1320 3632 ut
1360 3574 1632 3649 loquitur
1661 3574 1945 3632 Bellarm.
1963 3576 1991 3630 P
2034 3574 2132 3631 Sic
2157 3575 2303 3630 fides
2331 3573 2424 3629 illi
2446 3582 2541 3630 est
2583 3592 2674 3630 as-

258 3670 464 3710 sensus
492 3671 628 3709 cum
671 3650 1026 3728 ignorantia,
1055 3659 1117 3708 et
1156 3654 1391 3710 credere
1425 3660 1517 3710 est
1560 3653 1832 3710 assentiri
1875 3653 2052 3709 rebus
2078 3651 2315 3726 ignotis,
2401 3650 2550 3709 Haec
2591 3660 2681 3709 est

243 3732 398 3808 fides
426 3730 712 3806 implicita,
744 3750 924 3805 quam
953 3729 1162 3786 dicunt
1191 3731 1384 3788 Laicis
1414 3732 1677 3789 sufficere
1706 3733 1781 3787 ad
1813 3733 2086 3800 salutem,
2118 3731 2165 3785 si
2186 3730 2431 3786 credant
2449 3748 2519 3786 ea
2542 3748 2676 3804 quae

264 3807 531 3865 Ecclesia
558 3810 760 3877 credit,
790 3809 928 3865 licet
970 3808 1236 3864 nesciant
1263 3809 1408 3882 quid
1437 3810 1638 3865 credat
1669 3808 1950 3877 Ecclesia,
1979 3826 2088 3864 nec
2115 3807 2258 3880 quid
2302 3806 2517 3862 debeat
2556 3825 2678 3863 cre-

264 3887 422 3953 dere,
446 3903 555 3941 nec
582 3887 679 3942 cui
703 3886 977 3942 Ecclesiae
999 3886 1362 3942 credendum
1385 3887 1460 3942 sit
1482 3907 1496 3955 ;
1521 3904 1656 3960 quae
1679 3887 1839 3942 dicta
1856 3893 1947 3941 est
1961 3885 2119 3960 fides
2147 3883 2511 3953 Carbonarir',
2535 3884 2679 3956 quia

263 3962 662 4034 interrogatus
690 3963 835 4035 quid
865 3963 1142 4030 crederet,
1167 3964 1490 4035 respondit,
1525 3964 1705 4029 Quod
1738 3962 2001 4019 Ecclesia
2022 3961 2209 4017 credit
2233 3982 2247 4029 ;
2279 3978 2482 4017 rursus
2504 3979 2678 4034 roga·

268 4047 366 4095 tus
388 4040 534 4113 quid
567 4038 828 4095 Ecclesia
855 4040 1132 4108 crederet,
1166 4039 1345 4104 Quod
1375 4059 1502 4113 ego,
1532 4041 1747 4113 inquit,
1778 4041 1970 4096 eredo,

351 4117 467 4175 IV.
513 4116 741 4191 Scopus
771 4116 1218 4173 Pontificiorum
1246 4125 1335 4173 est
1374 4119 1637 4175 detinere
1656 4117 1958 4190 populum
1996 4116 2054 4170 in
2095 4114 2451 4188 ignorantia,
2481 4122 2552 4171 ut
2591 4116 2679 4174 fa-

267 4196 441 4253 cilius
455 4195 679 4269 jugum
708 4194 1141 4261 rPraditionum,
1164 4201 1224 4250 ct
1244 4196 1648 4267 quorumlibet
1672 4194 1957 4250 Errorutn
1980 4200 2040 4248 et
2065 4193 2568 4266 Superstitionum
2590 4195 2681 4251 illi

266 4274 625 4347 imponatur.
710 4272 872 4328 Hinc
894 4272 1053 4328 enim
1079 4271 1324 4340 factum,
1347 4280 1416 4328 ut
1439 4273 1660 4328 La'i‘cos
1688 4290 1725 4326 a
1751 4270 2002 4327 lectione
2026 4270 2340 4343 Scripturae
2364 4272 2681 4340 arcuerint,

267 4357 337 4406 ut
380 4350 558 4408 Sacra
585 4350 787 4408 omnia
826 4350 1037 4423 lingua
1077 4348 1283 4421 ignota
1323 4350 1529 4423 peragi
1565 4348 1885 4416 voluerint,
1916 4354 1985 4403 vut
2026 4348 2069 4404 J
2075 4348 2340 4404 udicium
2384 4349 2458 4404 de
2503 4348 2681 4405 rebus

268 4427 447 4483 sacris
475 4428 640 4484 laicis
667 4428 1032 4496 ademerint;
1066 4425 1143 4482 Et
1161 4426 1247 4482 ita
1275 4445 1468 4483 crassa
1495 4426 1852 4500 ignorantia,
1882 4432 1943 4480 et
1968 4425 2281 4481 horribiles
2308 4427 2563 4482 tenebrae
2592 4434 2681 4481 to-

267 4511 399 4560 tum
426 4502 722 4576 Papatum
747 4506 1105 4579 occuparint,
1130 4511 1190 4559 et
1209 4505 1361 4559 dura
1381 4502 1649 4577 tyrannis
1677 4503 1910 4559 invecta
1937 4503 2044 4572 sit;
2078 4503 2231 4560 Cum
2252 4503 2402 4558 nihil
2426 4510 2547 4559 tam
2568 4504 2682 4560 fal·

268 4598 401 4637 sum
429 4588 489 4636 et
517 4582 841 4638 absurdum
880 4591 1045 4651 esset,
1075 4582 1239 4655 quod
1269 4582 1380 4636 sub
1409 4581 1587 4638 titulo
1622 4581 1942 4638 Catholicae
1972 4581 2108 4637 fidei
2151 4582 2515 4637 credendum
2557 4600 2679 4643 non

269 4658 702 4729 obtruderetur,
726 4667 786 4715 et
813 4660 1051 4732 quidem
1083 4668 1419 4728 ὰβωιιιίσιως,
1448 4667 1507 4715 et
1534 4658 1659 4715 sine
1683 4661 1809 4717 ullo
1839 4659 2127 4716 examine.
2221 4689 2225 4692 >

2432 4714 2521 4798 21‘
