3221 5200
538 317 653 378 492
1374 332 1555 372 Locus
1586 331 1845 371 macutus
1874 331 2144 378 Qumrus.
2573 310 2833 393 [ραι-’.επ
2867 333 2991 372 vn.

1468 551 1856 626 QUAESTIO
1896 550 2041 609 VII.

1608 729 1686 767 ms:
1731 729 1886 768 rim-2.

747 878 899 944 Quot
923 873 1100 930 modis
1150 871 1320 928 Fides
1345 880 1619 945 sumatur,
1665 880 1716 927 et
1760 879 1895 945 quot
1921 878 2315 928 recenseantur
2342 873 2459 944 ejus
2484 869 2688 945 species
2711 873 2739 929 ,ἲ

622 1038 670 1095 Ι.
720 1036 804 1094 Ut
842 1031 1087 1090 Vocatio
1117 1039 1204 1088 est
1252 1029 1325 1087 ad
1357 1030 1578 1102 Fidem,
1613 1030 1691 1087 Et
1721 1028 1896 1086 Fides
1936 1029 2151 1105 primus
2180 1028 2417 1087 effectus
2448 1026 2810 1103 VocationiS,
2844 1051 2969 1123 qua

540 1118 713 1174 homo
767 1115 891 1171 Deo
942 1110 1170 1168 vocanti
1213 1110 1537 1186 respondet,
1590 1117 1744 1166 recte
1780 1108 2201 1167 Tractationem
2246 1108 2317 1165 de
2361 1108 2679 1166 Vocatione
2736 1112 2968 1187 exeipit

543 1194 886 1271 Disquisitio
936 1191 1006 1248 de
1040 1190 1202 1264 Fide,
1248 1209 1377 1265 quae
1425 1189 1718 1246 indivulso
1766 1208 1922 1246 nexu
1973 1209 2101 1246 cum
2135 1189 2452 1246 Vocatioue
2495 1189 2803 1264 conjuncta
2847 1203 2963 1249 est.

541 1276 693 1333 Nam
721 1283 785 1332 ut
820 1274 975 1330 Deus
1005 1278 1175 1328 vocat
1197 1289 1299 1347 per
1322 1269 1597 1342 Verbum,
1631 1277 1687 1326 et
1716 1268 2150 1343 promissionem
2181 1269 2381 1344 gratiae
2411 1267 2608 1341 offert3
2657 1269 2747 1325 Ita
2775 1269 2961 1328 homo

538 1375 642 1432 per
689 1354 860 1411 fidem
910 1350 1235 1424 respondet,
1284 1357 1342 1407 et
1374 1349 1811 1440 promissionem
1860 1348 2111 1405 oblatam
2163 1348 2371 1424 accipit
2415 1357 2472 1405 et
2528 1347 2638 1404 sibi
2679 1349 2959 1425 applicat.

541 1435 723 1510 Cujus
771 1429 1044 1507 colloquii
1087 1448 1237 1504 saepe
1288 1428 1546 1485 meminit
1599 1427 1910 1503 Scriptura,
1959 1428 2104 1486 Hos.
2150 1428 2207 1485 ii.
2262 1431 2356 1501 23,
2402 1436 2459 1484 et
2515 1427 2688 1484 Zach.
2734 1428 2859 1486 xiii.
2892 1432 2955 1501 9,

541 1517 576 1547 “
603 1514 808 1571 Dicam
840 1509 1157 1600 Lohammi,
1191 1509 1280 1566 Tu
1311 1528 1372 1564 es
1414 1507 1662 1583 populus
1692 1527 1871 1580 meus»,
1903 1515 1961 1565 et
1990 1507 2110 1583 ipse
2158 1507 2327 1582 dicet,
2358 1507 2591 1566 Jehova
2620 1507 2781 1564 Deus
2809 1510 2957 1582 mi,'’

545 1594 642 1652 Sic
675 1593 827 1650 Psal.
859 1588 1044 1648 xxvii.
1076 1590 1131 1661 8,
1165 1588 1290 1646 Jer.
1315 1586 1394 1644 iii.
1426 1592 1521 1660 22,
1550 1586 1717 1643 Rom.
1750 1587 1870 1644 viii.
1907 1590 1996 1660 15,
2036 1591 2125 1645 16.

1145 1668 1229 1724 ΙΙ.
1277 1667 1438 1724 Fidei
1462 1675 1621 1724 tanta
1642 1675 1729 1723 est
1752 1666 1810 1723 in
1833 1667 2066 1743 negotio
2090 1665 2292 1725 salutis
2310 1666 2639 1739 necessitas,
2660 1674 2725 1724 ut
2747 1685 2953 1741 quem-

1061 1747 1371 1822 admodum
1401 1748 1458 1803 in
1488 1766 1602 1804 uno
1634 1746 1863 1804 Christo
1894 1767 2066 1804 causa
2094 1746 2297 1804 salutis
2327 1744 2437 1802 sita
2465 1756 2585 1819 est3
2633 1746 2725 1803 Ita
2746 1745 2803 1801 in
2835 1765 2959 1803 una

1059 1826 1173 1885 fide
1205 1827 1279 1884 sit
1306 1827 1558 1884 medium
1589 1835 1647 1884 et
1676 1825 1771 1882 via
1813 1825 1888 1883 ad
1917 1826 2224 1884 Christum.
2286 1825 2442 1882 Hinc
2463 1824 2783 1884 celebratur
2819 1835 2952 1882 tan·

536 1926 710 1982 quam
738 1907 1010 1964 vinculum
1031 1916 1237 1964 nostroe
1265 1927 1394 1964 cum
1419 1906 1640 1965 Christo
1664 1906 1895 1979 unionis,
1928 1905 2064 1981 quia
2092 1905 2313 1962 habitat
2343 1905 2401 1960 in
2423 1905 2589 1961 nobis
2626 1925 2727 1981 per
2753 1904 2953 1980 fidem,

537 1986 687 2063 Eph.
732 1986 812 2044 iii.
867 1989 974 2057 173
1028 1996 1091 2045 ut
1135 1988 1378 2044 conditio
1419 1986 1674 2043 Foederis
1708 1985 1927 2044 Gratiae
1956 1984 2062 2042 sub
2091 2005 2206 2061 qua
2249 1984 2403 2042 salus
2460 1983 2625 2041 nobis
2670 1984 2959 2061 promitti-

535 2075 645 2137 tur,
670 2068 898 2139 fructus
937 2067 1257 2141 Electz’onis,
1304 2067 1416 2125 Tit.
1443 2066 1478 2123 i.
1519 2070 1539 2122 l
1571 2087 1584 2139 ;
1618 2085 1892 2139 oryanum
1925 2065 2356 2143 justificationis,
2406 2063 2572 2121 Rom.
2598 2084 2653 2120 v.
2692 2068 2757 2139 13
2779 2065 2953 2138 prin-

535 2146 740 2220 cipium
767 2146 1231 2223 sanctificationis,
1266 2146 1400 2204 Act.
1435 2166 1532 2202 xv.
1565 2148 1599 2202 9
1635 2167 1648 2220 ;
1674 2154 1730 2202 et
1759 2145 2000 2202 medium
2028 2144 2316 2218 ivffallibile
2342 2145 2553 2216 salutis,
2578 2143 2716 2202 Joh.
2747 2144 2826 2200 iii.
2854 2143 2952 2202 16.

538 2224 622 2284 Ut
650 2226 852 2284 merito
877 2226 1060 2285 virtus
1090 2227 1165 2285 sit
1192 2224 1617 2302 quodammodo
1639 2224 2000 2297 universaliS,
2032 2244 2161 2301 quae
2190 2224 2381 2282 omnia
2408 2223 2597 2281 fidelis
2625 2223 2826 2294 officia,
2848 2224 2951 2280 vel

535 2303 848 2362 formaliter
876 2305 1135 2379 includit,
1169 2306 1263 2363 vel
1321 2313 1739 2390 consequenter
1768 2313 1826 2363 et
1864 2304 2188 2362 necessario
2227 2311 2358 2380 post
2402 2322 2461 2360 se
2493 2302 2686 2361 trabit.
2775 2303 2951 2360 Unde

528 2385 704 2460 juxta
722 2385 912 2442 varios
942 2386 1068 2462 ejus
1097 2394 1260 2443 actus
1310 2394 1368 2443 et
1412 2412 1502 2454 «χι
1491 2394 1552 2439 '50-
1553 2413 1607 2451 5,
1651 2384 1821 2441 modo
1864 2387 2037 2456 οοιιῖο,
2084 2383 2303 2441 ratione
2348 2382 2696 2457 cognitionis
2715 2381 2951 2456 Christi,

533 2465 706 2522 modo
726 2466 976 2538 pedibus,
1008 2466 1227 2523 ratione
1250 2483 1516 2522 accessus
1545 2471 1603 2520 et
1649 2463 1812 2521 refuer
1779 2464 1873 2538 gii,
1918 2463 2090 2520 modo
2113 2463 2364 2520 manibus
2392 2473 2450 2521 et
2478 2483 2582 2536 ort,
2608 2462 2839 2520 ratione
2856 2481 2947 2519 re·

533 2544 814 2620 ceptionis
856 2553 914 2603 et
941 2544 1340 2622 applicationis
1370 2551 1522 2600 recte
1552 2542 1857 2602 confertur.

1142 2624 1259 2680 111.
1307 2623 1482 2680 Fides
1524 2631 1734 2696 autem,
1777 2632 1841 2682 ut
1884 2643 2066 2699 pauca
2095 2623 2165 2681 de
2208 2621 2580 2698 homonymia
2608 2622 2768 2680 vocis
2796 2641 2945 2698 prae—

1054 2703 1366 2775 mittamuS,
1393 2702 1777 2760 diversimode
1829 2703 2073 2761 sumitur
2101 2703 2160 2759 in
2205 2701 2519 2779 Scriptura.
2606 2702 2944 2778 Aliquando

534 2801 638 2858 pro
668 2800 736 2838 ea
765 2800 935 2856 quam
981 2801 1277 2838 servamus
1307 2782 1436 2838 aliis
1461 2782 1760 2857 fidelztate,
1791 2802 1893 2858 per
1934 2802 2105 2858 quam
2145 2783 2210 2841 fit
2247 2781 2404 2858 quod
2445 2781 2659 2839 dictum
2685 2792 2787 2855 est,
2811 2801 2944 2857 quae

534 2860 798 2918 Ciceroni
828 2860 1039 2918 dicitur
1087 2862 1360 2918 dictorum
1392 2869 1445 2918 et
1474 2864 1771 2935 factorum
1826 2863 2152 2936 constantia,
2205 2882 2333 2938 quae
2378 2861 2808 2919 fundamentum
2853 2870 2945 2919 est

524 2940 806 3017 justitiae;
859 2960 987 3016 quae
1043 2961 1156 2998 non
1205 2960 1332 2998 raro
1392 2942 1516 2997 Deo
1545 2940 1830 3013 tribuitur,
1881 2942 2046 3000 Rom.
2076 2942 2157 3000 iii.
2189 2945 2244 2999 3.
2316 2941 2649 3017 Aliquando
2694 2960 2797 3017 pro
2826 2941 2944 2999 fide

533 3041 706 3097 quam
735 3020 1072 3079 adhibemus
1102 3021 1248 3094 aliis,
1281 3041 1383 3097 per
1416 3040 1714 3079 assensum
1745 3022 1823 3078 rei
1868 3021 2033 3081 factae
2063 3022 2156 3079 vel
2193 3022 2415 3095 futurae,
2447 3021 2691 3079 dicentis
2721 3022 2941 3079 veraci·

531 3101 636 3160 tati
660 3101 941 3160 innixum.
1025 3102 1139 3159 Vel
1169 3102 1438 3177 objective,
1469 3120 1573 3177 pro
1601 3101 1715 3158 fide
1745 3121 1869 3177 qnae
1896 3103 2160 3175 creditur,
2194 3121 2292 3159 seu
2319 3100 2580 3159 doctrina
2610 3100 2938 3177 Evangelii,

533 3202 662 3258 quae
692 3191 780 3239 est
807 3182 940 3240 fidei
972 3182 1281 3258 objectum,
1329 3183 1461 3241 Gal.
1494 3182 1529 3239 i.
1564 3184 1658 3255 23,
1709 3184 1736 3238 1
1773 3181 1919 3239 Tim.
1952 3180 1987 3238 i.
2017 3184 2107 3255 19,
2152 3181 2283 3239 Gal.
2315 3181 2394 3238 iii.
2426 3184 2520 3254 25,
2566 3190 2625 3239 et
2652 3180 2779 3256 ejus
2807 3200 2939 3256 pro·

532 3262 779 3320 sessione
826 3272 1081 3335 externa,
1118 3263 1284 3320 Rom.
1317 3263 1352 3319 i.
1384 3266 1438 3320 8.
1525 3261 1639 3319 Vel
1687 3263 1972 3336 subjective
2020 3270 2079 3318 et
2121 3261 2492 3319 habitualiter
2538 3280 2641 3336 pro
2682 3259 2795 3316 fide
2823 3281 2943 3335 qua

531 3343 796 3415 creditur,
850 3362 976 3417 quae
1021 3342 1225 3400 iterum
1269 3362 1303 3399 a
1344 3341 1689 3418 quibusdam
1740 3340 2165 3416 distinguitur
2152 3361 2208 3397 in
2259 3340 2447 3414 fidem,
2495 3360 2609 3416 qua
2664 3341 2943 3397 credemus

531 3423 736 3495 Deum,
785 3421 879 3478 vel
918 3440 1043 3512 qua·
1074 3422 1347 3477 credimus
1388 3424 1528 3493 De0,
1581 3420 1675 3477 vel
1722 3441 1835 3495 qua
1878 3421 2152 3478 credimus
2202 3421 2258 3477 in
2302 3423 2504 3494 Deum,
2551 3429 2615 3478 ut
2670 3420 2941 3478 observat

534 3499 842 3556 Lombard.
863 3499 1000 3557 lib.
984 3499 1064 3556 iii.
1098 3508 1242 3559 sent.
1267 3504 1320 3573 3,
1347 3500 1478 3558 dist.
1510 3502 1604 3573 23,
1640 3510 1703 3557 ut
1733 3500 1976 3558 Credere
2003 3500 2188 3558 Deum
2215 3500 2289 3558 sit
2311 3500 2540 3559 credere
2573 3501 2760 3557 Deum
2790 3518 2936 3567 esse,

535 3578 780 3635 Credere
814 3579 937 3635 Deo
989 3578 1064 3635 sit
1109 3578 1280 3634 fidem
1329 3578 1601 3637 adhibere
1651 3580 1774 3636 Deo
1833 3581 2107 3656 loquenti,
2153 3588 2212 3638 et
2256 3579 2501 3638 Credere
2531 3581 2588 3636 in
2623 3580 2809 3637 Deum
2857 3579 2936 3637 sit

533 3657 799 3714 fiduciam
829 3658 890 3714 in
934 3677 1062 3715 eum
1094 3657 1391 3715 collocare.
1479 3657 1649 3717 Unde
1683 3659 1933 3734 August.
1954 3660 2144 3718 Traet.
2169 3662 2263 3733 29,
2296 3660 2356 3716 in
2384 3659 2542 3734 Joh.,
2578 3662 2613 3690 “
2635 3659 2936 3718 Credimus

538 3737 736 3811 Paulo,
763 3737 865 3795 sed
883 3757 998 3794 non
1029 3738 1087 3794 in
1121 3737 1423 3795 Paulum.''
1513 3737 1628 3795 Sed
1647 3738 1953 3797 discrimen
1982 3740 2092 3797 hoc
2122 3760 2237 3797 non
2266 3748 2354 3797 est
2381 3748 2719 3815 perpetuum
2743 3760 2757 3812 ;
2803 3758 2937 3795 nam

533 3817 670 3876 licet
715 3817 944 3877 eredere
978 3818 1182 3890 Deum,
1214 3827 1272 3876 et
1321 3818 1380 3875 in
1428 3817 1635 3891 Deum,
1681 3817 1963 3894 differant,
2001 3819 2293 3895 Scriptura
2333 3839 2449 3876 non
2496 3839 2624 3875 raro
2668 3838 2771 3894 pro
2820 3838 2937 3875 uno

533 3899 848 3975 eodemque
896 3898 1071 3956 sumit
1097 3898 1327 3957 credere
1374 3898 1513 3970 DeO,
1547 3906 1603 3955 et
1633 3898 1691 3955 in
1724 3899 1929 3969 Deum,
1962 3908 2025 3956 ut
2053 3898 2124 3956 de
2164 3899 2497 3956 Abrahamo
2528 3898 2752 3973 dieitur,
2785 3897 2941 3973 quod

533 3980 836 4037 crediderit
859 3981 998 4054 Dec,
1035 3979 1200 4037 Rom.
1230 3978 1309 4037 iv.
1341 3981 1395 4054 3,
1427 3978 1526 4037 ubi
1556 3978 1749 4055 agitur
1777 3979 1847 4036 de
1876 3978 1989 4037 fide
2032 3978 2404 4054 justificante,
2435 3986 2493 4037 et
2521 3977 2659 4036 alibi
2682 3977 2857 4034 variis
2882 3978 2937 4033 iu

533 4059 692 4118 lociS.

566 1729 701 1773 Fidei
724 1730 988 1773 necessitas

611 1794 662 1832 et
691 1789 919 1845 dignitas.

533 2662 657 2719 Ejus
691 2663 1012 2718 homonymia.

1141 4139 1248 4196 IV.
1296 4139 1534 4198 Rectius
1561 4138 1706 4196 fides
1757 4138 2132 4214 distinguitur
2174 4137 2231 4194 in
2262 4157 2405 4211 eam,
2458 4157 2587 4213 quae
2666 4145 2756 4195 est
2798 4135 2940 4193 nudi

1056 4238 1324 4275 assensus
1374 4219 1603 4277 veritati
1652 4219 1919 4276 revelatae
1979 4226 2037 4275 et
2077 4217 2342 4293 cognitae,
2388 4237 2515 4293 quae
2558 4217 2616 4274 in
2664 4215 2940 4273 Diabolos

533 4298 706 4356 etiam
737 4297 906 4371 cadit,
952 4317 1080 4373 quae
1105 4300 1255 4377 fides
1283 4299 1543 4356 historic-a
1588 4298 1812 4371 dicitur,
1860 4297 1930 4354 de
1959 4317 2090 4374 qua,
2122 4297 2252 4355 Jac.
2284 4297 2341 4354 ii.
2377 4299 2469 4354 19.
2555 4296 2668 4354 Vel
2714 4297 2773 4353 in
2814 4314 2938 4353 cam

535 4397 663 4452 quae
694 4397 822 4435 cum
852 4394 1092 4435 assensu
1121 4377 1293 4435 habet
1322 4378 1570 4454 aliquem
1602 4387 1834 4454 gustum
1866 4385 1922 4434 et
1952 4377 2244 4453 gaudium,
2278 4376 2380 4434 sed
2417 4375 2745 4448 evanidam,
2776 4375 2939 4433 boni·

534 4457 671 4514 tatis
701 4457 928 4532 objecti,
954 4478 1082 4533 quae
1106 4459 1255 4536 fides
1296 4467 1537 4516 vocatur
1579 4485 1662 4530 η
1650 4466 1818 4550 ’.ραις
1822 4484 1857 4530 5,
1892 4456 1961 4513 de
1986 4476 2115 4532 qua,
2151 4456 2360 4514 Matth.
2392 4456 2515 4514 xiii.
2546 4459 2641 4513 20.
2728 4456 2839 4513 Vel
2882 4456 2942 4512 iu

533 4554 679 4608 eam,
712 4555 839 4611 quae
883 4556 1179 4595 assensum
1226 4536 1366 4593 dicit
1410 4537 1774 4613 promissioni
1824 4536 1996 4594 alicui
2046 4535 2324 4613 singulaii
2371 4536 2441 4594 de
2487 4544 2695 4594 eventu
2747 4535 2943 4611 aliquo

535 4613 896 4688 miraculose,
931 4618 1023 4672 vel
1049 4636 1084 4672 a
1115 4616 1298 4688 nobis,
1330 4616 1462 4672 v'el
1448 4637 1503 4672 ιιι
1531 4616 1699 4673 nobis
1728 4625 1785 4673 et
1816 4617 1965 4673 circa
1990 4635 2126 4674 nos
2120 4636 2289 4691 ⁴=upra
2313 4616 2569 4674 ordinem
2596 4614 2942 4691 praestando,

595 4180 788 4236 Species
811 4178 936 4224 fidei.
