3221 5200
582 369 701 426 460
1424 383 1606 424 Locus
1639 382 1897 424 nscmus
1927 382 2201 431 Qum'rus.
2634 362 2911 444 [QUAEST.
2940 380 3026 421 xv.

580 548 686 604 que
725 528 883 584 Deus
911 534 963 582 et
988 526 1150 582 homo
1178 535 1522 583 concurrunt
1547 525 1788 601 quidem,
1819 527 1922 582 sed
1946 526 2043 599 ita,
2097 535 2160 583 ut
2198 526 2256 582 in
2305 533 2546 600 utraque
2576 525 2748 582 totius
2775 525 3023 581 actionis

575 609 766 684 qloria
792 605 899 664 soli
923 607 1051 663 Deo
1080 605 1137 662 in
1163 606 1402 663 solidum
1433 605 1604 663 tribui
1630 607 1839 663 debeat.
1913 605 2231 664 Conversio
2260 605 2559 663 habitualis
2604 624 2708 663 seu
2756 604 3018 680 passiva,

580 687 645 746 fit
673 707 774 764 per
801 685 1103 743 habituum
1146 685 1666 762 supernaturalium
1710 685 2054 743 infusionem
2097 705 2132 742 a
2164 684 2381 762 Spiritu
2431 684 2665 742 Sanct0.
2752 686 3021 741 Actualis

578 788 719 824 vero
750 787 850 825 seu
880 766 1081 835 activa
1094 785 1196 841 per
1236 765 1520 824 bonorum
1550 765 1790 824 istorum
1820 765 2120 823 habituum
2150 765 2505 839 exercitium,
2539 784 2656 841 quo
2684 773 2860 822 actus
2877 764 3020 821 fidei

578 855 636 905 et
663 846 1032 924 poenitentiae,
1065 853 1124 903 et
1151 844 1363 902 dantur
1390 865 1425 902 a
1454 846 1597 919 De0,
1631 853 1690 903 et
1717 845 1790 902 ab
1819 845 2049 903 homine
2079 845 2404 903 eliciuntur.
2492 845 2605 902 Per
2639 845 2804 902 illam
2833 844 3016 901 homo

577 935 892 985 renovatur
936 935 994 983 et
1042 924 1398 983 convertitur
1439 945 1474 982 a
1505 926 1650 983 Deo.
1737 925 1851 982 Per
1876 925 2045 983 istam
2088 926 2261 982 homo
2311 944 2345 982 a
2393 926 2518 982 Deo
2574 933 2902 982 renovatus
2957 934 3018 983 et

577 1026 892 1065 conversus
935 1004 1221 1062 convertit
1270 1024 1330 1062 se
1373 1003 1447 1061 ad
1491 1005 1698 1079 Deum,
1744 1014 1802 1062 et
1839 1013 2002 1063 actus
2030 1005 2170 1081 agit.
2258 1004 2371 1061 Illa
2400 1005 2607 1062 melius
2635 1006 3014 1080 regeneratio

577 1087 804 1159 dicitur,
836 1084 972 1161 quia
1001 1104 1062 1141 se
1090 1083 1266 1143 habet
1294 1084 1368 1141 ad
1396 1084 1632 1143 modum
1661 1103 1828 1143 novae
1858 1085 2194 1159 nativitatiS,
2227 1104 2341 1160 qua
2362 1085 2534 1142 homo
2558 1084 2914 1143 reformatur
2939 1085 3015 1142 ad

579 1165 891 1241 imaginem
923 1164 1208 1222 Creatoris
1237 1165 1344 1222 sui.
1418 1163 1539 1223 Ista
1580 1185 1720 1222 vero
1750 1165 2067 1238 conversio,
2100 1164 2236 1240 quia
2265 1164 2509 1222 includit
2536 1164 2792 1222 hominis
2823 1165 3010 1241 ipsius

582 1245 990 1323 operationem.
1077 1243 1242 1302 Licet
1269 1264 1409 1302 vero
1447 1244 1646 1302 ordine
1678 1245 1951 1322 temporis
1980 1245 2083 1302 vix
2113 1244 2393 1320 distingui
2424 1245 2647 1321 possint
2675 1244 2735 1300 in
2767 1245 3008 1319 adultis,

579 1326 639 1383 in
694 1324 905 1401 quibus
960 1324 1110 1381 actio
1161 1324 1274 1381 Dei
1329 1325 1720 1384 convertentis
1761 1324 2069 1400 hominem,
2121 1344 2416 1401 nunqnam
2472 1332 2560 1383 est
2599 1325 2723 1381 sine
2776 1326 3008 1383 actione

574 1404 825 1463 hominis
870 1424 931 1462 se
981 1404 1369 1462 convertentis
1398 1403 1473 1461 ad
1524 1406 1729 1480 Deum,
1762 1404 1960 1462 ordine
2019 1414 2208 1463 tamen
2264 1414 2483 1463 naturae
2538 1414 2598 1462 et
2645 1405 3010 1462 causalitatis

576 1484 900 1562 praecedere
957 1482 1165 1541 debeat
1205 1484 1517 1542 habitualis
1574 1485 1876 1560 actualem,
1929 1492 1987 1542 et
2028 1485 2178 1543 actio
2223 1485 2335 1542 Dei
2392 1484 2678 1543 actionem
2727 1485 3005 1542 hominis.

581 1565 730 1639 Quia
757 1565 914 1642 prius
945 1582 1036 1622 res
1085 1583 1210 1621 csse
1240 1563 1429 1637 dcbct,
1461 1585 1635 1641 quam
1665 1574 1946 1642 operetur,
1979 1573 2037 1623 et
2077 1574 2142 1623 ut
2184 1564 2376 1621 anima
2403 1584 2520 1622 non
2569 1573 2763 1641 potest
2793 1565 3004 1623 elicere

577 1655 740 1704 actus
779 1643 1139 1721 intelligendi
1170 1652 1229 1702 et
1255 1644 1508 1719 volendi,
1541 1645 1653 1703 nisi
1681 1645 1955 1722 potentiis
1982 1644 2343 1702 naturalibus
2361 1644 2691 1702 intellectus
2713 1654 2773 1702 et
2795 1646 3002 1703 volun-

574 1726 712 1784 tatis
741 1725 1020 1784 instructa
1048 1724 1107 1780 in
1137 1744 1345 1801 genere
1378 1725 1546 1783 Entis
1571 1747 1584 1798 ;
1633 1726 1726 1783 Ita
1752 1745 1866 1782 non
1896 1731 2088 1802 potest
2115 1724 2260 1782 bene
2296 1723 2621 1800 intelligere
2651 1733 2710 1782 et
2753 1725 2916 1784 velle
2949 1727 3004 1782 in

575 1825 785 1883 genere
812 1805 1006 1879 moris,
1032 1804 1143 1861 nisi
1171 1824 1273 1881 per
1302 1804 1707 1882 dispositiones
1737 1814 1794 1863 et
1816 1805 2047 1863 habitus
2078 1804 2539 1881 supernaturales
2566 1814 2850 1862 renovata
2911 1807 3004 1864 sit.

576 1886 771 1944 Arbor
810 1886 965 1943 mala
990 1903 1105 1941 non
1148 1893 1339 1960 potest
1367 1885 1549 1943 bonos
1579 1885 1797 1944 fructus
1840 1884 2002 1958 ferre,
2034 1884 2145 1942 nisi
2188 1904 2263 1941 ex
2290 1884 2445 1941 mala
2473 1884 2625 1942 bona
2651 1884 2816 1960 prius
2845 1884 3007 1944 facta

575 1967 668 2025 sit.
756 1965 944 2023 Actus
994 1964 1281 2022 secundus
1325 1966 1650 2023 necessario
1696 1965 1967 2043 supponit
2013 1964 2276 2040 primum,
2330 1973 2388 2023 et
2431 1963 2720 2040 objectum
2759 1965 2924 2040 quod
2971 1987 3003 2023 a

574 2047 844 2105 facultate
874 2043 1225 2122 apprehendi
1254 2044 1443 2118 debet,
1476 2045 1806 2104 facultatem
1837 2046 2018 2122 ipsam
2050 2045 2157 2102 rite
2176 2043 2531 2120 dispositam,
2562 2043 2805 2120 requirit
2834 2058 3001 2104 ante-

574 2127 845 2184 cedenter
873 2125 948 2183 ad
975 2125 1103 2202 ejus
1145 2123 1547 2200 receptionem.
1636 2125 1752 2182 Hic
1781 2145 1919 2201 ergo
1948 2124 2165 2201 primus
2195 2134 2283 2182 est
2324 2124 2541 2201 gradus
2570 2125 2772 2199 gratiae
2803 2125 2996 2183 effica-

574 2207 675 2281 cis,
701 2226 816 2282 quo
862 2206 1021 2263 Deus
1065 2204 1287 2261 animos
1332 2204 1664 2263 Electorum
1706 2206 1907 2263 intima
1949 2204 2196 2280 quadam
2248 2212 2306 2262 et
2360 2203 2611 2261 mirabili
2658 2205 3000 2282 opera-tione

572 2294 890 2363 regenerat,
916 2294 974 2343 et
1000 2284 1183 2342 veluti
1220 2284 1291 2341 de
1320 2304 1474 2343 novo
1504 2295 1660 2343 creat
1680 2284 2034 2343 infundendo
2068 2283 2343 2360 Spiritum
2372 2283 2686 2358 vivificum,
2708 2285 2891 2359 quiin
2916 2287 3000 2342 in-

573 2366 713 2424 tima
735 2365 939 2422 animae
978 2364 1294 2441 penetralia
1322 2364 1613 2424 illabendo
1631 2365 1863 2441 refingit
1891 2364 2145 2422 animum
2173 2364 2378 2440 ipsum,
2401 2363 2641 2422 vitiosas
2663 2366 2795 2440 ejus
2826 2365 2998 2423 incli-

571 2447 836 2504 nationes
866 2454 923 2503 ct
950 2444 1285 2521 praejudicia
1313 2446 1586 2521 sanandO,
1633 2453 1691 2504 et
1708 2444 1960 2502 indende
1979 2444 2064 2500 illi
2094 2443 2263 2517 vires,
2297 2453 2354 2502 et
2375 2443 2997 2520 principiumsormale

572 2526 647 2583 ad
676 2534 839 2583 actus
868 2523 1193 2602 spirituales
1222 2532 1279 2581 et
1308 2524 1649 2600 salutiferOS,
1682 2524 2011 2598 eliciendOS,
2044 2543 2158 2599 quo
2194 2543 2364 2581 sensu
2395 2524 2638 2580 dicimur
2654 2544 2784 2581 esse
2816 2534 2996 2593 «0529-

575 2617 697 2671 Θωῦ,
732 2626 869 2680 opus
898 2605 1015 2663 Dei
1038 2604 1217 2661 creati
1255 2605 1312 2661 in
1344 2606 1566 2663 Christo
1614 2610 1698 2664 ad
1737 2608 1882 2664 bona
1930 2625 2122 2680 opera,
2175 2604 2322 2680 Eph.
2369 2604 2426 2662 ii.
2462 2607 2555 2662 10.
2641 2605 2719 2663 Et
2775 2625 2992 2663 novam

572 2686 933 2743 nativitatem
964 2682 1382 2758 consequimur,
1430 2706 1504 2743 ex
1543 2706 1658 2761 qua
1686 2696 1849 2743 actus
1877 2685 2012 2743 fidei
2040 2694 2099 2743 et
2127 2684 2421 2742 charitatis
2443 2684 2752 2760 profluunt,
2785 2688 2813 2741 1
2847 2686 2893 2744 J
2897 2687 2994 2743 oh.

573 2764 651 2820 iv.
685 2767 738 2836 7,
772 2772 829 2820 et
857 2784 913 2821 v.
950 2766 1001 2820 1.
1089 2762 1181 2818 Ita
1208 2762 1519 2823 habitualis
1562 2765 1674 2823 ista
1702 2766 2018 2823 Conversio
2048 2763 2311 2822 consistit
2337 2764 2397 2821 in
2426 2764 2724 2840 principiis
2753 2766 2991 2841 agendi,

573 2863 702 2918 quae
736 2843 894 2901 Dens
923 2840 1070 2898 indit
1109 2840 1478 2902 facultatibus
1518 2845 1769 2902 hominis
1812 2845 2081 2923 corrupti,
2113 2864 2241 2920 quae
2271 2852 2405 2902 sunt
2446 2844 2755 2920 qualitates
2785 2865 2992 2922 super-

570 2923 878 2998 naturaleS,
928 2942 1031 2980 sen
1068 2921 1316 2995 habitus„
1348 2931 1406 2980 ct
1448 2923 1875 3001 dispositioneS,
1921 2945 1955 2982 a
2002 2924 2213 3001 quibus
2240 2924 2480 2982 resultat
2507 2925 2764 3000 potentia
2793 2927 2993 2984 activa

570 3022 695 3060 sese
726 3001 1116 3075 convertendi,
1143 3002 1343 3077 quales
1377 3003 1672 3081 Scriptura
1701 3004 1975 3081 intelligit
2003 3025 2105 3081 per
2136 3003 2255 3063 Cor
2275 3024 2492 3076 novum,
2519 3024 2622 3079 per
2644 3024 2831 3063 semen
2854 3007 2989 3080 Dei,

566 3103 671 3161 per
698 3087 898 3158 ocul03,
931 3102 1115 3158 aure3,
1149 3091 1380 3141 mentem
1424 3092 1482 3143 et
1526 3085 1655 3144 sim.
1708 3105 1837 3161 quae
1867 3085 2143 3142 denotant
2171 3083 2389 3159 aliquid
2421 3083 2721 3157 inhaerens,
2752 3095 2814 3142 et
2855 3105 2987 3162 per-

566 3184 822 3224 manens

645 3245 826 3305 XIV.
875 3245 990 3304 Sed
1020 3245 1157 3321 quia
1197 3242 1409 3303 frustra
1438 3254 1591 3304 esset
1620 3245 1838 3323 primus
1889 3244 1984 3302 ille
2016 3243 2230 3321 gradus
2261 3242 2383 3301 sine
2413 3244 2682 3316 secund0‚
2726 3244 2987 3303 Conver-

565 3325 785 3383 sionem
813 3326 1167 3384 habitualem
1226 3326 1487 3400 seqnitur
1532 3326 1794 3399 actualis»,
1831 3344 1945 3401 quo
1975 3325 2147 3381 homo
2194 3331 2357 3381 actus
2400 3324 2538 3400 agit,
2587 3325 2713 3382 Deo
2750 3344 2828 3381 ex
2857 3325 2991 3401 ipsa

564 3413 764 3462 sanata
786 3413 843 3462 et
864 3412 1083 3462 mutata
1100 3403 1400 3463 voluntate
1424 3415 1615 3464 actum
1640 3407 1825 3481 ipsum
1850 3403 2121 3462 credendi
2143 3413 2200 3461 et
2229 3404 2602 3462 convertendi
2624 3403 2988 3481 proliciente,

562 3492 620 3539 et
663 3484 853 3539 anima
881 3484 1005 3559 ipsa
1055 3483 1137 3541 sic
1180 3492 1336 3540 mota
1380 3494 1574 3542 actum
1604 3505 1771 3543 suum
1811 3484 2048 3542 vitalem
2091 3484 2270 3542 libere
2299 3482 2605 3542 eliciente:
2650 3483 2777 3557 Quo
2808 3504 2987 3544 sensu

565 3561 726 3617 Deus
754 3560 965 3618 dicitur
985 3562 1120 3618 dare
1143 3579 1255 3616 non
1278 3571 1499 3620 tantum
1529 3566 1844 3641 potentiam
1875 3563 2162 3638 credendi,
2189 3562 2288 3621 sed
2322 3571 2374 3617 τὸ
2399 3572 2632 3630 mnium,
2659 3583 2758 3621 seu
2790 3564 2986 3640 ipsum

561 3647 771 3714 actum,
806 3640 957 3697 Phil.
989 3641 1026 3698 i.
1058 3641 1154 3714 29,
1187 3644 1245 3696 et
1280 3650 1332 3696 τὸ
1368 3651 1518 3697 Simu
1564 3653 1644 3697 καὶ
1693 3654 1886 3715 inmun,
1911 3647 2047 3702 velle
2065 3653 2118 3701 et
2133 3645 2431 3720 perficere,
2464 3664 2588 3721 cap.
2619 3644 2677 3700 ii.
2715 3647 2806 3716 13,
2840 3665 2984 3721 qua·

559 3728 729 3777 tenus
776 3719 1022 3797 Spiritus
1055 3720 1113 3778 S.
1145 3723 1360 3780 excitat
1401 3721 1757 3780 intellectum
1801 3731 1859 3781 ct
1887 3724 2242 3781 voluntatem
2273 3735 2330 3784 et
2378 3723 2631 3799 reliquas
2671 3722 2986 3782 facultates

559 3799 730 3857 novis
758 3800 1135 3877 qualitatibus
1163 3802 1435 3877 praeditas
1479 3811 1537 3860 et
1579 3801 1980 3878 sanctificatas,
2013 3803 2087 3860 ad
2116 3805 2372 3863 actiones
2418 3803 2603 3862 bonas
2645 3802 2983 3863 eliciendas.

559 3880 861 3955 Quomodo
892 3881 948 3938 in
977 3880 1272 3942 reddendo
1303 3882 1432 3941 visu
1461 3883 1630 3940 caecis
1660 3882 1923 3941 Christus
1952 3882 2067 3941 duo
2096 3883 2234 3960 egit.
2282 3883 2476 3942 Primo
2495 3883 2694 3941 oculos
2731 3884 2982 3959 aperuit,

556 3970 616 4020 et
643 3962 725 4019 ita
753 3961 871 4019 vim
895 3961 1130 4020 videndi
1161 3963 1427 4037 restituit,
1460 3961 1669 4021 deinde
1713 3962 1848 4020 fecit
1876 3972 1939 4021 ut
1981 3963 2180 4020 eodem
2211 3972 2502 4022 momento
2529 3964 2702 4021 homo
2731 3962 2986 4022 videret.

560 4041 652 4098 Ita
707 4042 766 4098 in
814 4044 1229 4102 resurrectione
1288 4043 1508 4117 Lazari,
1554 4042 1746 4100 anima
1800 4042 1984 4118 prima
2037 4043 2146 4101 fnit
2184 4043 2410 4102 reddita
2464 4042 2704 4119 corpori,
2765 4041 2982 4101 deinde

557 4121 765 4179 vitales
794 4123 1048 4180 actiones
1090 4123 1304 4183 elicuit.
1394 4124 1488 4182 Sic
1520 4122 1682 4180 Deus
1727 4121 1951 4179 actione
2002 4143 2106 4181 sua
2155 4124 2544 4201 omnipotente
2592 4121 2860 4200 producit
2912 4123 2982 4181 in

557 4200 787 4339 homige
818 4222 920 4260 seu
949 4203 1244 4263 voluntate
1274 4223 1457 4262 novas
1486 4202 1812 4281 qualitateS,
1866 4201 2074 4260 deinde
2119 4203 2251 4261 illas
2294 4203 2597 4262 facultates
2639 4202 2856 4261 excitat
2897 4204 2982 4261 ad

555 4300 591 4336 a
635 4301 704 4338 en
751 4302 863 4339 um.

593 4300 768 4420 gXV.
802 4361 966 4419 Licet
993 4382 1132 4420 vero
1161 4363 1464 4439 utrobique
1498 4362 1658 4420 Deus
1693 4369 1750 4420 et
1775 4361 1950 4419 homo
1979 4371 2336 4438 concurrant,
2369 4360 2756 4420 diversimode
2778 4369 2979 4420 tamen

551 4449 917 4498 concurrunt.
964 4441 1111 4499 Nam
1142 4441 1533 4500 conversionis
1561 4441 1873 4499 habitualis
1903 4442 2062 4500 Deus
2084 4451 2173 4500 est
2202 4443 2325 4500 sola
2352 4462 2541 4515 causa,
2586 4461 2715 4517 quae
2758 4460 2884 4498 eam
2914 4443 2982 4500 vi

560 4518 807 4593 Spiritus
835 4520 1185 4579 vorticordia
1213 4520 1385 4579 efficit
1408 4521 1530 4579 sine
1558 4522 1680 4580 ulla
1707 4521 1956 4580 hominis
1986 4522 2406 4599 cooperatione,
2439 4522 2540 4598 qui
2567 4520 2679 4595 hic,
2711 4519 2977 4597 qnando-

554 4598 787 4671 quidem
817 4600 1010 4675 agitur
1037 4601 1107 4658 de
1138 4621 1207 4659 eo
1236 4601 1584 4676 renovandO,
1619 4621 1678 4658 se
1707 4602 1883 4660 habet
1909 4610 2132 4660 tantum
2154 4604 2379 4678 passive
2408 4611 2466 4660 et
2491 4602 2796 4676 subjective,
2828 4621 2976 4677 qua-

554 4683 723 4733 tenus
768 4688 856 4735 est
898 4698 1113 4735 merum
1166 4680 1490 4755 subjectum
1535 4680 1816 4756 recipiens
1858 4681 2142 4739 actionem
2201 4683 2330 4741 Dei.
2420 4681 2535 4740 Sed
2584 4680 2829 4739 actualis
2882 4701 2975 4739 re·
