3221 5200
306 393 535 443 Qufflsr.
568 372 726 454 xm]
1353 393 1432 433 ns
1461 394 1617 435 neos
1646 393 1768 436 uss.
2601 381 2712 438 111

306 534 496 596 libelli
534 533 778 613 repudii.
864 533 1017 610 Quia
1054 535 1166 593 hoc
1209 536 1391 612 gratis
1420 535 1780 615 supponitur,
1824 554 1942 594 non
1978 536 2270 614 probatur,
2315 537 2422 598 nec
2466 537 2730 599 facienda

312 617 413 675 vel
440 614 823 694 permittenda
851 623 988 675 sunt
1016 614 1310 675 sanctione
1339 636 1616 694 expressa
1640 617 1811 691 mala,
1842 624 1908 676 ut
1936 617 2207 676 eveniant
2233 618 2404 679 bona.

397 696 554 754 XII.
607 696 890 772 Secunde,
927 696 989 755 Si
1017 716 1208 755 usurae
1235 697 1498 755 absolute
1528 705 1723 756 essent
1751 696 1985 773 illicitae,
2012 697 2276 757 Christus
2305 700 2414 758 sub
2441 698 2544 758 illa
2571 700 2729 759 simi-

305 776 566 835 litudine
595 776 843 835 officium
873 776 1169 854 spirituale
1199 776 1271 835 de
1298 777 1561 854 legitimo
1589 776 1937 836 talentorum
1967 798 2075 836 usu
2097 798 2213 836 non
2240 788 2726 857 repraesentasset,

317 856 530 914 Matth.
560 877 722 932 xxv„
756 857 880 915 sine
908 857 1029 915 ulla
1055 857 1442 917 insinuatione
1471 857 1924 934 improbationis,
1956 859 2184 934 qualem
2205 859 2266 916 iu
2284 859 2413 918 aliis
2439 860 2732 937 parabolis

309 936 393 995 ab
422 956 530 995 usu
558 937 882 1014 improbato
911 936 1231 1014 desumptis
1273 937 1498 996 solebat
1538 937 1830 1014 adhibere,
1861 947 1927 996 ut
1969 939 2110 998 Luc.
2141 940 2263 998 xvi.
2294 942 2350 998 8.
2435 940 2559 998 Nec
2586 942 2629 1000 J
2634 942 2730 1001 oh.

314 1017 599 1093 Baptista,
648 1018 790 1076 Luc.
821 1017 900 1075 iii.
936 1020 1028 1094 13,
1082 1018 1433 1076 Publicanos
1481 1018 1583 1094 qui
1631 1027 1788 1077 certo
1836 1019 2021 1096 pretio
2049 1020 2361 1096 vectigalia
2388 1040 2423 1077 a
2452 1021 2732 1080 Romanis

313 1097 732 1189 conduxerant,
769 1097 1003 1175 juberet
1043 1105 1286 1174 tantum,
1327 1106 1551 1157 retenta
1577 1097 1716 1157 vitae
1758 1099 2105 1174 conditione,
2137 1099 2282 1157 nihil
2323 1099 2475 1159 ultra
2502 1121 2732 1179 aequum

312 1197 410 1235 exi
453 1196 567 1236 ere.

398 1197 590 1315 {HL
634 1257 849 1334 Tertio,
883 1257 1093 1317 Usurae
1123 1258 1312 1316 omnis
1338 1277 1479 1317 usus
1506 1277 1615 1317 nec
1650 1258 1710 1316 in
1741 1258 1900 1337 Lege
1941 1260 2294 1337 prohibetur,
2338 1281 2446 1319 nec
2475 1261 2735 1338 aequitati

316 1345 376 1396 et
403 1338 695 1397 honestati
720 1337 1042 1397 intercedit.
1129 1339 1257 1396 Imo
1306 1338 1598 1415 fundatur,
1652 1338 1706 1398 1.
1752 1339 1824 1397 In
1854 1341 2171 1400 necessitate
2211 1351 2264 1399 et
2300 1341 2550 1417 utilitate,
2597 1341 2736 1419 quia

318 1417 443 1476 sine
470 1418 663 1476 usuris
691 1437 807 1476 non
834 1426 1080 1495 possunt
1109 1419 1422 1478 subsistere
1450 1439 1557 1478 nec
1592 1420 1851 1478 exerceri
1877 1421 2235 1497 commercia,
2279 1442 2409 1499 quae
2445 1424 2736 1500 praecipua

320 1506 454 1556 sunt
484 1498 778 1557 societatis
805 1499 1073 1557 humanae
1099 1499 1478 1558 firmamenta.
1562 1499 1664 1558 An
1691 1519 1830 1559 vero
1858 1510 2049 1578 potest
2089 1501 2389 1579 injustitiae
2431 1503 2599 1580 argui
2640 1523 2733 1561 res

321 1579 442 1637 sine
473 1598 589 1656 qua
615 1599 732 1638 non
759 1588 952 1656 potest
972 1588 1124 1638 stare
1152 1580 1406 1639 humana
1434 1579 1699 1657 societas,
1731 1590 1790 1640 et
1816 1601 1932 1657 qua
1971 1581 2202 1641 sublata
2249 1593 2501 1642 cessaret
2548 1583 2736 1642 omnis

319 1659 618 1718 hominum
659 1660 977 1737 negotiatio
1006 1668 1065 1720 et
1103 1663 1465 1719 mercatura?
1507 1665 1564 1719 2.
1595 1661 1670 1718 Ιιι
1710 1663 1970 1737 oequitate
2010 1664 2281 1738 naturali,
2327 1662 2463 1739 quia
2505 1683 2734 1739 aequum

321 1747 428 1813 est,
458 1748 524 1798 ut
551 1739 650 1817 qui
680 1739 1045 1799 commodum
1073 1740 1316 1818 percipit
1343 1761 1419 1798 ex
1466 1761 1576 1800 aere
1605 1741 1812 1818 alien0,
1850 1741 1977 1819 ejus
2014 1762 2244 1819 quoque
2280 1742 2618 1820 participem
2647 1742 2729 1800 fa-

322 1820 439 1878 ciat
466 1820 658 1894 alium,
691 1821 856 1898 cujus
885 1820 1143 1879 subsidio
1171 1821 1282 1878 hoc
1317 1821 1682 1880 commodum
1709 1822 1969 1899 percipit,
2014 1823 2076 1881 in
2103 1822 2357 1880 debitam
2400 1842 2734 1899 compensa-

322 1900 557 1962 tionem.
624 1904 679 1960 3.
715 1901 784 1958 In
798 1904 960 1977 justa
983 1902 1347 1978 qratitudine,
1378 1921 1511 1959 nam
1541 1901 1699 1978 quod
1736 1902 1882 1961 alter
1915 1903 2047 1980 jure
2086 1902 2275 1978 debet,
2323 1902 2384 1960 id
2425 1903 2571 1961 alter
2603 1904 2737 1980 jure

323 1981 570 2058 accipit3
616 1990 677 2040 at
704 1982 804 2058 qui
834 1982 1237 2060 compendium
1265 1981 1404 2040 facit
1432 2001 1507 2040 ex
1535 1982 1724 2040 alieno
1752 1990 1971 2058 mutu0,
2005 1984 2136 2060 jure
2165 1982 2537 2060 gratitudinis
2564 1983 2740 2043 debet

324 2061 559 2138 aliquod
589 2059 871 2142 ἀπίδυςοη
916 2063 959 2122 J
964 2082 1032 2121 us
1060 2062 1214 2120 enim
1242 2071 1462 2121 naturae
1492 2062 1695 2140 exigit,
1725 2072 1790 2121 ut
1818 2063 1970 2140 grati
1999 2064 2179 2122 simus
2207 2063 2278 2121 iis
2307 2064 2408 2139 qui
2437 2063 2606 2122 nobis
2632 2065 2733 2123 be·

322 2141 632 2217 nefaciunt,
679 2163 797 2201 non
845 2151 1069 2201 tantum
1097 2143 1309 2217 verbis,
1362 2142 1465 2201 sed
1506 2150 1564 2201 et
1610 2142 1819 2221 reipsa.
1879 2148 1937 2201 4.
1971 2144 2041 2201 In
2080 2144 2353 2202 charitate
2385 2144 2731 2222 Christiana,

322 2241 454 2298 quse
482 2222 722 2299 requirit
761 2230 827 2281 ut
867 2222 1262 2300 unusquisque
1307 2222 1728 2281 Paterfamilias
1770 2223 1890 2281 suis
1932 2224 2259 2301 prospiciat,
2312 2226 2342 2281 1
2374 2223 2524 2282 Tim.
2567 2245 2625 2283 v.
2671 2229 2737 2302 8;

315 2306 365 2358 2
398 2303 530 2360 Cor.
559 2302 661 2358 xii.
694 2302 786 2378 14,
816 2312 1084 2381 parentes
1112 2303 1326 2361 debent
1353 2302 1740 2361 thesaurizare
1769 2303 1996 2380 liberis3
2029 2304 2078 2361 si
2106 2304 2237 2381 quis
2265 2311 2456 2363 autem
2485 2306 2739 2364 nummis

316 2381 453 2439 -suis
481 2381 627 2439 alios
649 2382 831 2458 juvet,
864 2404 970 2443 sua
998 2391 1191 2443 autem
1220 2382 1499 2459 negligat,
1529 2384 1591 2440 in
1635 2392 1912 2441 aeternum
1954 2405 2076 2443 rem
2118 2404 2282 2442 suam
2322 2405 2441 2443 non
2481 2394 2740 2462 augeret.

331 2463 391 2520 5.
433 2460 495 2519 Α
512 2463 767 2537 paritate
793 2465 1034 2522 aliorum
1062 2472 1462 2538 contractuum,
1495 2463 1596 2540 qui
1636 2462 1828 2521 locum
1869 2465 2087 2524 habent
2126 2464 2186 2521 in
2229 2465 2522 2541 societate,
2567 2474 2626 2524 et
2667 2467 2741 2525 ab

328 2541 598 2600 omnibus
642 2544 973 2622 probantur,
1026 2565 1084 2604 v.
1135 2565 1194 2622 g.
1246 2552 1573 2603 contractus
1626 2542 1970 2621 ἔμφυτιὺσιυς,
2019 2548 2358 2626 cinomia-unq,
2415 2545 2738 2624 locationis,

325 2623 819 2701 commodationis,
845 2624 983 2702 &c.;
1013 2646 1148 2683 nam
1177 2625 1226 2683 si
1255 2645 1330 2684 ex
1357 2625 1643 2685 locatione
1665 2627 1872 2685 domus
1900 2638 1958 2686 et
1985 2627 2167 2702 fundi,
2193 2637 2252 2686 et
2279 2627 2738 2687 commodatione

323 2705 675 2781 utensilium,
700 2706 924 2765 lucrum
952 2706 1161 2783 aliquis
1188 2705 1449 2784 percipit,
1473 2727 1577 2765 cur
1602 2726 1720 2765 non
1747 2708 1962 2785 pariter
1989 2729 2064 2766 ex
2091 2709 2450 2767 mutuatione
2478 2728 2740 2767 nummo-

327 2805 453 2843 rum
473 2788 503 2843 ?
545 2790 600 2844 6.
632 2786 942 2846 Accedunt
973 2787 1393 2864 Imperatorum
1420 2795 1478 2845 et
1524 2788 1753 2865 Regum
1783 2788 2256 2864 Constitutiones,
2286 2788 2498 2866 quibus
2526 2788 2735 2848 modus

327 2874 416 2924 est
442 2866 665 2944 positus
693 2866 1215 2945 foenori‘legitim03
1249 2867 1478 2944 Digest.
1507 2867 1610 2927 lib.
1640 2867 1786 2925 xxii.
1807 2869 2039 2928 Titulus
2067 2876 2156 2927 est
2184 2868 2256 2928 de
2284 2869 2475 2928 usuris
2504 2877 2562 2928 et
2589 2868 2740 2928 fruc-

329 2945 513 3024 tibus;
564 2946 728 3005 Codi.
758 2947 938 3007 Justi.
967 2948 1070 3005 lib.
1099 2948 1178 3007 iv.
1209 2948 1325 3006 Tit.
1355 2951 1452 3007 32.

239 3044 240 3047 ’
943 3027 1126 3087 XIV.
1173 3028 1386 3086 Contra
1413 3047 1618 3087 usuras
1665 3046 1784 3086 non
1827 3026 1981 3102 facit,
2033 3032 2086 3087 1.
2118 3028 2496 3088 Interdictum
2542 3048 2749 3087 usura·

864 3128 990 3167 rum
1019 3107 1178 3187 quod
1205 3114 1368 3166 extat
1396 3107 1587 3165 Exod.
1618 3108 1764 3165 xxii.
1794 3111 1890 3183 26,
1922 3111 2017 3182 27,
2049 3117 2107 3167 et
2130 3108 2321 3167 Levit.
2350 3128 2494 3165 xxv.
2525 3111 2619 3183 35,
2646 3111 2743 3167 36.

857 3189 1006 3264 Quia
1033 3188 1402 3265 restringitur
1429 3187 1732 3245 manifeste
1760 3187 1835 3245 ad
1867 3207 2149 3265 pauperes
2191 3196 2251 3245 et
2291 3195 2633 3263 attenuatos,
2676 3196 2746 3247 ut

329 3277 605 3345 appareat
632 3288 758 3328 esse
797 3268 1085 3348 disparem
1124 3268 1373 3327 divitum
1417 3267 1715 3344 rationem,
1762 3268 1815 3325 si
1854 3277 2044 3326 mutuo
2092 3267 2313 3325 dederis
2345 3270 2562 3343 populo
2600 3288 2740 3343 mea,

320 3349 588 3425 pauperi,
621 3348 700 3407 id.
729 3349 818 3407 illi
844 3351 946 3426 qui
972 3350 1034 3408 in
1060 3348 1276 3427 populo
1305 3348 1478 3408 fuerit
1504 3348 1680 3406 miser
1707 3358 1766 3407 et
1793 3368 2030 3426 egenus,
2061 3348 2208 3405 nihil
2232 3347 2454 3406 habens
2481 3347 2635 3406 unde
2678 3368 2741 3408 se

331 3430 636 3506 sublevet;
681 3437 748 3489 ut
775 3429 986 3489 clarius
1014 3430 1340 3508 exponitur,
1374 3428 1539 3488 Levi.
1567 3448 1712 3487 XXV.
1744 3431 1839 3505 35,
1884 3432 1920 3462 ‘⁴
1953 3430 2016 3489 Si
2044 3435 2376 3488 attenuatus
2415 3427 2588 3488 fuerit
2628 3429 2741 3488 fra-

330 3518 419 3568 ter
445 3518 599 3585 tuus,
633 3509 760 3586 ἕω,
790 3530 907 3568 non
936 3510 1182 3588 accipies
1223 3530 1458 3570 usuram
1486 3509 1560 3568 ab
1589 3510 1718 3584 e0,''
1750 3508 1859 3568 Sto.
1903 3511 1982 3570 Et
2026 3511 2199 3569 Deut.
2229 3529 2331 3570 xv.
2360 3513 2417 3585 7,
2449 3512 2504 3585 8,
2536 3512 2592 3569 9.
2681 3508 2745 3570 Si

328 3590 468 3648 alibi
490 3589 723 3648 videtur
741 3591 979 3650 extendi
999 3591 1076 3649 ad
1095 3611 1295 3651 omnes
1325 3590 1621 3649 Israelitas
1642 3590 2160 3667 indiscriminatim,
2183 3598 2250 3650 ut
2272 3592 2547 3651 Deuter0.
2572 3592 2741 3651 xxiii.

329 3674 426 3744 20,
461 3672 497 3702 “
527 3670 615 3728 Ne
645 3669 780 3729 dato
808 3671 870 3729 in
897 3692 1131 3731 usuram
1159 3671 1322 3731 fratri
1349 3672 1509 3746 tu0,''
1541 3669 1670 3746 &c.,
1702 3672 1799 3730 vel
1827 3672 2171 3751 exponenda
2188 3681 2278 3731 est
2306 3671 2634 3731 interdictio
2663 3692 2740 3730 ex

329 3750 474 3809 locis
503 3750 796 3828 parallelis
827 3752 1021 3810 Exodi
1065 3758 1124 3810 et
1173 3752 1336 3827 Lev.,
1366 3753 1428 3809 in
1465 3752 1677 3828 quibus
1713 3752 2016 3812 manifeste
2063 3752 2432 3827 restringitur
2478 3752 2554 3809 ad
2597 3772 2740 3829 pau-

329 3850 533 3909 peres:
576 3851 684 3889 nec
711 3832 954 3891 obscure
983 3832 1094 3890 hoc
1121 3832 1395 3907 innuitur,
1427 3831 1660 3909 quando
1687 3832 1755 3890 fit
1782 3834 1998 3892 mentio
2025 3852 2214 3891 usurae
2241 3832 2360 3907 cibi,
2390 3832 2579 3888 nimir.
2610 3851 2741 3907 quae

329 3911 688 3988 acciperetur
715 3913 789 3970 ab
831 3932 900 3971 eo
937 3912 1038 3990 qui
1081 3921 1345 3972 mutuum
1395 3912 1570 3971 sumit
1614 3912 1689 3970 ad
1735 3913 1824 3970 sui
1873 3913 2367 3985 sustentationem,
2418 3918 2485 3969 ut
2531 3910 2744 3970 habeat

331 3992 488 4050 unde
517 3992 718 4051 vivat:
762 3993 878 4051 Vel
907 3993 957 4051 si
986 3993 1109 4051 sine
1139 3992 1479 4070 exceptione
1508 3992 1584 4050 ad
1626 4011 1825 4050 omnes
1868 3992 2152 4051 Hebraeos
2194 3990 2452 4065 refertur,
2496 3990 2595 4049 lex
2637 3992 2748 4050 erit

332 4072 582 4131 forensis
608 4073 917 4150 peculiaris
957 4073 1095 4132 huic
1121 4074 1355 4151 popu10,
1399 4082 1465 4132 ut
1505 4072 1712 4131 fortius
1754 4071 1999 4130 societas
2043 4070 2436 4130 Israelitarum
2477 4070 2589 4128 hoc
2616 4071 2745 4129 vin-

331 4153 463 4212 culo
492 4152 965 4229 adstringeretur,
998 4153 1199 4231 quales
1228 4154 1353 4212 alise
1392 4173 1509 4211 non
1557 4172 1756 4230 paucae
1801 4160 1965 4211 erant
2012 4151 2084 4210 de
2135 4150 2334 4224 servis,
2382 4150 2740 4227 pignoribus,

329 4233 504 4311 agris,
537 4233 857 4310 spicilegiO,
889 4243 949 4292 et
977 4234 1125 4309 sim.,
1155 4254 1285 4311 quae
1315 4234 1423 4293 sub
1452 4233 1526 4292 N.
1556 4233 1626 4290 T.
1655 4232 1848 4292 locum
1866 4233 1991 4311 jam
2018 4231 2237 4290 nullam
2265 4230 2500 4289 habent.

410 4314 557 4371 XV.
602 4318 658 4371 2.
689 4313 812 4372 Nec
840 4313 999 4392 quod
1024 4313 1294 4373 laudatur
1321 4324 1386 4373 ut
1405 4315 1602 4391 justus
1631 4314 1731 4390 qui
1760 4313 1963 4371 foenori
2005 4332 2122 4370 non
2152 4311 2268 4385 dat,
2303 4310 2517 4368 Psalm.
2550 4330 2650 4370 xv.
2682 4313 2738 4389 5,

331 4394 546 4453 Ezech.
577 4393 744 4452 xviii.
775 4397 832 4453 8.
918 4394 1068 4469 Quia
1095 4395 1289 4472 agitur
1314 4415 1432 4452 non
1461 4395 1532 4453 de
1561 4413 1739 4453 usura
1768 4392 2114 4469 omnimoda,
2147 4391 2290 4449 alias
2317 4391 2429 4450 hoc
2457 4411 2741 4469 repugna-

329 4483 418 4533 ret
447 4474 620 4548 Mosi,
652 4474 754 4550 qui
781 4474 1035 4551 aliquam
1063 4495 1296 4533 usuram
1326 4474 1624 4553 permittit,
1656 4473 1759 4533 sed
1787 4474 1859 4532 de
1896 4473 2195 4532 mordente
2224 4479 2283 4530 et
2322 4470 2599 4549 improba,
2631 4494 2748 4550 qua

317 4554 583 4613 -creditor
610 4554 769 4612 omni
796 4556 1070 4632 aequitatc
1111 4556 1445 4634 posthabita
1485 4554 1803 4613 debitorem
1846 4574 2014 4612 suum
2057 4559 2257 4611 onerat
2296 4559 2356 4611 et
2394 4552 2619 4630 premit,
2652 4557 2751 4615 vel

327 4634 589 4709 nimium,
620 4635 715 4694 vel
744 4635 918 4693 nimis
945 4635 1134 4714 rigide
1161 4655 1290 4695 eam
1318 4634 1626 4713 exigendO,
1657 4655 1830 4711 quam
1862 4633 1988 4693 Lex
2015 4632 2394 4711 proscriptam
2422 4634 2626 4693 voluit.

313 4762 322 4767 -
411 4714 596 4776 XVI.
637 4718 696 4776 3.
725 4716 851 4776 Nec
878 4715 1038 4794 quod
1066 4716 1331 4776 Christus
1357 4716 1482 4792 ait„
1500 4715 1625 4774 Luc
1656 4714 1736 4775 vi.
1766 4718 1863 4792 35,
1897 4718 1933 4749 ‘⁴
1956 4716 2230 4775 Mutuum
2258 4713 2392 4775 date
2420 4715 2565 4773 nihil
2606 4714 2743 4777 inde

407 3091 589 3138 Fontes
611 3093 749 3139 Solu-

470 3151 677 3196 tionum.
