3221 5200
299 385 526 431 QUAEs‘r.
560 365 668 446 vr]
1179 383 1252 425 m:
1285 384 1626 425 meumst:
1656 386 1729 424 ΕΤ
1762 385 1916 426 rins.
2607 370 2719 430 481

382 527 523 583 XX.
570 527 736 583 Licet
765 526 1018 600 Spiritus
1043 528 1099 585 S.
1121 526 1505 601 promittatur
1526 527 1797 596 subinde,
1822 534 1882 584 ct
1898 529 2073 584 detur
2095 527 2273 584 etiam
2296 527 2571 589 fidelibus
2584 534 2718 606 jam

297 605 524 661 renatis·
547 612 607 661 et
646 605 962 674 conversis,
993 607 1192 678 quoad
1236 623 1615 679 progressum
1656 615 1715 662 et
1754 606 2188 662 incrementum
2217 607 2424 679 gratiae
2475 625 2717 684 regene-

299 684 501 751 rantis,
535 683 679 739 Luc.
718 682 796 738 xi.
840 683 931 752 13,
994 683 1037 739 J
1042 686 1137 740 oh.
1171 683 1266 739 vii.
1309 683 1401 753 38,
1433 684 1526 751 39,
1567 692 1638 740 ut
1665 685 1829 758 quod
1868 683 2043 757 coepit
2069 683 2132 739 in
2161 683 2280 741 illis
2309 686 2537 742 bonum
2566 708 2718 763 opus

297 768 646 834 promoveat
672 769 732 817 et
758 762 1054 834 perficiat;
1096 762 1195 817 vel
1234 763 1310 817 ad
1340 762 1610 834 ejusdem
1650 762 1858 835 gratiae
1887 762 2394 819 confirmationem
2432 771 2493 820 et
2520 768 2717 840 obsig-

298 838 601 895 natione-m
629 857 817 912 usque
845 841 921 894 ad
953 839 1112 896 diem
1140 839 1578 913 redemptionis,
1610 849 1670 896 et
1697 841 1898 913 quoad
1920 841 2146 896 donum
2178 841 2614 914 consolationis,
2640 847 2716 903 de

300 935 421 990 quo
450 917 666 990 agitur,
701 916 853 990 Eph.
886 917 922 973 i.
958 918 1049 987 13,
1084 918 1192 976 14:
1276 917 1422 974 Non
1465 917 1737 991 sequitur
1763 935 1900 973 eum
1943 918 2122 974 etiam
2150 937 2271 973 non
2301 919 2429 976 dari
2474 939 2594 978 non
2630 943 2720 979 rc-

300 995 453 1051 natis
494 996 571 1051 ad
601 996 1104 1067 regenerationem
1148 1004 1436 1070 tanquam
1483 994 1773 1068 Spiritum
1814 995 2275 1069 regenerationis
2302 1003 2362 1053 et
2408 997 2716 1058 illumina-

299 1072 491 1129 tionis,
579 1073 713 1128 Imo
742 1091 877 1129 cum
905 1074 1272 1147 regeneratio
1300 1073 1426 1130 fieri
1457 1092 1575 1129 non
1607 1073 1793 1147 possit
1814 1074 1925 1130 nisi
1955 1092 1993 1129 a
2019 1073 2263 1147 Spiritu,
2294 1072 2335 1130 J
2341 1076 2437 1131 oh.
2469 1075 2550 1134 iii.
2575 1079 2631 1147 5,
2657 1082 2713 1149 6,

297 1151 402 1224 qui
446 1152 665 1207 author
701 1158 790 1206 est
819 1151 953 1207 vitae
1004 1160 1219 1208 nostrae
1264 1150 1603 1226 spiritualiS,
1649 1151 1783 1209 Gal.
1816 1170 1869 1208 v,
1910 1153 2006 1221 25,
2035 1151 2365 1209 necessario
2408 1154 2538 1210 dari
2579 1175 2718 1231 sup-

298 1228 561 1302 ponitur.

384 1306 564 1363 XXI.
609 1307 991 1365 Mortificatio
1019 1309 1271 1366 actualis
1302 1307 1511 1364 veteris
1538 1307 1815 1376 hominis,
1846 1314 1905 1364 et
1930 1307 2248 1364 vivificatio
2288 1309 2448 1380 novi,
2478 1330 2613 1385 quae
2653 1315 2721 1368 fit

300 1403 404 1457 per
445 1386 878 1459 depositionem
905 1387 1207 1456 vitiorum,
1251 1394 1311 1444 et
1353 1386 1488 1442 vitae
1519 1403 1588 1441 ae
1616 1403 1853 1441 morum
1892 1385 2385 1456 emendationem,
2430 1390 2507 1445 ad
2536 1409 2720 1463 quam

299 1465 479 1519 homo
508 1471 880 1537 cooperatur,
912 1465 1183 1538 sequitur
1226 1465 1470 1539 quidem
1519 1462 2028 1536 regenerationem
2056 1464 2443 1535 habitualem,
2475 1475 2545 1524 ut
2563 1485 2721 1543 4pro-

300 1541 464 1614 prius
505 1540 635 1614 ejus
674 1541 924 1614 fructuS,
957 1541 1092 1601 Gal.
1123 1561 1178 1599 v.
1220 1545 1314 1612 22,
1366 1543 1460 1612 23,
1524 1540 1652 1598 Col.
1701 1541 1782 1597 iii.
1824 1541 1878 1612 5,
1937 1542 2043 1617 qui
2083 1542 2159 1597 ab
2203 1561 2275 1599 ea
2315 1545 2573 1617 separari
2617 1565 2718 1603 ne-

342 1618 429 1675 uit
452 1641 465 1688 3
509 1621 611 1675 sed
640 1620 716 1676 ab
739 1638 810 1677 ea
838 1628 1038 1678 tamen
1061 1620 1449 1694 distinguitur
1473 1626 1541 1675 ut
1562 1620 1806 1676 effectus
1834 1637 1870 1677 a
1890 1638 2083 1689 causa,
2107 1627 2167 1676 et
2194 1629 2360 1678 actus
2383 1623 2458 1678 ab
2480 1624 2712 1692 habitu,

298 1638 453 1770 {ph
485 1698 544 1753 ii.
589 1698 679 1766 10,
746 1698 921 1756 Rom.
953 1699 1028 1755 vi.
1075 1701 1131 1768 4,
1193 1699 1363 1756 Ezec.
1394 1697 1594 1754 xxxvi.
1626 1697 1721 1765 26,
1785 1696 1909 1754 Jer.
1954 1697 2136 1753 xxxii.
2180 1697 2273 1753 39.
2362 1699 2511 1756 Ideo
2560 1703 2721 1759 enim

298 1775 473 1831 fimus
501 1794 536 1832 a
565 1775 692 1832 Deo
722 1795 892 1833 novae
921 1785 1224 1846 creaturae,
1257 1784 1324 1832 ut
1352 1777 1414 1832 in
1444 1774 1710 1831 novitate
1738 1775 1877 1830 vitae
1907 1774 2301 1833 ambulemus.

1235 2008 1637 2078 QUAES'PIO
1686 2008 1803 2066 VI.

300 2165 404 2222 An
441 2167 655 2226 Gratia
689 2167 878 2242 efficax
911 2178 1180 2243 operetur
1210 2179 1437 2224 tantum
1476 2165 1737 2224 suasione
1779 2172 2029 2242 quadam
2066 2168 2292 2236 morali,
2338 2189 2513 2244 quam
2555 2170 2723 2229 homo

381 2246 466 2302 vel
491 2248 806 2315 admittere,
836 2246 923 2303 vel
943 2248 1174 2322 rejicere
1195 2247 1376 2322 possit
1392 2248 1418 2301 ,ἲ
1502 2246 1602 2303 An
1625 2265 1756 2302 vero
1779 2248 1986 2304 virtute
2006 2246 2218 2303 invicta
2240 2259 2294 2304 et
2316 2249 2721 2322 omnipotente,

381 2325 472 2381 σαί
496 2325 719 2380 nullum
746 2325 1000 2382 resistere
1020 2326 1206 2401 possit
1233 2323 1470 2380 hominis
1498 2325 1879 2384 Arbitrium!
1940 2324 2113 2383 Prius
2142 2324 2202 2381 N
2207 2343 2298 2400 eg.
2314 2348 2329 2396 ;
2362 2325 2587 2385 Poster.
2610 2328 2722 2384 Af-

382 2404 570 2473 firm.;
601 2410 809 2460 contra
839 2402 1060 2460 Pontis.
1091 2411 1150 2461 et
1179 2402 1419 2460 Armin.

389 2560 433 2617 I.
479 2558 601 2618 Hic
628 2560 963 2636 praecipuus
992 2569 1080 2619 cst
1110 2560 1302 2619 Cardo
1335 2558 1781 2632 controversiae,
1814 2579 1948 2636 quae
1987 2569 2151 2619 mota
2189 2560 2308 2619 fuit
2336 2571 2471 2634 post
2520 2562 2724 2623 Ponti-

298 2640 460 2697 flcios
481 2641 558 2697 ab
572 2639 942 2698 Arminianis
963 2641 1115 2697 circa
1136 2639 1381 2696 modum
1407 2638 1839 2711 ConversioniS,
1853 2659 1988 2716 quae
2009 2640 2253 2698 definita
2273 2640 2393 2699 fuit
2412 2643 2473 2698 in
2496 2643 2718 2718 Synod.

308 2718 596 2775 Dordrac.
625 2718 762 2775 Art.
792 2720 847 2776 4.

901 2796 990 2853 ΙΙ.
1037 2798 1139 2855 Ad
1168 2804 1390 2855 statum
1421 2796 1803 2869 Quaestionis‚
1829 2796 2183 2855 Notandum
2207 2822 2220 2858 ε
2270 2799 2318 2856 1.
2341 2799 2401 2856 N
2407 2820 2484 2857 on
2513 2802 2719 2876 quaeri,

340 2861 514 2962 stassps
543 2862 720 2931 ‘Quaes-
821 2876 924 2932 An
955 2876 1168 2933 Gratia
1195 2884 1509 2932 concurrat
1537 2878 1613 2933 ad
1643 2877 1779 2934 fidei
1810 2877 2280 2950 productionem,
2325 2877 2442 2936 Sed
2471 2898 2722 2952 quomo-

456 2933 598 2963 ¹⁰¹¹¹⁸'
816 2954 914 3021 d0,
966 2963 1024 3010 et
1057 2971 1388 3028 ,quousque
1433 2963 1763 3011 concurrat.
1864 2954 2028 3010 Nam
2075 2955 2418 3012 Arminiani
2444 2957 2724 3013 videntur

302 3030 504 3087 omnia
521 3030 728 3103 gratiae
758 3032 1094 3100 concedere,
1124 3038 1185 3088 ct
1223 3029 1488 3086 fatentur
1516 3032 1771 3087 liberum
1800 3032 2110 3087 arbitrium
2140 3049 2213 3086 ex
2243 3051 2303 3088 se
2342 3033 2489 3089 nihil
2533 3053 2718 3107 posse.

305 3108 422 3167 Sed
451 3126 588 3163 cum
630 3108 954 3162 deventum
983 3116 1071 3163 est
1112 3109 1187 3163 ad
1237 3106 1693 3180 explicationem
1737 3108 1919 3176 modi,
1950 3109 2277 3164 secundnm
2307 3127 2486 3182 quem
2526 3112 2723 3182 gratia

301 3193 621 3260 operatur;
664 3192 794 3240 tum
823 3187 1186 3257 pertendunt
1212 3184 1296 3240 ita
1323 3202 1552 3256 semper
1579 3185 1827 3258 operari,
1860 3192 1929 3240 ut
1955 3185 2215 3257 positum
2244 3186 2319 3241 sit
2359 3186 2417 3241 in
2449 3187 2720 3245 libertate

299 3262 558 3321 hominis
585 3263 682 3318 vel
724 3262 1038 3318 admittere
1067 3281 1195 3319 eam
1227 3262 1321 3317 vel
1365 3261 1622 3333 rejicere,
1655 3263 1750 3318 vel
1778 3279 2014 3336 ponere,
2045 3263 2139 3317 vel
2183 3280 2303 3317 non
2344 3282 2562 3337 ponere
2592 3266 2719 3321 obi-

299 3361 442 3400 cem.
530 3339 708 3398 Unde
738 3359 813 3395 ex
842 3341 1078 3397 duobus
1099 3340 1317 3413 quibus
1345 3340 1553 3394 eadem
1569 3340 1763 3414 gratia
1791 3340 2055 3408 offertur,
2078 3339 2126 3395 si
2157 3359 2313 3396 unus
2335 3342 2718 3413 convertitur,

299 3422 489 3478 altero
520 3418 828 3475 incredulo
858 3425 1151 3488 manente,
1182 3417 1331 3474 ratio
1361 3434 1480 3472 non
1511 3419 1771 3490 petenda
1797 3430 1885 3474 est
1914 3419 2241 3474 secundum
2264 3418 2423 3494 ipsos
2451 3439 2488 3477 a
2507 3422 2717 3494 gratia,

298 3517 433 3573 quae
463 3499 671 3554 eadem
700 3496 792 3566 sit,
823 3499 926 3553 sed
956 3516 992 3553 a
1019 3494 1401 3570 dispositione
1430 3495 1681 3569 subjecti
1720 3514 1825 3553 seu
1867 3495 2143 3564 hominis,
2173 3496 2316 3570 quia
2355 3497 2465 3554 iste
2493 3499 2720 3556 obicem

295 3577 513 3652 posuit,
538 3575 640 3631 ille
670 3594 809 3632 vero
839 3594 955 3631 non
983 3596 997 3644 ;
1040 3575 1118 3632 id.
1151 3592 1308 3631 unus
1335 3573 1538 3646 rejecit
1590 3574 1847 3649 gratiam
1875 3591 2056 3648 quam
2086 3574 2235 3631 alter
2262 3576 2518 3634 admisit.
2621 3578 2721 3635 Ita

298 3657 460 3730 quod
493 3672 617 3710 una
643 3673 829 3711 manu
857 3653 1061 3727 largiri
1091 3653 1388 3720 videntur,
1418 3651 1676 3722 initium,
1706 3670 2102 3727 progressum,
2132 3660 2191 3708 et
2219 3654 2719 3728 complementum

299 3733 490 3789 omnis
518 3732 661 3788 boni
707 3732 894 3788 nostri
933 3751 1055 3788 esse
1100 3750 1136 3787 a
1162 3729 1357 3804 gratia
1405 3730 1812 3804 praedicantes»,
1842 3729 2091 3787 subdole
2136 3731 2324 3787 altera
2369 3733 2714 3806 surripiunt,

298 3812 547 3866 modum
576 3809 934 3881 operationis
961 3810 1131 3866 istius
1161 3807 1503 3866 resistt'bilem
1532 3815 1877 3877 statuenteS,
1909 3809 2018 3864 sub
2048 3826 2168 3881 qua
2195 3826 2335 3865 voce
2365 3827 2717 3867 consensum

297 3893 358 3944 et
384 3887 865 3958 cooperationem
894 3887 1223 3944 voluntatis
1251 3887 1568 3954 occultant,
1598 3906 1722 3960 qua
1761 3888 1943 3941 homo
1981 3884 2170 3958 possit
2209 3903 2438 3959 semper
2460 3887 2553 3942 vel
2582 3888 2718 3961 reji-

298 3982 429 4021 cere
458 3963 554 4018 vel
584 3964 841 4036 recipere
869 3965 1143 4036 gratiam,
1173 3964 1252 4020 id.
1294 3964 1551 4036 seipsum
1579 3964 1926 4020 discernere.

381 4041 511 4098 III.
560 4040 726 4098 Licet
747 4036 948 4096 autem
971 4059 1144 4097 voces
1164 4041 1612 4098 Resz‘stibilitatis
1640 4049 1699 4097 et
1726 4040 1765 4096 1
1774 4038 2228 4097 rresistibilitatis
2249 4040 2473 4112 gratiae,
2504 4049 2564 4099 et
2584 4044 2716 4100 bar-

296 4121 455 4178 barae
484 4120 619 4189 sint,
650 4125 711 4175 et
751 4117 949 4174 minus
991 4126 1145 4192 aptae
1174 4120 1249 4175 ad
1292 4119 1353 4175 id
1384 4120 1546 4192 quod
1592 4118 1883 4193 quaeritur
1908 4117 2347 4189 explicandum,
2391 4119 2529 4192 ipsis
2556 4122 2715 4180 enim

296 4198 604 4256 resistibile
627 4196 846 4254 dicitur
867 4197 1031 4269 quod
1054 4203 1246 4269 potest
1272 4195 1580 4270 impediri;
1610 4215 1746 4252 cnm
1775 4204 1974 4252 tamen
2004 4195 2170 4250 aliud
2200 4195 2275 4252 sit
2302 4197 2584 4266 resistere,
2609 4200 2717 4256 ali-

296 4279 378 4333 ud
410 4294 686 4351 superare
710 4297 724 4345 ;
772 4274 1058 4347 Cogimur
1084 4275 1155 4331 iis
1183 4277 1272 4330 uti
1300 4276 1374 4330 ad
1406 4275 1729 4342 hominem,
1764 4280 1831 4330 ut
1858 4275 2085 4329 larvam
2116 4273 2493 4332 Adversariis
2520 4278 2716 4335 detra·

296 4356 528 4423 hamus,
559 4354 663 4427 qui
693 4354 804 4411 sub
845 4353 959 4410 ista
986 4371 1200 4409 vocum
1231 4352 1510 4421 novitate,
1555 4352 1719 4407 virus
1748 4351 2012 4425 antiquae
2055 4352 2343 4408 haereseos
2385 4372 2715 4429 propagare

300 4440 610 4487 conantur.

380 4508 495 4563 IV.
542 4510 594 4564 2.
626 4509 688 4565 N
693 4528 768 4565 on
801 4509 1090 4584 quaeritur
1119 4509 1210 4566 De
1239 4508 1540 4566 resistendi
1563 4508 1835 4583 potentia,
1864 4509 1960 4565 vel
1998 4510 2072 4564 de
2100 4509 2419 4567 resistentia
2447 4511 2715 4570 inchoata

299 4597 352 4643 et
381 4586 740 4661 inomnpleta,
787 4589 888 4644 An
931 4589 1133 4645 Homo
1163 4588 1346 4661 possit
1389 4587 1654 4644 resistere
1702 4588 1830 4645 Deo
1860 4589 2115 4658 vocanti,
2158 4596 2218 4645 et
2256 4588 2489 4645 resistat
2529 4600 2716 4653 actu?

298 4664 435 4723 Hoc
463 4663 619 4721 enim
654 4665 811 4721 ultro
840 4667 1145 4739 largimur,
1177 4674 1237 4722 et
1265 4685 1484 4740 magno
1513 4673 1715 4722 nostro
1746 4667 1964 4724 damno
1997 4666 2172 4724 nimis
2193 4667 2531 4742 experimur
2548 4690 2562 4738 ;
2593 4693 2713 4734 non

533 4762 678 4800 rans
723 4763 782 4800 11.
2450 4747 2486 4803 2
2517 4764 2558 4804 11
