3221 5200
284 394 501 443 QuAEsr.
535 376 646 458 vn]
1191 396 1267 434 nn
1296 392 1799 435 aus‘rmca’rxoxe.
2581 377 2697 434 585

250 534 257 537 ⁴
287 537 460 594 etiam
492 537 681 596 futura
710 538 1089 595 obversantur
1134 536 1258 595 Deo
1289 546 1352 596 ut
1380 537 1701 614 p1·aesentia,
1731 534 1862 594 Act.
1895 555 1994 593 xv.
2019 535 2111 610 18,
2154 543 2211 594 ct
2240 534 2314 592 ad
2352 534 2565 595 Ghrz’sti
2587 557 2701 596 me·

285 618 457 673 ritum
502 627 584 675 et.
606 618 1081 694 impetrationem,
1114 617 1215 692 qui
1245 626 1404 691 λύοι-ρον
1434 616 1976 675 sufficientissimum
2010 617 2136 672 Deo
2166 616 2377 673 obtulit
2405 636 2508 692 pro
2538 618 2700 693 expi-

287 697 476 754 atione
532 700 785 755 omnium
842 707 1204 774 pcccatorum
1271 707 1615 770 nostrorum,
1673 705 1738 754 ut
1783 705 1841 753 et
1889 694 1962 752 ad
2000 696 2427 771 promissionem
2484 716 2519 753 a
2576 697 2703 756 Deo

287 776 480 834 datam
509 778 568 834 in
600 778 841 835 Foedere
867 778 1083 836 Gratiae
1113 776 1184 834 de
1215 797 1410 834 eorum
1439 778 1791 850 remissione,
1823 795 1990 851 posse
2030 775 2143 832 dici
2171 775 2564 833 remissionem
2596 777 2705 836 sub

289 856 395 913 hac
426 865 583 925 σχέσει
627 857 862 915 extendi
891 857 965 914 ad
1003 857 1195 914 omnia
1230 866 1467 933 peccata
1513 858 1634 915 sive
1681 855 1969 933 praeterita
2009 855 2130 912 sive
2181 856 2388 913 futura.
2493 856 2608 914 Sed
2654 857 2706 915 si

288 937 605 995 attenditur
633 938 879 994 remissio
922 938 1046 1012 ipsa
1074 938 1326 1010 actualis,
1372 957 1500 1013 qua>
1528 937 1594 995 fit
1622 957 1724 1013 per
1748 935 2164 994 intimationem
2208 935 2505 994 sentcntiae
2535 937 2702 995 abso-

288 1016 512 1074 lutoriae
544 1018 601 1073 in
632 1017 800 1074 corde
832 1017 1079 1073 hominis
1123 1016 1408 1074 credentis
1437 1025 1494 1074 et
1522 1016 1872 1092 poenitentiS,
1894 1035 2010 1072 non
2049 1023 2238 1092 potest
2262 1015 2454 1072 referri
2487 1016 2598 1072 nisi
2629 1016 2704 1074 ad

292 1107 527 1172 peccata
549 1098 672 1173 jam
696 1097 1000 1154 commissa
1021 1118 1034 1169 3
1083 1097 1175 1154 Ita
1204 1105 1266 1153 ut
1284 1096 1357 1153 ad
1380 1105 1599 1153 reatum
1624 1105 1984 1172 peccatorum
2008 1094 2367 1170 sequentium
2388 1095 2708 1154 tollendum

293 1176 618 1250 requiratur
658 1176 1019 1252 particularis
1042 1175 1395 1233 remissionis
1424 1175 1749 1252 applicatiO,
1781 1193 1898 1231 non
1921 1174 2092 1231 modo
2136 1174 2329 1250 quoad
2355 1175 2709 1235 remissionis

296 1274 527 1312 sensum
558 1264 615 1313 et
645 1256 1119 1330 certiorationcm,
1166 1255 1269 1313 sed
1311 1263 1368 1314 et
1410 1254 1602 1331 quoad
1646 1256 1828 1330 ipsam
1872 1252 2348 1312 condonationem
2405 1274 2602 1312 veram
2653 1266 2712 1315 et

294 1334 525 1392 realem.

381 1415 534 1472 XX.
584 1415 666 1474 Ut
694 1435 940 1492 persona
989 1415 1080 1474 cui
1126 1423 1362 1492 peccata
1411 1415 1782 1473 remittuntur
1825 1421 2018 1490 potest
2067 1413 2329 1490 spectari,
2378 1414 2475 1470 vel
2518 1415 2710 1491 quoad

296 1503 505 1551 statum
535 1496 754 1570 gratiae,
807 1496 866 1552 in
897 1516 1011 1572 quo
1069 1496 1439 1554 constituitur
1479 1515 1582 1571 per
1624 1494 2119 1570 justificationem,
2171 1494 2265 1550 vel
2313 1493 2507 1570 quoad
2555 1503 2714 1552 actus

297 1574 688 1651 particulareS,
723 1595 869 1651 quos
913 1576 1154 1632 subinde
1186 1585 1375 1651 potest
1406 1577 1783 1645 committere,
1847 1574 1940 1632 Ita
1990 1574 2279 1631 Remissio
2318 1582 2508 1650 potest
2552 1594 2713 1650 spec-

297 1655 405 1711 tari
437 1655 736 1714 bifariam:
770 1656 880 1712 Vel
898 1657 1241 1729 yeneraliter
1268 1654 1459 1731 quoad
1496 1665 1719 1726 statum,
1742 1653 1919 1726 juxta
1963 1673 2131 1728 quem
2167 1654 2326 1709 Deus
2354 1662 2714 1729 peccatorem

299 1732 627 1792 credentem
677 1746 734 1793 et
775 1736 1151 1811 poenitentem
1201 1736 1257 1791 in
1303 1735 1546 1810 gratiam
1591 1734 1797 1809 recipit
1826 1742 2057 1808 propter
2082 1733 2391 1806 Christum,
2425 1741 2482 1789 et
2509 1753 2712 1808 pecca*

299 1822 487 1890 torum
548 1815 819 1886 omnium,
879 1835 1122 1890 quorum
1164 1833 1297 1871 reus
1352 1822 1456 1885 cst,
1509 1813 1739 1870 veniam
1781 1812 1867 1867 illi
1906 1811 2194 1885 largitur;
2240 1810 2354 1868 Vel
2398 1813 2717 1886 specialiter

302 1894 492 1970 quoad
521 1905 677 1952 actus
708 1895 1094 1968 particulares
1142 1900 1524 1968 peccatorum,
1558 1892 1619 1948 in
1660 1911 1788 1967 quae
1820 1890 2062 1949 subinde
2093 1890 2349 1964 incurrit,
2375 1890 2448 1947 ad
2472 1910 2714 1967 quorum

301 1983 521 2031 reatum
554 1974 874 2033 tollendum
905 1972 1127 2048 indiget
1151 1972 1481 2047 particulari
1523 1970 1903 2029 absolutione.
1990 1970 2119 2028 Non
2150 1969 2307 2045 quod
2335 1979 2519 2028 status
2539 1970 2715 2043 justi-

303 2053 587 2112 ficationis
617 2054 675 2109 in
704 2072 875 2128 quem
924 2053 1236 2109 translatus
1266 2060 1353 2109 est
1382 2051 1771 2125 dissolvatur3
1819 2050 1932 2107 Vel
1978 2050 2239 2107 remissio
2282 2050 2459 2108 semel
2509 2052 2719 2111 collata

303 2132 645 2208 abrogetur3
692 2132 829 2208 quia
873 2132 1032 2189 Deus
1062 2140 1254 2189 manet
1304 2151 1529 2208 semper
1559 2131 1733 2188 Pater
1761 2131 1906 2205 ejus,
1941 2130 2042 2186 scd
2076 2130 2248 2188 Pater
2277 2129 2457 2188 iratus
2485 2141 2721 2209 propter

302 2223 540 2288 peccata
569 2233 768 2269 recens
798 2213 1118 2285 commissa,
1151 2232 1279 2286 quae
1308 2212 1443 2268 licet
1458 2211 1648 2288 fllium
1678 2211 1780 2267 irae
1798 2211 2144 2268 constituere
2174 2230 2303 2267 eum
2334 2231 2447 2267 non
2477 2213 2718 2287 possint,

304 2302 536 2370 propter
565 2292 903 2350 Vocationis
934 2300 991 2349 et
1019 2291 1061 2351 J
1066 2291 1464 2349 ustificationis
1484 2290 2004 2348 immutabilitatem
2030 2312 2043 2363 ;
2090 2298 2279 2347 tamen
2301 2293 2399 2348 sub
2421 2291 2511 2348 ira
2528 2292 2721 2366 fllium

305 2382 545 2450 ponunt,
578 2381 642 2430 ut
671 2373 876 2429 merito
920 2371 978 2428 in
1009 2380 1303 2448 paternam
1336 2370 1448 2429 Dei
1497 2370 1956 2444 indignationem
2006 2370 2275 2445 incurrat,
2325 2381 2382 2429 et
2409 2391 2562 2428 nova
2590 2393 2720 2449 pro-

308 2453 441 2510 inde
465 2453 882 2527 justifieationc
916 2471 1016 2509 seu
1046 2452 1379 2510 remissione
1408 2450 1743 2528 particulari
1771 2451 2012 2508 istorum
2041 2460 2406 2526 peccatorum
2435 2451 2724 2511 mediante

307 2532 421 2590 fide
466 2542 522 2590 et
552 2533 890 2610 poenitentia
921 2552 1065 2607 opus
1083 2532 1311 2596 habeat.

390 2613 572 2671 XXI.
620 2614 788 2671 Licet
827 2612 1018 2669 fidelis
1050 2612 1413 2686 justificatus
1455 2613 1728 2668 nondum
1756 2612 1974 2669 habeat
1999 2611 2316 2667 formalem
2342 2618 2722 2685 peccatorum

313 2692 660 2749 futurorum
702 2691 1138 2759 remissionem;
1183 2711 1303 2748 nou
1346 2690 1563 2748 desinit
1591 2691 1801 2746 beatus
1841 2708 1985 2759 esse,
2029 2696 2089 2746 et
2127 2689 2279 2746 liber
2306 2708 2342 2746 a
2369 2692 2727 2748 condemna-

313 2772 474 2828 tione
504 2771 743 2840 actnali,
774 2771 917 2846 quia
944 2770 1408 2827 fundamentum
1438 2769 1620 2826 habet.
1643 2788 1716 2825 ex
1740 2787 1860 2843 quo
1880 2768 2158 2841 colligere
2186 2775 2381 2841 potest
2409 2769 2726 2828 certissime

313 2868 443 2906 eam
477 2851 584 2907 sibi
617 2858 883 2925 paratam
926 2868 1050 2906 esse
1091 2869 1166 2907 ex
1207 2849 1320 2907 Dei
1362 2847 1769 2923 promissione.
1853 2846 1913 2903 N
1919 2866 1983 2904 cc
2012 2847 2058 2903 si
2085 2846 2322 2920 justitia
2353 2846 2573 2904 Christi
2601 2856 2730 2906 tota

315 2928 494 2983 simul
521 2929 871 3002 imputatur,
903 2929 1189 2985 continuo
1231 2928 1462 2984 fructus
1503 2926 1633 2999 ejus
1676 2933 1837 2983 totus
1876 2927 1953 2983 ad
1997 2943 2105 2981 nos
2133 2925 2311 2980 simul
2340 2933 2400 2981 et
2427 2927 2609 2983 semel
2638 2927 2727 2983 di-

313 3011 552 3072 manat;
600 3008 699 3062 sed
732 3006 1054 3061 successive
1084 3024 1191 3079 pro
1220 3006 1452 3062 ratione
1480 3010 1855 3077 peccatorum
1887 3003 2335 3072 incurrentium,
2363 3003 2439 3059 acl
2471 3021 2727 3076 quorum

314 3082 721 3139 remissionem
750 3091 909 3154 ada-gn
936 3082 1090 3138 illud
1122 3083 1231 3138 sibi
1260 3082 1528 3156 quotidie
1556 3082 1733 3137 debet
1761 3081 2057 3154 applicare
2083 3080 2294 3135 fidelis

1234 3342 1638 3413 QUAESTIO
1697 3342 1815 3400 VI.

1286 3519 1363 3557 DE
1394 3518 1760 3559 ADOPTIONE.

674 3664 834 3735 Quid
860 3666 936 3723 sit
962 3662 1247 3739 Adoptio,
1278 3681 1406 3737 quoe
1434 3660 1593 3717 nobis
1621 3661 1682 3716 in
1711 3660 1766 3715 J
1765 3660 2134 3740 unificatione
2161 3663 2346 3719 datur
2368 3663 2395 3718 ἓ

323 3866 498 3910 Altera
538 3878 651 3920 pars
683 3864 797 3907 Jus-
922 3822 974 3880 1.
1021 3820 1233 3878 Altera
1272 3839 1408 3893 pars
1457 3819 1499 3876 J
1505 3819 1913 3876 ustificationis
1960 3825 2048 3876 est
2095 3819 2376 3892 Adoptio,
2416 3820 2538 3877 sive
2577 3820 2735 3895 juris

374 3922 669 3973 tificationis,
699 3923 799 3966 Ad·
840 3900 1103 3959 advitam
1123 3898 1382 3965 collat10‚
1404 3917 1537 3972 quae
1557 3899 1691 3954 fluit
1711 3916 1782 3953 ex
1807 3897 2198 3970 imputatione
2210 3897 2252 3954 J
2261 3898 2471 3954 ustitiae
2494 3899 2733 3969 Christi,

375 3983 522 4038 012210·
844 3998 979 4054 quae
1003 3995 1121 4031 non
1152 3978 1333 4031 modo
1362 3976 1776 4032 liberationem
1806 3993 1842 4030 a
1868 3983 2076 4043 morte,
2101 3977 2202 4031 sed
2231 3982 2290 4031 et
2308 3976 2413 4048 jus
2441 3978 2517 4033 ad
2546 3976 2732 4033 vitam

326 4059 497 4116 nobis
525 4057 855 4132 acquisivit,
886 4075 989 4131 per
1020 4054 1429 4127 Adoptionem
1472 4073 1594 4128 qua
1636 4072 1744 4109 nos
1771 4053 1973 4108 donat.
2062 4053 2208 4109 Ideo
2238 4054 2396 4110 enim
2425 4054 2618 4111 sactus
2646 4056 2733 4111 di-

326 4138 479 4196 citur
509 4148 593 4193 ὑπ
618 4147 738 4204 νόμον
766 4155 870 4211 per
897 4133 1239 4190 servitutem
1286 4131 1726 4199 oeconomicam,
1758 4137 1827 4186 ut
1853 4130 2130 4187 liberaret
2158 4151 2195 4188 a
2223 4132 2504 4189 servitute
2536 4132 2731 4207 Legis,

330 4225 390 4276 et
417 4216 800 4292 adoptionem
831 4232 935 4270 seu
953 4212 1057 4285 jus
1084 4210 1343 4267 filiorum
1373 4212 1543 4268 nobis
1571 4210 1880 4275 conferret,
1909 4207 2042 4265 Gal.
2072 4210 2148 4265 iv,
2179 4212 2234 4279 4,
2266 4211 2320 4279 5,
2351 4229 2423 4267 ex
2446 4230 2566 4286 quo
2595 4230 2739 4284 pen-

330 4299 433 4354 det
459 4297 501 4354 J
509 4316 575 4353 us
604 4297 679 4352 ad
708 4294 913 4360 vitam,
957 4290 1101 4365 quia
1140 4291 1194 4345 si
1222 4289 1353 4362 filii,
1385 4300 1436 4347 et
1474 4292 1738 4355 kaeredes,
1772 4286 1946 4343 Rom.
1983 4288 2103 4345 viii.
2153 4289 2225 4351 17
2249 4310 2262 4358 ;
2311 4288 2389 4346 Et
2408 4289 2450 4346 J
2454 4291 2735 4362 ohannes,

328 4394 454 4448 cap.
487 4376 523 4431 i.
560 4375 650 4441 12,
681 4373 826 4429 dicit
855 4372 962 4429 illis
990 4370 1088 4445 qui
1112 4369 1271 4427 illum
1299 4378 1654 4443 receperunt,
1681 4368 1740 4423 id
1770 4372 1874 4434 cst,
1905 4366 2000 4440 qui
2028 4368 2393 4425 crediderunt
2420 4370 2478 4424 in
2505 4367 2737 4425 Nomen

331 4455 467 4526 ejuS,
497 4455 715 4510 dedisse
744 4453 845 4507 hoc
860 4453 963 4526 jus
992 4459 1057 4504 ut
1085 4458 1268 4506 essent
1282 4448 1395 4520 flii
1424 4446 1557 4504 Dei.
1646 4445 1769 4504 Ubi
1799 4454 1967 4511 ὶξηυσίω
1997 4464 2114 4502 non
2147 4447 2437 4520 significat
2458 4448 2740 4504 autorita-

329 4538 451 4586 tem
481 4550 584 4587 seu
614 4538 983 4605 potestatem,
1014 4529 1159 4602 quia
1185 4528 1280 4583 hic
1308 4526 1541 4599 respicit
1559 4525 1884 4594 inferioreS,
1908 4543 2016 4581 nec
2043 4525 2388 4583 facultatem
2411 4544 2515 4583 seu
2536 4533 2744 4600 poten-

332 4609 496 4678 tiam,
527 4628 649 4684 qua
675 4608 808 4682 quis
835 4608 1018 4682 possit
1066 4626 1125 4665 se
1173 4606 1363 4663 facere
1408 4604 1618 4675 filium,
1664 4606 1766 4662 sed
1811 4611 2008 4675 ἀξίωμα,
2037 4603 2117 4660 id.
2149 4604 2502 4678 dignitatem
2545 4611 2605 4661 et
2639 4605 2745 4679 jus

334 4687 611 4745 filiorum.
