3221 5200
289 365 517 415 Quffisr.
547 346 705 428 xm]
989 365 1068 404 nn
1097 364 1329 405 err-*toro
1354 364 1591 404 cnmsrr
1621 365 2005 408 namneum.
2587 354 2702 410 421

287 528 462 583 quem
492 528 608 567 non
636 515 725 565 est
753 506 909 565 salus
933 528 946 582 ;
994 506 1137 564 Cum
1167 506 1436 564 voluntas
1474 514 1749 582 sequatur
1776 508 2098 566 necessario
2128 506 2414 567 dictamen
2443 508 2702 569 intellec-

288 597 385 645 tus
413 586 666 664 practici,
712 595 772 645 et
798 605 997 644 omnes
1024 594 1230 644 natura
1257 585 1672 644 beatitudinem
1701 596 2000 664 appetant3
2047 588 2400 663 impossibile
2429 588 2576 648 foret
2604 610 2702 648 eos

288 667 366 724 ad
409 668 700 726 Christum
738 685 853 724 non
882 666 1207 741 confugere,
1239 674 1297 723 et
1325 665 1487 723 illum
1517 674 1640 724 toto
1670 667 1840 725 corde
1869 667 2137 744 amplecti
2165 668 2240 724 ad
2268 668 2530 726 salutem.
2589 669 2699 727 At-

288 766 403 822 que
433 747 566 805 hinc
611 747 783 804 etiam
827 753 1001 822 patet,
1050 745 1426 803 Diabolorum
1455 744 1628 804 fidem
1657 747 1802 804 nihil
1850 767 2151 806 commune
2190 747 2400 805 habere
2429 767 2558 806 cum
2588 748 2702 808 fide

293 826 643 901 Electorum,
673 844 806 883 cum
835 825 1019 883 sciant
1058 825 1350 883 Christum
1392 824 1530 883 solis
1574 824 1772 884 datum
1814 846 1941 885 esse
1984 826 2330 903 hominibus,
2361 847 2468 885 nec
2515 828 2698 886 ullum

289 905 617 965 fiducialem
659 906 810 964 circa
838 905 1000 963 illum
1030 904 1235 963 elicere
1253 913 1486 981 queant.

373 986 440 1044 L.
524 990 580 1045 3.
629 988 664 1018 “
694 985 996 1043 Neminem
1044 1003 1213 1061 posse
1263 984 1529 1042 fiduciam
1582 984 1864 1043 collocare
1913 985 1972 1042 in
2022 986 2329 1060 Christum,
2381 985 2481 1063 qui
2528 988 2689 1065 prius

287 1084 406 1123 non
445 1065 679 1124 sciverit
720 1065 1011 1123 Christum
1039 1084 1143 1140 pro
1172 1083 1233 1122 se
1262 1084 1388 1123 esse
1426 1071 1732 1138 mortuum,
1776 1066 1872 1123 vel
1918 1085 2084 1124 suum
2133 1086 2259 1124 esse
2313 1066 2696 1127 Servatorem.

292 1144 604 1203 Hominem
653 1145 806 1203 enim
848 1163 1073 1220 semper
1109 1145 1395 1202 haesurum
1426 1143 1663 1201 anxium
1693 1143 1763 1202 de
1793 1145 1976 1204 salute
2007 1164 2126 1218 sua,
2159 1144 2343 1203 donec
2370 1145 2458 1203 illi
2486 1148 2697 1205 consti·

287 1226 424 1283 terit
452 1226 524 1284 de
553 1224 868 1283 intentione
893 1223 1021 1297 Dei,
1053 1231 1111 1281 et
1139 1223 1210 1281 de
1239 1224 1537 1282 voluntate
1569 1224 1799 1298 Christi,
1833 1224 1930 1281 An
1955 1244 2109 1282 mors
2128 1225 2342 1283 Christi
2364 1224 2451 1281 illi
2472 1246 2547 1283 ex
2573 1228 2698 1284 Deo

282 1305 529 1363 consilio
557 1304 844 1363 destinata
872 1303 991 1362 sit?
1009 1304 1044 1330 ’²
1130 1304 1306 1379 Resp.
1341 1304 1487 1360 Duae
1516 1310 1651 1361 sunt
1676 1313 1869 1380 partes
1898 1323 2000 1363 seu
2028 1312 2192 1362 actus
2233 1304 2460 1363 fiduciae
2503 1305 2697 1364 Chris-

284 1384 475 1460 tianae,
521 1384 741 1462 primus
769 1391 859 1441 est
884 1383 945 1440 in
971 1384 1189 1459 rqfiayio
1217 1383 1291 1441 ad
1335 1382 1644 1456 Christum,
1685 1391 1745 1441 et
1771 1384 1830 1441 in
1859 1385 1987 1460 ejus
2026 1384 2371 1461 receptione,
2416 1387 2700 1461 posterior

282 1472 376 1522 est
404 1465 464 1522 in
491 1464 910 1540 acquic-scentia,
943 1471 1000 1522 et
1028 1462 1425 1537 delectatione,
1470 1482 1600 1538 quae
1629 1463 1884 1522 nascitur
1912 1484 1988 1522 ex
2017 1483 2189 1522 sensu
2236 1464 2449 1522 Christi
2493 1485 2696 1542 appre-

283 1543 470 1602 hensi.
556 1544 665 1602 Ille
694 1551 783 1601 est
811 1552 974 1601 actus
1002 1542 1152 1617 fidei,
1185 1562 1301 1635 quo
1328 1541 1402 1600 ad
1433 1541 1724 1600 Christum
1752 1545 1984 1601 unicum
2031 1544 2394 1602 Servatorem
2433 1546 2694 1621 confugi-

287 1642 431 1698 muS,
464 1634 523 1684 et
550 1625 604 1681 ei
632 1623 1008 1695 adhaeremus,
1038 1642 1256 1697 nosque
1285 1622 1414 1699 ipsi,
1445 1631 1504 1681 et
1530 1621 1719 1698 ipsum
1749 1623 1915 1681 nobis
1942 1623 2297 1700 applicamus
2325 1622 2400 1680 ad
2429 1624 2693 1683 salutem.

288 1702 408 1761 Iste
438 1712 527 1762 est
552 1712 732 1777 actus,
764 1722 895 1779 qu0,
928 1701 1003 1759 ad
1033 1702 1323 1760 Christum
1351 1701 1750 1777 confugientes
1777 1711 1836 1761 et
1864 1703 1924 1759 in
1953 1722 2083 1760 eum
2110 1702 2527 1778 recumbenteS,
2555 1724 2693 1762 con·

280 1781 516 1841 fidimus
545 1803 650 1841 nos
679 1782 1135 1841 communionem
1165 1801 1296 1839 cum
1325 1801 1411 1855 e0,
1443 1781 1570 1858 ejus
1596 1791 1781 1839 morte
1810 1790 1869 1840 et
1894 1781 2190 1840 beneficiis
2217 1781 2428 1840 habere
2450 1790 2508 1840 et
2529 1783 2690 1840 habi-

280 1870 446 1920 turos
473 1863 534 1920 in
562 1871 856 1935 aeternum,
888 1869 946 1919 et
972 1860 1033 1917 in
1061 1880 1130 1918 eo
1158 1860 1594 1936 acquiescimus,
1627 1869 1783 1919 certo
1811 1860 2069 1937 persuasi
2098 1881 2228 1918 eum
2251 1880 2354 1937 pro
2376 1860 2543 1919 nobis
2565 1882 2691 1921 esse

280 1951 590 2016 mortuum,
631 1949 689 1999 et
715 1950 899 1999 morte
928 1959 1032 1997 sua
1059 1959 1166 1997 nos
1194 1960 1325 1998 cum
1367 1940 1493 1997 Deo
1535 1940 1954 1998 reconciliasse.
2044 1940 2209 1997 Prior
2237 1948 2476 1998 vocatur
2501 1960 2536 1999 a
2565 1942 2691 2017 qui-

284 2021 528 2080 busdam
540 2024 692 2099 fides
720 2021 778 2078 in
800 2020 1099 2093 Christum,
1136 2018 1426 2077 Posterior
1435 2020 1586 2096 fides
1615 2021 1685 2076 de
1716 2018 1956 2078 ChristO.
2003 2019 2123 2077 Iste
2140 2019 2375 2095 respicit
2397 2020 2692 2079 Christum

280 2108 348 2158 ut
376 2120 479 2178 pro
509 2121 569 2159 se
600 2109 906 2173 mortuum,
939 2099 1041 2156 sed
1069 2117 1186 2155 non
1216 2098 1359 2173 Ille3
1404 2117 1573 2155 nemo
1602 2098 1754 2155 enim
1785 2099 1928 2156 scire
1956 2107 2148 2174 potest
2177 2098 2467 2156 Christum
2496 2119 2600 2176 pro
2629 2120 2692 2159 se

278 2188 571 2237 mortuum
600 2199 743 2251 esse,
775 2178 886 2235 nisi
916 2177 1072 2254 prius
1101 2178 1161 2233 in
1187 2177 1377 2253 ipsum
1406 2177 1749 2236 crediderit·
1805 2180 1951 2236 Cum
1978 2178 2133 2235 enim
2174 2177 2539 2254 promittatur
2565 2187 2690 2238 tan-

278 2267 405 2316 tum
450 2258 815 2316 credentibus
843 2265 901 2315 et
928 2256 1357 2333 poenitentibus,
1407 2256 1568 2334 prius
1615 2256 1758 2314 mihi
1799 2257 2249 2350 confugiendum
2275 2266 2367 2315 est
2394 2258 2468 2316 ad
2498 2259 2690 2317 Chris-

275 2346 424 2411 tum,
456 2346 514 2396 et
540 2337 806 2395 meritum
835 2337 960 2413 ejus
988 2335 1531 2412 apprehendendum
1559 2356 1689 2394 cum
1721 2337 1883 2394 seriae
1911 2337 2263 2413 poenitentiae
2291 2338 2500 2412 studi0,
2531 2347 2690 2397 anto-

278 2436 457 2493 quam
486 2426 735 2475 statuere
763 2435 988 2493 queam,
1032 2424 1276 2474 mortem
1319 2416 1531 2474 Christi
1560 2415 1635 2473 ad
1661 2435 1753 2474 me
1781 2417 2066 2493 pertinere
2095 2437 2168 2474 ex
2202 2416 2313 2475 Dei
2341 2417 2588 2493 decret0,
2633 2428 2693 2480 et

282 2497 497 2555 Christi
543 2496 881 2555 intentione.
982 2497 1113 2553 Non
1158 2496 1313 2571 quod
1358 2495 1502 2554 fides
1550 2515 1679 2553 mea
1716 2495 1905 2571 faciat,
1946 2505 2011 2554 ut
2055 2496 2317 2555 Christus
2349 2517 2453 2574 pro
2490 2517 2583 2558 me
2613 2499 2693 2557 sit

278 2587 539 2637 mortuus
560 2599 575 2653 3
599 2596 755 2636 mors
783 2576 936 2636 enim
959 2575 1175 2635 Christi
1201 2575 1489 2635 antecedit
1517 2595 1746 2635 omnem
1773 2576 1945 2636 fidem
1977 2576 2035 2634 in
2065 2596 2274 2653 genere
2304 2596 2491 2638 causae
2519 2579 2686 2637 meri-

276 2658 459 2732 terim,
511 2668 570 2716 et
598 2658 785 2734 gratia
812 2656 947 2715 fidei
976 2655 1236 2715 effectrix
1264 2665 1353 2715 est
1380 2656 1600 2716 fruetus
1641 2656 1809 2715 istius
1849 2657 2085 2732 mortis3
2145 2657 2248 2715 sed
2275 2657 2412 2734 quia
2439 2667 2529 2717 est
2556 2659 2690 2718 cha-

278 2746 465 2797 racter
493 2746 551 2796 et
580 2738 850 2811 conditio,
882 2756 957 2794 ex
984 2756 1099 2813 qua
1127 2756 1162 2793 a
1188 2736 1491 2813 posteriori
1538 2756 1793 2813 agnosco
1842 2745 2082 2795 mortem
2131 2736 2345 2796 Christi
2373 2737 2446 2795 ab
2476 2747 2689 2798 aeterno

277 2817 420 2874 mihi
449 2817 794 2876 destinatam
822 2836 966 2875 esse.
1032 2817 1154 2874 Nec
1183 2816 1233 2874 si
1260 2816 1515 2874 nondum
1546 2817 1836 2876 Christum
1866 2837 1970 2894 pro
1998 2837 2090 2875 me
2119 2824 2405 2876 mortuum
2439 2827 2689 2886 statuere

277 2916 531 2972 possum,
563 2905 866 2973 propterea
904 2896 1136 2954 haerebo
1166 2915 1390 2973 semper
1417 2896 1644 2971 anxius,
1677 2906 1735 2955 et
1762 2897 1990 2957 nutabit
2017 2896 2162 2955 fides
2190 2917 2320 2955 mea
2343 2920 2357 2956 ι
2416 2898 2565 2971 Quia
2593 2898 2686 2956 fir-

276 2976 447 3036 miter
493 2976 705 3050 poterit
747 2976 854 3033 niti
902 2975 1377 3051 promissionibus
1426 2976 1791 3050 generalibus
1841 2976 2167 3052 Evangelii,
2217 2977 2583 3035 credentibus
2632 2988 2690 3038 et

276 3053 688 3130 poenitentibus
722 3054 905 3127 factis,
936 3054 1089 3112 unde
1118 3063 1274 3111 certa
1302 3055 1710 3129 consequentia
1737 3074 1973 3130 possum
2002 3074 2036 3111 a
2061 3055 2365 3130 posteriori
2393 3056 2684 3132 colligere,

272 3133 327 3191 si
354 3132 528 3190 fidem
559 3132 727 3190 istam
757 3140 815 3190 et
842 3133 1235 3209 poenitentiam
1264 3133 1325 3189 in
1353 3153 1444 3190 me
1473 3133 1919 3209 deprehendero,
1953 3153 2050 3191 eas
2078 3133 2153 3190 ad
2181 3153 2272 3190 me
2301 3135 2602 3210 pertinere.

361 3212 462 3269 LI.
507 3216 563 3270 4.
597 3215 632 3245 ‘⁴
648 3212 744 3269 Ex
766 3219 963 3269 nostra
983 3211 1290 3288 hypothesi
1314 3211 1511 3269 subrui
1532 3211 1969 3270 fundamentum
1991 3212 2401 3270 consolationis
2421 3223 2685 3289 peccato-

272 3312 420 3366 rum,
453 3311 520 3350 eo
549 3291 707 3368 quod
733 3290 1039 3368 procedere
1063 3290 1374 3349 debeamus
1395 3311 1429 3348 a
1448 3291 1777 3367 particulari
1808 3291 1881 3349 ad
1910 3291 2264 3350 universale:
2294 3292 2559 3351 Christus
2580 3314 2684 3370 pro

268 3372 566 3448 aliquibus
594 3380 854 3430 mortuus
883 3379 1005 3430 est:
1050 3371 1208 3447 Ergo
1236 3391 1339 3448 pro
1367 3390 1459 3429 me
1488 3380 1749 3429 mortuus
1777 3372 1901 3429 erit.
1949 3372 2092 3429 Cum
2114 3372 2289 3448 juxta
2316 3371 2481 3430 bonae
2511 3393 2683 3450 argu-

274 3451 643 3510 mentationis
664 3452 825 3528 leges
846 3450 1267 3527 procedendum
1289 3450 1370 3508 sit
1390 3449 1463 3508 ab
1485 3451 1800 3509 universali
1820 3450 1895 3508 ad
1916 3451 2276 3528 particulare,
2301 3451 2561 3510 Christus
2579 3473 2683 3529 pro

272 3532 542 3591 omnibus
563 3540 621 3591 et
644 3531 889 3608 singulis
913 3539 1170 3590 mortuus
1191 3539 1308 3590 est:
1334 3531 1493 3607 Ergo
1516 3540 1574 3589 et
1595 3551 1698 3608 pro
1722 3532 1871 3589 me.''
1907 3532 2022 3590 Sed
2048 3536 2101 3589 1.
2126 3531 2323 3590 Gratis
2342 3534 2684 3609 supponitur

272 3631 380 3669 nos
409 3612 502 3670 hic
530 3611 839 3688 procedere
866 3631 902 3668 a
928 3611 1259 3688 particulari
1286 3610 1361 3668 ad
1390 3611 1733 3684 universale,
1765 3611 1922 3688 quod
1949 3632 2118 3670 nemo
2146 3631 2263 3669 non
2291 3612 2453 3670 videt
2480 3613 2680 3671 absur-

273 3690 413 3749 dum
441 3710 586 3765 esse,
620 3692 763 3749 Cum
794 3692 1028 3750 omnino
1049 3700 1519 3767 argumentemur
1540 3692 1614 3749 ab
1635 3692 1965 3766 universali,
1997 3691 2100 3749 sed
2129 3691 2187 3747 in
2211 3701 2366 3750 certo
2395 3692 2594 3750 ordine
2625 3703 2683 3751 et

270 3777 553 3845 respectu,
584 3770 659 3827 ad
686 3771 1058 3846 particulare:
1089 3771 1351 3829 Christus
1379 3791 1483 3847 pro
1504 3771 1773 3829 omnibus
1801 3771 2168 3830 credentibus
2190 3778 2248 3828 et
2268 3771 2681 3847 poenitentibus

272 3855 533 3905 mortuus
582 3856 671 3906 est
700 3869 714 3922 3
793 3849 980 3924 Atqui
1026 3850 1155 3924 Ego
1204 3850 1375 3907 credo
1405 3859 1463 3908 et
1489 3850 1829 3926 poenitentia
1875 3850 2099 3908 ducor:
2157 3850 2316 3924 Ergo
2345 3857 2402 3907 et
2440 3869 2543 3925 pro
2585 3870 2677 3908 me

271 3935 532 3985 mortuus
587 3934 692 3984 est.
794 3932 849 3985 2.
922 3928 1160 3985 Falsum
1210 3937 1315 4001 est,
1372 3928 1811 3987 fundamentum
1868 3928 2276 3986 consolationis
2319 3927 2392 3984 ab
2446 3928 2677 3986 univer-

270 4007 496 4065 salitate
547 4005 811 4064 absoluta
859 4006 1060 4064 mortis
1110 3973 1322 4065 Christi
1372 4007 1491 4082 peti
1536 4027 1725 4084 posse,
1784 4008 1921 4084 quia
1969 4006 2191 4064 nullum
2234 4006 2480 4064 solidum
2526 4008 2675 4066 sola-

269 4088 412 4147 tium
455 4086 574 4163 peti
617 4093 805 4162 potest
846 4084 920 4141 ab
962 4104 1031 4141 eo
1074 4085 1229 4160 quod
1257 4095 1346 4145 est
1382 4086 1494 4162 piis
1535 4095 1593 4145 et
1633 4086 1825 4163 impiis
1868 4105 2186 4159 commune,
2231 4085 2347 4143 imo
2390 4085 2676 4145 damnatis

268 4176 329 4226 et
369 4165 762 4224 damnandis
747 4165 1062 4223 innumeris
1101 4185 1263 4241 aeque
1293 4185 1359 4223 ac
1389 4165 1703 4224 salvandis.
1806 4166 1950 4223 Cum
1981 4165 2133 4222 enim
2162 4164 2333 4222 etiam
2361 4185 2466 4241 pro
2494 4167 2538 4224 J
2541 4166 2672 4242 uda,

267 4255 326 4304 et
367 4244 668 4304 Pharaone
714 4253 974 4303 mortuus
1023 4253 1394 4321 supponatur,
1439 4245 1650 4321 quibus
1677 4265 1793 4303 non
1824 4265 1891 4303 eo
1920 4244 2110 4301 minus
2147 4244 2501 4320 pereundum
2545 4246 2671 4322 fuit,

267 4326 555 4402 quomodo
606 4325 991 4384 damnationis
1035 4333 1224 4382 metus
1253 4344 1327 4382 ex
1356 4344 1424 4382 eo
1453 4325 1592 4382 mihi
1624 4325 1801 4382 eximi
1849 4323 2103 4401 poterit?
2188 4324 2250 4382 Si
2293 4324 2453 4382 dicas
2496 4326 2672 4383 eximi

266 4425 436 4481 posse
479 4404 653 4464 talem
695 4414 910 4463 metum
953 4425 1056 4482 per
1083 4403 1275 4479 fidem,
1320 4406 1363 4464 J
1367 4425 1458 4462 am
1504 4404 1578 4461 ad
1625 4405 1798 4462 alium
1847 4404 2251 4480 syllogismum
2300 4405 2671 4480 progredien-

265 4484 404 4542 dum
433 4485 542 4542 erit
583 4485 654 4542 de
697 4485 964 4544 omnibus
1006 4484 1390 4559 credentibus,
1434 4504 1549 4541 non
1593 4484 1664 4542 de
1707 4485 1974 4542 omnibus
2001 4484 2365 4543 hominibus:
2397 4484 2672 4548 Christus

264 4583 369 4640 pro
398 4563 664 4621 omnibus
692 4574 749 4622 et
777 4564 1023 4640 singulis
1052 4564 1416 4623 credentibus
1445 4572 1705 4622 mortuus
1735 4573 1859 4639 est;
1907 4565 1990 4622 At
2008 4583 2118 4640 ego
2141 4564 2310 4621 credo
2336 4587 2350 4622 ι
2382 4564 2539 4641 Ergo
2568 4586 2671 4642 pro

264 4663 357 4711 me
387 4651 644 4700 mortuus
693 4652 798 4716 est,
840 4644 951 4718 Qui
980 4645 1132 4702 enim
1162 4644 1344 4703 credit
1372 4645 1432 4702 iu
1464 4645 1679 4702 Filium
1708 4664 1821 4701 non
1852 4644 2077 4720 peribit,
2105 4643 2206 4701 sed
2229 4644 2463 4703 habebit
2489 4646 2671 4706 vitam
