3221 5200
434 360 510 418 8ss
1344 374 1530 416 Locus
1554 374 1914 417 uunncnms.
2417 354 2670 435 [Quaesr.
2699 377 2827 418 xlv.

434 518 560 575 haec
609 523 744 574 sunt
790 513 1001 590 verba3
1049 515 1086 547 ‘⁴
1114 512 1169 572 N
1172 534 1247 572 on
1291 523 1518 592 oportet
1558 514 1916 576 Christianos
1956 515 2000 575 J
2002 513 2292 591 udai'zare,
2323 523 2383 574 et
2431 516 2493 573 in
2545 515 2839 575 Sabbatho

435 596 618 669 otiari,
651 595 754 654 sed
781 594 937 670 ipsos
966 612 1034 653 co
1062 593 1155 652 die
1184 596 1424 671 operari,
1457 595 1629 655 Diem
1657 605 1850 655 autem
1881 595 2248 652 Dominicum
2275 595 2645 672 praeferentes
2672 596 2841 654 otiari

436 676 487 734 si
514 674 685 733 modo
713 673 993 751 possint,”
1027 671 1209 751 (quod
1238 673 1498 733 additum
1525 674 1759 734 videtur
1782 683 2018 751 propter
2045 693 2260 748 servos,
2275 675 2375 751 qui
2406 675 2673 732 Dominis
2701 693 2838 751 gen-

433 754 634 813 tilibus
655 751 1029 831 serviebant)
1064 756 1176 812 “ut
1195 753 1577 831 Christianos;
1607 753 1766 831 quod
1794 754 1844 813 si
1870 754 2095 813 inventi
2122 752 2334 813 fuerint
2355 763 2420 813 ut
2432 753 2476 813 J
2477 754 2841 829 udai'zantes,

435 833 555 891 sint
580 833 889 892 anathema
914 830 1069 910 apud
1097 832 1447 893 Christum.’'

1036 911 1296 971 XXIII.
1345 911 1613 971 Secunda
1632 912 1989 990 Propositio:
2030 914 2242 971 Modus
2258 920 2423 971 rectae
2447 911 2843 971 observationis

539 957 607 1004 Et
629 958 811 1042 modus,
956 989 1091 1050 Diei
1120 990 1410 1050 Dominici
1437 992 1663 1051 duabus
1688 992 1949 1070 partibus
1978 992 2313 1067 absolvitur,
2337 992 2537 1069 prima,
2558 1010 2687 1067 quae
2706 992 2836 1067 pri-

433 1071 623 1129 vativa
650 1078 841 1148 potest
869 1068 1000 1146 dici,
1032 1079 1090 1130 et
1119 1071 1178 1128 in
1205 1071 1398 1147 quiete
1427 1090 1531 1131 seu
1557 1072 1875 1132 cessatione
1903 1071 1976 1129 ab
2005 1071 2162 1129 omni
2190 1090 2361 1149 opere
2398 1071 2593 1130 servili
2620 1071 2839 1129 consis-

433 1149 539 1225 tit3
584 1150 781 1224 altera,
812 1169 942 1226 quse
959 1150 1208 1226 positiva
1233 1159 1338 1227 est,
1370 1158 1430 1209 et
1453 1150 1515 1208 in
1548 1151 2012 1211 Sanctificatione
2048 1151 2218 1211 istius
2244 1149 2456 1228 quictis
2481 1170 2586 1228 per
2610 1149 2843 1228 religio-

436 1247 563 1287 sum
594 1228 705 1286 Dei
734 1229 952 1287 cultum
979 1238 1261 1289 versatur.

514 1305 766 1365 XXIV.
811 1307 987 1383 Quies
1012 1311 1143 1385 quas
1171 1309 1495 1385 requiritur,
1519 1328 1637 1368 non
1664 1309 1783 1368 otio
1804 1318 1863 1369 ct
1882 1307 2090 1368 inertia
2107 1309 2419 1386 peragitur,
2442 1308 2626 1367 multo
2647 1306 2839 1367 minus

433 1386 948 1446 comessationibus
975 1396 1034 1446 et
1060 1388 1311 1466 crapula,
1342 1389 1703 1465 spectaculis,
1733 1397 1794 1448 et
1820 1389 2061 1463 choreis,
2091 1397 2151 1447 et
2178 1388 2431 1465 profanis
2465 1387 2593 1446 aliis
2622 1387 2843 1446 exerci-

434 1466 534 1526 tiis
561 1466 846 1525 damnatis
872 1486 911 1524 a
938 1467 1139 1541 Paulo,
1173 1468 1342 1526 Rom.
1362 1467 1486 1526 xiii.
1510 1471 1601 1543 13,
1626 1469 1737 1526 hoc
1765 1469 1918 1527 enim
1946 1476 2035 1527 est
2059 1467 2418 1527 Sabbathum
2438 1468 2481 1527 J
2483 1468 2703 1541 ehovae,
2726 1486 2844 1524 non

435 1545 645 1605 festum
674 1546 915 1620 Cereris,
947 1546 1182 1621 Bacchi,
1211 1555 1313 1605 aut
1340 1546 1591 1606 Veneris
1616 1569 1632 1607 :
1698 1547 1815 1607 Sed
1842 1548 2160 1606 cessatione
2202 1547 2277 1605 ab
2306 1547 2464 1605 omni
2491 1566 2661 1623 opere
2690 1546 2842 1604 ordi·

433 1626 610 1682 uariae
639 1633 698 1683 et
724 1624 1030 1684 mundanae
1057 1625 1395 1702 vocationis,
1426 1627 1584 1704 quod
1610 1645 1648 1685 a
1673 1627 1833 1685 cultu
1860 1626 2059 1684 divino
2079 1634 2278 1705 posset
2302 1646 2409 1684 nos
2437 1619 2683 1684 avocare'
2703 1647 2718 1699 ς
2765 1625 2845 1682 Et

325 1705 329 1709 *
434 1704 516 1762 ita
544 1704 948 1763 abstinendum
976 1714 1066 1764 est
1090 1706 1201 1764 hoc
1229 1704 1341 1780 die,
1377 1709 1429 1764 1.
1460 1706 1560 1764 Ab
1587 1705 1855 1766 omnibus
1896 1706 2013 1764 illis
2042 1705 2327 1782 operibus,
2356 1724 2486 1781 quae
2514 1704 2742 1781 proprie
2783 1714 2845 1762 et

437 1784 633 1843 stricte
661 1793 943 1843 vocantur
971 1784 1238 1859 servilia,
1269 1804 1399 1862 quse
1425 1803 1462 1843 a
1490 1785 1674 1844 servis
1718 1793 1818 1844 aut
1859 1784 2192 1843 hominibus
2237 1783 2545 1843 servilibus
2584 1783 2847 1860 praestari

435 1863 638 1938 solent,
653 1871 931 1939 quantum
960 1864 1179 1923 scilicet
1203 1864 1329 1922 fieri
1355 1873 1547 1941 potest
1573 1884 1677 1941 per
1701 1864 2013 1923 instantem
2039 1863 2458 1922 necessitatem.
2511 1867 2568 1921 2.
2589 1862 2688 1920 Ab
2707 1882 2842 1939 ope·

433 1942 597 2001 ribus
622 1942 852 2016 nostris,
883 1961 1014 2018 quse
1043 1943 1263 2002 scilicet
1288 1944 1576 2020 pertinent
1602 1943 1678 2001 ad
1711 1943 1884 2020 hujus
1911 1944 2049 2002 vitae
2075 1961 2232 2017 usus,
2264 1943 2325 2001 in
2351 1943 2523 2001 rebus
2567 1942 2844 2000 naturali-

433 2022 545 2080 bus
573 2029 630 2080 et
658 2021 944 2095 civilibus,
975 2030 1033 2080 et
1059 2023 1288 2099 proprie
1315 2022 1538 2081 lucrum
1567 2031 1626 2081 et
1652 2022 2016 2081 commodum
2043 2032 2303 2080 nostrum
2347 2029 2645 2099 spectant;
2689 2020 2847 2096 quod

433 2101 728 2177 colligitur
753 2121 827 2159 ex
857 2100 1122 2178 opposita
1161 2101 1549 2176 concessione,
1579 2110 1647 2160 ut
1673 2102 1827 2160 enim
1868 2121 1973 2160 sex
2000 2101 2125 2159 dies
2165 2101 2333 2160 nobis
2360 2100 2641 2176 concedit,
2671 2109 2737 2158 ut
2777 2100 2841 2157 in

434 2180 508 2237 iis
536 2199 854 2255 operemur,
884 2189 943 2239 et
969 2180 1248 2239 faciamus
1274 2200 1442 2240 omne
1472 2200 1618 2257 opus
1643 2189 1905 2240 nostrum
1927 2203 1941 2258 ;
1987 2180 2083 2238 Ita
2107 2181 2220 2239 hoc
2247 2180 2341 2240 die
2367 2180 2629 2258 praecipit
2654 2198 2844 2237 cessa-

436 2258 652 2316 tionem
701 2278 736 2317 a
781 2259 886 2317 tali
929 2279 1117 2336 opere,
1164 2279 1237 2318 nc
1281 2260 1462 2319 cultui
1510 2260 1711 2319 divino
1757 2260 1938 2320 ullum
1986 2267 2308 2337 apponatur
2352 2259 2845 2336 impedimentum.

437 2336 496 2395 A
565 2356 637 2395 ue
663 2338 778 2396 huc
805 2338 1054 2415 pertinet
1072 2338 1284 2398 Leonis
1311 2348 1370 2398 et
1399 2339 1700 2398 Anthemii
1724 2339 1851 2398 Lex
1872 2339 2276 2414 memorabilis,
2300 2358 2429 2416 quse
2451 2346 2612 2397 extat
2634 2337 2847 2396 Codice

436 2416 510 2476 de
561 2417 711 2493 eriis,
743 2418 911 2493 cujus
938 2417 1117 2477 verba
1143 2418 1468 2478 adscribere
1495 2438 1612 2477 non
1639 2418 1897 2495 pigebitt
1949 2421 1985 2452 ‘⁴
2010 2417 2377 2477 Dominicum
2406 2417 2558 2475 diem
2587 2418 2669 2475 ita
2695 2436 2846 2475 sem-

435 2515 540 2572 per
581 2496 976 2554 honorabilem
1019 2495 1380 2555 decernimus
1428 2505 1486 2556 et
1513 2497 1923 2572 venerandum,
1954 2506 2020 2557 ut
2067 2517 2103 2555 a
2149 2498 2373 2557 cunctis
2410 2496 2849 2554 executionibus

437 2585 761 2651 excusetur,
792 2575 954 2633 nulla
980 2593 1326 2651 quemquam
1354 2584 1560 2652 urgeat
1585 2575 1919 2651 admonitiO,
1949 2577 2112 2635 nulla
2137 2576 2526 2655 fidejussionis
2552 2574 2847 2651 flagitetur

437 2654 683 2728 exacti0,
714 2661 904 2711 taceat
931 2654 1228 2730 apparitio,
1260 2653 1565 2713 advocatio
1593 2654 1931 2732 delitescat;
1977 2658 2053 2715 sit
2079 2656 2177 2714 ille
2206 2656 2331 2715 dies
2360 2676 2395 2714 a
2422 2654 2849 2729 cognitionibus

440 2733 681 2804 alienus,
712 2731 993 2807 praeconis
1021 2732 1253 2790 horrida
1272 2751 1393 2790 vox
1422 2733 1670 2806 silescat,
1691 2735 1974 2809 respirent
2000 2755 2036 2793 a
2062 2735 2470 2794 controversiis
2491 2734 2847 2810 litigantes,''

443 2809 552 2869 Sto.
617 2811 696 2869 Et
722 2817 958 2886 postea:
991 2812 1027 2843 ‘⁴
1046 2810 1168 2869 Nec
1195 2811 1369 2887 hujus
1395 2819 1588 2871 tamen
1617 2812 1874 2888 religiosi
1903 2812 2017 2871 diei
2046 2815 2165 2873 otia
2191 2815 2536 2886 relaxantes,
2562 2812 2851 2870 obscoenis

438 2908 784 2967 quemquam
827 2888 1079 2965 patimur
1121 2889 1516 2966 voluptatibus
1560 2890 1821 2966 detineri,
1867 2892 2016 2949 nihil
2058 2893 2261 2951 eodem
2304 2892 2397 2951 die
2443 2892 2553 2950 sibi
2592 2890 2852 2949 vindicet

443 2969 629 3028 Scena
655 2967 969 3045 theatralis,
990 2976 1090 3029 aut
1113 2969 1380 3028 Circense
1409 2978 1715 3044 certamen,
1736 2978 1837 3029 aut
1852 2970 2101 3029 serarum
2118 2971 2482 3064 lachrymosa
2503 2970 2847 3048 spectacula,

439 3058 499 3108 et
526 3049 575 3107 si
604 3048 664 3107 in
691 3057 952 3107 nostrum
974 3058 1075 3108 aut
1090 3049 1340 3108 natalem
1359 3049 1705 3108 celebranda
1725 3050 2040 3109 solennitas
2057 3051 2339 3125 inciderit,
2361 3050 2714 3125 differatur,'’
2736 3048 2846 3107 &m

520 3129 735 3188 XXV.
780 3128 899 3188 Hic
926 3137 1119 3188 tamen
1147 3129 1529 3206 excipiuntur,
1566 3131 1619 3188 1.
1656 3131 1849 3205 Opera
1876 3129 1979 3187 illa
2018 3148 2148 3205 quae
2176 3130 2392 3189 directe
2431 3137 2694 3205 spectant
2732 3130 2849 3186 cul-

440 3219 556 3268 tum
584 3218 638 3268 et
657 3209 904 3285 gloriam
934 3209 1063 3284 Dei,
1097 3210 1309 3269 Matth.
1338 3208 1441 3266 xii.
1467 3211 1522 3283 5,
1553 3209 1596 3268 J
1600 3209 1771 3267 ohan.
1795 3228 1853 3267 v.
1884 3211 1939 3283 8,
1966 3210 2021 3282 9,
2052 3209 2162 3266 hoc
2191 3208 2341 3266 enim
2370 3227 2510 3266 casu
2537 3226 2710 3284 opera
2729 3207 2848 3281 illa,

439 3308 569 3366 quae
598 3297 734 3348 sunt
762 3308 866 3347 sua
892 3297 1099 3347 natura
1126 3288 1374 3361 servilia,
1406 3295 1705 3346 transeunt
1732 3288 1792 3345 in
1820 3295 2083 3345 naturam
2124 3306 2360 3363 operum
2390 3305 2697 3360 sacrorum,
2743 3305 2852 3344 nec

439 3376 559 3425 tam
590 3374 725 3423 sunt
752 3386 926 3441 opera
951 3374 1164 3439 nostra,
1195 3385 1369 3442 quam
1400 3366 1528 3423 Dei.
1573 3370 1631 3423 2.
1668 3368 1860 3440 Opera
1882 3367 2174 3424 charitatis
2195 3375 2255 3425 et
2274 3364 2697 3438 misericordiae,
2720 3383 2851 3440 quae

441 3444 643 3502 officiis
671 3443 902 3518 pietatis
929 3452 1319 3517 accensentur,
1354 3444 1565 3500 Matth.
1594 3443 1697 3501 xii.
1732 3446 1824 3519 10,
1861 3449 1951 3519 12,
1983 3445 2025 3504 J
2030 3445 2198 3503 ohan.
2228 3465 2286 3503 v.
2307 3448 2362 3521 9,
2396 3453 2455 3503 et
2481 3445 2561 3502 ix.
2590 3446 2681 3518 14,
2708 3443 2850 3502 Luc.

440 3522 565 3579 xiii.
600 3522 693 3578 15.
777 3522 834 3577 3.
869 3521 1063 3595 Opera
1090 3520 1391 3578 communis
1431 3522 1745 3596 honestatis,
1776 3524 1913 3599 quia
1955 3533 2021 3583 ut
2069 3543 2309 3602 semper,
2340 3524 2423 3583 ita
2461 3524 2571 3582 hoc
2613 3523 2707 3581 dic
2733 3543 2853 3599 pras

443 3598 664 3657 caeteris
693 3598 932 3655 honeste
960 3607 1019 3655 et
1047 3598 1251 3657 decore
1279 3598 1556 3657 debemus
1581 3618 1691 3657 nos
1720 3620 1919 3677 gerere
1947 3611 2005 3661 et
2033 3622 2224 3679 agere.
2306 3607 2364 3662 4.
2401 3605 2594 3679 Opera
2621 3603 2853 3660 necessi·

443 3678 587 3750 tatis,
618 3696 747 3754 quae
774 3696 961 3753 neque
989 3677 1244 3753 fingitur,
1275 3696 1462 3753 neque
1506 3679 1747 3737 consilio
1776 3682 2103 3757 accersitur,
2136 3682 2239 3740 sed
2279 3702 2382 3759 per
2428 3681 2852 3759 providentiam

441 3757 609 3816 nobis
639 3756 966 3833 imponitur,
995 3757 1134 3815 Luc.
1164 3756 1285 3815 xlv.
1317 3758 1370 3832 5,
1402 3776 1519 3814 non
1547 3765 1770 3817 tantum
1798 3759 2063 3819 absoluta
2090 3770 2149 3820 et
2177 3761 2440 3838 simplex,
2472 3769 2538 3820 ut
2565 3760 2625 3818 id
2652 3780 2853 3820 ncces-

444 3837 656 3896 sarium
684 3843 910 3895 tantum
938 3836 1178 3911 dicatur,
1210 3855 1326 3912 quo
1352 3836 1515 3895 nullo
1542 3837 1716 3896 modo
1745 3859 1936 3898 carere
1964 3859 2288 3916 possumus,
2321 3841 2424 3899 sed
2450 3841 2768 3918 modificata
2796 3847 2857 3897 ct

444 3916 759 3976 secundum
788 3915 944 3992 quid,
976 3924 1042 3974 ut
1084 3915 1406 3974 neccssaria
1449 3935 1518 3975 ea
1562 3926 1920 3992 censeantur,
1951 3938 2068 3976 non
2116 3918 2289 3977 modo
2317 3939 2447 3995 quae
2475 3918 2738 3977 absolute
2780 3916 2855 3976 ad

443 4016 570 4056 esse
599 4015 701 4055 seu
727 3995 865 4053 vitae
895 3995 1367 4054 sustentationem
1395 3995 1780 4073 requiruntur,
1813 3997 1916 4056 sed
1945 3997 2119 4056 etiam
2146 4018 2276 4075 quse
2304 3998 2523 4056 faciunt
2549 3998 2623 4055 ad
2644 3997 2852 4055 melius

442 4095 587 4149 esse,
618 4075 772 4133 unde
819 4094 1094 4150 magnum
1138 4075 1374 4151 aliquod
1422 4076 1498 4133 ad
1539 4095 1647 4134 nos
1674 4077 1771 4134 vel
1814 4077 2141 4153 proximum
2189 4077 2340 4136 redit
2388 4075 2753 4136 commodum
2796 4083 2856 4133 ct

444 4155 891 4214 emolumentum
921 4153 971 4212 si
999 4154 1155 4229 fiant,
1186 4155 1283 4213 vel
1325 4173 1599 4231 magnum
1640 4154 1877 4232 aliquod
1916 4155 2342 4214 incommodum
2383 4164 2444 4214 et
2483 4156 2759 4213 damnum
2800 4154 2854 4213 si

444 4236 806 4309 omittantur3
852 4234 1191 4293 sabbathum
1217 4233 1388 4308 enim,
1418 4243 1485 4293 ut
1512 4234 1776 4292 Christus
1802 4242 2048 4293 testatur
2075 4235 2259 4295 Marc.
2287 4235 2349 4294 ii.
2378 4238 2475 4309 27,
2507 4236 2749 4293 Factum
2776 4242 2858 4291 est

441 4323 678 4389 propter
704 4314 993 4387 hominem,
1024 4332 1134 4371 non
1162 4313 1324 4370 homo
1340 4322 1585 4388 propter
1612 4313 1969 4371 Sabbathum.

528 4392 776 4450 XXVI.
821 4393 953 4450 Non
981 4400 1250 4469 putamus
1277 4411 1418 4467 ergo
1459 4393 1518 4449 in
1545 4393 1656 4449 hac
1697 4392 2015 4450 cessatione
2056 4390 2258 4450 fideles
2286 4391 2471 4450 teneri
2499 4391 2574 4449 ad
2601 4389 2852 4468 praecisi·

445 4478 594 4528 tates
621 4471 663 4528 J
667 4470 921 4546 udaicas,
952 4490 1096 4548 quas
1136 4471 1397 4529 nonnulli
1432 4471 1594 4547 justo
1644 4470 2094 4547 scrupulosiores
2136 4478 2360 4530 tantum
2409 4491 2527 4529 non
2554 4477 2856 4529 revocatas

446 4547 679 4622 vellent,
710 4556 775 4606 ut
802 4569 908 4608 nec
936 4550 1130 4625 ignem
1157 4549 1486 4624 accendere,
1516 4569 1623 4608 nec
1651 4549 1843 4608 cibum
1872 4569 2135 4625 coquere,
2164 4570 2272 4608 nec
2300 4569 2459 4607 arma
2488 4559 2689 4608 contra
2715 4549 2848 4605 hos·

445 4636 560 4689 tem
591 4625 880 4704 expedire,
899 4647 1005 4685 nec
1034 4629 1144 4687 iter
1170 4637 1499 4705 susceptum
1526 4637 1679 4688 terra
1705 4627 1923 4687 marive
1944 4628 2231 4706 prosequi,
2252 4649 2359 4688 nec
2386 4628 2647 4688 honestis
2675 4626 2854 4686 animi
