3221 5200
516 358 628 414 112
1379 371 1561 412 Locus
1592 371 1953 413 unnscmus.
2515 353 2769 438 [QUAEST.
2801 373 2917 418 xix.

501 509 865 590 sperantes,'’
895 508 1032 585 quia
1057 508 1142 567 ibi
1170 509 1406 587 quidem
1433 512 1787 589 praecipitur,
1820 513 1965 590 quid
1994 513 2340 591 faciendum,
2386 536 2503 575 non
2531 517 2673 595 quid
2700 524 2916 576 tantum

509 589 851 663 faciendum,
881 589 1232 666 pauperibus
1258 590 1397 648 nim.
1428 600 1487 649 et
1515 593 1719 667 egenis
1747 594 1922 652 etiam
1953 595 2431 673 subveniendum,
2462 618 2497 656 a
2524 598 2737 676 quibus
2775 597 2916 655 nihil

507 669 725 748 sperari
750 669 954 746 possit.
1037 673 1093 728 2.
1129 669 1194 728 Si
1222 670 1420 729 Verba
1449 671 1665 731 Christi
1694 674 1967 732 vexanda
1988 673 2193 751 forent,
2227 687 2575 755 sequeretur,
2607 698 2681 736 ne
2710 687 2916 736 sortem

509 749 745 828 quidem
773 749 848 807 ab
876 749 996 807 ullo
1025 750 1413 827 repetendam,
1444 750 1581 827 quia
1613 752 1890 830 jubemur
1914 750 2141 832 δικιξειν
2165 755 2309 832 μηδὲν
2336 759 2704 834 ἇπλπίζοιτες,
2750 757 2915 816 adeo-

506 850 620 908 que
647 850 766 887 non
793 829 985 888 minus
1012 842 1224 888 sortem
1254 851 1429 908 quam
1457 852 1718 909 usuram;
1763 836 1920 910 quod
1947 847 2143 895 tamen
2169 839 2449 915 injustum
2491 858 2616 897 esse
2658 838 2918 897 absolute

509 920 569 970 et
593 910 1000 970 universaliter
1024 930 1196 968 nemo
1223 930 1438 987 negare
1465 920 1672 988 potest.
1758 917 1815 973 3.
1863 915 2085 993 Scopus
2127 927 2218 975 est
2250 919 2467 977 hortari
2494 918 2568 977 ad
2595 917 2915 977 beneficen-

509 991 650 1051 tiam
680 1010 821 1067 erga
846 1010 1144 1068 paupereS,
1176 998 1243 1049 ut
1286 991 1404 1050 illis
1436 1012 1667 1069 quoque
1703 1003 1947 1071 urgente
1985 998 2328 1056 necessitate
2370 999 2590 1077 aliquid
2631 1006 2914 1076 erogetur,

509 1071 735 1130 etiamsi
779 1071 941 1129 nulla
989 1090 1121 1148 spes
1163 1080 1452 1148 appareat,
1496 1073 1592 1130 vel
1633 1073 1795 1150 lucri,
1827 1077 1924 1133 vel
1965 1097 2038 1136 ne
2087 1078 2259 1137 sortis
2305 1080 2542 1156 quidem
2567 1102 2582 1140 t
2643 1099 2752 1138 nec
2797 1077 2918 1137 sine

511 1171 687 1211 causa
715 1151 978 1209 Christus
1007 1150 1079 1209 de
1107 1152 1216 1210 hac
1245 1152 1433 1227 specie
1460 1153 1645 1212 mutui
1694 1154 1966 1232 loquitur,
1998 1159 2135 1235 quia
2182 1158 2295 1217 ista
2339 1181 2373 1218 a
2420 1160 2587 1218 nobis
2633 1158 2916 1218 ordinarie

510 1231 846 1308 negligitur.
932 1231 1053 1289 Nec
1098 1231 1228 1289 ideo
1272 1231 1735 1291 substituendum
1779 1235 1890 1295 fuit
1918 1238 2161 1298 verbum
2197 1235 2302 1297 δὸτι
2348 1260 2450 1316 pro
2487 1237 2738 1314 δανείζετε,
2787 1257 2916 1296 cum

509 1312 778 1370 videatur
805 1331 962 1370 mera
989 1311 1369 1388 eleemosyna,
1399 1332 1515 1370 non
1552 1322 1838 1374 mutuum.
1924 1317 2073 1392 Quia
2107 1319 2169 1375 in
2212 1328 2410 1377 mutuo
2451 1330 2647 1375 manet
2688 1335 2915 1391 semper

509 1394 570 1452 in
598 1391 915 1470 accipiente
944 1391 1221 1469 obligatio
1242 1392 1316 1449 ad
1342 1392 1714 1470 reddendum,
1743 1395 1882 1454 licet
1909 1397 1969 1454 in
1997 1396 2169 1456 dante
2206 1416 2320 1454 non
2362 1396 2568 1455 debeat
2609 1415 2738 1454 esse
2779 1414 2910 1471 pro-

511 1473 729 1532 secutio
772 1473 797 1549 j
805 1472 959 1548 uris3
1004 1472 1092 1530 At
1139 1472 1559 1549 eleemosynam
1598 1475 1699 1551 qui
1739 1476 1962 1551 accipit,
2007 1496 2121 1534 non
2164 1483 2389 1534 tenetur
2426 1474 2667 1533 reddere
2692 1497 2708 1551 3
2760 1473 2911 1532 adde

508 1552 669 1630 quod
710 1551 845 1610 talis
902 1553 1161 1630 erogatio
1202 1552 1348 1611 bene
1389 1561 1579 1630 potest
1619 1554 1733 1612 dici
1771 1574 1887 1613 non
1925 1563 2146 1613 tantum
2187 1552 2402 1635 >Am
2449 1554 2554 1613 sed
2594 1555 2774 1613 etiam
2817 1550 2911 1612 34-

510 1658 695 1708 κιο-μαι,
717 1632 793 1690 ob
810 1633 1133 1691 mercedem
1160 1633 1422 1708 multam,
1435 1652 1607 1711 quam
1632 1635 1910 1694 Dominus
1934 1635 2021 1692 illi
2046 1635 2365 1712 pollicetur,
2379 1634 2517 1711 quia
2543 1636 2649 1712 qui
2676 1634 2921 1712 pauperi

508 1715 611 1771 dat
639 1714 767 1771 Deo
795 1712 1053 1772 foenerat.
1137 1717 1194 1772 4.
1241 1713 1488 1789 Quidam
1516 1714 1599 1773 ita
1637 1724 1929 1791 exponunt
1969 1716 2134 1791 quasi
2174 1715 2450 1791 scriptum
2490 1714 2702 1773 fuisset
2742 1711 2922 1791 μηδένα

509 1791 887 1868 ἄπλοι-ἕξοντες,
909 1794 1179 1852 neminem
1207 1797 1513 1870 desperare
1523 1795 1821 1869 facientes,
1840 1804 1906 1853 ut
1931 1795 2287 1872 intelligatur
2304 1794 2377 1853 de
2394 1796 2678 1871 personis,
2703 1815 2822 1853 non
2850 1797 2921 1853 de

506 1874 698 1947 rebus,
713 1873 871 1948 quod
895 1873 1113 1950 petitur
1139 1894 1215 1931 ex
1248 1876 1397 1952 Syro
1417 1875 1741 1953 Interprete
1759 1875 1859 1953 qui
1885 1875 1967 1933 ita
1993 1875 2198 1950 reddit,
2218 1877 2422 1933 Mutuo
2444 1877 2593 1950 date,
2616 1885 2669 1933 et
2684 1895 2753 1933 ne
2763 1896 2922 1952 proe·

505 1954 773 2013 scindatis
798 1973 952 2029 spem
979 1954 1228 2028 hominis,
1254 1954 1412 2030 quod
1433 1956 1770 2014 conveniret
1791 1976 1923 2014 cum
1949 1954 2078 2014 loco
2105 1955 2397 2032 paralle10,
2420 1955 2613 2014 Matth
2637 1976 2695 2014 v.
2716 1960 2810 2032 42,
2841 1961 2918 2014 τὸν

501 2036 717 2095 θέλοντι
743 2038 845 2092 ἀπὸ
874 2040 961 2092 τοῦ
985 2029 1294 2091 Bardo-aeone
1319 2038 1389 2110 μὲ
1417 2039 1768 2116 οἱποστςαφξῐς,
1800 2056 1872 2095 ne
1900 2036 2189 2095 volentem
2219 2056 2254 2093 a
2281 2034 2449 2094 nobis
2475 2036 2725 2094 mutuari
2753 2057 2917 2094 aver·

510 2136 718 2190 semur,
750 2135 857 2173 nec
884 2116 971 2172 illi
997 2114 1378 2193 praecidamus
1407 2135 1569 2192 spem
1597 2117 1801 2191 mutui,
1831 2136 2175 2193 quocunque
2202 2116 2331 2174 loco
2359 2115 2514 2173 illius
2540 2135 2636 2174 res
2662 2115 2795 2190 sint,
2827 2136 2913 2174 re·

505 2194 801 2271 spiciendo
841 2195 1062 2254 scilicet
1101 2194 1178 2254 ad
1215 2194 1541 2254 mercedem
1582 2197 1751 2255 nobis
1791 2196 2102 2273 repositam
2142 2194 2299 2273 apud
2340 2195 2548 2254 Deum.
2633 2194 2758 2253 Alii
2797 2216 2918 2254 non

504 2275 656 2332 male
677 2275 853 2352 juxta
879 2275 999 2332 vim
1028 2276 1190 2334 vocis
1218 2275 1527 2352 ἅπλπίζιιι,
1576 2277 1718 2335 nihil
1762 2279 2135 2352 desperantes,
2181 2275 2348 2353 quasi
2396 2275 2739 2334 beneficium
2783 2296 2917 2336 ves-

506 2363 658 2414 trum
688 2354 975 2432 perditum
1005 2356 1097 2431 sit,
1128 2356 1224 2414 vel
1252 2359 1497 2433 pecunia
1528 2366 1725 2416 vestra
1751 2356 1901 2415 male
1931 2356 2227 2431 collocata,
2268 2356 2435 2432 quasi
2462 2356 2609 2413 nihil
2652 2356 2786 2414 inde
2827 2377 2916 2415 re—

505 2436 727 2512 cepturi
755 2435 898 2508 sitis,
930 2435 1069 2512 quia
1093 2455 1313 2494 merces
1341 2446 1536 2495 vestra
1563 2438 1748 2496 multa
1774 2457 2001 2515 semper
2026 2437 2137 2497 erit
2163 2435 2318 2514 apud
2346 2437 2553 2512 Deum,
2586 2436 2637 2494 si
2665 2436 2917 2495 officium

505 2516 654 2593 perit
682 2514 836 2591 apud
862 2515 1143 2572 homines.

587 2594 804 2652 XVII.
850 2593 1016 2651 Licet
1041 2592 1286 2670 pecunia
1313 2612 1388 2651 ex
1417 2614 1478 2652 se
1506 2593 1776 2655 videatur
1797 2597 2026 2674 sterilis,
2058 2605 2250 2677 potest
2275 2605 2467 2657 tamen
2492 2594 2615 2655 fieri
2643 2594 2916 2655 foecunda

506 2694 609 2751 per
637 2674 764 2750 ejus
791 2692 978 2746 usum,
1011 2673 1160 2730 sicut
1188 2692 1326 2747 ager
1354 2682 1413 2731 et
1440 2672 1653 2732 fundus
1682 2694 1797 2733 non
1825 2697 1929 2752 per
1956 2698 2037 2754 se,
2070 2679 2174 2739 sed
2200 2678 2506 2737 accedente
2541 2678 2793 2735 humana
2820 2676 2910 2735 in-

504 2753 743 2827 dustria,
768 2750 1027 2809 redditur
1053 2752 1284 2825 fertilis;
1331 2752 1454 2812 Nec
1481 2772 1584 2830 per
1609 2773 1844 2811 usuram
1871 2756 2193 2831 legitimam
2221 2759 2311 2817 bis
2352 2758 2505 2816 idem
2533 2766 2914 2834 computatur,

501 2840 605 2891 aut
652 2832 885 2909 gemina
939 2831 1150 2891 solutio
1194 2831 1466 2909 exigitur,
1517 2832 2003 2910 quemadmodum
2053 2838 2214 2897 aliud
2256 2846 2346 2898 est
2389 2838 2632 2916 pecunia
2675 2838 2912 2913 credita,

504 2913 665 2972 aliud
691 2912 912 2972 fructus
940 2912 1040 2990 qui
1089 2912 1222 2970 inde
1253 2922 1528 2991 speratur,
1559 2921 1626 2972 ut
1653 2912 1867 2973 fundus
1894 2914 2057 2977 aliud
2096 2919 2239 2994 quid
2280 2929 2370 2978 est
2409 2919 2484 2978 ab
2525 2918 2912 2989 emolumento

503 2994 660 3073 quod
690 3014 765 3053 ex
793 2992 971 3053 fundo
998 2993 1329 3073 percipitur.

585 3076 837 3137 XVIII.
882 3075 1145 3136 Christus
1173 3076 1234 3134 in
1250 3075 1493 3155 Templo
1521 3074 2034 3135 nummulariorum
2061 3098 2292 3138 mensas
2320 3080 2545 3155 evertit,
2563 3078 2772 3138 Matth.
2788 3077 2915 3137 xxi.

508 3163 599 3235 12,
631 3179 845 3237 eosque
872 3166 939 3217 ut
967 3166 1026 3217 et
1053 3166 1338 3235 emptores
1366 3169 1426 3217 et
1452 3157 1786 3217 venditores
1814 3157 1948 3215 inde
1977 3159 2165 3235 ejecit,
2211 3178 2327 3216 non
2370 3168 2490 3218 tam
2534 3159 2692 3237 quod
2724 3179 2914 3218 emere

501 3250 560 3299 et
589 3241 858 3314 vendere,
889 3260 957 3297 ac
985 3258 1251 3297 nummos
1278 3247 1601 3315 permutare
1631 3239 1708 3296 sit
1735 3237 2017 3310 illicitum,
2043 3257 2215 3312 quam
2245 3238 2404 3312 quod
2430 3241 2595 3299 locus
2631 3248 2918 3298 mercatus

501 3341 578 3378 ex
607 3319 883 3377 orationis
912 3318 1082 3374 domo
1113 3317 1236 3373 fieri
1262 3337 1378 3374 non
1407 3317 1656 3374 debeat:
1714 3314 1886 3388 Quod
1930 3334 2069 3370 vero
2114 3316 2421 3389 culpantur
2463 3338 2539 3375 ex
2585 3320 2757 3379 domo
2803 3319 2916 3377 Dei

499 3399 704 3455 secisse
734 3396 1066 3470 speluncam
1095 3395 1399 3465 latronum,
1430 3413 1548 3450 non
1576 3401 1695 3449 tam
1724 3392 1935 3448 dicitur
1974 3410 2172 3448 eorum
2213 3401 2495 3468 respectu,
2541 3416 2720 3473 quam
2760 3399 2918 3477 quod

502 3494 637 3535 suas
663 3491 884 3529 merces
913 3471 972 3526 in
991 3471 1295 3545 Templum
1321 3470 1637 3544 inferend0,
1668 3468 2113 3528 conniventibus
2145 3471 2570 3552 SacerdotibuS,
2592 3478 2799 3539 horum
2826 3501 2916 3539 ra·

498 3552 736 3630 pacitati
764 3548 1220 3624 subserviebant,
1241 3548 1526 3626 siquidem
1554 3568 1631 3607 ex
1658 3549 1761 3608 illa
1787 3550 2171 3610 nummularia
2190 3559 2249 3612 et
2269 3563 2609 3635 mercatura,
2631 3580 2739 3619 sua
2760 3581 2915 3619 com-

501 3630 714 3711 pendia
740 3627 1120 3688 venabantur.

579 3711 769 3770 XIX.
814 3709 1256 3769 Canonistarum
1284 3709 1531 3785 axioma,
1563 3710 1719 3789 quod
1749 3731 1907 3771 omne
1936 3721 2184 3772 mutuum
2211 3716 2408 3775 debeat
2433 3737 2547 3777 esse
2579 3722 2915 3798 gratuitum,

493 3815 612 3854 non
641 3800 831 3873 potest
859 3790 1196 3870 simpliciter
1222 3791 1451 3850 admitti
1491 3791 1564 3851 de
1605 3802 1807 3854 mutuo
1848 3794 2077 3872 proprie
2118 3795 2290 3872 dicto,
2335 3798 2474 3875 quia
2499 3800 2716 3858 nemini
2746 3822 2919 3862 suum

495 3876 745 3936 officium
775 3873 948 3934 debet
975 3893 1101 3933 esse
1130 3873 1490 3933 damnosum.
1576 3874 1699 3934 Nec
1738 3875 1928 3953 magis
1968 3896 2197 3955 aequum
2239 3885 2328 3936 est
2355 3878 2537 3955 gratis
2563 3879 2649 3939 uti
2677 3882 2920 3941 alterius

494 3959 740 4037 pecunia
767 3957 826 4015 in
854 3976 975 4015 rem
1004 3962 1276 4032 nostram,
1301 3975 1474 4033 quam
1523 3954 1696 4015 domo
1725 3957 1823 4016 vel
1848 3978 2035 4033 curru,
2081 3968 2147 4017 ut
2186 3958 2332 4016 nihil
2376 3959 2500 4037 ipse
2529 3971 2921 4037 consequatur

493 4042 715 4100 fructus
736 4047 795 4099 et
815 4036 1203 4113 emolumenti,
1228 4045 1287 4097 et
1306 4047 1470 4096 tuum
1492 4038 1797 4118 περίσσευμα
1826 4038 1900 4097 εἰι
1919 4038 2076 4097 illius
2106 4039 2369 4119 ὑπὲςημι,
2399 4046 2466 4098 ιιι
2491 4039 2578 4097 illi
2606 4042 2681 4101 sit
2707 4042 2918 4119 θλιψς,

495 4124 629 4182 dum
664 4121 770 4180 tibi
798 4126 887 4178 est
913 4118 1085 4184 ἔνια-ις.

576 4202 732 4260 XX.
777 4200 1057 4275 Quamvis
1084 4198 1445 4259 foeneratoris
1471 4218 1682 4257 nomen
1709 4197 1921 4257 infame
1948 4198 2237 4258 redditum
2267 4199 2359 4274 sit,
2390 4207 2449 4258 et
2476 4219 2571 4258 ars
2597 4221 2713 4260 non
2741 4203 2922 4263 modo

493 4282 570 4342 sit
598 4280 913 4357 illiberalis,
959 4280 1064 4340 sed
1104 4289 1164 4338 et
1200 4280 1476 4357 improba,
1521 4278 1751 4356 quando
1780 4279 1911 4356 quis
1939 4288 2118 4337 artem
2146 4279 2448 4356 profitetur
2473 4282 2811 4357 usurariam,
2856 4290 2923 4343 et

493 4363 783 4438 publicam
812 4361 1048 4419 foenoris
1077 4358 1364 4418 officinam
1384 4359 1584 4437 aperit,
1617 4358 1713 4417 vel
1740 4378 1918 4436 quum
1945 4379 2151 4418 usuras
2179 4359 2517 4419 immodicas
2545 4362 2744 4439 exigit,
2767 4364 2917 4422 civi-

493 4440 648 4498 libus
678 4442 935 4517 Legibus
962 4443 1299 4514 damnatas;
1338 4439 1433 4497 vel
1462 4459 1640 4515 quum
1668 4438 1974 4515 impatiens
2002 4459 2177 4498 morae
2196 4440 2297 4516 jus
2327 4459 2495 4499 suum
2522 4442 2693 4500 nimis
2720 4443 2919 4520 rigide

496 4538 636 4593 erga
677 4539 987 4595 pauperem
1031 4519 1411 4596 persequitur,
1462 4519 1557 4577 hic
1585 4519 1739 4577 enim
1770 4538 2053 4577 summum
2077 4521 2177 4596 jus
2205 4539 2358 4596 saepe
2388 4540 2612 4579 summa
2638 4531 2726 4581 est
2754 4524 2915 4601 inju-

497 4598 600 4671 ria,
632 4616 747 4672 quo
775 4601 1004 4658 nomine
1032 4600 1075 4658 J
1080 4599 1231 4657 udaei
1259 4606 1319 4657 et
1346 4598 1720 4675 Longobardi
1761 4597 1902 4657 dicti
1929 4600 2221 4675 trapezitae
2250 4620 2369 4658 non
2395 4600 2679 4662 immerito
2708 4604 2914 4663 tradu-

495 4684 721 4749 cuntur,
772 4678 872 4753 qui
918 4678 1196 4757 populum
1239 4686 1299 4737 et
1345 4677 1605 4755 inprimis
1648 4698 1929 4757 pauperes
1968 4679 2159 4739 usuris
2186 4679 2549 4757 gravsssimis
2572 4681 2806 4761 rodunt,
2852 4693 2922 4744 et
