3221 5200
573 367 690 424 510
863 421 872 428 ,
1361 383 1541 424 Locus
1573 384 1829 424 »scmus
1859 383 2128 432 Quix'rUS.
2598 363 2890 446 [crass-T.
2930 385 3057 426 xit.

572 532 630 584 et
658 545 956 583 assensum
984 534 1246 602 respectu
1279 525 1622 583 Existentiae
1671 525 1797 600 Dei,
1830 534 1888 584 et
1929 525 2195 584 fiduciam
2225 524 2609 601 praemiorum,
2642 545 2781 601 quoe
2838 527 3050 604 largi·

571 613 666 662 tur
694 606 875 681 gratis
903 626 978 663 ex
1008 606 1243 682 speciali
1263 605 1674 663 misericordia.

655 685 833 743 XIV.
880 686 1022 743 Cum
1055 686 1317 744 Christus
1368 685 1752 743 Auditoribus
1801 686 1921 743 suis
1964 706 2025 743 se
2073 685 2133 742 in
2171 685 2459 762 objectum
2490 682 2627 741 fidei
2683 700 3039 761 proponat,

572 783 689 822 non
716 774 906 842 potest
935 765 1050 823 dici
1097 766 1362 840 exegisse
1406 774 1629 823 tantum
1658 765 1831 823 fidem
1862 765 2304 842 Omnipotentioe
2334 764 2428 821 vel
2471 763 2837 821 Divinitatis
2877 786 3037 838 suae,

572 843 695 903 sine
725 846 960 921 speciali
1003 844 1410 918 misericordia,
1442 865 1572 921 quae
1614 865 1731 902 non
1758 846 1898 903 alibi
1938 865 2109 922 quam
2141 845 2200 900 in
2249 844 2375 920 ipso
2418 843 2752 902 exhibetur.
2836 845 3037 904 Patet

572 925 838 1002 exemplo
870 927 1186 998 Coecorum,
1222 925 1430 982 Matth.
1474 925 1554 982 ix.
1599 929 1695 997 27,
1728 927 1822 998 28,
1861 926 1960 1001 qui
1997 923 2446 982 misericordiam
2495 922 2624 999 ejus
2653 924 3029 999 implorant,

575 1005 611 1035 ‘⁶
636 1005 911 1062 Miserere
943 1004 1155 1078 Nostri,
1191 1005 1306 1061 Fili
1340 1004 1532 1062 David
1553 1006 1608 1080 ;''
1643 1005 1720 1063 Et
1752 1005 1907 1062 Petri
1950 1024 2017 1061 ae
2049 1004 2477 1080 Apostolorum,
2510 1003 2610 1078 qui
2639 1003 3028 1078 profitentur

574 1103 635 1141 se
665 1083 896 1142 credere
925 1083 967 1142 J
971 1104 1129 1141 esum
1162 1084 1451 1142 Christum
1482 1104 1627 1154 esse,
1669 1094 1727 1142 et
1757 1084 1972 1141 Filium
2003 1084 2113 1141 Dei
2144 1084 2429 1156 Viventis,
2470 1082 2548 1139 id.
2579 1082 3024 1152 Mediator-em,

574 1163 673 1238 qui
703 1163 946 1239 gratiam
972 1164 1082 1221 Dei
1102 1163 1268 1221 nobis
1290 1171 1411 1221 erat
1439 1165 1865 1236 conciliaturus,
1891 1173 1955 1221 ut
1982 1164 2119 1220 alibi
2139 1163 2251 1221 hoc
2273 1163 2581 1239 explicant,
2607 1162 2650 1220 J
2655 1163 2754 1220 oh.
2776 1164 2871 1221 vi.
2899 1170 2983 1222 69
3008 1189 3025 1234 ‚-

466 1254 469 1257 ’
576 1243 957 1316 CenturioniS,
991 1243 1131 1300 Luc.
1176 1243 1274 1300 vii.
1307 1246 1361 1316 9,
1393 1243 1630 1320 quinon
1652 1253 1874 1301 tantum
1895 1243 2152 1319 credidit,
2185 1241 2342 1319 quod
2370 1242 2636 1299 Christus
2657 1253 2879 1318 posset
2914 1266 3025 1320 per

570 1322 903 1399 potentiam,
920 1323 1021 1381 sed
1043 1322 1200 1398 quod
1217 1323 1390 1380 etiam
1417 1323 1594 1380 vellet
1622 1342 1725 1398 per
1747 1323 1992 1398 gratiam
2010 1342 2240 1380 servum
2261 1341 2424 1379 suum
2450 1341 2678 1392 sanare;
2715 1322 3014 1398 Marthae,

574 1403 713 1461 Joh.
745 1403 824 1459 xi.
857 1406 951 1475 27,
983 1422 1112 1478 quae
1152 1403 1357 1460 asserit
1386 1421 1446 1459 se
1491 1401 1722 1460 credere
1767 1403 2058 1460 Christum
2092 1422 2222 1459 esse
2248 1402 2538 1474 Messiam,
2570 1402 2673 1476 qui
2702 1414 3016 1462 venturus

572 1491 696 1540 erat
720 1481 794 1538 ad
823 1482 1064 1539 salutem
1094 1481 1408 1539 hominum.

654 1561 796 1618 XV.
844 1561 1121 1635 Quamvis
1141 1561 1402 1618 Christus
1434 1560 1750 1636 Leprosum
1774 1560 1845 1618 de
1867 1561 2164 1620 voluntate
2188 1581 2290 1618 sua
2312 1580 2425 1617 non
2447 1559 2614 1636 plene
2644 1579 3013 1636 persuasum

572 1641 877 1714 sanaverit,
914 1641 1094 1698 Marc.
1125 1641 1162 1698 i.
1207 1643 1331 1707 40;
1377 1640 1509 1698 Non
1559 1640 1819 1716 sequitur
1860 1640 2035 1699 fidem
2071 1641 2485 1717 justificantem
2531 1659 2646 1696 non
2696 1642 3009 1717 respicere

572 1719 877 1795 specialem
907 1720 1373 1778 misericordiam.
1459 1719 1607 1793 Quia
1634 1719 1807 1795 longe
1837 1720 2032 1797 dispar
2052 1729 2139 1778 est
2161 1720 2306 1778 ratio
2335 1719 2597 1777 beneficii
2626 1723 3007 1796 temporalis,

570 1807 628 1857 et
657 1801 872 1857 aeterni.
959 1801 1013 1857 N
1017 1820 1079 1857 ec
1104 1800 1153 1857 si
1180 1800 1407 1877 leproso
1437 1800 1508 1858 de
1537 1799 1803 1858 sanitatis·
1828 1800 2273 1876 recuperatione,
2306 1799 2377 1856 de
2406 1818 2520 1874 qua
2560 1799 2786 1856 nullam
2819 1821 3009 1876 pecu-

570 1879 769 1937 liarem
798 1880 1231 1956 promissionem
1257 1888 1569 1955 acceperat,
1602 1878 1866 1937 dubitare
1894 1879 2090 1950 licuit;
2135 1879 2303 1936 nobis
2345 1880 2534 1951 etiam,
2568 1878 2638 1935 de
2692 1881 2911 1955 gratiae
2945 1895 3006 1939 et

570 1959 774 2017 salutis
830 1960 1096 2017 omnibus
1152 1959 1516 2018 credentibus
1571 1958 1866 2036 promissae
1920 1959 2372 2036 participatione,
2433 1958 2553 2015 sinc
2602 1958 2716 2015 Dei
2776 1959 3007 2035 injuria

570 2037 833 2097 dubitare
856 2040 1008 2097 licet.
1056 2038 1280 2098 Deinde
1305 2039 1439 2097 lieet
1452 2039 1715 2096 Christus
1744 2039 2008 2096 humanae
2031 2038 2346 2096 infirmitati
2367 2057 2490 2095 sese
2514 2039 2996 2112 accommodam,

568 2118 827 2177 defectus
869 2119 1180 2177 clementer
1223 2118 1546 2176 dissimulet
1575 2126 1633 2177 et
1659 2127 1837 2194 tegat,
1870 2138 1983 2175 non
2027 2127 2330 2195 propterea
2368 2136 2467 2175 eos
2516 2118 2821 2193 approbat,
2855 2141 2997 2178 cum

567 2197 704 2255 alibi
728 2198 1143 2257 dubitationem
1172 2198 1244 2256 de
1284 2218 1387 2256 sua
1427 2197 1849 2272 benevolentia,
1906 2207 1964 2256 et
2029 2205 2358 2265 myos-acela,
2389 2197 2446 2253 in
2497 2196 2819 2275 Discipulis
2871 2219 2998 2258 non

568 2278 745 2336 semel
775 2287 996 2355 arguat,
1031 2278 1240 2337 Matth.
1271 2272 1392 2336 viii.
1424 2281 1521 2354 26,
1547 2286 1605 2335 et
1634 2278 1756 2335 xiv.
1788 2280 1883 2336 31.

651 2357 830 2416 XVI.
879 2358 1053 2416 Fides
1102 2357 1173 2416 de
1220 2358 1659 2416 Resurrectione
1709 2365 1767 2415 et
1811 2355 2130 2414 Divinitate
2161 2356 2390 2431 Christi,
2424 2376 2552 2432 quae
2599 2357 2862 2433 exigitur
2914 2361 2993 2418 ab

569 2437 885 2513 Apostolis‚
921 2439 1068 2494 Rom
1099 2437 1176 2495 iv.
1223 2445 1281 2496 et
1324 2457 1403 2512 x.,
1442 2441 1468 2494 1
1505 2438 1634 2496 Cor.
1666 2457 1784 2510 xv.,
1820 2437 1952 2495 Act.
1983 2435 2043 2492 ii.
2091 2440 2185 2510 24,
2218 2445 2276 2493 et
2317 2436 2394 2493 iv.
2431 2439 2520 2506 10,
2553 2444 2612 2494 et
2640 2458 2699 2494 x.
2731 2440 2841 2510 40„
2866 2459 2989 2496 non

567 2517 826 2575 excludit
854 2517 1159 2594 specialem
1190 2517 1656 2590 misericordiam,
1690 2517 1794 2574 sed
1839 2516 2125 2592 supponit,
2158 2515 2293 2591 quia
2321 2516 2379 2572 in
2419 2537 2486 2573 eo
2517 2525 2606 2574 est
2633 2515 2989 2576 fundamen-

566 2606 688 2655 tum
718 2597 920 2655 salutis
947 2606 1006 2655 et
1048 2596 1454 2654 consolationis
1483 2607 1709 2670 nostrae,
1744 2596 1898 2673 quod
1931 2597 2090 2654 Deus
2138 2594 2350 2653 Filium
2382 2616 2546 2653 suum
2590 2596 2651 2653 in
2697 2597 2985 2656 mundum

566 2675 802 2749 miserit,
833 2685 899 2734 ut
926 2684 1239 2734 moreretur
1269 2685 1501 2752 propter
1525 2685 1761 2752 peccata
1792 2685 2004 2752 nostra,
2046 2684 2104 2733 et
2150 2677 2521 2733 suscitaretur
2547 2686 2783 2754 propter
2802 2679 2981 2755 justi-

566 2753 891 2811 ficationem
921 2762 1191 2811 nostram.

648 2832 864 2891 XVII.
910 2833 1075 2891 Licet
1107 2832 1445 2908 Symbolum
1474 2833 1745 2910 explicite
1774 2833 1918 2891 nihil
1955 2834 2165 2892 habeat
2193 2835 2264 2893 de
2293 2834 2684 2893 misericordia
2714 2836 2977 2912 speciali,

565 2913 705 2970 satis
750 2932 1020 2989 expresse
1070 2922 1262 2970 tamen
1317 2912 1474 2970 illam
1520 2914 1783 2987 involvit,
1830 2933 1944 2971 non
1994 2914 2165 2971 modo
2216 2915 2274 2970 in
2319 2914 2562 2972 articulo
2617 2916 2979 2974 remissionis

563 3000 928 3068 peecatorum
947 3002 1004 3051 et
1023 2993 1157 3051 vitae
1180 3002 1423 3068 aeternae,
1450 2992 1552 3051 sed
1574 2993 1857 3070 praecipue
1877 2994 1974 3051 ubi
2004 2993 2148 3051 fides
2167 2994 2226 3051 in
2251 2994 2437 3052 Deum
2464 2995 2709 3068 Patrem,
2739 2995 2973 3069 Filium,

564 3079 622 3130 et
671 3073 946 3150 Spiritum
1003 3081 1263 3132 sanctum
1310 3073 1668 3147 describitur,
1701 3094 1829 3150 quae
1857 3074 2181 3132 necessario
2211 3074 2381 3132 infert
2422 3073 2742 3131 fiducialem
2801 3075 2972 3133 mise-

559 3153 822 3211 ricordioe
852 3154 1117 3231 specialis
1144 3154 1673 3230 apprehensionem.

645 3234 895 3292 XVIII.
941 3235 1106 3292 Licet
1154 3234 1297 3293 fides
1343 3254 1465 3310 quae
1485 3236 1763 3313 justificat
1804 3240 1988 3290 totum
2021 3232 2131 3289 Dei
2160 3232 2419 3290 Verbum
2461 3253 2564 3309 pro
2593 3232 2821 3308 objecto
2865 3254 2970 3291 suo

562 3314 846 3389 respiciat,
879 3323 936 3371 et
963 3313 1222 3371 includat
1250 3313 1431 3372 multa
1458 3333 1586 3390 quae
1617 3333 1772 3372 mere
1802 3320 1936 3369 sunt
1956 3311 2229 3370 historica
2258 3321 2315 3370 et
2344 3311 2703 3387 dogmata-223
2749 3312 2969 3371 Tamen

560 3413 676 3467 qua
707 3394 992 3470 justificat,
1052 3392 1344 3468 proprium
1401 3393 1527 3468 ejus
1573 3392 1864 3469 objectum
1914 3399 2002 3450 est
2050 3390 2442 3449 misericordia
2491 3390 2773 3467 specialis,
2832 3393 2967 3468 quia

560 3491 677 3528 non
704 3479 894 3546 potest
916 3471 1233 3545 justificare
1263 3470 1375 3527 nisi
1411 3480 1582 3545 prout
1609 3472 1843 3547 respicit
1885 3470 2333 3529 misericordiam
2368 3470 2477 3527 Dei
2505 3471 2566 3527 in
2596 3470 2843 3528 Clu-isto.

643 3548 833 3605 XIX.
878 3548 1127 3606 Tantum
1182 3548 1362 3621 abest,
1414 3559 1479 3607 ut
1526 3548 1671 3607 fides
1720 3549 1985 3627 specialis
2034 3549 2437 3608 misericordiae
2487 3549 2653 3607 tollat
2695 3570 2726 3609 e
2776 3550 2963 3609 medio

561 3626 907 3700 Orationem,
945 3628 1327 3700 Sacramenta,
1360 3635 1417 3684 et
1465 3627 1618 3685 bona
1647 3628 1870 3706 Opera,
1913 3637 1979 3686 ut
2007 3648 2201 3687 eorum
2232 3629 2628 3687 necessitatem
2662 3640 2958 3706 supponat,

559 3706 696 3782 quia
718 3713 851 3764 sunt
871 3706 1059 3764 media
1087 3705 1296 3782 quibus
1319 3705 1658 3782 obsignatur
1685 3716 1743 3766 ct
1765 3709 2132 3766 confirmatur
2159 3728 2226 3766 ae
2244 3718 2488 3785 augetur
2506 3708 2565 3765 in
2586 3709 2771 3767 nobis,
2844 3710 2959 3767 Nec

557 3786 744 3864 gratia
801 3786 913 3844 Dei
968 3784 1291 3844 securitatis
1347 3792 1435 3843 est
1489 3786 1774 3862 pulvinar,
1834 3787 1928 3845 vel
1973 3788 2221 3846 licentiae
2272 3808 2460 3863 causa,
2495 3787 2597 3845 sed
2645 3788 2957 3863 vigilantiae

557 3875 756 3939 mater,
790 3875 848 3925 et
877 3865 1196 3924 sanctitatis
1237 3865 1607 3940 incentivum,
1641 3870 1675 3923 2
1709 3868 1836 3925 Cor.
1867 3887 1924 3925 v.
1960 3869 2049 3940 14,
2090 3868 2220 3925 Gal.
2253 3868 2310 3924 ii.
2342 3871 2437 3941 20,
2473 3867 2625 3924 Psal.
2657 3887 2832 3925 cxxx.
2865 3873 2915 3925 4.

642 3947 795 4004 XX.
829 3947 992 4004 Licet
1012 3945 1188 4004 Fides
1209 3945 1464 4004 fidelium
1483 3966 1586 4023 pro
1604 3966 1872 4004 mensura
1888 3946 2274 4020 revelationis,
2295 3946 2390 4003 vel
2410 3947 2720 4019 obscurior,
2735 3946 2828 4004 vel
2846 3947 2954 4004 cla·

555 4026 672 4084 rior
697 4026 869 4084 fuerit
899 4026 956 4083 in
985 4025 1184 4083 Veteri
1215 4036 1272 4084 et
1303 4027 1471 4084 Novo
1502 4025 1888 4099 TestamentO,
1915 4045 2139 4102 semper
2157 4036 2347 4084 tamen
2379 4046 2480 4102 pro
2504 4026 2732 4102 objecto
2761 4026 2953 4084 habuit

555 4106 861 4183 specialem
895 4105 1005 4162 Dei
1053 4104 1504 4163 misericordiam
1532 4106 1592 4161 in
1624 4100 1870 4163 Christe.
1958 4104 2080 4163 Sub
2112 4105 2279 4162 Novo
2329 4105 2701 4163 Testamento
2731 4105 2952 4181 quidem

554 4186 705 4244 clare
737 4185 1000 4243 Christus
1042 4184 1380 4261 praedicavit
1422 4204 1482 4242 se
1525 4204 1653 4243 esse
1685 4184 1962 4242 Messiam
2010 4185 2371 4243 Servatorem
2420 4183 2643 4257 Mundi,
2692 4184 2828 4242 Joh.
2878 4186 2948 4243 iv.

554 4267 650 4333 26,
682 4265 887 4323 merito
915 4265 1135 4337 mortiS,
1170 4263 1380 4321 Matth.
1411 4284 1512 4321 xx.
1545 4267 1640 4337 28,
1666 4272 1725 4321 et
1747 4263 1910 4320 xxvi.
1941 4266 2035 4338 28,
2058 4273 2116 4322 et
2144 4264 2396 4321 efficacia
2420 4264 2683 4340 SpirituS,
2716 4263 2851 4321 Joh.
2876 4264 2947 4320 iv.

559 4347 649 4417 14,
682 4353 740 4402 et
767 4344 866 4402 vii.
899 4347 994 4416 37,
1026 4352 1085 4401 et
1113 4342 1345 4419 quidem
1391 4342 1462 4400 iis
1501 4344 1600 4419 qui
1632 4341 1873 4402 creduut
1908 4342 1970 4399 in
2010 4362 2220 4399 nomeu
2260 4363 2443 4417 suum,
2475 4342 2615 4401 Joh.
2661 4341 2741 4400 iii.
2792 4350 2847 4399 et
2875 4343 2949 4400 vi.

553 4422 630 4481 Et
660 4423 708 4479 si
764 4422 1034 4499 Apostoli
1084 4441 1199 4479 non
1255 4420 1394 4478 satis
1450 4422 1859 4480 intellexerunt
1900 4421 2057 4496 quod
2106 4420 2177 4479 de
2227 4422 2491 4499 passione
2536 4441 2639 4479 sua
2681 4429 2739 4479 et
2780 4432 2946 4480 morte

551 4500 796 4575 dicebat,
846 4502 984 4559 Luc.
1016 4500 1179 4558 xviii.
1222 4500 1316 4573 32,
1348 4502 1443 4572 33,
1477 4504 1571 4573 34,
1618 4501 1726 4559 hoc
1768 4500 2086 4559 infirmitati
2135 4500 2406 4577 ipsorum,
2452 4510 2509 4558 et
2550 4510 2945 4577 praeconceptae

551 4579 807 4655 opinioni
862 4580 935 4637 de
992 4579 1206 4637 Christi
1252 4597 1430 4653 regno
1479 4579 1799 4655 temporali,
1852 4599 1980 4655 quae
2025 4590 2225 4656 postea
2253 4601 2288 4636 a
2318 4579 2547 4639 Christo
2603 4590 2801 4637 sanata
2846 4591 2941 4651 est,

553 4656 937 4729 tribuendum,
1003 4657 1107 4713 sed
1170 4677 1285 4713 non
1353 4656 1603 4715 defectui
1669 4658 2054 4734 revelationiS,
2116 4679 2243 4735 quae
2290 4660 2383 4717 hie
2434 4659 2573 4717 satis
2630 4659 2782 4716 clara
2828 4657 2940 4717 fuit.
