3221 5200
486 350 603 408 618
1271 365 1453 407 Locus
1482 366 1741 407 vecutus
1772 367 2073 408 serrum&
2538 349 2794 429 [QUAEST·
2826 369 2886 409 11.

485 507 689 584 Quoad
741 506 1052 580 subjectum,
1104 503 1241 580 quia
1281 506 1474 564 lumen
1517 507 1953 583 irregenitornm
1999 517 2088 567 est
2125 527 2278 567 mere
2307 508 2701 583 theoreticum,
2733 507 2889 585 quod

479 596 674 646 manet
700 584 1094 658 inintellecta,
1127 602 1231 642 nec
1260 586 1334 642 ad
1363 606 1461 643 cor
1486 586 1752 662 pervadit
1776 608 1790 644 z
1863 587 1979 645 Sed
2007 589 2208 664 gratiae
2234 588 2447 660 lumen,
2478 589 2636 664 quod
2674 588 2888 646 renatis

483 667 834 743 indulgetur,
894 683 1009 721 non
1065 664 1246 722 haeret
1275 674 1497 723 tantum
1525 665 1585 721 in
1610 677 1676 734 «uss
1709 674 1976 741 ἡγεμονικῷ,
2023 686 2125 727 seu
2175 668 2456 744 superiori
2492 669 2696 725 animae
2725 677 2886 743 parte

484 746 589 806 sed
615 746 821 804 transit
850 743 1019 801 etiam
1070 743 1145 800 ad
1174 752 1554 811 cumanam-120⁸,
1583 763 1685 803 seu
1727 745 2052 805 inferiorem
2091 749 2216 825 ejus
2244 757 2483 823 partem.
2595 750 2650 805 3.
2683 745 2887 819 Quoad

480 828 707 901 objecta,
752 844 886 883 nam
914 843 1111 900 pugna
1136 822 1573 898 irregenitorum
1612 832 1874 883 versatur
1915 835 2137 886 tantum
2166 827 2318 885 cirea
2345 826 2626 885 crassiora
2652 825 2887 894 scelera,

481 925 612 983 quae
662 924 860 963 omnes
908 902 1155 962 naturali
1218 902 1432 960 lumine
1478 903 1883 962 abominantur
1913 928 1926 965 ε
2015 906 2131 966 Sed
2184 907 2341 965 lucta
2393 905 2650 963 fidelium
2711 904 2884 962 etiam

484 987 636 1043 cirea
664 1004 748 1058 ea,
796 1003 924 1059 quae
945 982 1005 1039 in
1053 982 1351 1041 hominum
1373 982 1497 1040 foro
1545 993 1786 1041 externo
1814 1003 1921 1043 nec
1949 1006 2150 1063 poenae,
2182 1006 2289 1044 nec
2320 985 2437 1043 fere
2465 984 2571 1043 ulli
2597 983 2883 1059 vituperio

483 1065 745 1123 subsunt.
828 1067 884 1118 4.
925 1060 1127 1134 Quoad
1170 1064 1379 1136 efficta,
1424 1063 1560 1139 quia
1586 1062 1744 1139 prior
1789 1063 1947 1123 lucta
1993 1073 2184 1142 potest
2231 1065 2542 1123 consistere
2571 1083 2700 1121 cum
2743 1081 2882 1139 quo-

480 1144 700 1202 tidiano
741 1140 1018 1216 peccandi
1064 1141 1355 1213 exercitio,
1401 1150 1460 1199 et
1497 1142 1545 1200 si
1584 1142 1759 1200 efficit
1792 1143 2119 1220 aliquando,
2175 1152 2242 1202 ut
2283 1144 2498 1202 bonum
2547 1143 2648 1201 fiat
2683 1143 2779 1199 vel
2819 1149 2884 1200 ut

480 1222 694 1281 malum
717 1221 948 1294 vitetur,
972 1239 1267 1298 nunquam
1295 1230 1488 1278 tamen
1509 1241 1578 1279 eo
1598 1230 1789 1297 potest
1810 1240 2128 1300 assurgere,
2159 1232 2225 1282 ut
2266 1223 2413 1282 bene
2440 1223 2558 1295 fiat,
2590 1230 2761 1298 atque
2804 1221 2883 1278 ita

480 1299 739 1377 reprimit
766 1299 958 1375 potius
986 1311 1280 1375 peccatum
1312 1320 1483 1376 quam
1512 1301 1758 1377 perimit,
1790 1302 1941 1360 unde
1962 1303 2190 1361 tandem
2210 1304 2356 1361 ratio
2386 1322 2515 1360 cum
2533 1301 2748 1359 lumine
2779 1319 2881 1358 suo

481 1379 802 1438 succumbit
831 1387 888 1436 et
936 1378 1203 1438 vincitur.
1292 1378 1407 1436 Sed
1454 1380 1514 1435 in
1556 1380 1714 1437 lucta
1753 1379 2028 1452 fidelium,
2078 1382 2224 1439 Caro
2253 1391 2491 1440 eatenus
2533 1381 2796 1438 atteritur
2824 1387 2880 1438 et

479 1457 869 1530 mortificatur,
901 1465 966 1515 ut
992 1458 1100 1516 etsi
1130 1477 1245 1515 non
1273 1457 1455 1534 possit
1483 1457 1744 1515 absolute
1773 1459 2066 1534 eradicari,
2099 1468 2156 1518 et
2183 1461 2242 1516 in
2284 1460 2481 1517 multis
2510 1459 2698 1516 adhuc
2739 1459 2878 1516 acti·

476 1537 585 1595 bus
609 1557 670 1595 se
698 1545 911 1608 exerat,
941 1556 1056 1593 non
1079 1537 1262 1615 possit
1288 1547 1479 1594 tamen
1507 1536 1837 1613 praevalere,
1870 1538 1973 1595 sed
2001 1559 2034 1595 a
2067 1538 2284 1614 Spiritu
2311 1538 2542 1596 tandem
2561 1546 2875 1613 superetur,

475 1616 575 1694 qui
598 1616 736 1675 facit
761 1616 962 1674 fideles
986 1624 1235 1690 ὖπεςηκᾷν.

478 1734 522 1779 ..
545 1735 621 1780 21
1524 1694 2165 1850 asssffiaeffs
2181 1693 2875 1848 errasset-2²53.-

476 1854 835 1930 imponentes
862 1853 906 1912 J
909 1820 1092 1930 ugum’
1128 1854 1341 1912 cervici
1382 1854 1811 1930 discipulorum,
1843 1855 2000 1931 quod
2027 1874 2134 1914 nec
2163 1855 2366 1912 Patres
2393 1853 2592 1926 nostri,
2622 1873 2728 1911 neo
2770 1872 2876 1910 nos

472 1944 701 2010 portare
749 1933 1039 2011 potuimus
1058 1934 1123 1992 ?''
1209 1934 1357 1991 Nam
1388 1933 1438 1990 si
1477 1953 1593 1990 non
1649 1933 1782 1992 ferri
1837 1942 2042 2011 potest,
2086 1934 2375 2011 quomodo
2423 1943 2618 2011 posset
2658 1953 2692 1990 a
2734 1950 2874 2007 quo·

472 2031 648 2089 quam
689 2013 958 2089 impleri?
1027 2013 1267 2072 Frustra
1304 2013 1598 2090 reponitur
1645 2033 1680 2070 a
1729 2013 2081 2071 Bellarmino
2118 2015 2214 2090 agi
2258 2014 2330 2071 de
2383 2013 2540 2089 Lege
2591 2013 2872 2070 Caeremo·

471 2093 630 2168 niali,
677 2110 794 2149 non
845 2092 1072 2150 Morali.
1175 2093 1322 2166 Quia
1355 2096 1406 2150 1.
1442 2091 1503 2150 Si
1562 2092 1672 2150 hoc
1695 2092 1766 2150 de
1827 2093 1985 2168 Lege
2050 2093 2445 2152 Caeremoniali
2502 2091 2618 2149 dici
2663 2100 2869 2167 potest,

470 2171 644 2249 longe
683 2171 887 2230 fortius
928 2171 1235 2230 dicendum
1280 2181 1369 2231 est
1410 2172 1481 2229 de
1509 2172 1730 2230 morali.
1790 2175 1846 2229 2.
1889 2172 2012 2230 Lex
2054 2172 2480 2231 Caeremonialis
2516 2191 2616 2249 per
2654 2191 2714 2229 se
2757 2190 2873 2228 non

470 2259 695 2327 poterat
736 2251 851 2309 dici
870 2252 1077 2328 jugum
1110 2260 1426 2325 hadra-amn,
1472 2251 1575 2309 sed
1607 2251 1835 2329 proprie
1857 2251 1967 2310 hoe
1996 2252 2238 2311 refertur
2264 2251 2338 2309 ad
2366 2251 2656 2325 moralem,
2689 2270 2816 2326 quae
2839 2269 2874 2306 a

469 2331 697 2389 nemine
725 2350 974 2407 unquam
1000 2330 1186 2407 potuit
1215 2330 1473 2407 impleri3
1517 2341 1574 2389 et
1604 2351 1733 2406 quae
1763 2331 1870 2388 sub
1899 2331 2261 2389 execratione
2289 2332 2451 2408 ponit
2488 2350 2604 2405 eos,
2636 2330 2734 2406 qui
2765 2329 2872 2387 sub

470 2430 539 2467 ea
560 2410 784 2468 vivunt.
831 2415 885 2469 3.
918 2409 1171 2484 Quaestio
1193 2429 1321 2486 quae
1344 2410 1701 2482 movebatur,
1726 2418 1905 2468 totam
1930 2411 2146 2486 Legem
2165 2410 2522 2487 respiciebat,
2547 2429 2662 2466 non
2687 2409 2873 2467 solum

471 2489 960 2563 Caeremonialem,
994 2489 1097 2547 sed
1125 2489 1295 2547 etiam
1331 2489 1632 2563 Moralem,
1661 2490 1791 2548 Gal.
1823 2509 1880 2547 v.
1913 2493 1968 2547 3.
2015 2490 2137 2547 Nec
2166 2490 2357 2548 obstat
2384 2489 2538 2566 quod
2563 2489 2871 2547 Decretum

468 2569 873 2645 Apostolicum
921 2588 1093 2644 agere
1137 2568 1368 2627 videtur
1413 2577 1633 2627 tantum
1678 2568 1749 2626 de
1782 2569 1938 2645 Lege
1969 2568 2381 2627 Caeremoniali.
2453 2567 2601 2641 Quia
2628 2568 2870 2644 quaestio

467 2658 622 2705 mota
650 2649 833 2705 fuerat
861 2648 1091 2723 quidem
1135 2666 1209 2706 ex
1254 2649 1552 2705 occasione
1605 2648 1781 2723 Legis
1810 2648 2252 2721 Coeremonialis,
2284 2648 2388 2705 sed
2431 2647 2638 2704 Petrus
2666 2646 2872 2704 videns

466 2726 707 2784 ulterIus
736 2726 987 2801 extendi,
1047 2726 1118 2783 de
1163 2734 1284 2785 tota
1328 2726 1483 2801 Lege
1527 2726 1797 2802 loquitur,
1830 2727 2140 2784 ostendens
2181 2727 2307 2802 ejus
2336 2725 2876 2801 impossibilitatem,

463 2806 599 2881 quia
628 2814 750 2862 erat
769 2806 996 2882 jugum,
1029 2805 1184 2880 quod
1212 2824 1319 2863 nec
1346 2804 1458 2881 ipsi
1479 2824 1583 2862 nee
1631 2806 1830 2862 Patres
1858 2823 2053 2862 eorum
2083 2814 2308 2882 portare
2338 2813 2658 2881 potuerant.

548 2884 761 2942 XVII.
807 2883 1188 2943 Confirmatur
1234 2905 1309 2942 ex
1353 2903 1422 2942 eo
1468 2883 1626 2962 quod
1666 2883 1792 2941 Lex
1834 2884 2219 2941 omnimodam
2248 2882 2632 2942 obedientiam
2662 2884 2864 2961 exigit,

462 2972 582 3022 tam
631 2963 823 3041 quoad
867 2964 1120 3022 internos
1168 2961 1423 3038 affectuS,
1470 2982 1645 3040 quam
1693 2963 1886 3040 quoad
1933 2974 2204 3022 externos
2247 2963 2502 3037 effectuS,
2551 2983 2666 3021 non
2695 2964 2866 3022 modo

462 3044 652 3121 quoad
701 3052 909 3121 parteS,
955 3044 1056 3102 sed
1105 3044 1275 3103 etiam
1325 3044 1515 3120 quoad
1543 3042 1776 3121 gradus,
1826 3052 1893 3102 ut
1937 3052 2058 3103 tota
2104 3052 2312 3117 mente,
2343 3051 2465 3102 toto
2511 3043 2698 3116 eorde,
2730 3043 2867 3102 totis

461 3124 684 3182 viribus
716 3126 902 3182 Deum
931 3124 1257 3201 diligamus,
1290 3133 1355 3183 ut
1382 3144 1554 3183 verus
1594 3124 1802 3182 modus
1843 3143 1974 3182 eum
2003 3123 2283 3200 diligendi
2313 3123 2388 3182 sit
2410 3123 2532 3181 sine
2561 3123 2749 3198 modo,
2801 3132 2867 3182 ut

464 3203 740 3261 Bernard.
770 3204 1041 3280 loquitur.
1126 3204 1292 3277 Quod
1323 3224 1450 3262 cum
1482 3224 1515 3261 a
1537 3204 1697 3262 nullo
1726 3203 2052 3262 mortalium
2082 3203 2306 3280 impleri
2333 3222 2500 3279 posse
2531 3211 2769 3274 constet,
2800 3210 2866 3261 ut

457 3282 701 3359 quisque
731 3283 802 3341 de
830 3302 899 3340 eo
921 3284 1221 3342 convictus
1249 3292 1336 3342 est
1360 3306 1374 3356 ;
1419 3283 1678 3360 sequitur
1708 3284 1922 3359 Legem
1951 3283 2060 3341 hac
2088 3281 2146 3339 in
2175 3291 2335 3375 parte
2357 3282 2574 3340 homini
2603 3302 2729 3340 esse
2759 3283 2863 3339 im·

498 3363 810 3420 ossibilem.
896 3363 1016 3420 Nec
1045 3363 1235 3439 excipi
1263 3371 1453 3438 potest
1480 3362 1847 3420 dilectionem
1877 3372 2099 3420 tantum
2143 3382 2418 3419 smeeram
2465 3370 2522 3419 et
2545 3381 2658 3418 non
2687 3362 2861 3420 simu·

483 3450 633 3497 atam
664 3441 928 3516 intelligi.
973 3441 1119 3513 Quia
1146 3441 1283 3499 licet
1311 3441 1543 3498 dilectio
1573 3442 1795 3499 sincera
1823 3451 2152 3517 acceptetur
2179 3461 2213 3497 a
2245 3441 2370 3498 Deo
2399 3461 2471 3498 ex
2502 3441 2864 3516 indulgentia

454 3527 730 3595 paterna3
763 3519 891 3575 Non
922 3518 1131 3577 desinit
1159 3529 1348 3577 tamen
1375 3520 1667 3596 postulare
1696 3519 2004 3596 perfectam
2033 3520 2374 3593 omnimode,
2406 3520 2594 3594 qualis
2622 3519 2865 3579 debetur

464 3617 500 3655 a
529 3598 803 3655 Creatura
840 3598 1124 3654 rationali.

500 3680 517 3695 ‘
1060 3676 1308 3734 XVIII.
1333 3675 1565 3749 Quart0,
1593 3675 1741 3749 Quia
1762 3675 2036 3752 jubemur
2066 3674 2319 3752 quotidie
2350 3684 2542 3751 petere
2571 3676 2860 3735 remissio·

455 3743 933 3847 ⁴·mff3n}ssffi}{‘⁵⁰e¹ss
973 3776 1100 3815 nem
1116 3764 1496 3833 peccatorum.
1544 3756 1586 3815 J
1591 3774 1682 3812 am
1702 3755 1749 3812 si
1771 3755 2044 3831 possibile
2067 3764 2154 3813 est
2172 3756 2384 3813 renatis
2412 3764 2477 3813 ut
2501 3755 2717 3831 Legem
2751 3757 2861 3815 Dei

515 3867 757 3905 catorum.
826 3815 857 3860 p
978 3837 1269 3913 impleant,
1301 3835 1574 3912 possibile
1623 3842 1712 3893 est
1740 3835 1961 3909 iisdem,
2013 3844 2079 3893 ut
2119 3843 2482 3912 peccatorum
2522 3836 2860 3895 remissione

977 3937 1089 3975 non
1111 3916 1424 3991 indigeant,
1450 3924 1508 3975 et
1528 3935 1644 3971 non
1661 3924 1964 3973 tencantur
1985 3914 2171 3973 dicere
2179 3916 2352 3992 juxta
2370 3916 2701 3974 mandatum
2730 3915 2858 3974 Ser-

453 3997 689 4073 vatoriS‚
713 3998 950 4057 Dimitte
966 3998 1117 4055 nobis
1137 3998 1319 4057 debita
1346 4005 1540 4053 nostra
1561 4018 1580 4052 .·
1608 3995 1818 4052 namin
1847 4015 1962 4072 quo
1980 3996 2138 4052 nulla
2163 3996 2338 4072 Legis
2367 3995 2746 4071 transgressio
2774 4016 2862 4053 re-

452 4079 686 4156 peritur,
733 4078 792 4134 in
847 4097 915 4136 eo
970 4078 1129 4134 nulla
1184 4075 1537 4134 remissionis
1589 4095 1763 4132 causa
1817 4075 2177 4151 intelligitur,
2211 4085 2269 4133 et
2312 4075 2473 4132 nulla
2501 4074 2631 4132 ideo
2661 4094 2856 4132 neces·

451 4159 593 4217 sitas
647 4157 909 4234 petendae
958 4156 1307 4215 remissionis
1355 4155 1650 4231 reperitur.
1764 4154 1894 4212 Hoc
1949 4163 2287 4230 argumento
2344 4174 2459 4212 non
2516 4153 2692 4212 semel
2744 4153 2859 4210 uti-

451 4248 546 4296 tur
558 4237 925 4312 Augustinus
944 4245 1142 4294 contra
1174 4234 1547 4311 Pelagianos:
1580 4237 1616 4266 ‘⁶
1636 4233 1910 4309 Quisquis
1937 4233 2085 4292 hauc
2114 4234 2489 4306 orationem,”
2520 4233 2723 4309 inquit,
2755 4232 2858 4291 lib.

451 4316 531 4374 iii.
563 4317 635 4374 de
664 4326 881 4393 peccat.
913 4315 1071 4373 meri.
1103 4323 1161 4372 et
1189 4315 1407 4372 remiss.
1433 4334 1557 4390 cap.
1592 4317 1684 4387 13,
1733 4314 2018 4371 “Dimitte
2068 4314 2220 4371 nobis
2248 4313 2430 4371 debita
2478 4323 2689 4385 nostra,
2737 4311 2857 4370 cui·

450 4396 594 4454 libet
622 4397 794 4454 etiam
824 4394 1042 4452 homini
1074 4404 1289 4466 sancte,
1321 4402 1379 4451 et
1403 4394 1513 4450 Dei
1543 4393 1898 4450 voluntatem
1942 4393 2147 4451 scienti
2195 4402 2253 4450 et
2303 4391 2552 4461 facienti,
2585 4392 2727 4449 dicit
2753 4412 2853 4449 ne-

451 4476 759 4532 cessariam
788 4494 902 4531 non
932 4473 1126 4546 fuisse,
1157 4473 1402 4530 multum
1448 4474 1659 4530 errat.''
1747 4472 1824 4529 Et
1851 4472 1988 4530 alibi
2019 4482 2200 4529 contr.
2241 4471 2386 4529 duas
2417 4471 2602 4546 Epist.
2654 4471 2854 4546 Pelag.

446 4551 549 4608 lib.
582 4554 659 4610 iv,
691 4573 813 4629 cap.
849 4556 939 4623 10,
976 4554 1146 4623 “Qui
1175 4551 1529 4609 contendunt
1557 4570 1683 4609 esse
1733 4550 1789 4607 in
1822 4551 1928 4608 hac
1956 4552 2093 4624 vita,
2125 4550 2220 4609 vel
2251 4550 2445 4621 fuisse,
2482 4549 2691 4625 justoS,
2724 4552 2852 4607 nul·

448 4629 568 4686 lum
614 4630 891 4689 habentes
929 4631 1161 4688 omnino
1212 4639 1523 4707 peceatum,
1579 4631 1683 4687 hac
1735 4631 2176 4706 praesumptione
2206 4629 2564 4706 apertissime
2595 4629 2856 4688 Orationi
