3221 5200
518 307 633 362 612
1274 321 1456 363 Locus
1486 320 1746 362 nacfflus
1783 323 2084 364 ssr‘rmus.
2586 305 2835 388 [qums-r.
2880 329 2919 367 1.

516 461 698 539 ipsius
726 471 784 521 et
809 461 947 520 fidei
974 482 1087 539 qua
1105 462 1510 537 justificamur.
1598 467 1651 520 1.
1680 466 1838 522 Deus
1866 464 1927 521 in
1957 463 2200 523 Foedere
2220 463 2436 524 Gratiae
2465 464 2579 523 duo
2607 465 2720 524 ista
2746 468 2920 525 bene-

514 541 645 598 ficia
694 542 1013 618 conjunxit,
1061 563 1237 619 quum
1287 544 1591 620 pollicetur
1638 543 1795 619 quod
1842 563 1956 601 non
1997 543 2398 602 recordaturus
2447 545 2522 602 sit
2557 555 2923 621 peccatorum

515 629 857 694 nostrorum,
890 632 947 681 et
975 622 1130 698 quod
1158 622 1536 698 inscripturus
1565 622 1642 680 sit
1672 623 1887 699 Legem
1931 624 1991 680 in
2032 623 2301 682 cordibus
2341 625 2569 698 nostris,
2600 625 2643 683 J
2647 645 2726 682 er.
2755 626 2922 683 xxxi.

516 703 611 772 33,
644 704 740 758 34.
827 702 948 760 Nec
977 711 1181 759 natura
1209 701 1333 777 ipsa
1363 702 1474 758 Dei
1502 702 1720 778 patitur
1759 703 1870 760 hoc
1900 703 2065 761 aliter
2091 704 2232 761 fieri.
2318 703 2460 761 Cum
2491 704 2642 761 enim
2671 724 2772 782 per
2789 706 2917 779 jus-

512 779 882 838 tificationem
906 783 1008 856 jus
1036 781 1348 838 habeamus
1376 779 1451 836 ad
1480 781 1678 854 vitam,
1711 801 1818 839 nec
1860 783 2162 859 quisquam
2201 781 2276 839 ad
2304 783 2760 840 communionem
2789 804 2919 842 cum

514 858 641 917 Deo
670 861 853 936 possit
880 859 1105 917 admitti
1148 859 1270 915 sine
1314 859 1800 935 sanctificatione3
1845 881 2079 920 necesse
2122 870 2211 920 est
2251 861 2412 919 illum
2444 881 2613 937 quem
2634 863 2918 937 justificat

515 939 692 1013 Deus,
746 940 915 997 etiam
965 939 1038 995 ab
1084 956 1151 994 eo
1210 938 1568 1013 sanctificari,
1627 949 1692 998 ut
1747 940 1990 999 idoneus
2045 940 2318 1000 reddatur
2371 941 2444 998 ad
2499 943 2918 1017 possessionem

513 1018 731 1093 gloriae.
818 1019 943 1074 Imo
986 1036 1100 1072 non
1144 1016 1295 1076 tollit
1336 1026 1559 1075 reatum
1594 1019 2027 1096 justificatione,
2072 1021 2184 1079 nisi
2227 1029 2291 1079 ut
2335 1021 2654 1096 Imaginem
2682 1033 2919 1081 renovet

511 1116 672 1153 suam
721 1097 780 1153 in
824 1095 993 1152 nobis
1040 1114 1143 1170 per
1191 1097 1719 1172 sanctificationem,
1766 1099 1903 1176 quia
1952 1101 2226 1158 sanctitas
2268 1108 2356 1158 est
2395 1100 2526 1157 finis
2557 1099 2833 1176 Foederis,
2864 1108 2925 1160 et

510 1175 763 1232 omnium
793 1173 1199 1232 beneficiorum
1228 1177 1372 1251 ejus,
1406 1177 1547 1235 Luc.
1579 1178 1616 1234 i.
1648 1181 1740 1250 68,
1774 1177 1900 1250 ἕω,
1928 1179 2075 1254 Eph.
2107 1180 2143 1236 i.
2175 1185 2231 1236 4.

892 1309 901 1319 ,
960 1309 971 1321 ,
1090 1255 1304 1313 XVII.
1337 1262 1391 1314 2.
1417 1257 1671 1315 Christus
1692 1258 1976 1332 duplicem
2003 1266 2161 1326 σχίσιν
2185 1257 2443 1331 sustinet,
2478 1258 2649 1315 Vadis
2670 1266 2727 1316 et
2748 1259 2920 1333 Capi-

506 1305 993 1363 2.AparteCh1-1st1;
1032 1335 1101 1391 tis
1120 1358 1143 1406 ,·
1172 1354 1287 1411 qua
1330 1336 1452 1391 Vas
1516 1355 1623 1391 nos
1681 1337 1978 1411 justificat,
2039 1336 2117 1391 Et
2171 1355 2286 1410 qua
2343 1336 2529 1410 Caput
2579 1338 2916 1395 sanctificat.

507 1414 756 1474 Ratione
794 1413 1001 1490 prioris
1042 1433 1195 1471 mors
1224 1413 1350 1489 ejus
1379 1421 1467 1470 est
1495 1432 1668 1469 causa
1695 1413 1984 1469 meritoria
2012 1412 2056 1469 J
2060 1413 2473 1486 ustificationis,
2509 1414 2753 1471 Ratione
2780 1435 2917 1491 pos-

506 1494 733 1554 terioris
789 1500 879 1551 est
926 1512 1099 1550 causa
1153 1490 1497 1567 exemplaris
1540 1490 2024 1562 sanctificationis,
2072 1490 2238 1547 Rom.
2270 1491 2348 1547 vi.
2381 1494 2435 1564 4,
2471 1493 2523 1564 5,
2557 1499 2615 1547 et
2644 1492 2762 1547 viii.
2796 1497 2913 1570 29;

512 1578 540 1632 1
577 1574 702 1632 Pet.
733 1573 792 1630 ii.
825 1575 921 1630 21.
986 1572 1069 1630 Ut
1096 1588 1233 1644 ergo
1282 1568 1495 1626 nemini
1538 1568 1708 1625 datur
1738 1568 2000 1625 Christus
2030 1568 2087 1624 in
2119 1568 2361 1641 Vadem,
2389 1568 2481 1626 cui
2511 1588 2626 1626 non
2656 1569 2823 1627 detur
2850 1572 2916 1630 in

507 1655 727 1730 Caput3
775 1652 868 1709 Ita
912 1670 1078 1707 nemo
1136 1648 1347 1705 Christi
1397 1647 1583 1706 Vadis
1639 1648 1841 1705 merito
1885 1646 2252 1723 justificatur,
2300 1648 2400 1723 qui
2449 1668 2552 1723 per
2600 1647 2916 1708 efficaciam

506 1733 718 1793 Christi
750 1731 967 1807 Capitis
994 1747 1110 1785 non
1139 1727 1526 1785 sanctificetur
1552 1725 1628 1784 ad
1656 1728 1781 1804 ejus
1801 1727 2140 1801 Imaginem.
2201 1727 2331 1784 Non
2357 1727 2497 1784 satis
2515 1737 2604 1786 est
2623 1727 2919 1787 Christum

503 1823 793 1872 mortuum
821 1829 944 1867 esse
974 1816 1031 1865 et
1059 1807 1257 1864 vivere
1299 1825 1403 1882 pro
1431 1806 1617 1879 nobiS,
1650 1805 1758 1863 nisi
1788 1805 2092 1864 mortificet
2119 1806 2290 1863 etiam
2320 1805 2381 1863 in
2409 1807 2582 1896 nobis
2606 1806 2680 1864 ad
2710 1807 2913 1866 simili-

502 1894 766 1953 tudinem
796 1887 995 1946 mortis
1026 1906 1143 1943 suae
1172 1893 1426 1943 veterem
1455 1885 1744 1943 homiuem
1770 1894 1828 1944 et
1855 1904 2069 1942 novum
2099 1885 2371 1957 vivificet,
2422 1895 2490 1944 ut
2516 1886 2618 1943 fiat
2645 1886 2703 1942 in
2732 1906 2912 1944 mem-

498 1973 619 2031 bris
641 1970 796 2048 quod
824 1968 1036 2025 factum
1065 1973 1154 2023 est
1181 1965 1241 2022 in
1271 1965 1488 2041 Capite.
1575 1964 1823 2022 Accedit
1851 1963 2006 2040 quod
2028 1984 2101 2021 ex
2130 1973 2330 2039 morte,
2355 1984 2470 2041 qua
2505 1965 2910 2043 justificamur,

504 2072 621 2110 non
642 2050 818 2109 modo
847 2046 1175 2124 acquiratur
1221 2044 1484 2120 SpirituS‚
1532 2043 1634 2102 sed
1663 2053 1721 2102 et
1767 2044 2056 2120 praecipua
2084 2044 2302 2102 motiva
2329 2044 2616 2102 ducantur
2642 2044 2715 2102 ad
2744 2065 2909 2104 sanc-

502 2130 896 2189 tificationem.
929 2126 1134 2200 Qualia
1146 2132 1296 2198 sunt,
1316 2127 1367 2182 l.
1382 2124 1631 2182 Foeditas
1642 2124 1879 2198 peccati,
1894 2143 2021 2200 quae
2033 2142 2147 2180 non
2167 2122 2280 2180 alia
2296 2142 2356 2180 re
2368 2143 2543 2200 quam
2555 2123 2768 2181 Christi
2780 2144 2911 2181 san-

500 2212 676 2286 guine
706 2209 822 2266 elui
850 2204 1054 2284 potuit.
1140 2205 1194 2261 2.
1246 2205 1449 2263 Odium
1496 2204 1617 2262 Dei
1659 2222 1797 2278 crya
1838 2211 2146 2279 peccatum,
2178 2203 2377 2278 quine
2406 2203 2636 2278 proprio
2675 2202 2910 2278 quidem

497 2288 753 2365 pepercit
784 2287 935 2343 Filio
964 2284 1039 2342 ad
1068 2285 1194 2359 ejus
1223 2283 1499 2341 ultionem
1521 2282 1859 2340 faciendam.
1946 2285 2000 2340 3.
2044 2282 2225 2339 Amor
2257 2282 2470 2340 Christi
2492 2282 2907 2357 inenarrabilis,

500 2371 667 2445 quus
696 2366 944 2425 charitas
972 2382 1079 2420 nos
1107 2362 1251 2420 adeo
1275 2362 1666 2437 constringere
1689 2361 1878 2436 debet,
1903 2370 1968 2420 ut
2003 2381 2119 2417 non
2149 2361 2394 2437 amplius
2423 2360 2590 2418 nobis
2617 2361 2906 2439 vivamuS,

496 2447 600 2505 sed
629 2444 715 2502 illi
743 2444 842 2521 qui
872 2450 1130 2499 mortuus
1158 2449 1247 2498 est
1274 2460 1377 2516 pro
1406 2441 1590 2508 nobiS,
1617 2444 1652 2497 2
1685 2442 1814 2498 Cor.
1843 2460 1901 2498 v.
1938 2443 2029 2515 14,
2065 2443 2157 2498 15.
2242 2446 2298 2497 4.
2320 2442 2432 2498 Jus
2458 2439 2614 2515 quod
2644 2440 2911 2500 Christus

495 2524 805 2599 acquisivit
833 2523 891 2577 in
920 2538 1026 2576 nos
1053 2519 1368 2592 moriendo,
1402 2519 1570 2576 Rom.
1602 2519 1724 2576 xiv.
1757 2522 1811 2594 8,
1845 2522 1899 2593 9,
1931 2527 1990 2578 et
2022 2522 2050 2576 l
2085 2520 2214 2578 Cor.
2239 2519 2317 2576 vi.
2342 2521 2436 2593 20,
2467 2518 2621 2595 quod
2650 2520 2909 2596 postulat

492 2613 560 2660 ut
588 2603 749 2659 illum
773 2597 1161 2675 glorificemus
1183 2617 1419 2673 corpore
1442 2606 1499 2655 et
1522 2597 1743 2673 spiritu.
1831 2598 2095 2674 Denique
2116 2599 2211 2656 hic
2239 2599 2562 2676 praecipuus
2591 2608 2678 2657 est
2705 2602 2910 2659 mortis

498 2680 713 2738 Christi
740 2679 889 2749 finis,
921 2683 986 2732 ut
1008 2676 1219 2731 mortui
1245 2683 1480 2749 peccato
1509 2677 1778 2734 vivamus
1799 2677 2061 2751 justitiae,
2097 2679 2124 2733 1
2160 2678 2285 2735 Pet.
2317 2677 2375 2735 ii.
2408 2682 2503 2753 24,
2530 2679 2642 2736 Tit.
2674 2678 2730 2734 ii.
2768 2682 2862 2737 14.

900 2815 910 2826 ,
944 2815 954 2826 .
1101 2752 1350 2808 XVIII.
1397 2756 1452 2809 3.
1497 2754 1744 2826 Spim‘tus
1771 2754 1871 2829 qui
1899 2754 2067 2811 nobis
2096 2754 2267 2813 datur
2295 2756 2514 2833 duplex
2542 2777 2749 2815 nomen
2780 2778 2903 2817 sor-

490 2818 535 2862 3.
572 2818 620 2863 A
656 2821 797 2899 parte
830 2814 976 2871 Spu-1·
1019 2830 1176 2904 titur,
1207 2830 1453 2905 Spiritus
1481 2832 1815 2906 adoptionis,
1848 2833 1947 2908 qui
1976 2833 2246 2909 obsignat
2269 2835 2738 2910 justificationem
2768 2858 2904 2897 nos-

678 2883 785 2928 tus,
1016 2918 1182 2985 tram,
1235 2918 1293 2967 et
1334 2910 1577 2986 Spiritus
1617 2911 2081 2990 sanctificationis,
2114 2913 2214 2989 qui
2258 2934 2384 2972 eam
2424 2915 2656 2973 inchoat
2683 2924 2741 2973 et
2768 2937 2900 2992 pro-

490 3004 723 3070 movet3
767 2992 920 3053 unde
970 2990 1186 3069 duplex
1236 2989 1382 3048 solet
1426 3009 1552 3048 esse
1600 2991 1726 3068 ejus
1775 2991 2047 3068 operatio,
2079 2994 2262 3069 prima
2308 3014 2411 3070 per
2455 2995 2900 3071 consolationem,

491 3097 668 3153 quum
699 3083 942 3134 testatur
969 3091 1076 3130 nos
1104 3090 1229 3129 esse
1247 3070 1398 3128 filios
1429 3071 1557 3144 Dei,
1580 3070 1748 3128 Rom.
1779 3071 1900 3128 viii.
1925 3074 2015 3146 16,
2037 3073 2218 3130 altera
2253 3091 2355 3149 per
2391 3075 2896 3152 sanctificationem,

489 3176 668 3233 quum
687 3155 825 3214 facit
844 3172 951 3211 nos
975 3153 1238 3224 clamare,
1256 3150 1445 3225 Abba,
1462 3151 1652 3225 Pater,
1672 3171 1792 3209 ver.
1811 3154 1901 3209 15.
1962 3151 2022 3207 A
2045 3159 2204 3227 parte
2229 3152 2337 3209 Dei
2359 3151 2656 3212 descendit
2682 3154 2741 3210 in
2770 3174 2896 3229 nos,

489 3244 548 3294 et
576 3235 876 3294 confirmat
924 3233 1050 3308 ejus
1099 3230 1522 3307 promissiones,
1568 3250 1603 3287 a
1643 3240 1804 3307 parte
1853 3231 2034 3288 nostri
2083 3250 2221 3288 vero
2269 3230 2577 3289 ascendere
2634 3232 2770 3290 facit
2824 3236 2903 3293 ad

491 3315 698 3389 Deum,
731 3313 805 3371 ad
834 3312 1004 3370 officii
1031 3310 1214 3368 nostri
1243 3310 1658 3368 executionem.

486 3430 530 3473 ⁴·
569 3432 617 3474 A
640 3437 779 3486 pm
799 3429 969 3480 F¹⁶⁰¹²
1011 3388 2178 3543 ..3352fflffzjtffilfftilffissffisstfflss
2198 3389 2903 3543 ξ’ἕξιῑῗῑίῗῖῗέιῖἑῑεῖῗωιᾘ

486 3553 575 3604 est
603 3545 781 3602 radz’x
823 3553 877 3600 et
895 3545 1233 3618 principium
1262 3546 1726 3620 sanctificationis,
1758 3544 1894 3602 dum
1924 3555 2131 3620 purgat
2160 3546 2335 3603 corda
2361 3555 2419 3605 et
2447 3547 2649 3605 efficax
2678 3514 2765 3605 es't
2793 3568 2902 3624 per

487 3624 841 3696 charitatem,
865 3622 996 3681 Gal.
1020 3642 1076 3678 v.
1103 3625 1156 3679 6.
1210 3622 1348 3697 Ipsa
1358 3621 1713 3697 justificati0‚
1736 3643 1864 3698 quae
1885 3624 2275 3682 remissionem
2316 3634 2680 3698 peccatorum
2710 3626 2896 3700 affert,

485 3726 601 3764 non
632 3703 851 3762 inducit
880 3701 1311 3779 permissionem
1342 3720 1443 3758 seu
1469 3700 1761 3758 licentiam
1807 3701 2098 3777 peccandi,
2131 3711 2196 3761 ut
2222 3704 2442 3763 vellent
2472 3706 2757 3782 Epicurei,
2790 3707 2901 3765 sed

488 3785 743 3844 studium
771 3783 1002 3859 pietatis
1044 3790 1102 3840 et
1144 3780 1465 3838 sanctitatis
1493 3780 1718 3856 praxim
1748 3781 1919 3839 debet
1961 3781 2291 3840 accendere.
2377 3784 2555 3860 Apud
2588 3786 2773 3843 Deum
2804 3795 2900 3845 est

485 3864 831 3941 propitiati0‚
862 3871 928 3920 ut
956 3862 1192 3930 colatur,
1226 3860 1380 3918 Psal.
1412 3880 1589 3917 cxxx
1621 3862 1657 3916 4
1683 3881 1696 3934 ;
1741 3859 1996 3937 loquitur
2042 3881 2242 3938 pacem
2289 3863 2501 3939 populo
2531 3884 2652 3938 sue,
2683 3872 2747 3922 ut
2775 3883 2898 3923 non

485 3944 684 4002 redeat
711 3942 786 3999 ad
815 3941 1133 4014 stultitiam,
1163 3940 1314 3998 Psal.
1345 3939 1553 3996 lxxxv.
1585 3940 1640 3996 8.
1703 3939 1798 3997 Sic
1819 3941 2157 4017 justificatio
2188 3962 2247 3999 se
2271 3941 2445 4000 habet
2466 3943 2540 4001 ad
2569 3943 2894 4001 sanctifica—

481 4023 715 4095 tionem,
745 4030 812 4079 ut
839 4020 1090 4078 medium
1121 4020 1196 4077 ad
1223 4019 1413 4078 finem.
1501 4019 1578 4076 Et
1605 4018 1665 4076 in
1694 4018 1755 4076 id
1783 4020 1967 4077 tendit
1996 4029 2118 4078 tota
2144 4022 2464 4079 oeconomia
2492 4022 2727 4095 Gratiae,
2758 4042 2895 4098 quae

482 4122 598 4160 non
621 4101 735 4159 alia
763 4100 834 4158 de
864 4119 1037 4159 causa
1065 4098 1231 4156 nobis
1260 4099 1459 4171 illuxit,
1483 4098 1594 4155 nisi
1610 4108 1671 4155 ut
1697 4100 1974 4174 abneyata
1991 4101 2267 4174 impietate
2294 4110 2348 4159 et
2373 4103 2671 4159 mundanis
2691 4122 2895 4159 concu-

474 4180 760 4257 piscentiis
788 4180 1038 4238 vivamus
1048 4178 1164 4253 pie,
1195 4179 1374 4236 sobrie
1401 4181 1633 4252 etjuste,
1666 4177 1779 4236 Tit.
1810 4179 1869 4236 ii.
1905 4181 1995 4235 12.

1082 4256 1235 4314 XX.
1282 4256 1444 4314 Idem
1473 4257 1720 4332 probant
1747 4257 2129 4331 Sacramenta,
2156 4278 2283 4335 quae
2314 4259 2784 4318 administrantur
2813 4262 2897 4319 ad

478 4318 521 4362 ⁵·
561 4317 959 4420 ssfftbtssufficm’
1001 4335 1360 4412 obsignanda
1379 4335 1659 4394 beneficia
1678 4337 1908 4395 Christi.
1975 4338 2315 4412 Baptismzae,
2337 4338 2436 4415 qui
2455 4339 2898 4399 administratur

1000 4417 1060 4473 in
1090 4416 1461 4473 remissionem
1477 4426 1857 4491 peccatorum,
1892 4416 2026 4475 Act.
2057 4416 2115 4473 ii.
2147 4420 2241 4492 38,
2275 4426 2364 4477 est
2391 4418 2563 4476 etiam
2594 4422 2895 4479 lavacrum

478 4493 928 4568 ”menet-ationis,
970 4495 1083 4552 Tit.
1130 4493 1209 4552 iii.
1258 4496 1312 4552 5.
1401 4495 1478 4552 Et
1506 4495 1553 4552 si
1585 4495 1642 4552 in
1679 4496 1852 4554 Coena
1880 4496 2185 4554 exhibetur
2221 4497 2388 4555 nobis
2418 4498 2631 4555 Christi
2662 4499 2894 4575 Corpus

479 4569 738 4643 fractum,
771 4580 829 4629 et
860 4573 1110 4649 Sanguis
1152 4572 1366 4631 effusus
1407 4571 1465 4629 in
1510 4575 1903 4633 remissionem
1932 4585 2312 4651 peccatorum,
2346 4577 2555 4635 Matth.
2587 4578 2750 4636 xxvi.
2783 4580 2889 4655 28,
