3221 5200
343 353 563 403 Quaes'r.
595 334 708 416 vn]
1211 353 1290 394 na
1318 353 1569 396 1881888
1597 354 1854 395 curm.
2641 338 2756 398 185

341 495 757 572 comprehensa
783 494 1169 568 conferuntur,
1199 494 1337 571 quia
1375 494 1784 571 promissiones
1811 494 1939 555 istae
1981 503 2115 556 sunt
2155 495 2452 570 absolutae,
2483 513 2599 553 non
2627 515 2761 554 con-

342 576 657 650 ditionatae,
687 594 817 652 quae
846 595 881 633 a
910 574 1034 635 sola
1064 574 1175 634 Dei
1215 574 1403 651 gratia
1430 575 1709 650 oriuntur,
1739 595 1857 634 non
1897 575 1971 634 ab
1999 575 2121 634 ulla
2160 575 2488 634 conditione
2516 595 2646 651 quae
2688 575 2764 634 sit

342 656 404 714 in
429 656 663 714 homine
693 654 1156 731 suspenduntur:
1199 654 1355 730 quod
1382 673 1497 714 non
1526 655 1699 714 modo
1740 655 1899 713 notio
1941 655 2313 730 Testamenti,
2344 674 2474 731 quse
2530 654 2763 714 Foederi

340 736 438 795 isti
458 735 643 811 datur,
668 735 913 808 indicat3
944 733 1048 793 sed
1070 743 1128 792 et
1147 741 1353 792 natura
1363 735 1823 810 promissionum,
1844 755 1974 810 quae
1992 754 2110 792 non
2129 743 2353 793 tantum
2374 743 2510 793 sunt
2530 734 2603 793 de
2624 735 2757 810 fine,

342 815 447 874 sed
474 825 533 874 et
560 815 632 876 de
659 815 866 873 mediis
884 813 1026 891 ipsis
1047 823 1106 873 et
1127 813 1568 887 conditionibus,
1593 834 1723 890 quae
1744 814 1985 891 proinde
2002 834 2229 873 omnem
2248 814 2633 873 conditionem
2657 834 2758 872 ex-

345 895 603 954 cludunt.
675 895 841 954 Licet
868 913 1006 951 vero
1034 893 1337 969 promissio
1372 893 1603 952 foederis
1646 894 2037 971 singularibus
2077 894 2337 971 personis
2372 893 2761 953 conditionate

344 983 697 1053 proponatur
723 983 782 1033 et
809 973 1164 1052 applicetur3
1208 993 1323 1031 1108
1354 974 1614 1049 sequitur
1641 974 1824 1050 ipsam
1851 974 2287 1051 promissionem
2315 973 2563 1050 pendere
2592 994 2627 1032 a
2654 994 2758 1031 vo·

344 1055 566 1114 luntate
595 1055 862 1129 hominis,
894 1053 1154 1129 adeoque
1196 1053 1519 1112 absolutam
1548 1072 1665 1111 non
1693 1073 1819 1112 esse
1842 1075 1856 1129 3
1915 1053 2051 1130 quia
2088 1053 2404 1130 propositio
2432 1053 2534 1111 illa
2561 1053 2756 1113 condi·

344 1135 565 1194 tionata
591 1142 680 1193 est
707 1133 1122 1192 consectarium
1152 1132 1548 1207 promissionis
1576 1133 1856 1192 absolutae
1879 1155 1894 1208 3
1939 1142 1999 1191 et
2025 1134 2108 1191 118
2149 1133 2460 1209 imperatur
2486 1141 2761 1209 tanquam

347 1214 597 1272 officium
634 1214 901 1287 hominis,
932 1220 997 1271 ut
1024 1211 1374 1287 producatur
1403 1212 1574 1271 simul
1601 1221 1661 1271 et
1689 1213 1866 1271 semel
1894 1213 1955 1269 in
1981 1212 2181 1271 electis
2207 1221 2273 1271 ut
2303 1213 2415 1272 Dei
2443 1211 2676 1271 donum.

428 1293 515 1352 X.
546 1293 941 1369 Nequicquam
972 1291 1066 1349 hic
1095 1291 1442 1364 obtenditur,
1476 1291 1694 1350 Foedus
1714 1292 2132 1369 Evangelicum
2151 1291 2503 1354 considerari
2530 1291 2759 1363 debere,

348 1374 444 1431 vel
492 1380 557 1432 ut
604 1374 932 1433 absolutum
973 1371 1232 1447 praestita
1272 1336 1619 1464 conditio-ne,
1650 1372 1746 1430 vcl
1786 1380 1851 1430 ut
1892 1371 2362 1448 conditionatum,
2407 1373 2518 1430 hoc
2560 1381 2664 1445 est,
2696 1380 2762 1429 ut

350 1461 573 1529 spectat
600 1453 675 1512 ad
717 1471 816 1510 eos
858 1472 893 1510 a
919 1450 1130 1542 quibus
1158 1449 1411 1509 conditio
1440 1451 1698 1528 exigitur
1737 1451 1992 1511 nondum
2035 1452 2307 1528 praestita.
2393 1452 2542 1525 Quia
2583 1451 2765 1528 gratis

348 1532 690 1609 supponitur
716 1531 904 1590 foedus
932 1530 1132 1606 gratiae
1160 1550 1288 1589 cum
1319 1531 1436 1589 illis
1463 1531 1638 1592 etiam
1666 1531 1872 1590 initum
1900 1551 2045 1606 8888,
2066 1553 2101 1589 8
2129 1532 2342 1607 quibus
2373 1532 2533 1591 Deus
2561 1531 2759 1590 condi-

348 1611 564 1670 tionem
592 1612 679 1670 illi
706 1630 991 1670 annexam
1019 1610 1254 1687 exigere
1281 1618 1505 1670 tantum
1533 1611 1679 1686 vult,
1723 1630 1840 1670 non
1868 1631 2007 1670 vero
2049 1612 2111 1669 in
2139 1611 2257 1669 11118
2285 1610 2546 1671 efficere·
2531 1656 2545 1685 ,
2605 1609 2762 1687 quod

351 1689 585 1749 foederis
612 1692 813 1768 gratiae
853 1698 1073 1748 naturae
1115 1699 1414 1767 repugnat,
1446 1690 1604 1767 quod
1650 1691 1708 1748 in
1750 1711 1820 1749 eo
1861 1689 2055 1749 diflert
2094 1711 2129 1749 a
2158 1690 2379 1766 Legali,
2410 1689 2566 1766 quod
2607 1688 2768 1748 istud

352 1771 533 1829 vitam
559 1771 857 1847 promittat
886 1769 994 1829 sub
1023 1769 1368 1842 conditione,
1399 1791 1572 1847 quam
1600 1770 1785 1846 exigit
1814 1771 1888 1828 ab
1915 1770 2163 1862 bomine,
2208 1789 2325 1827 non
2351 1768 2564 1827 efficit.
2548 1791 2561 1804 ·
2608 1768 2765 1826 Illud

350 1870 492 1909 vero
519 1851 762 1910 salutem
792 1850 900 1910 sub
941 1848 1268 1909 conditione
1295 1815 1448 1925 fidei,
1480 1870 1654 1926 quam
1695 1858 1754 1909 et
1793 1850 1980 1925 exigit
2021 1849 2093 1908 ab
2121 1848 2370 1922 homine,
2401 1856 2460 1906 et
2493 1847 2666 1907 efficit
2707 1848 2768 1906 in

348 1929 507 2007 ipso3
550 1939 618 1989 ut
644 1932 742 1989 vel
762 1951 836 1989 ex
866 1929 1006 2003 solo,
1036 1929 1992 2004 ι18188111111111.31,32,33,1080
2021 1926 2242 2020 liquido
2270 1935 2514 2002 constat,
2544 1927 2646 1985 ubi
2674 1946 2760 1985 re-

350 2009 550 2068 missio
576 2018 943 2088 peccatorum
980 2016 1040 2067 81
1079 2008 1437 2084 regeneratio
1482 2029 1587 2068 seu
1622 2009 1920 2085 inscriptio
1950 2007 2126 2085 Legis
2170 2007 2231 2065 in
2259 2007 2527 2066 cordibus
2568 2026 2763 2065 recen-

353 2098 550 2149 sentur
576 2099 643 2149 ut
668 2088 948 2148 beneficia
974 2086 1225 2146 foederis,
1311 2089 1591 2162 Quamvis
1619 2108 1758 2147 vero
1787 2088 2240 2147 conditionatum
2269 2085 2384 2145 dici
2416 2085 2601 2163 possit
2627 2105 2768 2161 quo-

352 2168 485 2227 dam
515 2190 704 2244 sensu,
736 2178 1020 2246 quatenus
1054 2166 1442 2226 conditionem
1482 2168 1659 2226 habet
1687 2168 1800 2226 sibi
1828 2167 2277 2241 subordinatam,
2308 2166 2417 2224 etsi
2443 2187 2479 2224 a
2508 2165 2635 2224 Deo
2664 2165 2763 2223 ab·

352 2249 538 2308 solute
567 2249 939 2322 efficiendam,
984 2247 1152 2323 cujus
1192 2246 1522 2306 interventu
1565 2266 1658 2305 res
1696 2247 1979 2324 promissa
2006 2246 2189 2322 detur,
2219 2245 2547 2305 absolutum
2577 2252 2769 2303 tamen

350 2329 578 2405 proprie
621 2338 727 2403 est,
770 2338 891 2387 tum
933 2346 968 2384 a
1007 2326 1202 2401 priori,
1247 2326 1383 2401 (1818
1424 2326 1642 2384 nullam
1685 2346 1916 2385 causam
1956 2326 2132 2385 habet
2172 2333 2380 2403 praeter
2420 2324 2769 2383 liberrimam

353 2408 466 2466 Dei
492 2408 871 2502 voluntatem,
903 2414 1025 2464 tum
1053 2425 1088 2463 a
1114 2405 1433 2481 posteriori,
1465 2406 1601 2481 quia
1629 2427 1665 2464 a
1690 2406 1815 2464 Deo
1853 2405 2228 2465 constitutum
2256 2412 2346 2463 est
2366 2404 2549 2480 ipsam
2572 2403 2768 2461 condi-

353 2487 570 2546 tionem
598 2489 723 2547 sine
751 2486 866 2546 alia
906 2484 1234 2544 conditione
1272 2494 1429 2545 certo
1471 2494 1530 2544 et
1570 2485 1950 2544 infallibiliter
1978 2485 2244 2544 omnibus
2272 2483 2563 2542 foederatis
2592 2482 2767 2541 dare·
2752 2528 2767 2558 ,

354 2568 512 2644 quod
539 2567 614 2627 ad
642 2587 742 2627 808
791 2564 1029 2626 extendi
1055 2584 1243 2643 posse,
1285 2585 1432 2643 quos
1475 2566 1639 2625 Deus
1680 2566 1754 2624 ab
1797 2573 2011 2625 aeterno
2041 2564 2180 2639 odit,
2211 2571 2270 2624 et
2297 2583 2443 2641 quos
2480 2563 2771 2639 praeterire

352 2647 627 2723 decrevit,
659 2667 766 2707 nec
795 2646 1052 2707 Verbum
1083 2665 1189 2704 nec
1220 2645 1443 2722 Fidem,
1491 2667 1623 2723 quae
1664 2646 1780 2705 duo
1825 2654 1961 2705 sunt
2000 2645 2203 2705 salutis
2229 2643 2437 2720 media,
2468 2642 2772 2719 indulgen·

352 2726 445 2803 (10,
475 2748 645 2787 nemo
672 2729 786 2787 nisi
814 2725 1061 2786 absurde
1090 2725 1319 2786 dixerit.

963 2806 1082 2863 XI.
1124 2806 1358 2882 Quarto,
1404 2805 1463 2863 A
1491 2805 2236 2883 Promulqationesoedertb:
2307 2802 2457 2877 Quia
2495 2802 2597 2861 illa
2624 2821 2767 2860 nun·

352 2871 397 2915 ⁴·
412 2929 454 2972 ti
440 2871 547 2973 .ὲο
567 2873 842 2975 {232211382’
887 2904 1059 2960 quam
1089 2885 1198 2943 fuit
1237 2885 1598 2959 universalis,
1630 2895 1697 2945 ut
1735 2905 1861 2944 8888
1890 2884 2106 2960 debuit,
2151 2886 2200 2943 si
2229 2883 2418 2942 soedus
2444 2881 2771 2941 universale

888 2962 1124 3036 fuisset3
1200 2963 1500 3054 Quomodo
1546 2965 1700 3021 enim
1745 2963 1932 3022 foedus
1977 2984 2107 3021 cum
2156 2963 2272 3021 illis
2326 2962 2532 3020 initum
2580 2970 2772 3038 potest

356 3037 488 3110 (1181,
519 3037 594 3094 8(1
620 3058 768 3113 (1808
796 3040 1027 3098 foederis
1054 3041 1259 3099 notitia
1284 3060 1578 3116 nunquam
1606 3042 1888 3116 pervenit,
1913 3049 1971 3098 et
1992 3042 2203 3116 quibus
2230 3060 2522 3115 nunquam
2549 3040 2769 3098 revela-

358 3121 482 3173 tum
511 3124 598 3173 est
616 3119 646 3174 ¹?
702 3118 1042 3175 Innumeras
1070 3126 1262 3177 autem
1298 3138 1415 3175 non
1442 3119 1614 3176 modo
1651 3138 1943 3193 personas,
1985 3118 2086 3176 sed
2116 3127 2174 3175 et
2217 3127 2420 3193 gentes
2456 3138 2526 3175 ea
2565 3119 2772 3177 notitia

360 3194 631 3269 caruisse,
674 3203 794 3254 tam
837 3196 946 3254 sub
995 3196 1197 3253 Veteri
1243 3216 1418 3271 quam
1461 3196 1568 3255 sub
1613 3197 1782 3254 Novo
1824 3196 1982 3253 Test.
2031 3197 2161 3254 luce
2202 3195 2518 3253 meridiana
2558 3196 2770 3255 clarius

355 3274 555 3351 liquet,
588 3294 719 3333 cum
748 3274 1038 3334 destituta}
1068 3282 1202 3334 sunt
1241 3275 1458 3349 Verb0,
1498 3275 1654 3351 quod
1682 3273 1915 3334 unicum
1942 3282 2033 3333 est
2057 3274 2290 3332 foederis
2326 3274 2526 3349 gratiae
2554 3293 2769 3350 praeco-

354 3354 533 3412 nium.
605 3354 684 3413 Et
711 3353 869 3430 quod
895 3354 972 3412 ad
999 3355 1186 3414 Vetus
1227 3355 1659 3413 Testamentum
1701 3353 1923 3429 attinet,
1966 3354 2098 3431 quis
2138 3354 2323 3412 nescit
2352 3354 2541 3412 Deum
2583 3352 2771 3412 foedus

354 3435 465 3492 1108
493 3432 569 3492 8(1
597 3434 780 3492 801818
808 3434 1084 3493 familiam
1108 3434 1430 3492 Abrahami
1467 3443 1526 3493 et
1551 3433 1829 3511 populum
1859 3434 2244 3493 Israeliticum
2271 3432 2637 3491 restrinxisse
2667 3453 2767 3491 ex-

354 3513 531 3573 clusis
549 3514 678 3572 aliis
706 3514 975 3573 omnibus
994 3514 1197 3572 mundi
1216 3513 1446 3591 populis
1464 3536 1479 3588 3
1510 3515 1612 3590 qui
1632 3522 1933 3590 propterea
1949 3513 2218 3573 dicuntur
2250 3515 2286 3545 “
2309 3513 2628 3587 Lohammi,
2650 3533 2768 3572 non

353 3593 604 3671 populus
630 3594 854 3668 111888,”
899 3594 1047 3652 Ηο8.
1091 3594 1150 3669 1.,
1192 3594 1360 3653 Rom.
1405 3594 1505 3667 ix.,
1553 3596 1589 3627 “
1627 3594 1889 3652 extranei
1917 3614 1951 3651 a
1978 3593 2350 3669 foederibus,''
2396 3593 2546 3670 Eph.
2576 3593 2635 3652 ii.
2672 3596 2764 3668 12,

353 3673 567 3749 quibus
592 3692 709 3732 non
737 3673 900 3732 dedit
926 3680 1142 3732 statuta
1170 3693 1275 3732 sua
1300 3682 1367 3732 ut
1393 3675 1436 3733 J
1440 3673 1638 3748 acobo,
1665 3673 1762 3732 Ps.
1792 3674 1990 3733 cxlvii.
2026 3676 2116 3749 19,
2142 3676 2237 3747 20,
2264 3672 2367 3732 sed
2394 3692 2540 3749 quos
2572 3675 2608 3706 ‘⁴
2631 3674 2769 3732 sivit

355 3752 601 3830 propriis
621 3753 735 3811 viis
762 3752 1086 3828 incedere,'’
1119 3752 1255 3812 Act.
1284 3754 1407 3811 xiv.
1448 3753 1590 3827 Quis
1619 3772 1757 3811 vero
1785 3752 1999 3811 dixerit
2026 3753 2101 3812 ad
2128 3754 2274 3812 tales
2302 3753 2645 3829 pertinuisse
2663 3753 2764 3809 foe-

356 3830 467 3889 dus
495 3832 712 3908 gratiae,
736 3831 892 3908 quod
919 3832 1211 3910 proprium
1240 3833 1527 3910 peculium
1555 3832 1665 3892 fuit
1692 3833 1890 3910 populi
1918 3832 2225 3892 1818811ῑί81
2243 3838 2272 3890 p
2313 3832 2428 3889 Vel
2452 3832 2641 3889 Deum
2670 3832 2767 3889 de-

355 3910 689 3971 relicturum
717 3911 893 3970 fuisse
920 3932 1025 3989 per
1048 3920 1138 3970 tot
1154 3913 1350 3971 secula
1371 3912 1592 3972 Gentes
1620 3931 1837 3984 omnes,
1858 3931 1975 3970 uno
2004 3920 2246 3988 excepto
2273 3911 2545 4001 populo,
2529 3930 2591 3966 m
2619 3930 2769 3968 cras-

359 3990 603 4049 sissimis
631 3991 748 4049 11118
774 3991 987 4067 quibus
1006 3991 1282 4068 jacebant
1318 3991 1587 4066 tenebris,
1620 3992 1742 4050 sine
1768 3956 1891 4049 ul’lo
1912 3990 2096 4048 Verbi
2121 3989 2426 4066 1118880810,
2457 3988 2614 4064 (18οᾶ
2640 3988 2770 4046 uni-

360 4090 491 4131 cum
519 4079 608 4129 est
635 4070 771 4129 fidei
799 4070 1108 4147 objectum,
1132 4078 1192 4129 et
1218 4071 1420 4130 salutis
1447 4036 1719 4144 med’ium,
1750 4069 1802 4128 si
1829 4069 1938 4128 sub
1955 4068 2168 4129 foedere
2197 4069 2399 4145 gratiae
2427 4087 2525 4125 eas
2552 4067 2772 4125 includi

359 4150 678 4210 voluisset?
720 4150 955 4225 Annon,
978 4158 1196 4226 contra,
1214 4151 1340 4210 haec
1359 4150 1714 4228 dispensatio
1737 4150 1947 4208 clamat
1968 4148 2155 4207 foedus
2180 4148 2292 4206 1108
2319 4148 2402 4206 118
2426 4145 2771 4224 particulare

360 4229 539 4290 fuisse
570 4231 794 4307 Populo
825 4229 954 4304 Dei,
983 4238 1049 4288 ut
1076 4230 1150 4288 ab
1178 4250 1247 4290 80
1274 4239 1497 4289 caeterae
1525 4237 1730 4307 gentes
1770 4228 2024 4287 exclusae
2050 4227 2308 4286 fuerint?
2369 4227 2448 4284 Et
2475 4225 2666 4302 quoad
2695 4227 2768 4285 N.

362 4310 431 4368 T
461 4318 736 4388 tempora,
766 4309 905 4368 licet
932 4329 1048 4368 non
1082 4309 1426 4369 diffiteamur
1464 4310 1642 4386 longe
1669 4309 1946 4385 majorem
1975 4326 2103 4365 esse
2141 4305 2579 4382 amplitudinem
2606 4305 2773 4364 istius

363 4390 614 4465 foederis,
644 4389 801 4465 quod
836 4389 1334 4449 indiscriminatim
1375 4389 1451 4448 ad
1479 4408 1678 4448 omnes
1706 4386 1951 4464 populos
1991 4386 2323 4445 extenditur
2362 4394 2481 4444 tam
2511 4385 2774 4444 Gentiles

365 4488 540 4544 quam
592 4471 634 4529 J
637 4468 871 4529 udaeos
933 4469 1165 4529 Certum
1215 4479 1304 4528 est
1343 4477 1536 4529 tamen
1578 4486 1872 4544 nunquam
1915 4465 2303 4525 universalem
2347 4463 2548 4558 fuisse,
2592 4465 2675 4524 ita
2714 4473 2779 4525 ut

369 4567 568 4608 omnes
595 4549 822 4608 nemine
862 4556 1108 4626 excepto
1150 4549 1226 4606 ad
1253 4548 1441 4608 foedus
1482 4548 1684 4625 gratiae
1712 4546 1905 4606 vocati
1932 4547 2064 4622 sint,
2095 4565 2227 4604 cum
2268 4545 2552 4604 innumeri
2591 4545 2783 4605 adhuc

369 4627 542 4686 hodie
570 4629 858 4706 supersint
884 4637 942 4689 et
968 4629 1236 4690 homines
1262 4638 1322 4689 et
1347 4628 1563 4706 populi,
1587 4627 1689 4704 qui
1717 4626 1778 4685 in
1806 4625 2058 4685 tenebris
2088 4625 2421 4702 Paganismi
2434 4626 2651 4705 jacent,
2681 4626 2782 4702 (181

1769 4910 1797 4943 t
