3221 5200
489 349 565 406 38
1400 368 1581 409 Locus
1612 368 1971 409 monemus
2523 350 2762 431 [Quaes’r
2791 370 2897 410 vn.

491 509 741 585 Angelis
769 517 827 567 et
853 508 1080 567 Sanctis
1109 508 1396 582 tribuitur,
1430 510 1524 568 vel
1568 510 1921 585 hyperdulia,
1966 528 2096 586 quae
2124 508 2470 568 humanitati
2499 509 2715 570 Christi
2744 530 2897 569 seor·

490 589 599 646 sim
628 588 1020 662 consideratae,
1052 589 1319 666 quamvis
1347 589 1544 647 Verbo
1572 589 1768 664 unitae,
1789 598 1849 647 et
1878 589 1948 647 B.
1981 588 2230 665 Virgini,
2262 588 2586 666 deputatur,
2608 611 2782 667 quam
2811 611 2898 650 re·

487 668 757 744 ligiosam
786 688 912 726 esse
940 669 1305 745 pertendunt.

572 748 692 805 IX.
738 747 860 805 Nos
887 766 1044 822 vero,
1088 748 1224 806 licet
1264 768 1381 805 non
1420 767 1701 825 negemus
1742 746 2135 807 diversitatem
2165 748 2366 807 cultus
2394 749 2570 825 juxta
2597 749 2901 808 diversita-

488 836 606 885 tem
636 827 993 886 exeellentiae
1010 847 1201 885 rerum
1218 828 1513 886 non‘male
1544 828 1854 903 eonstitui;
1886 835 2057 904 atque
2088 828 2169 886 ita
2197 827 2362 887 facile
2393 829 2775 887 concedamus
2796 849 2900 906 pro

474 907 707 966 ratione
736 906 1389 965 excellentiae'increatae
1417 916 1476 966 et
1503 907 1757 982 infinitae,
1784 916 2073 966 et'creatae
2102 928 2170 965 ae
2195 907 2392 984 finitae,
2421 928 2592 984 posse
2621 909 2746 967 dari
2795 908 2900 966 du-

487 986 697 1064 plicem
739 988 976 1059 cultum,
1022 986 1264 1045 alterum
1292 987 1610 1063 reliqiosum
1641 987 1749 1045 soli
1779 987 1906 1045 Deo
1935 986 2210 1061 debitum,
2241 987 2483 1046 alterum
2514 988 2723 1047 civilem
2741 1008 2899 1046 crea·

474 1069 632 1126 -turis
660 1067 999 1140 adhibitum,
1031 1067 1132 1142 qui
1158 1086 1356 1125 rursus
1384 1066 1604 1126 attendi
1632 1074 1839 1143 potest,
1871 1066 1985 1124 Vel
2007 1075 2271 1143 respectu
2301 1068 2554 1126 Civitatis
2580 1071 2898 1143 mundam,

485 1147 547 1204 in
575 1147 778 1205 officiis
805 1146 1072 1204 omnibus
1099 1147 1451 1221 reverentiae,
1483 1146 1711 1221 amoris,
1758 1145 2038 1223 obsequii,
2083 1166 2212 1222 quae
2239 1147 2571 1206 hominibus
2599 1148 2897 1223 debentur,

489 1227 600 1285 etsi
628 1227 744 1285 sint
772 1246 807 1283 a
833 1226 946 1284 fide
975 1225 1148 1284 alieni
1172 1247 1187 1301 ;
1233 1225 1346 1284 Vel
1388 1234 1652 1303 respectu
1699 1225 1952 1284 Cim'tatis
1977 1245 2251 1301 supernoe,
2282 1246 2397 1302 quo
2425 1227 2641 1285 honore
2671 1227 2897 1285 domes-

488 1307 635 1365 ticos
684 1305 818 1363 fidei
861 1306 1276 1383 prosequimur,
1328 1305 1452 1364 sive
1496 1306 1763 1364 viventes
1810 1325 1913 1382 per
1959 1306 2533 1365 communicationem
2562 1306 2895 1380 officiorum,

488 1387 612 1444 sive
642 1384 972 1444 demortuos
1016 1406 1118 1462 per
1160 1405 1430 1459 amorem,
1479 1383 1729 1459 laudem,
1761 1385 2110 1460 memoriam,
2142 1386 2537 1461 imitationem,
2571 1384 2720 1445 &c.:
2765 1386 2899 1445 Non

488 1476 757 1543 putamus
795 1473 988 1524 tamen
1017 1465 1141 1523 sine
1182 1465 1348 1542 gravi
1376 1484 1583 1538 errore,
1616 1465 1834 1523 cultum
1862 1465 2197 1540 religiosum
2226 1465 2287 1522 in
2315 1467 2509 1524 varios
2537 1466 2751 1543 gradus
2779 1466 2896 1523 dis-

488 1546 663 1623 pesci,
696 1545 798 1603 sed
825 1544 1059 1604 unicum
1087 1551 1213 1603 esse
1242 1544 1651 1621 pertendimus,
1683 1544 1784 1621 qui
1813 1544 1923 1603 soli
1953 1545 2080 1603 Deo
2109 1545 2184 1604 sit
2210 1545 2493 1622 proprius,
2526 1555 2584 1604 et
2619 1546 2899 1605 creaturis

487 1626 755 1685 omnibus
782 1624 1356 1683 incommunicabilis.

568 1706 653 1763 X.
697 1705 819 1763 Nee
862 1704 997 1763 huie
1042 1704 1218 1762 errori
1263 1703 1456 1762 favere
1504 1711 1717 1781 potest'
1742 1703 2035 1763 distinctio
2065 1704 2250 1763 latriae
2295 1713 2355 1764 et
2382 1705 2566 1764 duziae.
2654 1707 2706 1764 1.
2751 1704 2902 1779 Quia

484 1785 646 1844 nullo
695 1784 1067 1842 fundamento
1114 1783 1299 1842 solido
1346 1784 1584 1843 nititur:
1630 1784 1751 1842 Nee
1797 1805 1990 1843 vocum
2009 1786 2380 1861 proprietate,
2412 1785 2549 1862 quia
2574 1785 2901 1861 promiscua

487 1875 575 1924 est
604 1867 833 1944 λατρείαις
864 1874 921 1923 et
941 1862 1162 1928 δουλείας
1189 1863 1344 1940 apud
1370 1863 1641 1940 profanos
1674 1864 1992 1940 Scriptores
2012 1864 2375 1941 significatio.
2437 1865 2694 1941 Hesyeh.
2717 1884 2896 1941 expo·

484 1946 572 2004 nit
600 1948 831 2024 λατςείσιν
856 1965 958 2021 per
984 1942 1220 2017 δουλείαν,
1273 1943 1521 2017 Glossa„
1553 1941 1751 2002 δουλεία
1779 1946 2002 2025 zar-gub,
2034 1942 2255 2025 λετ-ζώω
2284 1941 2530 2020 δουλιῦυ;
2572 1944 2690 2003 imo
2718 1964 2793 2002 ex
2834 1944 2898 2001 vi

484 2027 665 2102 vocis,
696 2023 893 2083 δουλεία
921 2025 1052 2101 plus
1081 2024 1351 2101 importat
1378 2042 1549 2100 quam
1579 2026 1804 2104 λατριίιι,
1831 2025 1943 2082 ista
1983 2025 2136 2082 enim
2177 2025 2513 2083 mercenarii
2540 2032 2765 2083 tantum
2794 2025 2895 2082 ob-

486 2109 749 2185 sequium
778 2115 835 2165 et
854 2104 1071 2165 cultum
1090 2113 1268 2179 notat,
1291 2102 1466 2184 λείτςις
1494 2104 1517 2161 o‘
1540 2102 1618 2162 ἐπὶ
1641 2108 1803 2181 μισθῷ
1829 2101 2079 2180 δουλεύω,
2104 2103 2208 2163 sed
2225 2104 2325 2162 illa
2352 2104 2621 2181 mancipii
2643 2114 2703 2163 et
2723 2104 2896 2177 servi,

484 2189 585 2264 qui
614 2186 847 2246 domino
878 2206 981 2244 suo
1010 2194 1194 2244 totum
1237 2203 1297 2242 sc
1347 2183 1536 2258 debet,
1585 2183 2020 2262 subjectionem.
2106 2184 2228 2242 Nec
2276 2205 2378 2241 usu
2405 2185 2733 2261 Scnpturoe‚
2763 2203 2898 2241 nam

483 2266 622 2326 licet
649 2269 708 2325 in
739 2267 908 2325 Novo
936 2267 1189 2324 Testam.
1220 2284 1339 2323 vox
1366 2265 1598 2344 λατρείαις
1639 2284 1934 2342 nunquam
1962 2273 2287 2341 usurpetur,
2311 2263 2442 2321 'nisi
2470 2284 2573 2341 pro
2601 2264 2762 2322 cultu
2791 2263 2902 2322 soli

488 2348 617 2405 Deo
667 2347 880 2420 debito,
933 2346 1087 2403 idem
1142 2346 1316 2404 etiam
1371 2364 1522 2421 saepe
1579 2344 1921 2422 exprimitur
1974 2364 2116 2403 voce
2158 2340 2397 2417 ὃουλυὶκς,
2442 2352 2507 2402 ut
2550 2344 2682 2402 Gal.
2728 2343 2808 2401 iv.
2839 2344 2895 2416 8,

494 2431 523 2484 1
558 2427 761 2486 Thess.
793 2426 829 2485 i.
862 2428 917 2501 9,
964 2426 1135 2484 Matt.
1165 2425 1244 2482 vi.
1275 2427 1370 2498 24,
1418 2423 1587 2483 Rom.
1619 2425 1722 2483 xii.
1757 2429 1848 2498 11,
1893 2433 1951 2483 et
1979 2425 2102 2483 xiv.
2137 2423 2228 2496 18,
2276 2423 2426 2500 Eph.
2455 2422 2535 2481 vi.
2568 2427 2600 2481 7
2629 2445 2643 2499 ;
2689 2432 2749 2481 et
2795 2438 2896 2480 λι-

483 2509 617 2587 vgu'oe
646 2528 680 2564 a
710 2506 917 2564 LXX.
964 2504 1145 2562 cultui
1188 2504 1440 2561 humano
1488 2503 1777 2579 tribuitur,
1833 2504 2006 2562 Deut.
2049 2503 2256 2561 xxviii.
2286 2506 2399 2576 483
2447 2503 2588 2561 Lev.
2639 2503 2806 2562 xxiii.
2838 2507 2894 2577 7,

485 2608 630 2659 opus
661 2585 869 2644 servile
897 2593 1139 2643 vocatur
1167 2599 1427 2664 λατςιυτον
1455 2603 1570 2641 non
1598 2582 1924 2642 faciendum
1957 2583 2253 2643 Sabbatho
2276 2606 2290 2659 3
2338 2582 2555 2642 Paulus
2583 2603 2808 2660 semper
2835 2603 2897 2642 se

483 2664 654 2725 ὶοῧλον
683 2665 915 2728 Christi.
947 2672 1005 2721 et
1034 2683 1325 2740 nunquam
1349 2666 1614 2743 λατςιυτὸν
1645 2672 1832 2721 vocat.
1918 2663 2040 2722 Nec
2088 2664 2426 2722 authoritate
2454 2665 2712 2736 Patr-um,
2763 2683 2897 2720 nam

481 2747 620 2804 lieet
649 2743 904 2820 August.
936 2742 1266 2802 distinxerit
1295 2759 1525 2823 λιτςιιοιν
1554 2753 1613 2801 ct
1639 2739 1878 2817 δουλιάιν,
1923 2762 2085 2801 mens
2127 2745 2254 2821 ejus
2282 2763 2398 2801 non
2425 2742 2535 2801 fuit
2562 2743 2780 2801 cultum
2809 2762 2897 2801 re·

482 2826 757 2902 ligiosum
806 2822 867 2881 in
911 2821 1058 2880 duos
1103 2822 1318 2898 gradus
1366 2823 1708 2899 dispescere,
1757 2842 2000 2899 quorum
2049 2823 2194 2881 alter
2236 2823 2312 2880 ad
2362 2823 2550 2881 Deum
2591 2822 2893 2898 pertineat,

484 2906 630 2964 alter
657 2923 796 2962 vero
823 2901 900 2960 ad
948 2902 1224 2976 Sanctos3
1270 2901 1373 2960 sed
1421 2910 1641 2960 tantum
1683 2922 1890 2979 scopus
1918 2901 2027 2961 fuit
2053 2901 2410 2979 distinguere
2438 2902 2788 2974 servitutem,
2833 2901 2896 2958 in

484 3005 611 3043 eam
640 3004 769 3060 quae
799 2982 907 3040 soli
939 2982 1064 3041 Deo
1092 2981 1350 3056 debetur,
1382 2991 1441 3041 et
1468 3001 1640 3058 quam
1683 2981 1927 3042 docendi
1967 3001 2140 3040 causa
2181 2991 2353 3041 vocat
2379 2983 2623 3062 medan,
2654 2988 2713 3038 et
2753 2979 2895 3038 alibi

485 3064 823 3123 servitutem
854 3061 1195 3138 Religionis,
1242 3070 1300 3120 et
1328 3082 1455 3120 eam
1483 3082 1613 3138 quae
1641 3062 1971 3121 hominibus
2008 3061 2267 3134 debetur,
2315 3082 2488 3138 quam
2532 3059 2898 3138 peculiariter

486 3144 702 3203 duliam
725 3143 883 3217 dicit,
914 3142 1015 3200 lib.
1045 3162 1106 3199 x.
1139 3141 1210 3200 de
1241 3142 1303 3199 C.
1337 3142 1411 3200 D.
1442 3161 1567 3219 cap.
1602 3145 1654 3200 1.
1690 3145 1725 3175 “
1752 3142 1867 3200 Sed
1896 3162 1965 3200 ea
1993 3141 2280 3200 servitus''
2311 3141 2499 3199 nimir.
2531 3140 2790 3217 opposite
2819 3139 2896 3198 ad

483 3224 712 3282 latriam
743 3224 869 3281 Deo
899 3222 1170 3295 debitam,
1219 3223 1255 3253 “
1284 3242 1413 3298 quae
1442 3221 1686 3281 debetur
1711 3221 2059 3296 hominibuS,
2093 3219 2408 3279 seeundum
2436 3240 2609 3296 quam
2637 3220 2897 3296 praecipit

486 3305 695 3380 Apost.
728 3321 926 3361 servos
955 3301 1203 3359 dominis
1242 3301 1362 3358 suis
1392 3300 1656 3359 subditos
1697 3321 1823 3359 esse
1867 3300 2092 3372 debere,
2138 3300 2251 3358 alio
2299 3300 2530 3358 nomine
2578 3298 2899 3375 nuncupari

485 3384 648 3456 solet,
681 3381 819 3439 nim.
849 3380 1081 3437 duliae.”
1166 3379 1507 3437 Adversarii
1529 3379 1696 3437 fateri
1725 3388 2010 3456 coguntur
2037 3379 2464 3437 distinctionem
2492 3398 2619 3437 esse
2647 3377 2892 3458 ἔγραφον,

485 3469 545 3519 et
572 3470 689 3518 tam
720 3460 973 3516 Hebraea
1000 3477 1174 3533 quam
1205 3458 1411 3515 Graeea
1439 3458 1724 3515 vocabula
1751 3478 1877 3516 esse
1918 3478 2059 3516 usus
2087 3458 2414 3536 promiscui,
2444 3460 2592 3517 Bell.
2622 3458 2723 3517 lib.
2754 3458 2792 3516 i.
2822 3457 2894 3515 de

487 3541 654 3598 Beat.
686 3545 865 3595 sanct.
896 3556 1020 3613 cap.
1056 3540 1146 3609 12,
1190 3537 1439 3612 Vasquez
1470 3537 1634 3613 Disp.
1666 3539 1760 3611 93,
1791 3538 1852 3594 in
1882 3541 1937 3596 3.
1967 3558 2024 3614 p.
2055 3558 2201 3597 sum.
2232 3559 2281 3598 c.
2317 3541 2369 3596 1.

487 3642 740 3688 lux-ocatio
772 3641 968 3685 Sancto·
1091 3615 1211 3673 XI.
1258 3615 1372 3673 Pro
1416 3616 1589 3674 unius
1637 3616 1749 3674 Dei
1792 3617 1952 3675 cultu
1993 3626 2194 3676 contra
2252 3617 2594 3677 Sanctorum
2649 3617 2892 3675 Invoca-

542 3715 652 3746 rum
674 3701 905 3780 rejicitur,
928 3698 969 3743 1.
1011 3695 1243 3769 tionem,
1269 3703 1328 3754 et
1345 3696 1563 3755 cultum
1582 3705 1988 3769 creaturarum,
2015 3695 2337 3755 Orthodoxi
2356 3705 2633 3773 pugnant,
2670 3699 2722 3753 1.
2765 3698 2894 3753 Ex·

543 3773 604 3805 ⁸¹
626 3758 779 3804 3²⁰⁶·
802 3771 882 3800 ¹¹·
903 3756 946 3800 3.
999 3795 1200 3850 presso
1227 3775 1346 3832 Dei
1360 3778 1649 3848 mandate,
1680 3796 1794 3852 quo
1824 3785 1983 3834 vetat
2013 3776 2169 3834 Deos
2203 3776 2422 3833 alienos
2463 3776 2674 3834 habere
2703 3789 2896 3834 coram

486 3877 566 3930 se,
600 3854 789 3914 Exod.
821 3875 921 3913 xx.
954 3857 1009 3912 3.
1098 3857 1132 3886 “
1157 3855 1287 3912 Non
1316 3854 1556 3913 habebis
1594 3856 1751 3914 Deos
1779 3855 1998 3913 alienos
2039 3874 2229 3912 coram
2258 3856 2409 3929 me,'’
2454 3855 2549 3913 vel
2576 3863 2642 3914 ut
2681 3854 2898 3912 habent

489 3936 716 4008 LXX„
748 3938 876 3995 πλὶυ
904 3935 1035 4010 ἐμοῦ,
1046 3943 1264 4009 praeter
1281 3954 1399 4007 me;
1430 3935 1549 3994 Ubi
1578 3935 1764 3993 sancit
1784 3935 2068 3992 Dominus
2085 3934 2230 3992 nihil
2258 3953 2383 3992 esse
2412 3934 2682 4011 religiose
2705 3934 2896 3992 colen·

486 4016 625 4074 dum
653 4024 862 4092 praeter
889 4034 949 4072 se
972 4033 1150 4072 unum
1169 4013 1330 4072 illum
1361 4034 1428 4072 ac
1457 4034 1743 4073 summum
1768 4014 1975 4088 Deum,
2007 4015 2164 4070 Deus
2192 4013 2343 4070 enim
2368 4014 2518 4071 nobis
2546 4033 2659 4071 esse
2673 4033 2902 4089 proque

483 4098 614 4154 Deo
642 4095 839 4153 haberi
862 4093 920 4150 id
949 4093 1175 4164 dieitur,
1208 4093 1591 4171 quodcunque
1620 4094 1941 4168 adoramus,
1974 4093 2246 4169 cultuque
2288 4092 2560 4168 religioso
2602 4091 2898 4169 prosequi-

485 4195 631 4250 mur,
651 4173 940 4250 ssquiequid
967 4172 1112 4231 illud
1141 4173 1213 4231 de
1242 4181 1449 4230 caetero
1478 4173 1569 4246 sit,
1600 4172 1697 4231 vel
1726 4172 1787 4228 in
1815 4192 1894 4247 se,
1927 4172 2021 4229 vel
2051 4172 2204 4248 apud
2233 4191 2355 4245 nos,
2381 4171 2517 4248 quia
2545 4172 2766 4231 scilicet
2793 4171 2895 4229 ho-

486 4274 702 4328 norem,
734 4253 835 4329 qui
863 4252 1033 4311 unius
1064 4252 1175 4309 Dei
1202 4260 1307 4326 est,
1339 4251 1414 4309 ad
1441 4251 1501 4309 id
1529 4250 1944 4310 transferimus,
2010 4250 2179 4325 Quod
2207 4251 2577 4309 confirmatur
2603 4272 2639 4309 a
2667 4250 2897 4309 Christo

1009 4330 1287 4389 adversus
1340 4331 1609 4388 Satanam
1660 4329 2007 4406 disputante,
2061 4332 2097 4362 ‘⁶
2122 4330 2436 4389 Dominum
2494 4330 2683 4388 Deum
2734 4338 2898 4388 tuum

1009 4409 1294 4480 adorabis,
1326 4419 1384 4467 et
1412 4409 1498 4465 illi
1526 4408 1635 4466 soli
1665 4408 1940 4467 servie8.''
2028 4408 2195 4467 Licet
2222 4429 2361 4467 vero
2389 4409 2670 4487 particula
2698 4408 2895 4467 exclu-

487 4490 615 4548 siva
639 4490 759 4561 soli,
792 4508 907 4546 non
935 4498 1197 4547 occurrat
1227 4489 1399 4545 Deut.
1430 4487 1508 4546 vi.
1544 4490 1635 4559 13,
1668 4496 1727 4545 et
1754 4508 1812 4546 x.
1843 4490 1939 4563 20,
1970 4487 2126 4546 unde
2152 4488 2393 4564 petitum
2437 4497 2527 4547 est
2560 4488 2853 4548 oraculum
2879 4508 2894 4563 ;

487 4568 810 4627 necessario
860 4576 1050 4626 tamen
1093 4588 1167 4625 ex
1210 4575 1415 4627 natura
1454 4566 1540 4623 rei
1581 4565 1910 4638 includitur,
1955 4575 2019 4625 ut
2060 4567 2401 4644 exprimitur
2453 4572 2481 4626 1
2521 4568 2676 4625 Sam.
2706 4567 2806 4624 vii.
2838 4569 2894 4642 3,

485 4649 682 4710 servite
709 4647 765 4705 ei
785 4645 910 4722 ms,
941 4648 1060 4721 soli,
1106 4655 1164 4705 et
1192 4646 1407 4725 inloco
1450 4646 1624 4704 citato
1665 4665 1770 4722 per
1790 4646 1930 4722 μόνον
1970 4645 2125 4723 apud
2155 4645 2362 4705 LXX.
2395 4646 2719 4723 exponitur,
2751 4666 2901 4721 quos

576 4385 723 4429 Matt.
745 4385 809 4427 iv.
826 4383 897 4427 10.
