3221 5200
297 366 532 411 QUAEST.
563 350 713 422 xva]
954 381 962 386 ·
1131 366 1208 406 DE
1239 365 1585 406 vocarlonn
1615 365 1689 404 ΕΤ
1720 363 1875 404 rins.
2604 343 2720 400 535
2782 330 2792 338 ’

287 512 430 562 cato
459 523 568 563 suo
597 502 819 578 duplici
854 512 914 561 et
950 505 1234 563 adulterii
1274 512 1334 564 et
1374 504 1682 563 homicidii
1721 504 2077 579 aliquandiu
2119 503 2441 578 obtorpuit.
2526 502 2710 560 Unde

287 585 441 640 fides
483 584 613 656 ejus
655 600 778 639 non
819 584 1001 639 modo
1044 582 1380 655 imminuta,
1424 585 1526 640 sed
1567 583 1747 640 etiam
1791 583 1981 655 sopita
2024 582 2419 656 proculdubio
2472 579 2609 649 fuit,
2639 586 2710 636 ut

287 679 536 718 sensum
565 660 773 734 gratiae
803 661 880 716 ad
910 669 1144 736 tempus
1172 680 1293 719 non
1319 662 1658 736 perciperet.
1745 661 1861 719 Sed
1884 661 2148 717 totaliter
2169 668 2367 717 tamen
2396 677 2518 715 non
2548 658 2709 714 defe-

285 740 409 809 eit3
455 738 599 814 quia
624 757 746 796 non
776 745 901 795 tam
928 757 1002 796 ex
1032 740 1360 798 deliberata
1404 740 1649 809 malitia,
1679 746 1740 796 et
1766 758 1841 796 ex
1871 739 2081 795 habitu
2107 738 2389 812 peccavit,
2420 755 2601 811 quam
2630 755 2705 792 ex

284 817 625 875 vehementi
654 816 979 889 cupiditate
1019 825 1080 874 et
1120 818 1465 875 seductione
1506 818 1716 886 carniS,
1749 817 1982 874 illectus
2010 817 2229 873 scilicet
2256 834 2370 873 sua
2396 814 2706 887 eoncupis-

285 897 503 965 centia,
524 897 562 952 2
586 896 743 954 Sam.
768 895 849 952 xi.
870 895 923 964 2,
955 896 1009 965 3,
1029 896 1083 952 4.
1130 894 1292 953 Hinc
1320 897 1710 969 reprehensus
1738 914 1775 952 a
1802 896 1865 952 N
1868 896 2086 951 athane
2123 894 2324 951 statim
2353 892 2616 967 agnovit,
2646 901 2706 950 et

284 973 592 1031 confessus
632 979 722 1031 est
761 980 1070 1046 peccatum
1118 992 1313 1043 suum,
1363 980 1423 1029 et
1465 975 1540 1030 ad
1586 973 1841 1047 gratiam
1873 972 1984 1029 Dei
2027 972 2315 1044 confugit,
2345 979 2523 1045 atque
2567 971 2704 1027 ideo

285 1049 594 1124 Propheta
634 1051 872 1108 veniam
919 1051 1142 1124 peccati
1190 1069 1329 1108 mox
1377 1051 1722 1109 annunciat.
1809 1051 1957 1107 Ideo
2008 1049 2162 1106 Psal.
2213 1050 2273 1106 li.
2324 1050 2416 1119 11,
2450 1049 2540 1117 12,
2577 1055 2699 1105 tam

281 1131 563 1185 ardenter
592 1129 758 1203 petit,
788 1147 909 1186 non
939 1136 1008 1186 ut
1035 1129 1324 1186 reddatur
1352 1128 1441 1184 illi
1472 1128 1746 1203 Spiritus,
1777 1131 1877 1185 scd
1922 1149 1988 1186 ne
2028 1130 2101 1185 ab
2142 1127 2239 1186 illo
2282 1130 2611 1203 auferatur,
2641 1134 2702 1183 et

279 1213 356 1261 ut
385 1207 477 1262 illi
504 1208 799 1263 reddatur
844 1208 1130 1281 glaudium
1172 1207 1394 1276 saluae,
1425 1208 1587 1280 quod
1638 1206 1872 1276 evincit,
1920 1225 2158 1263 sensum
2208 1206 2450 1282 quidem
2491 1205 2699 1278 gratiae

280 1282 677 1358 interceptum
723 1284 920 1354 fuisse,
972 1287 1073 1342 sed
1119 1304 1240 1342 non
1287 1285 1542 1358 gratiam
1590 1285 1783 1358 ipsam
1826 1284 2060 1358 penitus
2108 1284 2387 1341 ablatam.
2471 1283 2533 1340 N
2538 1302 2602 1339 ec
2650 1282 2701 1339 si

284 1362 487 1419 David
528 1381 588 1420 se
630 1362 897 1436 agnoscit
937 1363 1126 1419 virum
1165 1364 1387 1433 mortis,
1418 1363 1456 1419 2
1484 1362 1642 1420 Sam.
1674 1361 1774 1419 xii.
1807 1364 1861 1432 5,
1891 1363 1952 1419 id
1981 1370 2086 1432 est,
2115 1380 2286 1419 reum
2335 1362 2562 1431 mortis,
2593 1361 2698 1435 qui

279 1441 467 1497 talem
513 1459 748 1515 poenam
797 1459 1003 1497 revera
1050 1448 1179 1498 erat
1226 1441 1605 1499 commeritus
1653 1446 1894 1515 peccato
1941 1459 2072 1511 sue,
2102 1441 2387 1498 continuo
2432 1439 2699 1514 sequitur

277 1518 560 1575 defecisse
588 1519 826 1593 penitus
866 1537 904 1576 a
942 1520 1059 1576 fide
1100 1526 1160 1576 et
1199 1538 1236 1576 a
1275 1520 1503 1592 gratia;
1548 1518 1693 1593 quia
1713 1538 1749 1575 a
1767 1519 2056 1576 demerito
2084 1525 2143 1575 et
2170 1528 2340 1575 reatu
2368 1518 2589 1591 peccati
2619 1519 2697 1574 ad

278 1604 566 1653 eventum
596 1615 716 1653 non
745 1598 907 1655 valet
935 1597 1374 1671 consequentia.
1459 1596 1746 1672 Sequitur
1786 1597 2027 1672 quidem
2070 1597 2132 1652 in
2174 1614 2245 1652 eo
2286 1596 2470 1652 fuisse
2512 1603 2692 1666 statu,

280 1681 352 1728 ut
380 1675 599 1746 dignus
627 1682 793 1744 esset,
824 1675 928 1750 qui
975 1682 1165 1733 morte
1213 1677 1588 1749 plecteretur,
1638 1683 1699 1732 et
1747 1682 2120 1748 separaretur
2147 1692 2183 1730 a
2212 1675 2378 1742 Deo;
2425 1673 2541 1730 Sed
2572 1692 2694 1729 non

280 1752 483 1807 statim
511 1771 650 1808 eum
678 1760 815 1810 actu
842 1760 902 1809 et
929 1755 1003 1809 de
1031 1753 1191 1810 facto
1220 1760 1558 1827 separatum
1599 1753 1799 1822 fuisse,
1849 1759 2091 1827 propter
2137 1750 2538 1808 interventum
2586 1752 2697 1807 mi-

280 1829 614 1886 sericordiae
665 1829 798 1887 Dei.
885 1830 1130 1889 Certum
1176 1831 1419 1904 quidem
1467 1838 1572 1891 cst.
1603 1830 1898 1887 Davidem
1945 1847 2113 1904 posse
2161 1827 2277 1885 dici
2322 1827 2604 1885 mansisse
2633 1829 2693 1884 in

191 1969 200 1976 ⁴
280 1915 473 1962 morte
501 1909 701 1982 quoad
736 1914 989 1979 reatum,
1040 1908 1311 1982 quandiu
1360 1908 1583 1964 mansit
1629 1907 1692 1963 in
1736 1915 1977 1980 peccato
2006 1924 2114 1963 nee
2155 1924 2473 1963 conversus
2500 1913 2604 1975 est,
2635 1913 2696 1963 et

277 1985 602 2056 perdidisse
637 1985 1079 2057 justificationis
1125 1985 1388 2042 fructum
1436 1992 1496 2042 et
1538 2002 1817 2054 sensum;
1865 1987 1969 2042 sed
2007 2002 2128 2041 non
2157 1989 2472 2058 propterea
2498 1989 2694 2056 potest

278 2062 399 2118 diei
428 2063 716 2119 excidisse
745 2063 1017 2121 absolute
1058 2082 1095 2121 a
1134 2063 1329 2135 gratia
1367 2063 1723 2136 adoptioniS,
1752 2070 1814 2121 et
1854 2082 1892 2122 a
1923 2063 2063 2136 jure
2104 2062 2260 2135 vitae,
2293 2063 2454 2136 quod
2496 2062 2586 2117 illi
2626 2069 2696 2120 ut

277 2139 404 2195 filio
455 2141 568 2196 Dei
618 2142 1005 2214 competebat.
1093 2140 1272 2208 Quod
1301 2159 1443 2213 ergo
1492 2140 1534 2197 J
1539 2143 1806 2198 ohannes
1849 2141 2008 2210 dicit,
2057 2139 2263 2213 primae
2309 2157 2435 2213 cap.
2466 2139 2548 2197 iii.
2600 2141 2690 2209 15,

278 2218 641 2274 homicidam
683 2239 914 2276 manere
954 2219 1016 2274 in
1057 2230 1255 2286 morte,
1287 2239 1383 2276 nec
1426 2219 1633 2276 habero
1660 2220 1837 2276 vitam
1865 2229 2132 2277 (eternam
2159 2218 2222 2273 in
2248 2238 2309 2275 se
2350 2229 2691 2287 manentem,

278 2293 743 2428 ifntelligendum
771 2303 859 2353 est
887 2298 962 2353 de
990 2295 1290 2353 homicida
1316 2297 1723 2371 impoenitente
1764 2304 1824 2355 et
1864 2316 1985 2355 non
2017 2314 2317 2367 converse,
2347 2296 2542 2370 qualis
2571 2315 2691 2352 non

313 2373 401 2429 uit
429 2374 646 2431 David.

362 2451 655 2509 XXXII.
701 2451 972 2511 Salomon
999 2451 1399 2509 tristissimum
1427 2453 1546 2510 fuit
1571 2455 1852 2512 humanae
1883 2453 2231 2528 fragilitatis
2258 2452 2601 2526 exemplum
2626 2452 2688 2509 in

273 2530 559 2603 gravibus
577 2530 695 2589 illis
712 2531 981 2606 peccatis,
997 2529 1216 2605 quibus
1233 2549 1359 2588 sese
1381 2532 1830 2604 contaminavit,
1850 2539 1981 2588 tum
1999 2551 2103 2608 per
2120 2529 2542 2602 idololatriam,
2556 2538 2689 2589 tum

277 2627 384 2682 per
405 2610 705 2667 effraenem
733 2609 1092 2686 polygamiae
1122 2610 1440 2681 licentiam,
1484 2618 1544 2669 et
1584 2610 1862 2669 insanum
1892 2611 2340 2685 peregrinarum
2367 2609 2689 2667 mulierum

281 2705 567 2745 amorem.
653 2689 816 2746 Dum
840 2689 972 2746 Rex
999 2688 1102 2745 ille
1128 2689 1475 2746 mortalium
1504 2690 1986 2764 sapientissimuS,
2005 2708 2041 2747 a
2060 2690 2190 2747 Deo
2212 2689 2482 2757 dilectus,
2506 2694 2690 2745 tantae

275 2764 658 2838 dignationiS‚
684 2774 752 2824 ut
770 2767 1003 2824 Domus
1019 2765 1136 2823 Dei
1152 2769 1497 2825 extruendas
1520 2768 1830 2842 negotium
1852 2768 1945 2824 illi
1970 2769 2228 2837 daretur,
2250 2774 2429 2841 typus
2451 2765 2690 2837 Christi,

277 2844 380 2915 qui
422 2845 485 2901 in
526 2846 737 2902 diebus
769 2844 1110 2918 juventutis
1151 2846 1459 2920 exemplar
1499 2846 1805 2920 sapientiae
1836 2852 1898 2903 et
1916 2845 2169 2919 justitiae
2199 2845 2442 2903 habitus
2468 2844 2687 2917 fuerat,

266 2919 400 2991 jam
422 2941 601 2979 senex
630 2941 730 2979 cor
757 2924 971 2979 avertit
998 2941 1035 2979 a
1063 2922 1212 2993 Deo,
1236 2930 1296 2980 et
1323 2924 1447 2981 abit
1476 2931 1612 2998 post
1652 2925 1833 2994 idola,
1864 2931 1925 2981 et
1951 2925 2017 2981 fit
2044 2924 2398 2982 architectus
2431 2922 2692 2980 Idoleio-

274 3015 412 3054 rum
440 3006 499 3056 et
528 3000 915 3072 Templorum
954 3000 1214 3069 Diaboli,
1258 3000 1362 3073 qui
1404 3010 1582 3058 antea
1622 3001 1740 3058 fuit
1801 3007 2058 3074 δημιουςγὶς
2089 3002 2320 3075 Templi
2363 3000 2495 3069 Dei,
2527 3003 2689 3074 quod

277 3093 419 3132 sane
461 3076 683 3149 peccati
723 3077 854 3148 ejus
894 3076 1253 3148 gravitatem
1295 3078 1382 3134 ita
1420 3085 1619 3152 auget,
1652 3087 1719 3135 ut
1758 3079 1819 3134 in
1865 3078 2094 3137 Sanctis
2120 3079 2224 3133 vix
2253 3078 2449 3134 ullum
2497 3076 2689 3135 simile

280 3162 549 3211 occurrat
571 3176 584 3212 :
611 3153 863 3210 Interim
883 3154 930 3209 si
943 3153 1202 3227 penitius
1226 3155 1543 3226 excutitur,
1562 3156 1685 3213 tale
1702 3173 1826 3211 non
1848 3163 1953 3225 est,
1968 3157 2129 3229 quod
2152 3173 2262 3211 nos
2284 3161 2460 3227 cogat
2477 3161 2545 3210 ut
2565 3172 2689 3210 cre-

277 3232 490 3288 damus
521 3250 659 3288 eum
689 3250 726 3288 a
751 3232 867 3287 fide
886 3231 1152 3287 totaliter
1178 3232 1475 3302 defecisse,
1501 3240 1568 3289 ut
1585 3232 1825 3289 habitus
1847 3232 1977 3305 ejus
1999 3251 2120 3289 non
2143 3233 2323 3289 modo
2343 3231 2689 3288 debilitatus
2752 3234 2761 3243 “

275 3308 456 3366 fuerit
482 3316 543 3366 et
568 3309 923 3366 imminutus
945 3309 1138 3378 valde,
1162 3317 1222 3366 et
1248 3310 1492 3383 sopituS,
1516 3312 1620 3368 sed
1637 3311 1814 3384 plane
1836 3310 2152 3368 extinctus.
2200 3309 2335 3367 Imo
2358 3326 2477 3364 non
2497 3327 2690 3382 pauca

277 3394 432 3458 sunt,
453 3406 526 3444 ex
543 3388 762 3463 quibus
780 3386 911 3461 ejus
927 3387 1276 3461 poenitentia
1292 3396 1352 3445 et
1371 3388 1810 3461 perseverantia
1829 3389 2034 3463 colligi
2056 3394 2267 3463 potest.
2295 3389 2346 3446 1.
2362 3386 2456 3444 Ex
2468 3388 2688 3444 illustri

279 3466 684 3538 promissione,
697 3483 830 3540 quae
853 3466 1013 3523 facta
1029 3473 1117 3523 est
1139 3466 1360 3524 Davidi
1378 3469 1452 3523 de
1464 3466 1610 3542 ips0‚
1636 3470 1671 3525 2
1698 3466 1856 3525 Sam.
1880 3467 1979 3524 vii.
2008 3468 2098 3537 14,
2122 3465 2213 3537 15,
2236 3474 2525 3541 tanquam
2542 3471 2687 3540 typo

280 3541 512 3615 Christi,
533 3565 668 3620 quae
691 3544 961 3620 peccanti
979 3544 1179 3618 virgas
1197 3545 1477 3617 minatur,
1488 3547 1591 3602 sed
1614 3546 1873 3620 gratiam
1895 3564 2018 3603 non
2041 3545 2253 3615 aufert,
2277 3551 2483 3603 contra
2504 3562 2686 3619 quam

279 3621 445 3679 Sauli
472 3624 717 3695 factum,
750 3630 784 3656 ‘⁴
808 3622 931 3680 Ero
959 3616 1049 3678 illi
1077 3624 1140 3680 in
1171 3624 1430 3693 Patrem,
1460 3632 1521 3682 et
1547 3625 1660 3681 erit
1702 3625 1806 3682 ille
1833 3624 1982 3682 mihi
2009 3625 2072 3681 in
2114 3624 2339 3695 filium3
2383 3623 2432 3681 si
2481 3622 2687 3696 inique

276 3702 476 3773 egerit,
507 3702 690 3775 virgis
719 3702 1032 3758 hominum
1061 3721 1200 3758 eum
1229 3702 1553 3775 castigabO,
1584 3702 1989 3761 misericordia
2015 3721 2149 3759 mea
2175 3721 2293 3759 non
2336 3704 2575 3761 recedet
2611 3698 2687 3757 ab

275 3777 455 3849 ips0.''
541 3780 666 3837 Ubi
719 3782 901 3837 datur
953 3780 1267 3854 promissio
1321 3780 1644 3852 foederalis,
1694 3800 1814 3838 non
1870 3788 2106 3839 tantum
2162 3780 2375 3853 Regni,
2432 3786 2502 3835 ut
2554 3779 2690 3836 vult

277 3855 532 3926 Kimchi,
562 3859 662 3912 sed
711 3857 979 3911 omnium
1021 3858 1368 3930 gratiarum,
1399 3858 1620 3932 quibus
1660 3859 1837 3916 Pater
1879 3859 2074 3915 filium
2101 3858 2517 3931 prosequitur;
2550 3873 2685 3929 quae

277 3950 408 3988 cum
436 3934 766 3989 desertione
795 3939 884 3988 est
909 3940 1189 3993 αἰνότατος.
1274 3935 1327 3991 2.
1359 3934 1498 3994 Hoc
1525 3938 1914 3993 confirmatur
1940 3954 2013 3991 ex
2043 3934 2132 3990 sin
2178 3934 2333 3991 ulari
2382 3934 2488 3990 illo
2524 3952 2685 3990 amo-

276 4028 352 4079 re,
408 4029 528 4084 quo
580 4011 747 4066 Deus
793 4010 969 4066 illum
1013 4011 1358 4085 complexus
1401 4012 1637 4082 dicitur,
1668 4014 1705 4069 2
1751 4012 1910 4070 Sam.
1954 4011 2054 4069 xii.
2101 4013 2137 4068 2
2181 4055 2195 4081 ,
2237 4012 2397 4068 unde
2442 4011 2532 4067 illi
2582 4030 2687 4067 no-

278 4106 406 4144 men
438 4088 708 4164 Jedidja,
737 4087 816 4144 id.
847 4087 1098 4146 dilectus
1148 4088 1411 4159 Domini,
1441 4089 1735 4160 inditum3
1779 4108 1949 4147 amor
1997 4089 2157 4146 enim
2203 4089 2314 4146 Dei
2358 4108 2501 4163 erga
2548 4108 2687 4147 suos

278 4173 530 4224 aeternus
557 4175 662 4237 est,
694 4166 736 4223 J
741 4186 820 4223 er.
853 4166 1018 4223 xxxi.
1101 4167 1155 4223 3.
1190 4166 1352 4235 Quia
1379 4166 1496 4225 fuit
1539 4168 1787 4225 illustris
1812 4175 1991 4242 typus
2028 4167 2263 4236 Christi,
2294 4186 2473 4242 quem
2518 4169 2693 4224 susti-

275 4262 408 4302 nere
457 4264 578 4303 non
626 4251 842 4320 posset,
887 4245 938 4302 si
987 4244 1048 4301 in
1100 4246 1537 4319 Apostatarum
1586 4251 1648 4303 et
1695 4247 2109 4319 Reproborum
2158 4264 2474 4302 numerum
2518 4264 2688 4320 repo-

274 4324 500 4380 nendus
548 4332 716 4382 esset.
799 4325 853 4380 4.
888 4322 1050 4391 Quia
1096 4322 1126 4378 1
1180 4324 1329 4397 Reg.
1357 4323 1438 4380 xi.
1484 4324 1541 4395 4,
1582 4324 1687 4380 ubi
1715 4331 1957 4399 peecata
2000 4325 2131 4399 ejus
2175 4331 2570 4394 recensentur,
2601 4326 2690 4382 di-

274 4400 420 4457 citur
454 4409 488 4435 ‘⁶
504 4402 841 4460 Salomonis
864 4402 1099 4460 animus
1137 4420 1259 4459 non
1278 4401 1459 4459 fuisse
1476 4402 1708 4476 integer
1724 4420 1866 4475 erga
1887 4403 2084 4460 Deum
2107 4420 2301 4473 suum,
2321 4402 2473 4459 sicut
2493 4402 2690 4462 suerat

276 4479 505 4536 animus
534 4480 783 4538 Davidis
813 4481 1014 4537 Patris
1042 4481 1151 4550 sui,
1181 4499 1288 4537 nec
1332 4480 1506 4554 plene
1543 4482 1905 4554 sequebatur
1952 4480 1993 4536 J
1998 4482 2251 4538 ehovam
2295 4479 2447 4538 sicut
2492 4481 2689 4539 David

275 4562 435 4629 pater
463 4558 516 4631 ej
526 4559 653 4627 us,”
677 4577 797 4615 ver.
821 4560 876 4616 6.
945 4558 1125 4617 Unde
1148 4558 1351 4632 colligi
1379 4565 1591 4632 potest,
1616 4560 1756 4615 licet
1776 4559 1872 4615 vir
1900 4558 2149 4615 uxorius
2175 4577 2375 4615 amore
2403 4566 2463 4615 et
2489 4558 2691 4617 indul-

274 4634 470 4707 gentia
497 4653 640 4707 erga
668 4655 883 4694 uxores
905 4656 942 4694 a
963 4656 1103 4694 vero
1123 4636 1253 4695 Deo
1283 4637 1600 4708 recesserit,
1625 4637 1747 4695 sive
1778 4637 2080 4694 idolorum
2103 4638 2333 4694 cultum
2359 4638 2687 4711 tolerandO,
