3221 5200
243 402 464 453 eumer.
497 377 661 464 ηιμ]
1259 398 1339 439 nn
1367 399 1522 440 nnec
1551 398 1675 440 nm.
2581 387 2658 444 77

245 563 421 622 quam
446 542 596 602 alias
623 538 1014 616 caeremonias,
1039 559 1184 618 quas
1215 538 1377 600 Deus
1405 539 1712 617 abrogavit
1738 539 1847 599 sub
1877 539 1950 600 N.
1982 540 2069 617 T„
2113 541 2468 618 postliminio
2495 563 2662 603 revo-

249 643 397 699 care,
426 622 588 700 quod
616 641 791 700 quam
820 620 1133 680 absurdum
1163 619 1239 679 sit
1263 640 1434 679 nemo
1462 641 1579 679 non
1605 619 1787 680 videt.

858 699 1179 758 XXVIII.
1210 701 1571 777 Praeceptum
1588 698 1661 758 de
1688 699 1982 759 Sabbatho
2008 699 2272 759 bifariam
2302 702 2476 762 debet
2503 723 2530 761 s
2606 724 2663 763 c·

280 767 705 871 Fmtfflugglutio-
773 779 902 855 tari,
922 779 1021 839 vel
1037 780 1282 838 absolute
1302 788 1362 840 et
1381 780 1442 838 in
1465 799 1545 854 se,
1560 778 1754 856 quoad
1772 781 2135 838 substantiam
2158 781 2441 857 Mandati,
2456 803 2529 842 ve
2573 804 2663 843 re·

778 862 892 918 late
911 859 1355 918 adoeconomiam
1371 861 1697 918 Mosavcam
1718 859 1951 919 Veteris
1987 861 2361 938 Testamenti,
2392 872 2451 922 et
2471 862 2665 941 quoad

253 939 728 999 circumastantium
742 939 1042 1017 praecisam
1065 941 1343 1016 temporis,
1364 947 1422 998 et
1440 940 1720 1016 speciales
1737 940 1987 999 rationes
2005 949 2064 999 et
2083 939 2244 1015 fines,
2264 951 2497 1019 propter
2517 963 2664 1021 quos

253 1019 450 1079 datum
479 1026 572 1077 est
599 1019 902 1078 Israelitis.
967 1019 1133 1078 Licet
1158 1019 1463 1098 posteriori
1487 1019 1599 1078 hoc
1627 1026 1893 1097 respectu
1918 1021 2135 1097 siquam
2163 1020 2388 1080 dicatur
2414 1023 2665 1099 particu-

253 1099 393 1157 laris
432 1098 595 1157 illius
635 1098 869 1157 foederis
908 1097 1371 1177 dispensationis,
1418 1098 1610 1159 Exod.
1640 1099 1806 1158 xxxi.
1842 1102 1933 1175 13,
1977 1100 2187 1159 Ezech.
2217 1122 2320 1160 xx.
2355 1106 2447 1178 12,
2491 1111 2666 1179 atque

255 1179 403 1238 adeo
430 1177 646 1236 habeat
673 1177 894 1256 aliquid
921 1179 1355 1255 coeremoniale3
1401 1178 1533 1237 Non
1563 1178 1823 1255 sequitur
1848 1199 1975 1238 esse
2002 1198 2218 1238 meram
2248 1183 2663 1260 caeremoniam,

255 1267 357 1318 aut
387 1258 748 1335 Praeceptum
778 1258 838 1315 in
867 1277 929 1317 se
950 1259 1374 1318 consideratum
1397 1256 1473 1317 ad
1491 1259 1643 1317 hanc
1663 1259 2041 1318 oeconomiam
2060 1268 2283 1320 tantum
2303 1262 2668 1338 pertinuisse.

342 1337 611 1396 XXIX.
642 1337 923 1412 Quamvis
943 1338 1281 1398 mandatum
1303 1338 1374 1398 de
1395 1340 1549 1397 Loco
1576 1339 1794 1397 solenni
1816 1339 2007 1398 cultus
2035 1339 2209 1399 fuerit
2229 1341 2627 1402 caeremoniale
2648 1364 2665 1419 ς

256 1418 394 1476 Non
436 1418 703 1494 sequitur
742 1418 1078 1477 mandatum
1122 1418 1194 1477 de
1227 1420 1500 1496 Tempore
1541 1418 1767 1477 solenni
1806 1419 2021 1496 pariter
2061 1439 2188 1478 esse
2232 1422 2664 1498 caeremonia103

259 1497 410 1572 Quia
435 1496 746 1574 multiplex
774 1497 945 1556 datur
971 1496 1294 1558 differentia
1320 1499 1472 1558 inter
1496 1500 1711 1557 Locum
1752 1506 1813 1558 et
1843 1501 2083 1577 Tempus
2108 1500 2218 1559 hac
2259 1501 2320 1558 in
2347 1510 2527 1579 parte.
2616 1504 2670 1561 1.

258 1577 489 1636 Mentio
530 1575 598 1634 fit
637 1576 697 1634 in
736 1577 1034 1655 Decalogo
1075 1578 1498 1638 observationis
1538 1578 1830 1657 temporis,
1876 1579 1980 1639 sed
2018 1599 2135 1640 non
2178 1580 2673 1641 determinationis

256 1657 407 1731 loci;
461 1656 623 1733 Ergo
650 1675 768 1715 non
795 1665 933 1716 sunt
960 1678 1008 1715 ae
1049 1658 1212 1717 uales
1243 1657 1566 1736 Religionis
1594 1659 2061 1719 circumstantioe.
2144 1664 2201 1719 2.
2233 1660 2565 1720 Necessitas
2608 1669 2670 1721 et

259 1737 487 1795 utilitas
514 1735 630 1794 loci
659 1736 958 1829 cujusdam
989 1757 1023 1795 a
1091 1739 1312 1797 cultum
1339 1745 1429 1797 est
1454 1737 1699 1816 physica
1724 1746 1968 1815 tantum,
1999 1746 2058 1797 et
2086 1739 2381 1816 Religioni
2410 1739 2674 1798 acciden-

260 1816 414 1890 talis,
455 1816 595 1892 quia
620 1816 768 1873 nih1l
809 1815 949 1875 facit
987 1816 1063 1874 ad
1102 1817 1440 1895 religionem
1468 1816 1921 1894 promovendam
1964 1817 2087 1877 sive
2115 1817 2179 1875 in
2205 1818 2416 1895 aprico,
2461 1819 2587 1877 sive
2614 1819 2677 1876 in

260 1896 521 1970 basilica,
553 1895 680 1954 sive
722 1896 783 1953 in
821 1895 951 1955 loco
995 1895 1383 1972 subterraneo,
1430 1897 1554 1955 sive
1596 1898 1659 1955 in
1696 1897 1827 1955 loco
1867 1897 2119 1974 publico,
2165 1897 2288 1957 sive
2330 1897 2391 1956 in
2467 1898 2672 1974 rivat0,

266 1976 431 2034 Deus
458 1975 701 2034 colatur.
789 1974 906 2034 Sed
945 1977 1262 2036 necessitas
1288 1976 1565 2058 temporis
1607 1977 1731 2036 sive
1773 1976 2217 2053 indeterminati,
2250 1978 2373 2037 sive
2408 1919 2677 2037 ‹fetermi-

261 2056 403 2130 nati,
438 2055 616 2132 longe
663 2053 853 2132 major
887 2063 993 2130 est,
1038 2057 1174 2132 quia
1216 2063 1306 2115 est
1352 2055 1588 2115 moralis
1631 2064 1691 2114 et
1716 2056 2108 2133 Theologica;
2153 2057 2277 2115 sive
2306 2057 2378 2116 de
2415 2057 2678 2135 portione

264 2135 450 2209 totali,
483 2135 608 2193 sive
637 2133 709 2193 de
739 2134 1058 2210 duratione,
1104 2135 1229 2195 sive
1257 2135 1330 2194 de
1358 2134 1682 2212 frequentia
1724 2138 2031 2214 separatim
2058 2136 2379 2213 loquamur,
2411 2146 2469 2196 et
2495 2136 2680 2197 multo

265 2215 456 2291 magis
485 2214 536 2274 si
563 2213 637 2273 de
670 2214 742 2272 iis
772 2215 946 2272 simul
971 2214 1073 2273 fiat
1101 2234 1289 2273 sermo
1314 2237 1328 2274 ε
1374 2215 1635 2273 Dubium
1663 2215 1815 2272 enim
1843 2235 1960 2272 non
1988 2222 2093 2289 est,
2125 2215 2265 2292 quin
2293 2218 2481 2294 major
2506 2217 2677 2276 Tem-

267 2296 425 2372 poris
455 2294 665 2372 portio,
695 2293 793 2352 vel
821 2294 1014 2371 quoad
1042 2293 1419 2368 durationem,
1451 2293 1547 2351 vel
1575 2293 1770 2370 quoad
1797 2294 2196 2371 frequentiam,
2228 2295 2325 2353 vel
2353 2296 2547 2373 quoad
2586 2304 2677 2356 ut·

266 2393 532 2452 rumque,
561 2374 624 2432 in
643 2373 968 2451 Religionis
996 2375 1288 2434 exercitiis
1315 2372 1491 2431 faciat
1518 2372 1594 2430 ad
1623 2392 1993 2451 progressum
2022 2374 2082 2432 in
2107 2375 2341 2468 pietate,
2373 2385 2432 2435 et
2457 2385 2523 2435 ut
2552 2377 2681 2435 Deo

265 2455 343 2514 sit
371 2454 595 2532 gratior
621 2462 680 2513 et
719 2454 1023 2531 acceptior,
1055 2454 1156 2532 qui
1196 2454 1312 2513 tale
1346 2459 1575 2531 tempus
1618 2452 1901 2530 impendit
1942 2454 2126 2513 cultui
2166 2475 2347 2531 sacre,
2378 2476 2551 2533 quam
2580 2456 2682 2534 qui

267 2534 454 2593 rarius
483 2542 544 2593 et
568 2532 822 2609 brevius,
854 2532 1027 2592 modo
1055 2534 1264 2594 uetera
1305 2533 1423 2593 sint
1462 2532 1642 2612 paria.
1726 2535 1782 2592 3.
1826 2534 2128 2613 Temporis
2163 2534 2566 2594 determinatio
2608 2535 2685 2594 ad

268 2615 549 2674 exercitia
576 2633 740 2672 sacra
765 2615 1090 2673 necessaria
1130 2623 1236 2691 est,
1268 2615 1405 2692 quia
1432 2613 1789 2692 impossibile
1818 2622 1923 2690 est,
1953 2623 2021 2674 ut
2046 2635 2162 2675 uno
2191 2615 2508 2693 eodemque
2536 2622 2681 2675 tem-⁷

345 2715 409 2754 re
437 2694 675 2772 negotia
701 2694 996 2753 mundana
1036 2715 1310 2772 peragere
1338 2694 1646 2773 possimus,
1678 2702 1737 2753 et
1778 2695 1951 2754 simul
1993 2696 2212 2754 cultum
2244 2696 2355 2756 Dei
2395 2716 2683 2756 exercere.

330 2794 362 2833 e
405 2794 551 2852 ergo
593 2773 707 2832 ista
753 2773 922 2833 nobis
966 2774 1084 2833 sint
1123 2774 1552 2853 impedimentO,
1581 2782 1650 2834 ut
1690 2774 1966 2851 quamdiu
2008 2783 2067 2834 et
2107 2777 2335 2852 quoties
2374 2776 2688 2854 requiritur

273 2854 436 2913 cultu
474 2853 675 2912 divino
718 2873 1011 2931 vacemus,
1054 2855 1190 2914 talis
1230 2854 1634 2914 determinatio
1682 2854 1947 2914 absolute
1995 2856 2288 2932 exigitur;
2347 2856 2451 2915 sed
2495 2855 2689 2933 quoad

271 2933 468 2993 locum
495 2933 643 2991 nihil
668 2934 784 2992 tale
812 2933 928 2991 dici
957 2942 1163 3011 potest,
1196 2935 1332 3012 quia
1364 2935 1425 2992 in
1451 2954 1569 2994 uno
1597 2942 1657 2993 et
1698 2934 1902 2994 eodem
1927 2933 2075 3010 loco,
2108 2935 2356 2995 diversis
2385 2936 2510 2995 scil.
2539 2946 2686 2995 tem-

275 3013 531 3091 poribus,
575 3032 883 3091 possumus
912 3014 1103 3072 Deum
1145 3015 1334 3073 colere
1372 3022 1430 3073 et
1469 3013 1707 3090 negotia
1746 3013 2037 3072 mundana
2077 3034 2369 3092 peragere,
2400 3024 2458 3073 et
2576 3016 2690 3074 sita

271 3093 389 3163 loci
435 3094 683 3171 alicujus
711 3093 1207 3171 determinatione,
1237 3112 1355 3151 non
1392 3112 1631 3152 necesse
1659 3100 1749 3151 est
1776 3092 1903 3150 dari
1929 3093 2012 3151 ibi
2053 3093 2289 3169 cultum,
2322 3094 2373 3151 si
2398 3114 2438 3151 n
2585 3094 2689 3153 fiat

279 3174 556 3251 temporis
582 3172 1005 3233 determinatio·

360 3253 588 3312 XXX.
634 3253 803 3313 Licet
841 3252 1205 3312 'sabbathum
1246 3249 1670 3311 hebdomadale
1720 3257 2040 3329 spectatum
2088 3250 2309 3310 ratione
2354 3251 2689 3310 oeconomiae

283 3332 577 3408 Mosaicae,
609 3342 669 3392 et
696 3332 1178 3391 caeremonialium
1207 3332 1628 3410 adjunctorum,
1658 3331 1928 3390 nimirum
1964 3330 2184 3390 ratione
2213 3331 2467 3408 praecisae
2496 3330 2690 3390 obser·

282 3414 534 3472 vationis
576 3412 807 3490 septimi
834 3412 968 3486 diei,
1001 3420 1061 3470 et
1102 3413 1455 3489 scrupulosae
1497 3431 1565 3470 ac
1608 3430 1864 3488 operosae
1906 3411 2035 3490 ejus
2077 3410 2515 3488 observationis,
2560 3431 2691 3488 quse

283 3492 765 3569 praescribebatur
808 3492 868 3549 in
891 3491 1094 3551 Veteri
1121 3492 1298 3567 Test.,
1344 3491 1519 3551 fuerit
1556 3492 1762 3551 umbra
1803 3491 2142 3567 futurorum,
2183 3500 2243 3551 et
2282 3500 2437 3551 recte
2466 3493 2693 3551 dicatur

283 3572 624 3650 abrogatum
655 3572 763 3631 sub
793 3572 962 3630 Novo
985 3572 1143 3630 Test.
1168 3594 1184 3646 3
1228 3573 1363 3631 Non
1406 3571 1666 3648 sequitur
1696 3571 2054 3632 Sabbathnm
2083 3572 2271 3649 ipsum
2310 3572 2372 3631 in
2414 3593 2475 3632 se
2504 3581 2563 3631 et
2589 3572 2689 3630 ab·

282 3652 468 3711 solute
514 3651 941 3711 consideratum
987 3650 1201 3729 pariter
1244 3651 1641 3711 caeremoniale
1688 3671 1833 3727 esse,
1864 3672 1898 3709 a
1964 3671 2038 3710 ue
2078 3651 2224 3710 adeo
2272 3652 2688 3730 abrogandum.

285 3731 504 3791 Paulus
547 3732 791 3791 Colloss.
821 3732 880 3789 ii.
916 3734 1008 3807 16,
1044 3734 1136 3806 17,
1187 3731 1363 3809 priori
1405 3750 1578 3790 sensu
1619 3731 1876 3809 loquitur
1900 3660 1989 3790 Ἔα
2042 3731 2353 3807 sabbatho,
2385 3752 2501 3809 quo
2541 3731 2690 3790 illud

283 3810 1126 3967 ἓῗῖιᾞοῗὲἶξιᾚῖἷὲἷῗ
1142 3809 2689 3967 ἕῖᾞῖἕιείἳιίῗῶξηέἶἓῑῗΐθξῗιέῗὶῗιὲἲέῗιῗὲἑωὲἒὲ

284 3980 637 4049 praeceptum
680 3970 897 4030 morale
945 3971 1098 4029 circa
1141 3970 1333 4029 cibum
1378 3977 1438 4031 et
1472 3935 1692 4048 pot’um,
1724 3989 1907 4045 eoque
1948 3989 2065 4028 non
2098 3968 2287 4045 magis
2330 3968 2688 4028 damnandos

282 4071 439 4110 nunc
466 4071 594 4110 esse
622 4051 900 4129 epulones
927 4058 988 4110 et
1013 4049 1288 4125 ebriosos,
1312 4069 1485 4128 quam
1513 4050 1615 4127 qui
1642 4049 1953 4107 observant
1979 4048 2345 4124 neomenias3
2373 4049 2478 4106 sed
2497 4067 2689 4105 seeun-

285 4133 420 4190 dum
463 4131 606 4208 quid
642 4138 705 4190 et
748 4150 875 4189 com
917 4137 1092 4205 arate,
1130 4130 1351 4189 ratione
1395 4129 1573 4206 Legis
1615 4128 1861 4205 cibariae,
1905 4146 2036 4206 quoe
2077 4128 2335 4187 ciborum
2377 4126 2690 4186 discrimen

287 4210 715 4288 praescribebat,
746 4228 827 4287 qu
926 4209 1051 4287 jam
1081 4208 1373 4270 sublatum
1399 4217 1490 4268 est
1517 4208 1576 4266 in
1605 4209 1680 4267 N.
1710 4209 1779 4267 Τ.

365 4289 631 4349 XXXI.
674 4288 956 4364 Quamvis
983 4288 1269 4348 institutio
1300 4288 1581 4348 Sabbathi
1609 4285 1803 4364 quoad
1829 4287 1968 4346 certi
2011 4286 2128 4346 diei
2155 4282 2688 4346 determinationem

284 4376 402 4429 non
430 4369 575 4429 fluat
601 4389 678 4428 ex
704 4377 912 4428 natura
941 4369 1069 4445 Dei,
1100 4388 1207 4427 nec
1234 4368 1453 4428 nitatur
1491 4367 1755 4426 absolute
1793 4367 1837 4426 .Ῐ
1839 4386 1940 4425 ure
1970 4367 2084 4426 Dei
2109 4363 2359 4424 naturali
2398 4365 2687 4443 primario,

285 4449 391 4509 sed
419 4450 495 4509 ab
523 4450 652 4527 ejus
680 4449 918 4508 arbitrio
943 4447 1209 4527 pendeat,
1240 4456 1300 4507 et
1315 4446 1410 4513 ¹sic
1438 4445 1655 4506 nitatur
1681 4447 1874 4524 potius
1900 4446 2028 4524 ejus
2055 4447 2099 4506 J
2099 4466 2201 4504 ure
2227 4444 2479 4523 positivo
2503 4468 2518 4523 ς
2559 4446 2692 4506 Non

289 4530 550 4607 sequitur
589 4538 708 4588 non
749 4548 923 4606 posse
963 4548 1091 4589 esse
1133 4528 1410 4588 moralem
1451 4536 1512 4587 et
1550 4534 1884 4606 perpetuam
1913 4526 2133 4586 ratione
2161 4527 2204 4585 J
2207 4526 2327 4585 uris
2369 4526 2694 4586 secundarii

288 4610 458 4669 nobis
485 4609 805 4703 naturalis3
849 4628 983 4669 nam
1013 4608 1171 4687 quod
1196 4608 1327 4695 „Deo
1354 4615 1444 4668 est
1471 4606 1786 4686 positivum
1815 4606 1984 4667 nobis
2023 4614 2216 4685 potest
2255 4626 2383 4668 esse
2410 4608 2691 4683 naturale,

288 4698 355 4749 ut
383 4697 557 4749 antea
581 4699 794 4749 visum.
