<?xml version="1.0" encoding="UTF-8"?>
<!DOCTYPE html PUBLIC "-//W3C//DTD XHTML 1.0 Transitional//EN"
    "http://www.w3.org/TR/xhtml1/DTD/xhtml1-transitional.dtd">
<html xmlns="http://www.w3.org/1999/xhtml" xml:lang="en" lang="en">
 <head>
  <title>
</title>
<meta http-equiv="Content-Type" content="text/html;charset=utf-8" />
  <meta name='ocr-system' content='tesseract 3.04.00' />
  <meta name='ocr-capabilities' content='ocr_page ocr_carea ocr_par ocr_line ocrx_word'/>
</head>
<body>
  <div class='ocr_page' id='page_1' title='image "./institutiotheol01turrgoog_0052.png"; bbox 0 0 3221 5200; ppageno 0'>
   <div class='ocr_carea' id='block_1_1' title="bbox 488 376 2907 457">
    <p class='ocr_par' dir='ltr' id='par_1_1' title="bbox 488 376 2907 457">
     <span class='ocr_line' id='line_1_1' title="bbox 488 376 2907 457; baseline 0 -21"><span class='ocrx_word' id='word_1_1' title='bbox 488 381 567 437; x_wconf 77' lang='lat'>24</span> <span class='ocrx_word' id='word_1_2' title='bbox 1355 397 1535 437; x_wconf 72' lang='lat' dir='ltr'>Locus</span> <span class='ocrx_word' id='word_1_3' title='bbox 1567 396 1927 437; x_wconf 64' lang='lat' dir='ltr'>monemus.</span> <span class='ocrx_word' id='word_1_4' title='bbox 2535 376 2785 457; x_wconf 67' lang='lat' dir='ltr'>[Qufflsr.</span> <span class='ocrx_word' id='word_1_5' title='bbox 2818 398 2907 438; x_wconf 45' lang='grc' dir='ltr'>ιιι,</span> 
     </span>
    </p>
   </div>
   <div class='ocr_carea' id='block_1_2' title="bbox 492 535 2916 4753">
    <p class='ocr_par' dir='ltr' id='par_1_2' title="bbox 495 535 2912 1174">
     <span class='ocr_line' id='line_1_2' title="bbox 496 535 2912 615; baseline 0 -19"><span class='ocrx_word' id='word_1_6' title='bbox 496 557 611 598; x_wconf 88' lang='lat' dir='ltr'>non</span> <span class='ocrx_word' id='word_1_7' title='bbox 640 537 934 611; x_wconf 87' lang='lat' dir='ltr'>debemus,</span> <span class='ocrx_word' id='word_1_8' title='bbox 967 557 1072 595; x_wconf 90' lang='lat' dir='ltr'>nec</span> <span class='ocrx_word' id='word_1_9' title='bbox 1101 538 1229 615; x_wconf 86' lang='lat' dir='ltr'>ejus</span> <span class='ocrx_word' id='word_1_10' title='bbox 1256 557 1496 596; x_wconf 80' lang='lat' dir='ltr'>uxorem</span> <span class='ocrx_word' id='word_1_11' title='bbox 1526 546 1583 597; x_wconf 84' lang='lat' dir='ltr'>et</span> <span class='ocrx_word' id='word_1_12' title='bbox 1612 538 1765 597; x_wconf 87' lang='lat' dir='ltr'>bona</span> <span class='ocrx_word' id='word_1_13' title='bbox 1791 535 2213 614; x_wconf 70' lang='lat' dir='ltr'>concupiscere,</span> <span class='ocrx_word' id='word_1_14' title='bbox 2241 536 2401 613; x_wconf 89' lang='lat' dir='ltr'>quod</span> <span class='ocrx_word' id='word_1_15' title='bbox 2428 556 2546 595; x_wconf 88' lang='lat' dir='ltr'>non</span> <span class='ocrx_word' id='word_1_16' title='bbox 2573 537 2646 597; x_wconf 88' lang='lat' dir='ltr'>de</span> <span class='ocrx_word' id='word_1_17' title='bbox 2672 538 2912 615; x_wconf 90' lang='lat' dir='ltr'>quibus-</span> 
     </span>
     <span class='ocr_line' id='line_1_3' title="bbox 495 617 2911 695; baseline 0 -19"><span class='ocrx_word' id='word_1_18' title='bbox 495 618 629 676; x_wconf 88' lang='lat' dir='ltr'>dam</span> <span class='ocrx_word' id='word_1_19' title='bbox 657 626 897 689; x_wconf 87' lang='lat' dir='ltr'>tantum,</span> <span class='ocrx_word' id='word_1_20' title='bbox 931 618 1033 675; x_wconf 86' lang='lat' dir='ltr'>sed</span> <span class='ocrx_word' id='word_1_21' title='bbox 1061 618 1133 676; x_wconf 89' lang='lat' dir='ltr'>de</span> <span class='ocrx_word' id='word_1_22' title='bbox 1163 618 1429 676; x_wconf 85' lang='lat' dir='ltr'>omnibus</span> <span class='ocrx_word' id='word_1_23' title='bbox 1451 619 1678 677; x_wconf 75' lang='lat' dir='ltr'>dicitur.</span> <span class='ocrx_word' id='word_1_24' title='bbox 1763 618 1886 676; x_wconf 87' lang='lat' dir='ltr'>Nec</span> <span class='ocrx_word' id='word_1_25' title='bbox 1909 617 2122 691; x_wconf 78' lang='lat' dir='ltr'><strong>obstat,</strong></span> <span class='ocrx_word' id='word_1_26' title='bbox 2153 617 2310 693; x_wconf 86' lang='lat' dir='ltr'>quod</span> <span class='ocrx_word' id='word_1_27' title='bbox 2354 617 2565 676; x_wconf 67' lang='lat' dir='ltr'>Matth.</span> <span class='ocrx_word' id='word_1_28' title='bbox 2594 638 2653 676; x_wconf 77' lang='lat' dir='ltr'>v.</span> <span class='ocrx_word' id='word_1_29' title='bbox 2684 621 2780 693; x_wconf 90' lang='lat'>43,</span> <span class='ocrx_word' id='word_1_30' title='bbox 2813 623 2911 695; x_wconf 88' lang='lat'>44,</span> 
     </span>
     <span class='ocr_line' id='line_1_4' title="bbox 495 697 2911 775; baseline 0 -20"><span class='ocrx_word' id='word_1_31' title='bbox 495 699 708 756; x_wconf 89' lang='lat' dir='ltr'>dicitur</span> <span class='ocrx_word' id='word_1_32' title='bbox 734 698 917 756; x_wconf 88' lang='lat' dir='ltr'>veluti</span> <span class='ocrx_word' id='word_1_33' title='bbox 944 717 1019 755; x_wconf 88' lang='lat' dir='ltr'>ex</span> <span class='ocrx_word' id='word_1_34' title='bbox 1051 698 1208 774; x_wconf 83' lang='lat' dir='ltr'>Lege</span> <span class='ocrx_word' id='word_1_35' title='bbox 1236 698 1497 775; x_wconf 91' lang='lat' dir='ltr'>petitum,</span> <span class='ocrx_word' id='word_1_36' title='bbox 1546 702 1581 731; x_wconf 91' lang='lat'><strong>“</strong></span> <span class='ocrx_word' id='word_1_37' title='bbox 1614 698 1840 775; x_wconf 79' lang='lat' dir='ltr'>Diliges</span> <span class='ocrx_word' id='word_1_38' title='bbox 1881 697 2224 775; x_wconf 86' lang='lat' dir='ltr'>proximum,</span> <span class='ocrx_word' id='word_1_39' title='bbox 2270 704 2328 755; x_wconf 84' lang='lat' dir='ltr'>et</span> <span class='ocrx_word' id='word_1_40' title='bbox 2356 698 2490 756; x_wconf 88' lang='lat' dir='ltr'>odio</span> <span class='ocrx_word' id='word_1_41' title='bbox 2530 697 2773 757; x_wconf 82' lang='lat' dir='ltr'>habebis</span> <span class='ocrx_word' id='word_1_42' title='bbox 2801 700 2911 756; x_wconf 85' lang='lat' dir='ltr'>ini-</span> 
     </span>
     <span class='ocr_line' id='line_1_5' title="bbox 497 777 2910 855; baseline 0.001 -20"><span class='ocrx_word' id='word_1_43' title='bbox 497 778 770 853; x_wconf 86' lang='lat' dir='ltr'>micum,&#39;&#39;</span> <span class='ocrx_word' id='word_1_44' title='bbox 801 778 937 854; x_wconf 90' lang='lat' dir='ltr'>quia</span> <span class='ocrx_word' id='word_1_45' title='bbox 983 778 1248 836; x_wconf 89' lang='lat' dir='ltr'>Christus</span> <span class='ocrx_word' id='word_1_46' title='bbox 1292 778 1375 835; x_wconf 87' lang='lat' dir='ltr'>ibi</span> <span class='ocrx_word' id='word_1_47' title='bbox 1422 778 1606 855; x_wconf 77' lang='lat' dir='ltr'>carpit</span> <span class='ocrx_word' id='word_1_48' title='bbox 1654 777 2109 837; x_wconf 89' lang='lat' dir='ltr'>additamentum</span> <span class='ocrx_word' id='word_1_49' title='bbox 2138 777 2349 854; x_wconf 68' lang='lat' dir='ltr'>glossa».</span> <span class='ocrx_word' id='word_1_50' title='bbox 2380 778 2747 854; x_wconf 79' lang='lat' dir='ltr'>Pharisa&#39;iese‚</span> <span class='ocrx_word' id='word_1_51' title='bbox 2793 799 2910 837; x_wconf 88' lang='lat' dir='ltr'>non</span> 
     </span>
     <span class='ocr_line' id='line_1_6' title="bbox 495 856 2911 935; baseline 0.001 -20"><span class='ocrx_word' id='word_1_52' title='bbox 495 856 984 933; x_wconf 83' lang='lat' dir='ltr'>imperfectionem</span> <span class='ocrx_word' id='word_1_53' title='bbox 1028 857 1221 935; x_wconf 74' lang='lat' dir='ltr'>Legis,</span> <span class='ocrx_word' id='word_1_54' title='bbox 1253 877 1382 934; x_wconf 82' lang='lat' dir='ltr'>quse</span> <span class='ocrx_word' id='word_1_55' title='bbox 1411 858 1521 916; x_wconf 84' lang='lat' dir='ltr'>hoc</span> <span class='ocrx_word' id='word_1_56' title='bbox 1549 878 1656 916; x_wconf 86' lang='lat' dir='ltr'>nec</span> <span class='ocrx_word' id='word_1_57' title='bbox 1682 857 1860 917; x_wconf 88' lang='lat' dir='ltr'>babet</span> <span class='ocrx_word' id='word_1_58' title='bbox 1885 877 2057 931; x_wconf 88' lang='lat' dir='ltr'>nune,</span> <span class='ocrx_word' id='word_1_59' title='bbox 2087 877 2192 915; x_wconf 91' lang='lat' dir='ltr'>nec</span> <span class='ocrx_word' id='word_1_60' title='bbox 2219 857 2422 916; x_wconf 82' lang='lat' dir='ltr'>habuit</span> <span class='ocrx_word' id='word_1_61' title='bbox 2449 878 2701 934; x_wconf 88' lang='lat' dir='ltr'>unquam</span> <span class='ocrx_word' id='word_1_62' title='bbox 2724 879 2738 917; x_wconf 78' lang='lat' dir='ltr'>t</span> <span class='ocrx_word' id='word_1_63' title='bbox 2786 859 2911 917; x_wconf 83' lang='lat' dir='ltr'>Lex</span> 
     </span>
     <span class='ocr_line' id='line_1_7' title="bbox 496 937 2907 1014; baseline 0 -18"><span class='ocrx_word' id='word_1_64' title='bbox 496 937 731 996; x_wconf 86' lang='lat' dir='ltr'>talionis</span> <span class='ocrx_word' id='word_1_65' title='bbox 760 958 889 1013; x_wconf 82' lang='lat' dir='ltr'>quae</span> <span class='ocrx_word' id='word_1_66' title='bbox 918 937 1055 995; x_wconf 89' lang='lat' dir='ltr'>data</span> <span class='ocrx_word' id='word_1_67' title='bbox 1082 937 1191 996; x_wconf 83' lang='lat' dir='ltr'>fuit</span> <span class='ocrx_word' id='word_1_68' title='bbox 1221 938 1329 995; x_wconf 91' lang='lat' dir='ltr'>sub</span> <span class='ocrx_word' id='word_1_69' title='bbox 1358 938 1494 997; x_wconf 88' lang='lat' dir='ltr'>Vet.</span> <span class='ocrx_word' id='word_1_70' title='bbox 1524 938 1684 997; x_wconf 79' lang='lat' dir='ltr'>Test.</span> <span class='ocrx_word' id='word_1_71' title='bbox 1713 958 1832 995; x_wconf 87' lang='lat' dir='ltr'>non</span> <span class='ocrx_word' id='word_1_72' title='bbox 1858 937 2156 1013; x_wconf 83' lang='lat' dir='ltr'>restringit</span> <span class='ocrx_word' id='word_1_73' title='bbox 2182 948 2532 1014; x_wconf 74' lang='lat' dir='ltr'>praeceptum</span> <span class='ocrx_word' id='word_1_74' title='bbox 2562 938 2907 1014; x_wconf 88' lang='lat' dir='ltr'>dilectionis,</span> 
     </span>
     <span class='ocr_line' id='line_1_8' title="bbox 497 1017 2910 1096; baseline 0 -21"><span class='ocrx_word' id='word_1_75' title='bbox 497 1018 634 1093; x_wconf 87' lang='lat' dir='ltr'>quia</span> <span class='ocrx_word' id='word_1_76' title='bbox 660 1018 783 1094; x_wconf 87' lang='lat' dir='ltr'>agit</span> <span class='ocrx_word' id='word_1_77' title='bbox 811 1018 883 1075; x_wconf 93' lang='lat' dir='ltr'>de</span> <span class='ocrx_word' id='word_1_78' title='bbox 906 1018 1037 1093; x_wconf 89' lang='lat' dir='ltr'>jure</span> <span class='ocrx_word' id='word_1_79' title='bbox 1057 1017 1456 1094; x_wconf 87' lang='lat' dir='ltr'>Magistratus,</span> <span class='ocrx_word' id='word_1_80' title='bbox 1487 1038 1604 1075; x_wconf 90' lang='lat' dir='ltr'>non</span> <span class='ocrx_word' id='word_1_81' title='bbox 1633 1018 1706 1075; x_wconf 89' lang='lat' dir='ltr'>de</span> <span class='ocrx_word' id='word_1_82' title='bbox 1734 1017 1937 1075; x_wconf 90' lang='lat' dir='ltr'>officiis</span> <span class='ocrx_word' id='word_1_83' title='bbox 1965 1017 2295 1092; x_wconf 77' lang='lat' dir='ltr'>charitatis3</span> <span class='ocrx_word' id='word_1_84' title='bbox 2341 1018 2414 1075; x_wconf 89' lang='lat' dir='ltr'>de</span> <span class='ocrx_word' id='word_1_85' title='bbox 2441 1018 2629 1095; x_wconf 86' lang='lat' dir='ltr'>poenis</span> <span class='ocrx_word' id='word_1_86' title='bbox 2650 1019 2910 1096; x_wconf 83' lang='lat' dir='ltr'>irrogan-</span> 
     </span>
     <span class='ocr_line' id='line_1_9' title="bbox 499 1096 2207 1174; baseline 0 -19"><span class='ocrx_word' id='word_1_87' title='bbox 499 1097 591 1156; x_wconf 86' lang='lat' dir='ltr'>dis</span> <span class='ocrx_word' id='word_1_88' title='bbox 617 1117 717 1155; x_wconf 90' lang='lat' dir='ltr'>reo</span> <span class='ocrx_word' id='word_1_89' title='bbox 746 1117 780 1155; x_wconf 87' lang='lat' dir='ltr'>a</span> <span class='ocrx_word' id='word_1_90' title='bbox 807 1096 850 1154; x_wconf 89' lang='lat' dir='ltr'><strong>J</strong></span> <span class='ocrx_word' id='word_1_91' title='bbox 853 1096 1038 1169; x_wconf 90' lang='lat' dir='ltr'>udice,</span> <span class='ocrx_word' id='word_1_92' title='bbox 1069 1117 1186 1155; x_wconf 90' lang='lat' dir='ltr'>non</span> <span class='ocrx_word' id='word_1_93' title='bbox 1214 1097 1286 1156; x_wconf 90' lang='lat' dir='ltr'>de</span> <span class='ocrx_word' id='word_1_94' title='bbox 1315 1097 1533 1156; x_wconf 91' lang='lat' dir='ltr'>ultione</span> <span class='ocrx_word' id='word_1_95' title='bbox 1561 1097 1872 1174; x_wconf 70' lang='lat' dir='ltr'>quaerenda</span> <span class='ocrx_word' id='word_1_96' title='bbox 1899 1118 1934 1155; x_wconf 91' lang='lat' dir='ltr'>a</span> <span class='ocrx_word' id='word_1_97' title='bbox 1959 1097 2207 1174; x_wconf 85' lang='lat' dir='ltr'>privato.</span> 
     </span>
    </p>

    <p class='ocr_par' dir='ltr' id='par_1_3' title="bbox 498 1176 2914 2272">
     <span class='ocr_line' id='line_1_10' title="bbox 580 1176 2911 1252; baseline 0 -17"><span class='ocrx_word' id='word_1_98' title='bbox 580 1177 770 1235; x_wconf 89' lang='lat' dir='ltr'>XXI.</span> <span class='ocrx_word' id='word_1_99' title='bbox 820 1177 881 1233; x_wconf 88' lang='lat' dir='ltr'>Si</span> <span class='ocrx_word' id='word_1_100' title='bbox 927 1177 1205 1235; x_wconf 69' lang='lat' dir='ltr'>Israelitae</span> <span class='ocrx_word' id='word_1_101' title='bbox 1247 1186 1533 1251; x_wconf 88' lang='lat' dir='ltr'>vetantur,</span> <span class='ocrx_word' id='word_1_102' title='bbox 1580 1177 1771 1235; x_wconf 84' lang='lat' dir='ltr'>Exod.</span> <span class='ocrx_word' id='word_1_103' title='bbox 1802 1178 2010 1235; x_wconf 83' lang='lat' dir='ltr'>xxxiv.</span> <span class='ocrx_word' id='word_1_104' title='bbox 2059 1179 2149 1250; x_wconf 85' lang='lat'>12,</span> <span class='ocrx_word' id='word_1_105' title='bbox 2194 1183 2254 1235; x_wconf 89' lang='lat' dir='ltr'>et</span> <span class='ocrx_word' id='word_1_106' title='bbox 2296 1176 2535 1235; x_wconf 87' lang='lat' dir='ltr'>Deuter.</span> <span class='ocrx_word' id='word_1_107' title='bbox 2565 1176 2666 1236; x_wconf 89' lang='lat' dir='ltr'>vii.</span> <span class='ocrx_word' id='word_1_108' title='bbox 2698 1181 2753 1252; x_wconf 95' lang='grc'>2,</span> <span class='ocrx_word' id='word_1_109' title='bbox 2779 1190 2911 1236; x_wconf 84' lang='lat' dir='ltr'>cum</span> 
     </span>
     <span class='ocr_line' id='line_1_11' title="bbox 500 1256 2911 1334; baseline 0 -18"><span class='ocrx_word' id='word_1_110' title='bbox 500 1266 721 1334; x_wconf 81' lang='lat' dir='ltr'>septem</span> <span class='ocrx_word' id='word_1_111' title='bbox 749 1258 978 1334; x_wconf 86' lang='lat' dir='ltr'>populis</span> <span class='ocrx_word' id='word_1_112' title='bbox 1008 1259 1420 1316; x_wconf 81' lang='lat' dir='ltr'>Cananaeorum</span> <span class='ocrx_word' id='word_1_113' title='bbox 1449 1258 1784 1316; x_wconf 87' lang='lat' dir='ltr'>affinitatem</span> <span class='ocrx_word' id='word_1_114' title='bbox 1805 1257 2071 1333; x_wconf 87' lang='lat' dir='ltr'>jungere,</span> <span class='ocrx_word' id='word_1_115' title='bbox 2102 1256 2291 1314; x_wconf 85' lang='lat' dir='ltr'>soedus</span> <span class='ocrx_word' id='word_1_116' title='bbox 2319 1256 2522 1330; x_wconf 82' lang='lat' dir='ltr'>facere,</span> <span class='ocrx_word' id='word_1_117' title='bbox 2567 1256 2683 1315; x_wconf 87' lang='lat' dir='ltr'>imo</span> <span class='ocrx_word' id='word_1_118' title='bbox 2712 1277 2911 1316; x_wconf 90' lang='lat' dir='ltr'>eorum</span> 
     </span>
     <span class='ocr_line' id='line_1_12' title="bbox 500 1335 2914 1415; baseline 0.001 -22"><span class='ocrx_word' id='word_1_119' title='bbox 500 1336 796 1412; x_wconf 75' lang='lat' dir='ltr'>miserm-13</span> <span class='ocrx_word' id='word_1_120' title='bbox 842 1341 893 1394; x_wconf 93' lang='lat'>1.</span> <span class='ocrx_word' id='word_1_121' title='bbox 925 1337 1057 1395; x_wconf 88' lang='lat' dir='ltr'>Non</span> <span class='ocrx_word' id='word_1_122' title='bbox 1087 1338 1346 1414; x_wconf 90' lang='lat' dir='ltr'>sequitur</span> <span class='ocrx_word' id='word_1_123' title='bbox 1370 1338 1640 1415; x_wconf 86' lang='lat' dir='ltr'>imperari</span> <span class='ocrx_word' id='word_1_124' title='bbox 1668 1356 1863 1395; x_wconf 88' lang='lat' dir='ltr'>eorum</span> <span class='ocrx_word' id='word_1_125' title='bbox 1894 1336 2107 1410; x_wconf 90' lang='lat' dir='ltr'>odium,</span> <span class='ocrx_word' id='word_1_126' title='bbox 2122 1336 2260 1412; x_wconf 86' lang='lat' dir='ltr'>quia</span> <span class='ocrx_word' id='word_1_127' title='bbox 2285 1335 2455 1394; x_wconf 88' lang='lat' dir='ltr'>datur</span> <span class='ocrx_word' id='word_1_128' title='bbox 2481 1336 2732 1395; x_wconf 88' lang='lat' dir='ltr'>medium</span> <span class='ocrx_word' id='word_1_129' title='bbox 2762 1338 2914 1396; x_wconf 89' lang='lat' dir='ltr'>inter</span> 
     </span>
     <span class='ocr_line' id='line_1_13' title="bbox 499 1415 2910 1493; baseline 0.001 -20"><span class='ocrx_word' id='word_1_130' title='bbox 499 1416 829 1490; x_wconf 79' lang='lat' dir='ltr'>amicitiam,</span> <span class='ocrx_word' id='word_1_131' title='bbox 861 1437 991 1493; x_wconf 76' lang='lat' dir='ltr'>quse</span> <span class='ocrx_word' id='word_1_132' title='bbox 1029 1418 1346 1475; x_wconf 87' lang='lat' dir='ltr'>animorum</span> <span class='ocrx_word' id='word_1_133' title='bbox 1397 1426 1455 1476; x_wconf 88' lang='lat' dir='ltr'>et</span> <span class='ocrx_word' id='word_1_134' title='bbox 1503 1417 1819 1475; x_wconf 87' lang='lat' dir='ltr'>officiorum</span> <span class='ocrx_word' id='word_1_135' title='bbox 1869 1416 2412 1475; x_wconf 85' lang='lat' dir='ltr'>contesserationem</span> <span class='ocrx_word' id='word_1_136' title='bbox 2438 1415 2628 1490; x_wconf 84' lang='lat' dir='ltr'>infert,</span> <span class='ocrx_word' id='word_1_137' title='bbox 2660 1426 2718 1475; x_wconf 89' lang='lat' dir='ltr'>et</span> <span class='ocrx_word' id='word_1_138' title='bbox 2758 1418 2910 1476; x_wconf 82' lang='lat' dir='ltr'>inter</span> 
     </span>
     <span class='ocr_line' id='line_1_14' title="bbox 501 1496 2910 1574; baseline 0 -21"><span class='ocrx_word' id='word_1_139' title='bbox 501 1496 696 1554; x_wconf 89' lang='lat' dir='ltr'>odium</span> <span class='ocrx_word' id='word_1_140' title='bbox 722 1519 736 1555; x_wconf 89' lang='lat'>:</span> <span class='ocrx_word' id='word_1_141' title='bbox 780 1516 884 1554; x_wconf 89' lang='lat' dir='ltr'>nec</span> <span class='ocrx_word' id='word_1_142' title='bbox 914 1496 1176 1555; x_wconf 82' lang='lat' dir='ltr'>absolute</span> <span class='ocrx_word' id='word_1_143' title='bbox 1197 1497 1534 1574; x_wconf 86' lang='lat' dir='ltr'>prohibetur</span> <span class='ocrx_word' id='word_1_144' title='bbox 1559 1496 1952 1554; x_wconf 75' lang='lat' dir='ltr'>misericordia</span> <span class='ocrx_word' id='word_1_145' title='bbox 1979 1506 2244 1573; x_wconf 87' lang='lat' dir='ltr'>respectu</span> <span class='ocrx_word' id='word_1_146' title='bbox 2272 1496 2543 1572; x_wconf 87' lang='lat' dir='ltr'>ipsorum,</span> <span class='ocrx_word' id='word_1_147' title='bbox 2577 1497 2678 1553; x_wconf 90' lang='lat' dir='ltr'>sed</span> <span class='ocrx_word' id='word_1_148' title='bbox 2708 1517 2910 1556; x_wconf 85' lang='lat' dir='ltr'>secun·-</span> 
     </span>
     <span class='ocr_line' id='line_1_15' title="bbox 499 1575 2912 1652; baseline 0.001 -19"><span class='ocrx_word' id='word_1_149' title='bbox 499 1575 639 1633; x_wconf 89' lang='lat' dir='ltr'>dum</span> <span class='ocrx_word' id='word_1_150' title='bbox 681 1576 821 1652; x_wconf 88' lang='lat' dir='ltr'>quid</span> <span class='ocrx_word' id='word_1_151' title='bbox 862 1585 1103 1651; x_wconf 88' lang='lat' dir='ltr'>tantum,</span> <span class='ocrx_word' id='word_1_152' title='bbox 1148 1577 1369 1636; x_wconf 90' lang='lat' dir='ltr'>ratione</span> <span class='ocrx_word' id='word_1_153' title='bbox 1406 1576 1645 1635; x_wconf 87' lang='lat' dir='ltr'>ultionis</span> <span class='ocrx_word' id='word_1_154' title='bbox 1672 1575 2032 1634; x_wconf 72' lang='lat' dir='ltr'>demandatae</span> <span class='ocrx_word' id='word_1_155' title='bbox 2061 1596 2096 1633; x_wconf 88' lang='lat' dir='ltr'>a</span> <span class='ocrx_word' id='word_1_156' title='bbox 2126 1577 2253 1634; x_wconf 90' lang='lat' dir='ltr'>Deo</span> <span class='ocrx_word' id='word_1_157' title='bbox 2282 1595 2422 1652; x_wconf 87' lang='lat' dir='ltr'>erga</span> <span class='ocrx_word' id='word_1_158' title='bbox 2449 1595 2565 1651; x_wconf 75' lang='lat' dir='ltr'>eOS,</span> <span class='ocrx_word' id='word_1_159' title='bbox 2596 1577 2698 1652; x_wconf 89' lang='lat' dir='ltr'>qui</span> <span class='ocrx_word' id='word_1_160' title='bbox 2725 1578 2912 1637; x_wconf 88' lang='lat' dir='ltr'>occidi</span> 
     </span>
     <span class='ocr_line' id='line_1_16' title="bbox 498 1654 2909 1733; baseline 0.001 -21"><span class='ocrx_word' id='word_1_161' title='bbox 498 1654 788 1714; x_wconf 86' lang='lat' dir='ltr'>debebant</span> <span class='ocrx_word' id='word_1_162' title='bbox 816 1676 1089 1733; x_wconf 80' lang='lat' dir='ltr'>expresso</span> <span class='ocrx_word' id='word_1_163' title='bbox 1134 1656 1245 1715; x_wconf 92' lang='lat' dir='ltr'>Dei</span> <span class='ocrx_word' id='word_1_164' title='bbox 1287 1657 1576 1729; x_wconf 73' lang='lat' dir='ltr'>mandam,</span> <span class='ocrx_word' id='word_1_165' title='bbox 1621 1664 1680 1715; x_wconf 90' lang='lat' dir='ltr'>et</span> <span class='ocrx_word' id='word_1_166' title='bbox 1720 1656 1955 1731; x_wconf 90' lang='lat' dir='ltr'>quidem</span> <span class='ocrx_word' id='word_1_167' title='bbox 1983 1676 2051 1714; x_wconf 89' lang='lat' dir='ltr'>ea</span> <span class='ocrx_word' id='word_1_168' title='bbox 2078 1654 2150 1713; x_wconf 89' lang='lat' dir='ltr'>de</span> <span class='ocrx_word' id='word_1_169' title='bbox 2180 1674 2369 1729; x_wconf 85' lang='lat' dir='ltr'>causa,</span> <span class='ocrx_word' id='word_1_170' title='bbox 2403 1675 2474 1713; x_wconf 92' lang='lat' dir='ltr'>ne</span> <span class='ocrx_word' id='word_1_171' title='bbox 2503 1664 2696 1714; x_wconf 82' lang='lat' dir='ltr'>essent</span> <span class='ocrx_word' id='word_1_172' title='bbox 2724 1657 2785 1714; x_wconf 89' lang='lat' dir='ltr'>in</span> <span class='ocrx_word' id='word_1_173' title='bbox 2828 1658 2909 1714; x_wconf 87' lang='lat' dir='ltr'>la-</span> 
     </span>
     <span class='ocr_line' id='line_1_17' title="bbox 499 1735 2911 1813; baseline 0.001 -20"><span class='ocrx_word' id='word_1_174' title='bbox 499 1755 711 1811; x_wconf 89' lang='lat' dir='ltr'>queum</span> <span class='ocrx_word' id='word_1_175' title='bbox 739 1737 952 1813; x_wconf 91' lang='lat' dir='ltr'>populo</span> <span class='ocrx_word' id='word_1_176' title='bbox 984 1737 1112 1795; x_wconf 87' lang='lat' dir='ltr'>Dei.</span> <span class='ocrx_word' id='word_1_177' title='bbox 1177 1741 1233 1795; x_wconf 83' lang='lat'>2.</span> <span class='ocrx_word' id='word_1_178' title='bbox 1266 1735 1605 1795; x_wconf 88' lang='lat' dir='ltr'>Mandatum</span> <span class='ocrx_word' id='word_1_179' title='bbox 1636 1755 1753 1793; x_wconf 90' lang='lat' dir='ltr'>non</span> <span class='ocrx_word' id='word_1_180' title='bbox 1780 1736 1952 1793; x_wconf 87' lang='lat' dir='ltr'>datur</span> <span class='ocrx_word' id='word_1_181' title='bbox 1978 1736 2051 1794; x_wconf 91' lang='lat' dir='ltr'>de</span> <span class='ocrx_word' id='word_1_182' title='bbox 2079 1735 2230 1809; x_wconf 88' lang='lat' dir='ltr'>odio,</span> <span class='ocrx_word' id='word_1_183' title='bbox 2263 1735 2365 1793; x_wconf 88' lang='lat' dir='ltr'>sed</span> <span class='ocrx_word' id='word_1_184' title='bbox 2394 1735 2466 1793; x_wconf 91' lang='lat' dir='ltr'>de</span> <span class='ocrx_word' id='word_1_185' title='bbox 2495 1736 2740 1808; x_wconf 79' lang='lat' dir='ltr'>excidiO,</span> <span class='ocrx_word' id='word_1_186' title='bbox 2772 1738 2911 1813; x_wconf 86' lang='lat' dir='ltr'>quia</span> 
     </span>
     <span class='ocr_line' id='line_1_18' title="bbox 502 1814 2913 1892; baseline 0.002 -20"><span class='ocrx_word' id='word_1_187' title='bbox 502 1815 664 1873; x_wconf 88' lang='lat' dir='ltr'>Deus</span> <span class='ocrx_word' id='word_1_188' title='bbox 712 1816 843 1874; x_wconf 86' lang='lat' dir='ltr'>illos</span> <span class='ocrx_word' id='word_1_189' title='bbox 887 1816 1066 1875; x_wconf 84' lang='lat' dir='ltr'>exitio</span> <span class='ocrx_word' id='word_1_190' title='bbox 1112 1816 1428 1874; x_wconf 82' lang='lat' dir='ltr'>devoverat</span> <span class='ocrx_word' id='word_1_191' title='bbox 1475 1825 1748 1892; x_wconf 80' lang='lat' dir='ltr'>tanquam</span> <span class='ocrx_word' id='word_1_192' title='bbox 1793 1817 1989 1873; x_wconf 79' lang='lat' dir='ltr'>hostes</span> <span class='ocrx_word' id='word_1_193' title='bbox 2045 1835 2180 1874; x_wconf 89' lang='lat' dir='ltr'>suos</span> <span class='ocrx_word' id='word_1_194' title='bbox 2229 1815 2304 1874; x_wconf 92' lang='lat' dir='ltr'>ob</span> <span class='ocrx_word' id='word_1_195' title='bbox 2348 1814 2632 1872; x_wconf 87' lang='lat' dir='ltr'>horrenda</span> <span class='ocrx_word' id='word_1_196' title='bbox 2672 1815 2913 1876; x_wconf 85' lang='lat' dir='ltr'>crimina</span> 
     </span>
     <span class='ocr_line' id='line_1_19' title="bbox 499 1894 2908 1973; baseline 0 -20"><span class='ocrx_word' id='word_1_197' title='bbox 499 1915 718 1953; x_wconf 89' lang='lat' dir='ltr'>eorum.</span> <span class='ocrx_word' id='word_1_198' title='bbox 802 1899 858 1954; x_wconf 88' lang='lat'>3.</span> <span class='ocrx_word' id='word_1_199' title='bbox 904 1896 1033 1952; x_wconf 89' lang='lat' dir='ltr'>Non</span> <span class='ocrx_word' id='word_1_200' title='bbox 1067 1896 1405 1973; x_wconf 86' lang='lat' dir='ltr'>simpliciter</span> <span class='ocrx_word' id='word_1_201' title='bbox 1431 1896 1577 1954; x_wconf 89' lang='lat' dir='ltr'>illud</span> <span class='ocrx_word' id='word_1_202' title='bbox 1604 1895 1730 1953; x_wconf 90' lang='lat' dir='ltr'>fieri</span> <span class='ocrx_word' id='word_1_203' title='bbox 1758 1895 1975 1969; x_wconf 88' lang='lat' dir='ltr'>debuit,</span> <span class='ocrx_word' id='word_1_204' title='bbox 2008 1894 2110 1953; x_wconf 91' lang='lat' dir='ltr'>sed</span> <span class='ocrx_word' id='word_1_205' title='bbox 2139 1903 2260 1953; x_wconf 89' lang='lat' dir='ltr'>tum</span> <span class='ocrx_word' id='word_1_206' title='bbox 2290 1895 2521 1952; x_wconf 88' lang='lat' dir='ltr'>demum</span> <span class='ocrx_word' id='word_1_207' title='bbox 2551 1915 2680 1953; x_wconf 90' lang='lat' dir='ltr'>cum</span> <span class='ocrx_word' id='word_1_208' title='bbox 2708 1910 2908 1972; x_wconf 83' lang='lat' dir='ltr'>pacem</span> 
     </span>
     <span class='ocr_line' id='line_1_20' title="bbox 499 1974 2910 2050; baseline 0.001 -17"><span class='ocrx_word' id='word_1_209' title='bbox 499 1984 878 2050; x_wconf 87' lang='lat' dir='ltr'>recusassent,</span> <span class='ocrx_word' id='word_1_210' title='bbox 926 1975 1198 2034; x_wconf 88' lang='lat' dir='ltr'>Deuter0.</span> <span class='ocrx_word' id='word_1_211' title='bbox 1235 1996 1339 2033; x_wconf 48' lang='lat' dir='ltr'>xxt</span> <span class='ocrx_word' id='word_1_212' title='bbox 1374 1978 1466 2033; x_wconf 90' lang='lat'>10.</span> <span class='ocrx_word' id='word_1_213' title='bbox 1550 1978 1607 2033; x_wconf 89' lang='lat'>4.</span> <span class='ocrx_word' id='word_1_214' title='bbox 1653 1975 1727 2032; x_wconf 86' lang='lat' dir='ltr'>In</span> <span class='ocrx_word' id='word_1_215' title='bbox 1756 1974 1830 2033; x_wconf 88' lang='lat' dir='ltr'>N.</span> <span class='ocrx_word' id='word_1_216' title='bbox 1861 1975 1928 2033; x_wconf 88' lang='lat' dir='ltr'>T.</span> <span class='ocrx_word' id='word_1_217' title='bbox 1959 1974 2104 2032; x_wconf 88' lang='lat' dir='ltr'>illud</span> <span class='ocrx_word' id='word_1_218' title='bbox 2146 1975 2319 2033; x_wconf 88' lang='lat' dir='ltr'>etiam</span> <span class='ocrx_word' id='word_1_219' title='bbox 2363 1975 2534 2049; x_wconf 87' lang='lat' dir='ltr'>valet,</span> <span class='ocrx_word' id='word_1_220' title='bbox 2580 1994 2694 2033; x_wconf 91' lang='lat' dir='ltr'>non</span> <span class='ocrx_word' id='word_1_221' title='bbox 2737 1977 2910 2035; x_wconf 93' lang='lat' dir='ltr'>modo</span> 
     </span>
     <span class='ocr_line' id='line_1_21' title="bbox 498 2053 2912 2131; baseline 0.001 -18"><span class='ocrx_word' id='word_1_222' title='bbox 498 2074 676 2131; x_wconf 91' lang='lat' dir='ltr'>quum</span> <span class='ocrx_word' id='word_1_223' title='bbox 721 2062 986 2113; x_wconf 87' lang='lat' dir='ltr'>vetamur</span> <span class='ocrx_word' id='word_1_224' title='bbox 1028 2055 1249 2131; x_wconf 80' lang='lat' dir='ltr'>precari</span> <span class='ocrx_word' id='word_1_225' title='bbox 1295 2075 1401 2131; x_wconf 90' lang='lat' dir='ltr'>pro</span> <span class='ocrx_word' id='word_1_226' title='bbox 1448 2053 1521 2113; x_wconf 84' lang='lat' dir='ltr'>iis</span> <span class='ocrx_word' id='word_1_227' title='bbox 1568 2053 1669 2131; x_wconf 89' lang='lat' dir='ltr'>qui</span> <span class='ocrx_word' id='word_1_228' title='bbox 1717 2062 1958 2130; x_wconf 82' lang='lat' dir='ltr'>peccant</span> <span class='ocrx_word' id='word_1_229' title='bbox 1986 2054 2060 2111; x_wconf 88' lang='lat' dir='ltr'>ad</span> <span class='ocrx_word' id='word_1_230' title='bbox 2107 2064 2369 2126; x_wconf 74' lang='lat' dir='ltr'>mortem,</span> <span class='ocrx_word' id='word_1_231' title='bbox 2404 2057 2433 2111; x_wconf 89' lang='lat'>1</span> <span class='ocrx_word' id='word_1_232' title='bbox 2467 2054 2606 2113; x_wconf 88' lang='lat' dir='ltr'>Joh.</span> <span class='ocrx_word' id='word_1_233' title='bbox 2637 2075 2694 2113; x_wconf 87' lang='lat' dir='ltr'>v.</span> <span class='ocrx_word' id='word_1_234' title='bbox 2730 2059 2820 2130; x_wconf 83' lang='grc'>16,</span> <span class='ocrx_word' id='word_1_235' title='bbox 2853 2065 2912 2115; x_wconf 85' lang='lat' dir='ltr'>et</span> 
     </span>
     <span class='ocr_line' id='line_1_22' title="bbox 498 2133 2909 2272; baseline 0.001 -81"><span class='ocrx_word' id='word_1_236' title='bbox 498 2134 689 2272; x_wconf 62' lang='lat' dir='ltr'>gicere</span> <span class='ocrx_word' id='word_1_237' title='bbox 720 2135 880 2193; x_wconf 90' lang='lat' dir='ltr'>salve</span> <span class='ocrx_word' id='word_1_238' title='bbox 909 2134 1012 2208; x_wconf 85' lang='lat' dir='ltr'>issi,</span> <span class='ocrx_word' id='word_1_239' title='bbox 1045 2134 1145 2211; x_wconf 90' lang='lat' dir='ltr'>qui</span> <span class='ocrx_word' id='word_1_240' title='bbox 1172 2134 1343 2192; x_wconf 85' lang='lat' dir='ltr'>aliam</span> <span class='ocrx_word' id='word_1_241' title='bbox 1374 2134 1695 2193; x_wconf 82' lang='lat' dir='ltr'>doctrinam</span> <span class='ocrx_word' id='word_1_242' title='bbox 1723 2133 1907 2209; x_wconf 84' lang='lat' dir='ltr'>affert,</span> <span class='ocrx_word' id='word_1_243' title='bbox 1939 2139 1975 2192; x_wconf 94' lang='grc'>2</span> <span class='ocrx_word' id='word_1_244' title='bbox 2001 2134 2166 2208; x_wconf 78' lang='lat' dir='ltr'>Joh.,</span> <span class='ocrx_word' id='word_1_245' title='bbox 2197 2134 2303 2192; x_wconf 81' lang='lat' dir='ltr'>sed</span> <span class='ocrx_word' id='word_1_246' title='bbox 2330 2134 2504 2192; x_wconf 90' lang='lat' dir='ltr'>etiam</span> <span class='ocrx_word' id='word_1_247' title='bbox 2531 2154 2601 2193; x_wconf 90' lang='lat' dir='ltr'>eo</span> <span class='ocrx_word' id='word_1_248' title='bbox 2629 2135 2772 2212; x_wconf 86' lang='lat' dir='ltr'>ips0,</span> <span class='ocrx_word' id='word_1_249' title='bbox 2793 2156 2909 2213; x_wconf 76' lang='lat' dir='ltr'>quo</span> 
     </span>
    </p>

    <p class='ocr_par' dir='ltr' id='par_1_4' title="bbox 540 2214 1019 2273">
     <span class='ocr_line' id='line_1_23' title="bbox 540 2214 1019 2273; baseline 0 -1"><span class='ocrx_word' id='word_1_250' title='bbox 540 2214 652 2272; x_wconf 86' lang='lat' dir='ltr'>ella</span> <span class='ocrx_word' id='word_1_251' title='bbox 681 2223 816 2273; x_wconf 85' lang='lat' dir='ltr'>sunt</span> <span class='ocrx_word' id='word_1_252' title='bbox 843 2214 1019 2273; x_wconf 82' lang='lat' dir='ltr'>licita.</span> 
     </span>
    </p>

    <p class='ocr_par' dir='ltr' id='par_1_5' title="bbox 492 2293 2916 4356">
     <span class='ocr_line' id='line_1_24' title="bbox 580 2293 2910 2372; baseline 0.002 -22"><span class='ocrx_word' id='word_1_253' title='bbox 580 2294 806 2351; x_wconf 87' lang='lat' dir='ltr'>XXII.</span> <span class='ocrx_word' id='word_1_254' title='bbox 850 2299 907 2352; x_wconf 85' lang='lat'>2.</span> <span class='ocrx_word' id='word_1_255' title='bbox 940 2296 1298 2372; x_wconf 78' lang='lat' dir='ltr'>Praeceptum</span> <span class='ocrx_word' id='word_1_256' title='bbox 1342 2294 1668 2355; x_wconf 82' lang='lat' dir='ltr'>dilectionis</span> <span class='ocrx_word' id='word_1_257' title='bbox 1708 2314 1823 2353; x_wconf 88' lang='lat' dir='ltr'>non</span> <span class='ocrx_word' id='word_1_258' title='bbox 1867 2302 1956 2354; x_wconf 80' lang='lat' dir='ltr'>est</span> <span class='ocrx_word' id='word_1_259' title='bbox 1997 2302 2315 2354; x_wconf 85' lang='lat' dir='ltr'>correctum</span> <span class='ocrx_word' id='word_1_260' title='bbox 2358 2314 2392 2352; x_wconf 89' lang='lat' dir='ltr'>a</span> <span class='ocrx_word' id='word_1_261' title='bbox 2434 2293 2662 2353; x_wconf 89' lang='lat' dir='ltr'>Christo</span> <span class='ocrx_word' id='word_1_262' title='bbox 2690 2295 2910 2354; x_wconf 87' lang='lat' dir='ltr'>ratione</span> 
     </span>
     <span class='ocr_line' id='line_1_25' title="bbox 497 2374 2909 2453; baseline 0.002 -23"><span class='ocrx_word' id='word_1_263' title='bbox 497 2375 655 2431; x_wconf 83' lang='lat' dir='ltr'>modi</span> <span class='ocrx_word' id='word_1_264' title='bbox 678 2383 736 2432; x_wconf 92' lang='lat' dir='ltr'>et</span> <span class='ocrx_word' id='word_1_265' title='bbox 765 2375 1097 2448; x_wconf 70' lang='lat' dir='ltr'>intensionis,</span> <span class='ocrx_word' id='word_1_266' title='bbox 1146 2376 1271 2433; x_wconf 90' lang='lat' dir='ltr'>sive</span> <span class='ocrx_word' id='word_1_267' title='bbox 1303 2375 1490 2435; x_wconf 90' lang='lat' dir='ltr'>Deum</span> <span class='ocrx_word' id='word_1_268' title='bbox 1541 2376 1666 2434; x_wconf 91' lang='lat' dir='ltr'>sive</span> <span class='ocrx_word' id='word_1_269' title='bbox 1713 2375 2041 2453; x_wconf 79' lang='lat' dir='ltr'>proximum</span> <span class='ocrx_word' id='word_1_270' title='bbox 2088 2383 2429 2451; x_wconf 82' lang='lat' dir='ltr'>spectemus,</span> <span class='ocrx_word' id='word_1_271' title='bbox 2461 2374 2598 2451; x_wconf 80' lang='lat' dir='ltr'>quia</span> <span class='ocrx_word' id='word_1_272' title='bbox 2645 2385 2909 2452; x_wconf 83' lang='lat' dir='ltr'>respectu</span> 
     </span>
     <span class='ocr_line' id='line_1_26' title="bbox 498 2453 2909 2532; baseline 0 -20"><span class='ocrx_word' id='word_1_273' title='bbox 498 2454 612 2512; x_wconf 87' lang='lat' dir='ltr'>Dei</span> <span class='ocrx_word' id='word_1_274' title='bbox 640 2473 753 2511; x_wconf 89' lang='lat' dir='ltr'>non</span> <span class='ocrx_word' id='word_1_275' title='bbox 782 2462 971 2531; x_wconf 87' lang='lat' dir='ltr'>potest</span> <span class='ocrx_word' id='word_1_276' title='bbox 999 2453 1124 2511; x_wconf 87' lang='lat' dir='ltr'>dari</span> <span class='ocrx_word' id='word_1_277' title='bbox 1150 2456 1336 2532; x_wconf 87' lang='lat' dir='ltr'>major</span> <span class='ocrx_word' id='word_1_278' title='bbox 1363 2475 1523 2514; x_wconf 90' lang='lat' dir='ltr'>amor</span> <span class='ocrx_word' id='word_1_279' title='bbox 1550 2456 1652 2514; x_wconf 89' lang='lat' dir='ltr'>illo</span> <span class='ocrx_word' id='word_1_280' title='bbox 1681 2475 1797 2532; x_wconf 94' lang='lat' dir='ltr'>quo</span> <span class='ocrx_word' id='word_1_281' title='bbox 1827 2456 2103 2531; x_wconf 88' lang='lat' dir='ltr'>jubemur</span> <span class='ocrx_word' id='word_1_282' title='bbox 2132 2455 2320 2513; x_wconf 90' lang='lat' dir='ltr'>Deum</span> <span class='ocrx_word' id='word_1_283' title='bbox 2349 2454 2592 2531; x_wconf 88' lang='lat' dir='ltr'>diligere</span> <span class='ocrx_word' id='word_1_284' title='bbox 2633 2462 2909 2530; x_wconf 87' lang='lat' dir='ltr'>tanquam</span> 
     </span>
     <span class='ocr_line' id='line_1_27' title="bbox 497 2533 2908 2612; baseline 0 -20"><span class='ocrx_word' id='word_1_285' title='bbox 497 2553 785 2593; x_wconf 87' lang='lat' dir='ltr'>summum</span> <span class='ocrx_word' id='word_1_286' title='bbox 814 2534 1045 2609; x_wconf 90' lang='lat' dir='ltr'>bonum,</span> <span class='ocrx_word' id='word_1_287' title='bbox 1077 2534 1334 2612; x_wconf 87' lang='lat' dir='ltr'>adeoque</span> <span class='ocrx_word' id='word_1_288' title='bbox 1363 2555 1477 2593; x_wconf 88' lang='lat' dir='ltr'>non</span> <span class='ocrx_word' id='word_1_289' title='bbox 1500 2542 1723 2593; x_wconf 87' lang='lat' dir='ltr'>tantum</span> <span class='ocrx_word' id='word_1_290' title='bbox 1741 2541 1974 2611; x_wconf 90' lang='lat' dir='ltr'>propter</span> <span class='ocrx_word' id='word_1_291' title='bbox 2001 2533 2280 2592; x_wconf 87' lang='lat' dir='ltr'>beneficia</span> <span class='ocrx_word' id='word_1_292' title='bbox 2300 2553 2429 2612; x_wconf 83' lang='lat' dir='ltr'>quae</span> <span class='ocrx_word' id='word_1_293' title='bbox 2456 2534 2626 2592; x_wconf 91' lang='lat' dir='ltr'>nobis</span> <span class='ocrx_word' id='word_1_294' title='bbox 2654 2533 2908 2608; x_wconf 84' lang='lat' dir='ltr'>exhibet,</span> 
     </span>
     <span class='ocr_line' id='line_1_28' title="bbox 497 2614 2909 2691; baseline 0 -18"><span class='ocrx_word' id='word_1_295' title='bbox 497 2614 600 2673; x_wconf 89' lang='lat' dir='ltr'>sed</span> <span class='ocrx_word' id='word_1_296' title='bbox 630 2624 688 2673; x_wconf 89' lang='lat' dir='ltr'>et</span> <span class='ocrx_word' id='word_1_297' title='bbox 714 2622 948 2691; x_wconf 88' lang='lat' dir='ltr'>propter</span> <span class='ocrx_word' id='word_1_298' title='bbox 975 2615 1393 2690; x_wconf 86' lang='lat' dir='ltr'>excellentiam,</span> <span class='ocrx_word' id='word_1_299' title='bbox 1438 2634 1554 2691; x_wconf 88' lang='lat' dir='ltr'>qua</span> <span class='ocrx_word' id='word_1_300' title='bbox 1594 2615 1778 2691; x_wconf 87' lang='lat' dir='ltr'>major</span> <span class='ocrx_word' id='word_1_301' title='bbox 1818 2614 1942 2671; x_wconf 90' lang='lat' dir='ltr'>dari</span> <span class='ocrx_word' id='word_1_302' title='bbox 1984 2633 2100 2671; x_wconf 90' lang='lat' dir='ltr'>non</span> <span class='ocrx_word' id='word_1_303' title='bbox 2142 2623 2349 2691; x_wconf 86' lang='lat' dir='ltr'>potest.</span> <span class='ocrx_word' id='word_1_304' title='bbox 2436 2615 2726 2690; x_wconf 76' lang='lat' dir='ltr'>Respecto</span> <span class='ocrx_word' id='word_1_305' title='bbox 2768 2634 2909 2673; x_wconf 87' lang='lat' dir='ltr'>vero</span> 
     </span>
     <span class='ocr_line' id='line_1_29' title="bbox 495 2692 2911 2771; baseline 0.001 -21"><span class='ocrx_word' id='word_1_306' title='bbox 495 2693 762 2771; x_wconf 84' lang='lat' dir='ltr'>proximi,</span> <span class='ocrx_word' id='word_1_307' title='bbox 794 2694 952 2752; x_wconf 89' lang='lat' dir='ltr'>illius</span> <span class='ocrx_word' id='word_1_308' title='bbox 994 2713 1154 2751; x_wconf 86' lang='lat' dir='ltr'>amor</span> <span class='ocrx_word' id='word_1_309' title='bbox 1180 2695 1401 2752; x_wconf 87' lang='lat' dir='ltr'>nullum</span> <span class='ocrx_word' id='word_1_310' title='bbox 1443 2700 1635 2770; x_wconf 89' lang='lat' dir='ltr'>potest</span> <span class='ocrx_word' id='word_1_311' title='bbox 1662 2692 1915 2769; x_wconf 88' lang='lat' dir='ltr'>recipere</span> <span class='ocrx_word' id='word_1_312' title='bbox 1943 2692 2204 2767; x_wconf 88' lang='lat' dir='ltr'>gradum,</span> <span class='ocrx_word' id='word_1_313' title='bbox 2249 2693 2386 2767; x_wconf 89' lang='lat' dir='ltr'>quia</span> <span class='ocrx_word' id='word_1_314' title='bbox 2423 2693 2698 2769; x_wconf 86' lang='lat' dir='ltr'>jubemur</span> <span class='ocrx_word' id='word_1_315' title='bbox 2745 2695 2911 2752; x_wconf 90' lang='lat' dir='ltr'>illum</span> 
     </span>
     <span class='ocr_line' id='line_1_30' title="bbox 497 2771 2909 2852; baseline 0.001 -21"><span class='ocrx_word' id='word_1_316' title='bbox 497 2773 739 2849; x_wconf 85' lang='lat' dir='ltr'>diligere</span> <span class='ocrx_word' id='word_1_317' title='bbox 769 2772 918 2832; x_wconf 75' lang='lat' dir='ltr'>sicut</span> <span class='ocrx_word' id='word_1_318' title='bbox 945 2793 1055 2838; x_wconf 89' lang='lat' dir='ltr'>nos</span> <span class='ocrx_word' id='word_1_319' title='bbox 1079 2775 1253 2851; x_wconf 84' lang='lat' dir='ltr'>ipsos.</span> <span class='ocrx_word' id='word_1_320' title='bbox 1340 2774 1462 2831; x_wconf 91' lang='lat' dir='ltr'>Nec</span> <span class='ocrx_word' id='word_1_321' title='bbox 1490 2772 1647 2849; x_wconf 91' lang='lat' dir='ltr'>quod</span> <span class='ocrx_word' id='word_1_322' title='bbox 1678 2771 2063 2848; x_wconf 87' lang='lat' dir='ltr'>Evangelium</span> <span class='ocrx_word' id='word_1_323' title='bbox 2085 2771 2270 2846; x_wconf 85' lang='lat' dir='ltr'>jubet,</span> <span class='ocrx_word' id='word_1_324' title='bbox 2303 2779 2368 2830; x_wconf 88' lang='lat' dir='ltr'>ut</span> <span class='ocrx_word' id='word_1_325' title='bbox 2395 2772 2576 2829; x_wconf 87' lang='lat' dir='ltr'>vitam</span> <span class='ocrx_word' id='word_1_326' title='bbox 2604 2774 2778 2831; x_wconf 86' lang='lat' dir='ltr'>etiam</span> <span class='ocrx_word' id='word_1_327' title='bbox 2807 2795 2909 2852; x_wconf 90' lang='lat' dir='ltr'>po·</span> 
     </span>
     <span class='ocr_line' id='line_1_31' title="bbox 496 2850 2908 2930; baseline 0 -20"><span class='ocrx_word' id='word_1_328' title='bbox 496 2868 703 2911; x_wconf 82' lang='lat' dir='ltr'>namus</span> <span class='ocrx_word' id='word_1_329' title='bbox 732 2872 835 2930; x_wconf 92' lang='lat' dir='ltr'>pro</span> <span class='ocrx_word' id='word_1_330' title='bbox 864 2850 1155 2927; x_wconf 69' lang='lat' dir='ltr'>fratribus,</span> <span class='ocrx_word' id='word_1_331' title='bbox 1204 2857 1232 2911; x_wconf 86' lang='grc'>1</span> <span class='ocrx_word' id='word_1_332' title='bbox 1266 2853 1483 2912; x_wconf 79' lang='lat' dir='ltr'>Johan.</span> <span class='ocrx_word' id='word_1_333' title='bbox 1514 2852 1596 2909; x_wconf 84' lang='lat' dir='ltr'>iii.</span> <span class='ocrx_word' id='word_1_334' title='bbox 1633 2855 1724 2924; x_wconf 83' lang='lat'>16,</span> <span class='ocrx_word' id='word_1_335' title='bbox 1769 2851 1986 2909; x_wconf 81' lang='lat' dir='ltr'>evincit</span> <span class='ocrx_word' id='word_1_336' title='bbox 2024 2870 2133 2908; x_wconf 88' lang='lat' dir='ltr'>nos</span> <span class='ocrx_word' id='word_1_337' title='bbox 2175 2850 2384 2908; x_wconf 90' lang='lat' dir='ltr'>debere</span> <span class='ocrx_word' id='word_1_338' title='bbox 2426 2850 2668 2926; x_wconf 89' lang='lat' dir='ltr'>diligere</span> <span class='ocrx_word' id='word_1_339' title='bbox 2710 2855 2908 2928; x_wconf 85' lang='lat' dir='ltr'>proxi-</span> 
     </span>
     <span class='ocr_line' id='line_1_32' title="bbox 494 2929 2906 3010; baseline 0 -20"><span class='ocrx_word' id='word_1_340' title='bbox 494 2952 653 2991; x_wconf 87' lang='lat' dir='ltr'>mum</span> <span class='ocrx_word' id='word_1_341' title='bbox 680 2933 812 3009; x_wconf 90' lang='lat' dir='ltr'>plus</span> <span class='ocrx_word' id='word_1_342' title='bbox 840 2953 1011 3010; x_wconf 89' lang='lat' dir='ltr'>quam</span> <span class='ocrx_word' id='word_1_343' title='bbox 1040 2953 1145 2990; x_wconf 89' lang='lat' dir='ltr'>nos</span> <span class='ocrx_word' id='word_1_344' title='bbox 1175 2933 1347 3008; x_wconf 87' lang='lat' dir='ltr'>ipsos,</span> <span class='ocrx_word' id='word_1_345' title='bbox 1378 2941 1444 2990; x_wconf 89' lang='lat' dir='ltr'>ut</span> <span class='ocrx_word' id='word_1_346' title='bbox 1473 2931 1772 2990; x_wconf 87' lang='lat' dir='ltr'>charitatis</span> <span class='ocrx_word' id='word_1_347' title='bbox 1802 2930 2141 2989; x_wconf 60' lang='lat' dir='ltr'>Christianae</span> <span class='ocrx_word' id='word_1_348' title='bbox 2168 2929 2376 2988; x_wconf 88' lang='lat' dir='ltr'>modus</span> <span class='ocrx_word' id='word_1_349' title='bbox 2404 2930 2588 3006; x_wconf 84' lang='lat' dir='ltr'>major</span> <span class='ocrx_word' id='word_1_350' title='bbox 2613 2931 2692 2989; x_wconf 87' lang='lat' dir='ltr'>sit</span> <span class='ocrx_word' id='word_1_351' title='bbox 2719 2932 2906 2990; x_wconf 87' lang='lat' dir='ltr'>chari-</span> 
     </span>
     <span class='ocr_line' id='line_1_33' title="bbox 495 3009 2910 3088; baseline 0 -17"><span class='ocrx_word' id='word_1_352' title='bbox 495 3021 615 3071; x_wconf 90' lang='lat' dir='ltr'>tate</span> <span class='ocrx_word' id='word_1_353' title='bbox 648 3012 868 3088; x_wconf 86' lang='lat' dir='ltr'>Legali.</span> <span class='ocrx_word' id='word_1_354' title='bbox 955 3017 1007 3071; x_wconf 92' lang='lat'>1.</span> <span class='ocrx_word' id='word_1_355' title='bbox 1054 3013 1201 3087; x_wconf 88' lang='lat' dir='ltr'>Quia</span> <span class='ocrx_word' id='word_1_356' title='bbox 1230 3011 1561 3070; x_wconf 87' lang='lat' dir='ltr'>mandatum</span> <span class='ocrx_word' id='word_1_357' title='bbox 1591 3012 1664 3069; x_wconf 90' lang='lat' dir='ltr'>de</span> <span class='ocrx_word' id='word_1_358' title='bbox 1692 3009 1958 3088; x_wconf 88' lang='lat' dir='ltr'>ponenda</span> <span class='ocrx_word' id='word_1_359' title='bbox 1984 3010 2108 3068; x_wconf 88' lang='lat' dir='ltr'>vita</span> <span class='ocrx_word' id='word_1_360' title='bbox 2133 3030 2237 3087; x_wconf 91' lang='lat' dir='ltr'>pro</span> <span class='ocrx_word' id='word_1_361' title='bbox 2265 3009 2456 3085; x_wconf 87' lang='lat' dir='ltr'>fratre,</span> <span class='ocrx_word' id='word_1_362' title='bbox 2499 3027 2617 3067; x_wconf 89' lang='lat' dir='ltr'>non</span> <span class='ocrx_word' id='word_1_363' title='bbox 2644 3011 2910 3087; x_wconf 83' lang='lat' dir='ltr'>ignotum</span> 
     </span>
     <span class='ocr_line' id='line_1_34' title="bbox 494 3089 2911 3170; baseline 0 -20"><span class='ocrx_word' id='word_1_364' title='bbox 494 3093 605 3151; x_wconf 72' lang='lat' dir='ltr'>fuit</span> <span class='ocrx_word' id='word_1_365' title='bbox 633 3093 740 3150; x_wconf 82' lang='lat' dir='ltr'>sub</span> <span class='ocrx_word' id='word_1_366' title='bbox 766 3093 838 3150; x_wconf 89' lang='lat' dir='ltr'>V.</span> <span class='ocrx_word' id='word_1_367' title='bbox 863 3092 949 3166; x_wconf 83' lang='lat' dir='ltr'>T-.‚</span> <span class='ocrx_word' id='word_1_368' title='bbox 981 3102 1047 3151; x_wconf 88' lang='lat' dir='ltr'>ut</span> <span class='ocrx_word' id='word_1_369' title='bbox 1087 3100 1244 3170; x_wconf 88' lang='lat' dir='ltr'>patet</span> <span class='ocrx_word' id='word_1_370' title='bbox 1285 3091 1551 3169; x_wconf 90' lang='lat' dir='ltr'>exemplo</span> <span class='ocrx_word' id='word_1_371' title='bbox 1596 3092 1799 3167; x_wconf 88' lang='lat' dir='ltr'>Mosis,</span> <span class='ocrx_word' id='word_1_372' title='bbox 1841 3089 1988 3149; x_wconf 88' lang='lat' dir='ltr'>mori</span> <span class='ocrx_word' id='word_1_373' title='bbox 2030 3090 2282 3167; x_wconf 86' lang='lat' dir='ltr'>optantis</span> <span class='ocrx_word' id='word_1_374' title='bbox 2309 3110 2412 3167; x_wconf 87' lang='lat' dir='ltr'>pro</span> <span class='ocrx_word' id='word_1_375' title='bbox 2440 3091 2671 3167; x_wconf 83' lang='lat' dir='ltr'>popu10‚</span> <span class='ocrx_word' id='word_1_376' title='bbox 2703 3100 2761 3149; x_wconf 88' lang='lat' dir='ltr'>et</span> <span class='ocrx_word' id='word_1_377' title='bbox 2793 3092 2911 3151; x_wconf 83' lang='lat' dir='ltr'>Da·</span> 
     </span>
     <span class='ocr_line' id='line_1_35' title="bbox 496 3170 2910 3249; baseline 0.001 -20"><span class='ocrx_word' id='word_1_378' title='bbox 496 3172 649 3230; x_wconf 88' lang='lat' dir='ltr'>vidis</span> <span class='ocrx_word' id='word_1_379' title='bbox 678 3189 781 3249; x_wconf 90' lang='lat' dir='ltr'>pro</span> <span class='ocrx_word' id='word_1_380' title='bbox 811 3173 1147 3246; x_wconf 81' lang='lat' dir='ltr'>AbsalomO,</span> <span class='ocrx_word' id='word_1_381' title='bbox 1179 3177 1215 3231; x_wconf 88' lang='grc'>2</span> <span class='ocrx_word' id='word_1_382' title='bbox 1251 3173 1405 3231; x_wconf 87' lang='lat' dir='ltr'>Sam.</span> <span class='ocrx_word' id='word_1_383' title='bbox 1435 3172 1620 3246; x_wconf 64' lang='lat' dir='ltr'>xviii„</span> <span class='ocrx_word' id='word_1_384' title='bbox 1651 3173 1826 3231; x_wconf 88' lang='lat' dir='ltr'>trium</span> <span class='ocrx_word' id='word_1_385' title='bbox 1854 3173 2091 3230; x_wconf 88' lang='lat' dir='ltr'>heroum</span> <span class='ocrx_word' id='word_1_386' title='bbox 2123 3191 2223 3248; x_wconf 86' lang='lat' dir='ltr'>pro</span> <span class='ocrx_word' id='word_1_387' title='bbox 2254 3170 2482 3228; x_wconf 87' lang='lat' dir='ltr'>Davide</span> <span class='ocrx_word' id='word_1_388' title='bbox 2509 3171 2654 3228; x_wconf 89' lang='lat' dir='ltr'>mori</span> <span class='ocrx_word' id='word_1_389' title='bbox 2682 3182 2910 3248; x_wconf 85' lang='lat' dir='ltr'>parato·</span> 
     </span>
     <span class='ocr_line' id='line_1_36' title="bbox 495 3245 2907 3329; baseline -0 -19"><span class='ocrx_word' id='word_1_390' title='bbox 495 3272 640 3327; x_wconf 89' lang='lat' dir='ltr'>rum,</span> <span class='ocrx_word' id='word_1_391' title='bbox 666 3253 805 3312; x_wconf 89' lang='lat' dir='ltr'>ibid.</span> <span class='ocrx_word' id='word_1_392' title='bbox 830 3274 879 3312; x_wconf 92' lang='lat' dir='ltr'>c.</span> <span class='ocrx_word' id='word_1_393' title='bbox 898 3245 1095 3325; x_wconf 75' lang='lat' dir='ltr'>xxiii.;</span> <span class='ocrx_word' id='word_1_394' title='bbox 1129 3253 1250 3311; x_wconf 89' lang='lat' dir='ltr'>Nec</span> <span class='ocrx_word' id='word_1_395' title='bbox 1280 3253 1419 3329; x_wconf 87' lang='lat' dir='ltr'>ipsis</span> <span class='ocrx_word' id='word_1_396' title='bbox 1448 3253 1622 3310; x_wconf 88' lang='lat' dir='ltr'>etiam</span> <span class='ocrx_word' id='word_1_397' title='bbox 1643 3251 2054 3328; x_wconf 87' lang='lat' dir='ltr'>Ethnicis,quo</span> <span class='ocrx_word' id='word_1_398' title='bbox 2083 3251 2370 3327; x_wconf 85' lang='lat' dir='ltr'>pertinent</span> <span class='ocrx_word' id='word_1_399' title='bbox 2397 3251 2665 3328; x_wconf 85' lang='lat' dir='ltr'>exempla</span> <span class='ocrx_word' id='word_1_400' title='bbox 2692 3270 2907 3326; x_wconf 77' lang='lat' dir='ltr'>eorum,</span> 
     </span>
     <span class='ocr_line' id='line_1_37' title="bbox 495 3330 2908 3408; baseline 0 -19"><span class='ocrx_word' id='word_1_401' title='bbox 495 3334 594 3408; x_wconf 86' lang='lat' dir='ltr'>qui</span> <span class='ocrx_word' id='word_1_402' title='bbox 624 3353 728 3408; x_wconf 85' lang='lat' dir='ltr'>pro</span> <span class='ocrx_word' id='word_1_403' title='bbox 755 3333 942 3408; x_wconf 86' lang='lat' dir='ltr'>patria</span> <span class='ocrx_word' id='word_1_404' title='bbox 969 3351 1030 3388; x_wconf 90' lang='lat' dir='ltr'>se</span> <span class='ocrx_word' id='word_1_405' title='bbox 1058 3331 1441 3404; x_wconf 70' lang='lat' dir='ltr'>devovebant,</span> <span class='ocrx_word' id='word_1_406' title='bbox 1482 3340 1547 3388; x_wconf 87' lang='lat' dir='ltr'>et</span> <span class='ocrx_word' id='word_1_407' title='bbox 1585 3332 1899 3389; x_wconf 81' lang='lat' dir='ltr'>amicorum</span> <span class='ocrx_word' id='word_1_408' title='bbox 1928 3331 2028 3406; x_wconf 89' lang='lat' dir='ltr'>qui</span> <span class='ocrx_word' id='word_1_409' title='bbox 2057 3350 2160 3405; x_wconf 91' lang='lat' dir='ltr'>pro</span> <span class='ocrx_word' id='word_1_410' title='bbox 2189 3330 2388 3388; x_wconf 87' lang='lat' dir='ltr'>amicis</span> <span class='ocrx_word' id='word_1_411' title='bbox 2417 3330 2575 3388; x_wconf 90' lang='lat' dir='ltr'>obire</span> <span class='ocrx_word' id='word_1_412' title='bbox 2604 3350 2719 3388; x_wconf 89' lang='lat' dir='ltr'>non</span> <span class='ocrx_word' id='word_1_413' title='bbox 2747 3351 2908 3389; x_wconf 90' lang='lat' dir='ltr'>recu-</span> 
     </span>
     <span class='ocr_line' id='line_1_38' title="bbox 497 3409 2874 3486; baseline -0.002 -16"><span class='ocrx_word' id='word_1_414' title='bbox 497 3411 718 3483; x_wconf 84' lang='lat' dir='ltr'>sabant,</span> <span class='ocrx_word' id='word_1_415' title='bbox 749 3410 950 3485; x_wconf 87' lang='lat' dir='ltr'>quales</span> <span class='ocrx_word' id='word_1_416' title='bbox 1001 3409 1228 3465; x_wconf 88' lang='lat' dir='ltr'>Damon</span> <span class='ocrx_word' id='word_1_417' title='bbox 1270 3418 1329 3467; x_wconf 88' lang='lat' dir='ltr'>et</span> <span class='ocrx_word' id='word_1_418' title='bbox 1373 3409 1632 3483; x_wconf 76' lang='lat' dir='ltr'>Pythiae,</span> <span class='ocrx_word' id='word_1_419' title='bbox 1681 3409 1932 3483; x_wconf 74' lang='lat' dir='ltr'>Pylades</span> <span class='ocrx_word' id='word_1_420' title='bbox 1971 3418 2035 3465; x_wconf 90' lang='lat' dir='ltr'>et</span> <span class='ocrx_word' id='word_1_421' title='bbox 2063 3410 2311 3482; x_wconf 87' lang='lat' dir='ltr'>Orestes,</span> <span class='ocrx_word' id='word_1_422' title='bbox 2357 3409 2513 3483; x_wconf 91' lang='lat' dir='ltr'>quod</span> <span class='ocrx_word' id='word_1_423' title='bbox 2545 3409 2759 3468; x_wconf 86' lang='lat' dir='ltr'>Paulus</span> <span class='ocrx_word' id='word_1_424' title='bbox 2788 3410 2874 3486; x_wconf 74' lang='lat' dir='ltr'>ips</span> 
     </span>
     <span class='ocr_line' id='line_1_39' title="bbox 496 3430 2914 3564; baseline 0.001 -19"><span class='ocrx_word' id='word_1_425' title='bbox 496 3489 725 3558; x_wconf 85' lang='lat' dir='ltr'>fatetur,</span> <span class='ocrx_word' id='word_1_426' title='bbox 780 3488 947 3543; x_wconf 88' lang='lat' dir='ltr'>Rom.</span> <span class='ocrx_word' id='word_1_427' title='bbox 987 3504 1044 3542; x_wconf 87' lang='lat' dir='ltr'>v.</span> <span class='ocrx_word' id='word_1_428' title='bbox 1086 3489 1140 3556; x_wconf 90' lang='grc'>6,</span> <span class='ocrx_word' id='word_1_429' title='bbox 1183 3490 1238 3542; x_wconf 85' lang='grc'>7.</span> <span class='ocrx_word' id='word_1_430' title='bbox 1333 3490 1389 3542; x_wconf 89' lang='grc'>2.</span> <span class='ocrx_word' id='word_1_431' title='bbox 1436 3486 1588 3542; x_wconf 84' lang='lat' dir='ltr'>Nota</span> <span class='ocrx_word' id='word_1_432' title='bbox 1636 3486 2078 3561; x_wconf 87' lang='lat' dir='ltr'>comparationis</span> <span class='ocrx_word' id='word_1_433' title='bbox 2124 3487 2266 3543; x_wconf 83' lang='lat' dir='ltr'>sicut</span> <span class='ocrx_word' id='word_1_434' title='bbox 2306 3507 2406 3544; x_wconf 88' lang='lat' dir='ltr'>nos</span> <span class='ocrx_word' id='word_1_435' title='bbox 2450 3489 2614 3564; x_wconf 81' lang='lat' dir='ltr'>ipsos,</span> <span class='ocrx_word' id='word_1_436' title='bbox 2662 3508 2778 3546; x_wconf 90' lang='lat' dir='ltr'>non</span> <span class='ocrx_word' id='word_1_437' title='bbox 2820 3430 2914 3549; x_wconf 51' lang='lat' dir='ltr'>eg</span> 
     </span>
     <span class='ocr_line' id='line_1_40' title="bbox 493 3560 2912 3656; baseline 0.002 -32"><span class='ocrx_word' id='word_1_438' title='bbox 493 3565 681 3624; x_wconf 84' lang='lat' dir='ltr'>intelli</span> <span class='ocrx_word' id='word_1_439' title='bbox 686 3564 877 3640; x_wconf 85' lang='lat' dir='ltr'>genda</span> <span class='ocrx_word' id='word_1_440' title='bbox 901 3567 1171 3636; x_wconf 68' lang='grc' dir='ltr'>κανονικῦς,</span> <span class='ocrx_word' id='word_1_441' title='bbox 1203 3563 1306 3621; x_wconf 89' lang='lat' dir='ltr'>sed</span> <span class='ocrx_word' id='word_1_442' title='bbox 1333 3560 1825 3656; x_wconf 64' lang='grc' dir='ltr'>τιςιδιιγμιιπκὸς,</span> <span class='ocrx_word' id='word_1_443' title='bbox 1857 3583 1962 3622; x_wconf 87' lang='lat' dir='ltr'>nec</span> <span class='ocrx_word' id='word_1_444' title='bbox 1980 3564 2217 3624; x_wconf 83' lang='lat' dir='ltr'>exhibet</span> <span class='ocrx_word' id='word_1_445' title='bbox 2239 3586 2555 3625; x_wconf 81' lang='lat' dir='ltr'>mensuram</span> <span class='ocrx_word' id='word_1_446' title='bbox 2577 3576 2636 3626; x_wconf 78' lang='lat' dir='ltr'>et</span> <span class='ocrx_word' id='word_1_447' title='bbox 2655 3572 2912 3644; x_wconf 59' lang='lat' dir='ltr'>regulam</span> 
     </span>
     <span class='ocr_line' id='line_1_41' title="bbox 495 3643 2911 3722; baseline 0.001 -19"><span class='ocrx_word' id='word_1_448' title='bbox 495 3643 813 3703; x_wconf 84' lang='lat' dir='ltr'>secundum</span> <span class='ocrx_word' id='word_1_449' title='bbox 842 3663 1015 3719; x_wconf 85' lang='lat' dir='ltr'>quam</span> <span class='ocrx_word' id='word_1_450' title='bbox 1057 3643 1333 3702; x_wconf 88' lang='lat' dir='ltr'>debemus</span> <span class='ocrx_word' id='word_1_451' title='bbox 1375 3644 1617 3718; x_wconf 74' lang='lat' dir='ltr'>dxligere</span> <span class='ocrx_word' id='word_1_452' title='bbox 1658 3644 2002 3720; x_wconf 81' lang='lat' dir='ltr'>proximum,</span> <span class='ocrx_word' id='word_1_453' title='bbox 2048 3644 2154 3702; x_wconf 87' lang='lat' dir='ltr'>sed</span> <span class='ocrx_word' id='word_1_454' title='bbox 2204 3652 2427 3703; x_wconf 85' lang='lat' dir='ltr'>tantum</span> <span class='ocrx_word' id='word_1_455' title='bbox 2472 3651 2802 3722; x_wconf 76' lang='lat' dir='ltr'>exemplum,</span> <span class='ocrx_word' id='word_1_456' title='bbox 2850 3657 2911 3707; x_wconf 88' lang='lat' dir='ltr'>et</span> 
     </span>
     <span class='ocr_line' id='line_1_42' title="bbox 496 3721 2912 3804; baseline 0.002 -23"><span class='ocrx_word' id='word_1_457' title='bbox 496 3723 612 3781; x_wconf 70' lang='lat' dir='ltr'>tale</span> <span class='ocrx_word' id='word_1_458' title='bbox 641 3721 873 3799; x_wconf 76' lang='lat' dir='ltr'>quidem</span> <span class='ocrx_word' id='word_1_459' title='bbox 903 3743 1018 3799; x_wconf 92' lang='lat' dir='ltr'>quo</span> <span class='ocrx_word' id='word_1_460' title='bbox 1048 3721 1329 3781; x_wconf 87' lang='lat' dir='ltr'>intensius</span> <span class='ocrx_word' id='word_1_461' title='bbox 1357 3722 1737 3781; x_wconf 89' lang='lat' dir='ltr'>communiter</span> <span class='ocrx_word' id='word_1_462' title='bbox 1761 3742 1879 3780; x_wconf 91' lang='lat' dir='ltr'>non</span> <span class='ocrx_word' id='word_1_463' title='bbox 1907 3722 2091 3796; x_wconf 82' lang='lat' dir='ltr'>datur,</span> <span class='ocrx_word' id='word_1_464' title='bbox 2119 3724 2259 3800; x_wconf 82' lang='lat' dir='ltr'>quia</span> <span class='ocrx_word' id='word_1_465' title='bbox 2285 3734 2491 3783; x_wconf 83' lang='lat' dir='ltr'>natura</span> <span class='ocrx_word' id='word_1_466' title='bbox 2518 3726 2592 3783; x_wconf 86' lang='lat' dir='ltr'>ad</span> <span class='ocrx_word' id='word_1_467' title='bbox 2619 3746 2726 3785; x_wconf 89' lang='lat' dir='ltr'>nos</span> <span class='ocrx_word' id='word_1_468' title='bbox 2754 3728 2912 3804; x_wconf 91' lang='lat' dir='ltr'>ipsos</span> 
     </span>
     <span class='ocr_line' id='line_1_43' title="bbox 492 3801 2910 3880; baseline 0.002 -20"><span class='ocrx_word' id='word_1_469' title='bbox 492 3801 827 3880; x_wconf 86' lang='lat' dir='ltr'>diligendos</span> <span class='ocrx_word' id='word_1_470' title='bbox 856 3821 1053 3860; x_wconf 89' lang='lat' dir='ltr'>sumus</span> <span class='ocrx_word' id='word_1_471' title='bbox 1093 3801 1276 3879; x_wconf 88' lang='lat' dir='ltr'>proni,</span> <span class='ocrx_word' id='word_1_472' title='bbox 1324 3802 1473 3879; x_wconf 91' lang='lat' dir='ltr'>Eph.</span> <span class='ocrx_word' id='word_1_473' title='bbox 1505 3822 1561 3860; x_wconf 89' lang='lat' dir='ltr'>v.</span> <span class='ocrx_word' id='word_1_474' title='bbox 1595 3804 1693 3861; x_wconf 82' lang='lat'>29.</span> <span class='ocrx_word' id='word_1_475' title='bbox 1780 3803 1874 3860; x_wconf 87' lang='lat' dir='ltr'>Ita</span> <span class='ocrx_word' id='word_1_476' title='bbox 1900 3802 1999 3878; x_wconf 88' lang='lat' dir='ltr'>qui</span> <span class='ocrx_word' id='word_1_477' title='bbox 2028 3803 2208 3861; x_wconf 86' lang='lat' dir='ltr'>vitam</span> <span class='ocrx_word' id='word_1_478' title='bbox 2237 3805 2400 3880; x_wconf 88' lang='lat' dir='ltr'>ponit</span> <span class='ocrx_word' id='word_1_479' title='bbox 2426 3825 2530 3880; x_wconf 86' lang='lat' dir='ltr'>pro</span> <span class='ocrx_word' id='word_1_480' title='bbox 2558 3804 2748 3879; x_wconf 86' lang='lat' dir='ltr'>fratre,</span> <span class='ocrx_word' id='word_1_481' title='bbox 2793 3827 2910 3865; x_wconf 86' lang='lat' dir='ltr'>non</span> 
     </span>
     <span class='ocr_line' id='line_1_44' title="bbox 497 3881 2914 3961; baseline 0.001 -19"><span class='ocrx_word' id='word_1_482' title='bbox 497 3883 631 3960; x_wconf 81' lang='lat' dir='ltr'>plus</span> <span class='ocrx_word' id='word_1_483' title='bbox 659 3882 852 3959; x_wconf 85' lang='lat' dir='ltr'>diligit</span> <span class='ocrx_word' id='word_1_484' title='bbox 878 3882 1110 3940; x_wconf 80' lang='lat' dir='ltr'>fratrem</span> <span class='ocrx_word' id='word_1_485' title='bbox 1128 3902 1311 3958; x_wconf 73' lang='lat' dir='ltr'>quam</span> <span class='ocrx_word' id='word_1_486' title='bbox 1354 3902 1434 3956; x_wconf 87' lang='lat' dir='ltr'>se,</span> <span class='ocrx_word' id='word_1_487' title='bbox 1479 3881 1582 3940; x_wconf 90' lang='lat' dir='ltr'>sed</span> <span class='ocrx_word' id='word_1_488' title='bbox 1626 3882 1774 3941; x_wconf 84' lang='lat' dir='ltr'>sicut</span> <span class='ocrx_word' id='word_1_489' title='bbox 1816 3902 1894 3956; x_wconf 90' lang='lat' dir='ltr'>se,</span> <span class='ocrx_word' id='word_1_490' title='bbox 1940 3882 2077 3958; x_wconf 87' lang='lat' dir='ltr'>quia</span> <span class='ocrx_word' id='word_1_491' title='bbox 2117 3883 2178 3940; x_wconf 90' lang='lat' dir='ltr'>id</span> <span class='ocrx_word' id='word_1_492' title='bbox 2218 3882 2355 3941; x_wconf 84' lang='lat' dir='ltr'>facit</span> <span class='ocrx_word' id='word_1_493' title='bbox 2395 3884 2551 3961; x_wconf 88' lang='lat' dir='ltr'>quod</span> <span class='ocrx_word' id='word_1_494' title='bbox 2594 3885 2704 3942; x_wconf 93' lang='lat' dir='ltr'>sibi</span> <span class='ocrx_word' id='word_1_495' title='bbox 2733 3886 2914 3945; x_wconf 78' lang='lat' dir='ltr'>vel-let</span> 
     </span>
     <span class='ocr_line' id='line_1_45' title="bbox 495 3961 2916 4042; baseline 0.001 -21"><span class='ocrx_word' id='word_1_496' title='bbox 495 3962 711 4021; x_wconf 79' lang='lat' dir='ltr'>fieriin</span> <span class='ocrx_word' id='word_1_497' title='bbox 741 3961 913 4020; x_wconf 82' lang='lat' dir='ltr'>simili</span> <span class='ocrx_word' id='word_1_498' title='bbox 942 3981 1097 4020; x_wconf 88' lang='lat' dir='ltr'>casu.</span> <span class='ocrx_word' id='word_1_499' title='bbox 1180 3965 1236 4020; x_wconf 77' lang='lat'>3.</span> <span class='ocrx_word' id='word_1_500' title='bbox 1282 3961 1396 4035; x_wconf 77' lang='lat' dir='ltr'>Qui</span> <span class='ocrx_word' id='word_1_501' title='bbox 1435 3961 1617 4020; x_wconf 86' lang='lat' dir='ltr'>vitam</span> <span class='ocrx_word' id='word_1_502' title='bbox 1659 3961 1827 4038; x_wconf 84' lang='lat' dir='ltr'>&#39;ponit</span> <span class='ocrx_word' id='word_1_503' title='bbox 1867 3981 1971 4038; x_wconf 89' lang='lat' dir='ltr'>pro</span> <span class='ocrx_word' id='word_1_504' title='bbox 2014 3961 2186 4020; x_wconf 83' lang='lat' dir='ltr'>fratre</span> <span class='ocrx_word' id='word_1_505' title='bbox 2228 3963 2418 4021; x_wconf 85' lang='lat' dir='ltr'>minus</span> <span class='ocrx_word' id='word_1_506' title='bbox 2451 3964 2691 4039; x_wconf 84' lang='lat' dir='ltr'>quidem</span> <span class='ocrx_word' id='word_1_507' title='bbox 2720 3964 2916 4042; x_wconf 88' lang='lat' dir='ltr'>diligit</span> 
     </span>
     <span class='ocr_line' id='line_1_46' title="bbox 501 4040 2914 4120; baseline 0 -18"><span class='ocrx_word' id='word_1_508' title='bbox 501 4044 680 4102; x_wconf 79' lang='lat' dir='ltr'>vitam</span> <span class='ocrx_word' id='word_1_509' title='bbox 728 4042 1015 4120; x_wconf 88' lang='lat' dir='ltr'>propriam</span> <span class='ocrx_word' id='word_1_510' title='bbox 1045 4061 1216 4117; x_wconf 85' lang='lat' dir='ltr'>quam</span> <span class='ocrx_word' id='word_1_511' title='bbox 1247 4041 1489 4100; x_wconf 87' lang='lat' dir='ltr'>salutem</span> <span class='ocrx_word' id='word_1_512' title='bbox 1518 4042 1797 4117; x_wconf 78' lang='lat' dir='ltr'>alienam3</span> <span class='ocrx_word' id='word_1_513' title='bbox 1830 4041 1933 4100; x_wconf 91' lang='lat' dir='ltr'>sed</span> <span class='ocrx_word' id='word_1_514' title='bbox 1955 4040 2016 4098; x_wconf 91' lang='lat' dir='ltr'>id</span> <span class='ocrx_word' id='word_1_515' title='bbox 2043 4040 2196 4115; x_wconf 87' lang='lat' dir='ltr'>facit,</span> <span class='ocrx_word' id='word_1_516' title='bbox 2222 4049 2344 4100; x_wconf 89' lang='lat' dir='ltr'>tum</span> <span class='ocrx_word' id='word_1_517' title='bbox 2373 4043 2510 4118; x_wconf 86' lang='lat' dir='ltr'>quia</span> <span class='ocrx_word' id='word_1_518' title='bbox 2537 4043 2694 4101; x_wconf 87' lang='lat' dir='ltr'>salus</span> <span class='ocrx_word' id='word_1_519' title='bbox 2722 4045 2914 4103; x_wconf 84' lang='lat' dir='ltr'>aliena</span> 
     </span>
     <span class='ocr_line' id='line_1_47' title="bbox 493 4120 2911 4200; baseline 0.001 -19"><span class='ocrx_word' id='word_1_520' title='bbox 493 4132 590 4181; x_wconf 79' lang='lat' dir='ltr'>est</span> <span class='ocrx_word' id='word_1_521' title='bbox 616 4121 920 4199; x_wconf 87' lang='lat' dir='ltr'>pretiosior</span> <span class='ocrx_word' id='word_1_522' title='bbox 957 4120 1137 4196; x_wconf 80' lang='lat' dir='ltr'>longe</span> <span class='ocrx_word' id='word_1_523' title='bbox 1165 4121 1289 4179; x_wconf 87' lang='lat' dir='ltr'>vita</span> <span class='ocrx_word' id='word_1_524' title='bbox 1313 4121 1634 4198; x_wconf 79' lang='lat' dir='ltr'>temporali,</span> <span class='ocrx_word' id='word_1_525' title='bbox 1664 4129 1786 4179; x_wconf 86' lang='lat' dir='ltr'>tum</span> <span class='ocrx_word' id='word_1_526' title='bbox 1836 4120 2123 4197; x_wconf 87' lang='lat' dir='ltr'>praecipue</span> <span class='ocrx_word' id='word_1_527' title='bbox 2167 4121 2303 4197; x_wconf 89' lang='lat' dir='ltr'>quia</span> <span class='ocrx_word' id='word_1_528' title='bbox 2344 4121 2405 4179; x_wconf 92' lang='lat' dir='ltr'>in</span> <span class='ocrx_word' id='word_1_529' title='bbox 2449 4141 2518 4180; x_wconf 93' lang='lat' dir='ltr'>eo</span> <span class='ocrx_word' id='word_1_530' title='bbox 2564 4122 2674 4180; x_wconf 90' lang='lat' dir='ltr'>Dei</span> <span class='ocrx_word' id='word_1_531' title='bbox 2723 4123 2911 4200; x_wconf 88' lang='lat' dir='ltr'>gloria</span> 
     </span>
     <span class='ocr_line' id='line_1_48' title="bbox 501 4200 2909 4279; baseline 0.002 -21"><span class='ocrx_word' id='word_1_532' title='bbox 501 4204 761 4276; x_wconf 77' lang='lat' dir='ltr'>vertitur,</span> <span class='ocrx_word' id='word_1_533' title='bbox 795 4201 909 4258; x_wconf 90' lang='lat' dir='ltr'>imo</span> <span class='ocrx_word' id='word_1_534' title='bbox 938 4209 997 4259; x_wconf 91' lang='lat' dir='ltr'>et</span> <span class='ocrx_word' id='word_1_535' title='bbox 1018 4201 1174 4258; x_wconf 86' lang='lat' dir='ltr'>salus</span> <span class='ocrx_word' id='word_1_536' title='bbox 1192 4208 1389 4258; x_wconf 87' lang='lat' dir='ltr'>nostra</span> <span class='ocrx_word' id='word_1_537' title='bbox 1404 4220 1578 4277; x_wconf 89' lang='lat' dir='ltr'>quam</span> <span class='ocrx_word' id='word_1_538' title='bbox 1598 4200 1731 4276; x_wconf 84' lang='lat' dir='ltr'>plus</span> <span class='ocrx_word' id='word_1_539' title='bbox 1752 4200 1994 4277; x_wconf 88' lang='lat' dir='ltr'>diligere</span> <span class='ocrx_word' id='word_1_540' title='bbox 2016 4200 2293 4258; x_wconf 88' lang='lat' dir='ltr'>debemus</span> <span class='ocrx_word' id='word_1_541' title='bbox 2320 4200 2443 4258; x_wconf 83' lang='lat' dir='ltr'>vita</span> <span class='ocrx_word' id='word_1_542' title='bbox 2459 4201 2690 4278; x_wconf 89' lang='lat' dir='ltr'>propria</span> <span class='ocrx_word' id='word_1_543' title='bbox 2708 4224 2723 4279; x_wconf 73' lang='grc' dir='ltr'><strong><em>ς</em></strong></span> <span class='ocrx_word' id='word_1_544' title='bbox 2751 4203 2909 4263; x_wconf 83' lang='lat' dir='ltr'>unde</span> 
     </span>
     <span class='ocr_line' id='line_1_49' title="bbox 494 4275 2212 4356; baseline 0.001 -20"><span class='ocrx_word' id='word_1_545' title='bbox 494 4282 625 4338; x_wconf 67' lang='lat' dir='ltr'>vita</span> <span class='ocrx_word' id='word_1_546' title='bbox 645 4275 763 4339; x_wconf 79' lang='lat' dir='ltr'>ista</span> <span class='ocrx_word' id='word_1_547' title='bbox 789 4281 968 4338; x_wconf 81' lang='lat' dir='ltr'>libere</span> <span class='ocrx_word' id='word_1_548' title='bbox 996 4289 1084 4338; x_wconf 87' lang='lat' dir='ltr'>est</span> <span class='ocrx_word' id='word_1_549' title='bbox 1110 4279 1510 4356; x_wconf 83' lang='lat' dir='ltr'>profundenda</span> <span class='ocrx_word' id='word_1_550' title='bbox 1532 4288 1602 4338; x_wconf 89' lang='lat' dir='ltr'>ut</span> <span class='ocrx_word' id='word_1_551' title='bbox 1617 4279 1955 4338; x_wconf 58' lang='lat' dir='ltr'>*obtineatur</span> <span class='ocrx_word' id='word_1_552' title='bbox 1981 4288 2212 4338; x_wconf 65' lang='lat' dir='ltr'>aeterna.</span> 
     </span>
    </p>

    <p class='ocr_par' dir='ltr' id='par_1_6' title="bbox 502 4358 2908 4753">
     <span class='ocr_line' id='line_1_50' title="bbox 586 4358 2907 4436; baseline 0.001 -19"><span class='ocrx_word' id='word_1_553' title='bbox 586 4360 846 4418; x_wconf 85' lang='lat' dir='ltr'>XXIII.</span> <span class='ocrx_word' id='word_1_554' title='bbox 892 4360 1250 4436; x_wconf 71' lang='lat' dir='ltr'>Praeceptum</span> <span class='ocrx_word' id='word_1_555' title='bbox 1279 4359 1575 4418; x_wconf 77' lang='lat' dir='ltr'>charitatis</span> <span class='ocrx_word' id='word_1_556' title='bbox 1602 4379 1719 4417; x_wconf 88' lang='lat' dir='ltr'>non</span> <span class='ocrx_word' id='word_1_557' title='bbox 1748 4367 1991 4417; x_wconf 86' lang='lat' dir='ltr'>vocatur</span> <span class='ocrx_word' id='word_1_558' title='bbox 2015 4378 2214 4416; x_wconf 80' lang='lat' dir='ltr'>novum</span> <span class='ocrx_word' id='word_1_559' title='bbox 2255 4378 2288 4414; x_wconf 90' lang='lat' dir='ltr'>a</span> <span class='ocrx_word' id='word_1_560' title='bbox 2318 4358 2564 4423; x_wconf 77' lang='lat' dir='ltr'>Christo,</span> <span class='ocrx_word' id='word_1_561' title='bbox 2611 4359 2653 4418; x_wconf 88' lang='lat' dir='ltr'><strong>J</strong></span> <span class='ocrx_word' id='word_1_562' title='bbox 2658 4360 2751 4418; x_wconf 91' lang='lat' dir='ltr'>oh.</span> <span class='ocrx_word' id='word_1_563' title='bbox 2782 4362 2907 4420; x_wconf 86' lang='lat' dir='ltr'>xiii.</span> 
     </span>
     <span class='ocr_line' id='line_1_51' title="bbox 505 4436 2907 4513; baseline 0 -16"><span class='ocrx_word' id='word_1_564' title='bbox 505 4440 600 4511; x_wconf 80' lang='lat'>34,</span> <span class='ocrx_word' id='word_1_565' title='bbox 632 4446 691 4496; x_wconf 91' lang='lat' dir='ltr'>et</span> <span class='ocrx_word' id='word_1_566' title='bbox 718 4441 846 4497; x_wconf 75' lang='lat' dir='ltr'>Lex</span> <span class='ocrx_word' id='word_1_567' title='bbox 872 4440 1098 4513; x_wconf 80' lang='lat' dir='ltr'>Christi,</span> <span class='ocrx_word' id='word_1_568' title='bbox 1133 4439 1264 4498; x_wconf 67' lang='lat' dir='ltr'>Gafl.</span> <span class='ocrx_word' id='word_1_569' title='bbox 1294 4438 1373 4495; x_wconf 90' lang='lat' dir='ltr'>vi.</span> <span class='ocrx_word' id='word_1_570' title='bbox 1404 4443 1458 4509; x_wconf 89' lang='grc'>2,</span> <span class='ocrx_word' id='word_1_571' title='bbox 1490 4440 1736 4497; x_wconf 79' lang='lat' dir='ltr'>absolute</span> <span class='ocrx_word' id='word_1_572' title='bbox 1763 4448 1816 4495; x_wconf 79' lang='lat' dir='ltr'>et</span> <span class='ocrx_word' id='word_1_573' title='bbox 1839 4438 2072 4513; x_wconf 78' lang='lat' dir='ltr'>simplic.</span> <span class='ocrx_word' id='word_1_574' title='bbox 2112 4436 2304 4513; x_wconf 88' lang='lat' dir='ltr'>quoad</span> <span class='ocrx_word' id='word_1_575' title='bbox 2343 4439 2702 4496; x_wconf 78' lang='lat' dir='ltr'>substantiam</span> <span class='ocrx_word' id='word_1_576' title='bbox 2745 4459 2907 4498; x_wconf 86' lang='lat' dir='ltr'>man·</span> 
     </span>
     <span class='ocr_line' id='line_1_52' title="bbox 504 4516 2908 4594; baseline 0.002 -19"><span class='ocrx_word' id='word_1_577' title='bbox 504 4516 642 4586; x_wconf 87' lang='lat' dir='ltr'>dati,</span> <span class='ocrx_word' id='word_1_578' title='bbox 674 4537 803 4592; x_wconf 84' lang='lat' dir='ltr'>quae</span> <span class='ocrx_word' id='word_1_579' title='bbox 832 4519 1032 4576; x_wconf 75' lang='lat' dir='ltr'>eadem</span> <span class='ocrx_word' id='word_1_580' title='bbox 1060 4517 1364 4594; x_wconf 84' lang='lat' dir='ltr'>utrobique</span> <span class='ocrx_word' id='word_1_581' title='bbox 1393 4517 1519 4590; x_wconf 88' lang='lat' dir='ltr'>fuit,</span> <span class='ocrx_word' id='word_1_582' title='bbox 1551 4518 1655 4575; x_wconf 88' lang='lat' dir='ltr'>sed</span> <span class='ocrx_word' id='word_1_583' title='bbox 1680 4520 1979 4576; x_wconf 83' lang='lat' dir='ltr'>secundum</span> <span class='ocrx_word' id='word_1_584' title='bbox 2007 4517 2158 4592; x_wconf 81' lang='lat' dir='ltr'>quid,</span> <span class='ocrx_word' id='word_1_585' title='bbox 2210 4523 2270 4575; x_wconf 82' lang='lat' dir='ltr'>et</span> <span class='ocrx_word' id='word_1_586' title='bbox 2315 4526 2639 4591; x_wconf 78' lang='lat' dir='ltr'>comparate</span> <span class='ocrx_word' id='word_1_587' title='bbox 2687 4519 2908 4579; x_wconf 84' lang='lat' dir='ltr'>ratione</span> 
     </span>
     <span class='ocr_line' id='line_1_53' title="bbox 503 4595 2906 4673; baseline 0.001 -19"><span class='ocrx_word' id='word_1_588' title='bbox 503 4597 670 4668; x_wconf 80' lang='lat' dir='ltr'>modi,</span> <span class='ocrx_word' id='word_1_589' title='bbox 703 4596 840 4671; x_wconf 85' lang='lat' dir='ltr'>quia</span> <span class='ocrx_word' id='word_1_590' title='bbox 866 4607 1191 4656; x_wconf 75' lang='lat' dir='ltr'>renovatum</span> <span class='ocrx_word' id='word_1_591' title='bbox 1220 4605 1309 4656; x_wconf 82' lang='lat' dir='ltr'>est</span> <span class='ocrx_word' id='word_1_592' title='bbox 1336 4617 1370 4654; x_wconf 98' lang='lat' dir='ltr'>a</span> <span class='ocrx_word' id='word_1_593' title='bbox 1400 4597 1631 4655; x_wconf 83' lang='lat' dir='ltr'>Christo</span> <span class='ocrx_word' id='word_1_594' title='bbox 1660 4605 1718 4655; x_wconf 88' lang='lat' dir='ltr'>et</span> <span class='ocrx_word' id='word_1_595' title='bbox 1748 4596 1989 4673; x_wconf 88' lang='lat' dir='ltr'>pristino</span> <span class='ocrx_word' id='word_1_596' title='bbox 2019 4615 2124 4654; x_wconf 90' lang='lat' dir='ltr'>suo</span> <span class='ocrx_word' id='word_1_597' title='bbox 2165 4595 2338 4653; x_wconf 87' lang='lat' dir='ltr'>nitori</span> <span class='ocrx_word' id='word_1_598' title='bbox 2380 4596 2726 4671; x_wconf 81' lang='lat' dir='ltr'>restitutum,</span> <span class='ocrx_word' id='word_1_599' title='bbox 2775 4619 2906 4657; x_wconf 78' lang='lat' dir='ltr'>cum</span> 
     </span>
     <span class='ocr_line' id='line_1_54' title="bbox 502 4674 2907 4753; baseline 0.001 -19"><span class='ocrx_word' id='word_1_600' title='bbox 502 4675 795 4734; x_wconf 84' lang='lat' dir='ltr'>hominum</span> <span class='ocrx_word' id='word_1_601' title='bbox 828 4676 994 4732; x_wconf 82' lang='lat' dir='ltr'>malis</span> <span class='ocrx_word' id='word_1_602' title='bbox 1023 4676 1277 4734; x_wconf 80' lang='lat' dir='ltr'>moribus</span> <span class='ocrx_word' id='word_1_603' title='bbox 1305 4676 1508 4735; x_wconf 81' lang='lat' dir='ltr'>fnisset</span> <span class='ocrx_word' id='word_1_604' title='bbox 1534 4694 1681 4753; x_wconf 84' lang='lat' dir='ltr'>pene</span> <span class='ocrx_word' id='word_1_605' title='bbox 1705 4676 2081 4750; x_wconf 85' lang='lat' dir='ltr'>antiquatum,</span> <span class='ocrx_word' id='word_1_606' title='bbox 2107 4683 2165 4732; x_wconf 89' lang='lat' dir='ltr'>et</span> <span class='ocrx_word' id='word_1_607' title='bbox 2193 4674 2344 4732; x_wconf 78' lang='lat' dir='ltr'>novis</span> <span class='ocrx_word' id='word_1_608' title='bbox 2373 4675 2679 4734; x_wconf 77' lang='lat' dir='ltr'>rationibus</span> <span class='ocrx_word' id='word_1_609' title='bbox 2705 4685 2764 4735; x_wconf 90' lang='lat' dir='ltr'>et</span> <span class='ocrx_word' id='word_1_610' title='bbox 2789 4699 2907 4736; x_wconf 84' lang='lat' dir='ltr'>mo-</span> 
     </span>
    </p>
   </div>
   <div class='ocr_carea' id='block_1_3' title="bbox 3213 945 3218 1695">
    <p class='ocr_par' dir='ltr' id='par_1_7' title="bbox 3213 945 3218 1695">
     <span class='ocr_line' id='line_1_55' title="bbox 3213 945 3218 1695; baseline 0 0"><span class='ocrx_word' id='word_1_611' title='bbox 3213 945 3218 1695; x_wconf 95' lang='lat' dir='ltr'> </span> 
     </span>
    </p>
   </div>
  </div>
 </body>
</html>
