3221 5200
298 371 516 422 Quam.
551 354 642 436 11.]
974 375 1050 414 rm.
1081 376 1312 417 orr1c1o
1341 376 1574 417 cameri
1605 373 1998 416 namn-omo.
2589 361 2704 419 335

305 513 646 573 Mediatoris
701 515 971 592 profectae
1017 517 1132 576 sint
1187 518 1261 576 ab
1309 537 1379 576 ea
1416 517 1732 577 secundum
1779 517 2087 576 humanam
2144 525 2366 575 tantum
2408 519 2713 576 naturam?

305 593 406 651 An
489 595 806 653 secundum
888 606 1192 674 utramque
1210 601 1237 655 ?
1349 598 1640 656 Pontificii
1702 598 2070 673 distinguunt
2136 596 2286 655 inter
2354 596 2712 674 Principium

303 676 458 809 {uod
483 684 541 731 et
568 671 924 751 Principium
952 698 1061 753 quo
1089 697 1192 735 seu
1235 677 1488 737 formale.
1578 676 1735 735 Illud
1779 676 1979 735 dicunt
2027 695 2154 734 esse
2200 677 2561 754 suppositum
2611 697 2716 736 seu

359 772 640 829 emonam,
662 775 777 812 non
801 756 1097 815 Naturam.
1144 757 1274 815 Hoc
1298 777 1435 815 vero
1460 756 1665 816 volunt
1685 776 1811 815 esse
1839 764 2101 813 naturam
2129 764 2354 814 tantum
2383 757 2715 833 humanam,

307 833 344 863 “
368 833 516 891 Nam
546 833 684 893 licet
713 835 873 894 Deus
902 837 1077 911 erat,’'
1108 836 1297 912 inquit
1326 837 1494 910 Bell„
1523 836 1626 894 lib.
1661 839 1712 910 1,
1747 836 1900 912 “qui
1928 835 2268 912 patiebatur,
2301 835 2624 912 obediebat,
2657 844 2717 895 et

306 911 712 989 satisfaciebat,
743 923 937 973 tamen
966 916 1090 974 haec
1118 916 1311 974 omnia
1337 916 1584 975 faciebat
1622 914 1938 975 secundum
1967 914 2209 973 formam
2252 916 2422 990 servi,
2466 937 2582 975 non
2625 936 2714 975 se-

307 991 559 1049 cundum
588 993 829 1051 formam
863 995 1032 1054 Dei.''

389 1071 510 1129 ΙΙΙ.
556 1072 815 1146 Quatuor
842 1075 937 1132 hic
966 1084 1101 1134 sunt
1122 1082 1385 1133 accurate
1413 1073 1826 1151 distinguenda
1846 1073 1998 1132 circa
2025 1073 2281 1133 actiones
2327 1074 2557 1149 Christi,
2588 1095 2718 1151 quae

309 1149 644 1210 observavit
688 1152 956 1212 Damasc.
987 1155 1087 1212 lib.
1117 1154 1178 1212 li.
1210 1157 1267 1229 4,
1311 1154 1459 1212 orth.
1489 1153 1588 1212 fid.
1620 1174 1669 1211 c.
1706 1156 1798 1212 18.
1897 1156 1949 1210 l.
1976 1153 2082 1212 Est
2112 1156 2134 1210 ὅ
2165 1155 2368 1234 inest»,
2398 1156 2587 1230 Agens
2617 1175 2721 1214 seu

308 1226 664 1306 Principium
692 1237 848 1308 quod
863 1234 1001 1310 agit,
1046 1234 1202 1310 quod
1231 1242 1320 1292 est
1347 1234 1705 1310 suppositum
1727 1252 1829 1292 seu
1850 1252 2094 1310 persona
2123 1234 2355 1292 Christi.
2412 1238 2468 1292 2.
2514 1240 2584 1291 Τὸ
2608 1236 2719 1315 ἕης-

309 1315 507 1378 qum),
535 1331 637 1369 seu
665 1314 1017 1389 Princzpium
1028 1315 1282 1389 formale
1310 1334 1418 1389 quo
1437 1313 1559 1389 agit
1588 1336 1602 1388 3
1636 1312 1797 1370 Illud
1825 1332 1926 1388 per
1947 1312 2102 1389 quod
2131 1333 2328 1389 agens,
2354 1332 2455 1372 seu
2477 1334 2723 1391 persona

314 1389 526 1448 Christi
557 1402 841 1467 operatur,
888 1392 1017 1451 duae
1060 1393 1282 1451 scilicet
1310 1400 1548 1466 naturae,
1570 1412 1812 1469 quarum
1829 1411 2188 1468 unaquaeque
2218 1393 2361 1450 citra
2389 1392 2564 1450 ullam
2584 1414 2721 1451 con-

309 1468 595 1528 fusionem
613 1481 897 1547 operatur.
943 1475 998 1531 3.
1021 1473 1247 1553 Ενὶςγιια
1259 1492 1361 1531 seu
1383 1473 1639 1547 operatio
1657 1492 1786 1548 quae
1808 1471 2019 1548 pendet
2036 1491 2070 1528 a
2086 1471 2366 1548 principio
2388 1492 2520 1548 qu0,
2542 1481 2600 1531 et
2622 1493 2723 1531 na·

312 1556 498 1607 turam
528 1550 619 1608 sui
645 1552 912 1628 principii
940 1552 1129 1627 refert,
1161 1561 1226 1611 ut
1253 1552 1329 1610 sit
1356 1551 1571 1626 divina,
1598 1552 1648 1609 si
1668 1551 2009 1628 principium
2031 1571 2146 1626 quo
2169 1551 2245 1609 sit
2272 1551 2471 1609 divina
2498 1561 2722 1629 natura,

311 1628 564 1687 humana
591 1650 748 1705 vero,
774 1631 825 1689 si
853 1632 929 1690 sit
969 1631 1314 1691 humanitas.
1358 1635 1415 1689 4.
1438 1631 1700 1712 Etiam
1727 1676 1741 1706 ,
1776 1651 1874 1689 seu
1896 1632 2233 1706 ἀποτίλισμω,
2265 1631 2421 1707 quod
2448 1631 2662 1707 pendet
2690 1652 2726 1690 a

312 1708 592 1785 principio
621 1710 794 1786 quod,
826 1720 1026 1787 estque
1055 1731 1197 1788 opus
1224 1719 1543 1786 externum,
1569 1712 1726 1788 quod
1762 1709 2175 1768 Mediationem
2200 1729 2491 1768 vocamus.
2539 1713 2727 1770 Datur

313 1806 452 1862 ergo
509 1786 725 1866 duplex
766 1790 1132 1850 mediationis
1163 1792 1526 1867 principium,
1572 1810 1875 1849 commune
1929 1798 1987 1847 et
2028 1789 2319 1866 proprium
2344 1812 2358 1864 3
2422 1790 2726 1848 Commune

316 1886 492 1924 unum
512 1879 617 1943 est,
642 1889 846 1947 nempe
867 1868 1123 1929 Persona
1140 1870 1488 1945 mediatoris,
1513 1871 1823 1946 Proprium
1842 1888 1981 1927 vero
2005 1868 2238 1944 duplex,
2268 1868 2482 1926 Divina
2505 1870 2727 1928 scilicet

315 1954 373 2004 et
390 1946 640 2005 humana
661 1957 881 2024 natura,
909 1949 1126 2007 Divina
1147 1949 1377 2026 quidem
1400 1950 1695 2026 proprium
1717 1956 1776 2007 et
1803 1948 2039 2006 formale
2069 1947 2411 2024 principium
2435 1948 2726 2007 actionum

316 2025 658 2102 divinarum,
692 2029 966 2087 Humana
993 2050 1131 2087 vero
1159 2030 1556 2088 humanarum.
1615 2029 1746 2086 Non
1764 2028 1845 2086 ita
1862 2035 2053 2085 autem
2075 2027 2370 2103 principiis
2392 2026 2727 2086 formalibus

315 2125 418 2164 seu
447 2107 667 2165 naturis
697 2117 831 2167 sunt
859 2108 1177 2167 tribuendae
1212 2109 1466 2167 actiones
1506 2109 1769 2185 propriae,
1817 2107 1984 2184 quasi
2029 2107 2335 2183 separatim
2380 2116 2571 2183 agant,
2604 2108 2729 2184 agit

316 2185 469 2242 enim
499 2194 738 2264 utraque
768 2188 949 2246 forma
977 2208 1107 2247 cum
1136 2189 1373 2247 alterius
1413 2188 1815 2246 communione
1842 2185 2000 2263 quod
2039 2186 2331 2262 proprium
2378 2195 2483 2260 est,
2529 2187 2727 2246 Verbo

319 2265 539 2323 scilicet
575 2277 844 2342 operante
887 2267 1045 2344 quod
1073 2268 1252 2326 Verbi
1296 2276 1402 2344 est,
1446 2276 1506 2327 et
1546 2287 1715 2325 carne
1758 2273 2080 2342 exequente
2123 2265 2280 2341 quod
2308 2266 2495 2323 carnis
2525 2275 2629 2339 est,
2662 2275 2728 2326 ut

322 2343 442 2402 Leo
470 2343 742 2422 loquitur,
775 2347 961 2423 Epist.
997 2350 1089 2420 10,
1119 2347 1195 2404 ad
1224 2346 1391 2405 Flau.
1438 2347 1530 2405 Ita
1550 2366 1728 2405 unum
1750 2355 1840 2405 est
1860 2365 2039 2422 agens
2062 2345 2392 2422 principale,
2417 2346 2554 2403 nim.
2589 2345 2725 2404 Per-

323 2442 464 2481 sona
493 2424 723 2501 Christi,
755 2434 813 2484 et
841 2447 1014 2486 unum
1046 2427 1367 2502 &ravim-pa
1395 2446 1495 2485 seu
1525 2446 1669 2503 opus
1700 2424 2145 2499 Mediatorium;
2194 2424 2311 2483 Sed
2339 2433 2606 2502 operatur
2627 2446 2731 2503 per

322 2501 468 2561 duas
507 2517 758 2580 naturae,
789 2516 854 2565 ut
895 2507 1010 2566 duo
1055 2507 1352 2585 principia,
1382 2505 1535 2565 unde
1565 2505 1752 2565 fluunt
1781 2505 1910 2564 duae
1953 2506 2171 2584 ingyu'us
2216 2524 2317 2563 seu
2366 2505 2728 2582 operationes

322 2582 397 2642 ad
425 2604 602 2643 unum
632 2584 776 2644 illud
805 2607 949 2663 opus
977 2594 1401 2647 concurrentes.

406 2664 514 2723 IV.
561 2665 784 2724 Rursus
813 2669 1067 2726 actiones
1098 2667 1312 2726 Christi
1339 2668 1400 2725 in
1442 2665 1655 2744 triplici
1703 2664 1904 2725 ordine
1954 2665 2203 2741 spectari
2249 2672 2509 2742 possunt,
2561 2673 2733 2742 prout

323 2743 585 2803 Christus
614 2747 722 2805 sub
751 2747 962 2824 triplici
994 2749 1152 2824 σχίσει
1179 2748 1398 2806 attendi
1426 2755 1635 2824 potest,
1665 2746 1762 2805 vel
1791 2754 1855 2804 ut
1878 2745 2055 2819 Deua,
2093 2744 2188 2803 vel
2228 2754 2295 2803 ut
2321 2746 2511 2820 hom0,
2542 2745 2639 2803 vel
2667 2754 2733 2804 ut

316 2823 638 2903 ἃιέιθςωτος.
683 2825 838 2884 Aliae
868 2837 1001 2887 sunt
1030 2848 1183 2886 mere
1202 2828 1419 2901 divinoe,
1440 2846 1585 2903 quas
1604 2825 1837 2885 nonnisi
1864 2845 1979 2901 qua
2008 2825 2168 2882 Deus
2197 2824 2386 2898 efficit,
2418 2825 2607 2902 qualis
2644 2833 2735 2883 est

324 2907 554 2976 creati0,
586 2907 965 2965 conservatio,
1024 2907 1176 2965 Aliae
1205 2926 1357 2965 mere
1388 2908 1663 2981 bumanae,
1695 2905 1882 2983 qualis
1910 2912 1999 2962 est
2027 2923 2176 2979 esus,
2217 2905 2550 2979 ambulati0‚
2582 2923 2731 2962 som-

324 3001 453 3039 nus.
501 2981 655 3039 Aliae
684 2984 889 3058 malrtae,
922 3005 1051 3061 quae
1076 2983 1367 3065 θυινδςιιιαὶ
1396 2985 1683 3059 dicuntur,
1714 2984 1904 3060 qualis
1946 2991 2035 3041 est
2074 2983 2409 3060 redempti0,
2441 2982 2517 3040 ad
2560 3003 2735 3059 quam

325 3059 732 3136 perficiendam
761 3082 879 3120 suae
909 3064 1137 3122 fuerunt
1164 3074 1286 3121 tum
1326 3063 1538 3120 divinae
1567 3072 1691 3121 tum
1734 3064 1997 3119 humanas
2026 3069 2245 3119 naturae
2272 3071 2481 3137 partes.
2567 3063 2733 3135 Quae·

326 3141 473 3197 ritur
499 3158 637 3215 ergo
667 3139 741 3196 ad
768 3160 942 3216 quam
970 3142 1172 3199 harum
1211 3142 1499 3199 actionum
1550 3141 1800 3217 speciem
1841 3139 2125 3216 pertineat
2171 3141 2461 3214 mediatiO,
2515 3139 2613 3197 An
2663 3141 2738 3199 ad

324 3219 580 3276 actiones
595 3237 727 3276 vere
741 3219 1059 3279 humanas?
1080 3228 1145 3279 ut
1164 3219 1382 3278 vellent
1402 3219 1708 3292 Pontificii,
1742 3218 1841 3276 An
1853 3218 1927 3275 ad
1937 3215 2229 3297 θυιυὸςικὰς
2248 3218 2405 3294 quod
2426 3218 2736 3279 afferimus.

326 3323 811 3426 0²:22:aeoean
856 3300 1009 3438 013²--
1025 3300 1498 3438 ΞὛΟΜΜ
1522 3298 1791 3436 Μ’ΜΜ
1817 3297 2291 3451 &affairs

765 3398 812 3427 m
944 3400 1022 3438 ris
1052 3401 1069 3437 1
1097 3400 1131 3438 a
1200 3400 1239 3437 u
1429 3399 1501 3436 ue
2159 3420 2171 3433 .
2290 3421 2303 3435 .

387 3445 810 3542 utramquebnatu-
852 3460 1062 3518 dicitur
1098 3398 1522 3536 “acquisivqisse
1547 3456 1867 3516 Ecclesiam
1887 3457 2165 3533 sanguine
2186 3457 2348 3530 su0,’'
2369 3422 2443 3531 ei,
2474 3459 2501 3513 1
2528 3456 2656 3514 Cor.
2677 3457 2737 3516 ii.

385 3511 546 3601 {mlix
558 3512 709 3602 Plione
711 3506 810 3603 2¹:¹1⁸:
854 3542 908 3612 8,
928 3539 1262 3597 “Dominus
1281 3537 1481 3615 gloriae
1504 3536 1882 3611 crucifixus;”
1899 3536 2050 3595 Heb.
2068 3537 2146 3594 ix.
2167 3539 2256 3611 14,
2286 3539 2436 3614 “per
2460 3537 2737 3614 Spiritum

385 3613 471 3667 283
853 3628 1128 3678 aeternum
1158 3638 1220 3677 se
1249 3617 1586 3690 obtulisse,''
1619 3615 1775 3693 quod
1801 3637 1918 3675 non
1961 3624 2181 3676 tantum
2205 3618 2493 3693 pertinent
2534 3617 2608 3675 ad
2650 3617 2738 3674 in-

330 3694 634 3755 dicandam
658 3718 916 3774 personae
938 3700 1315 3775 majestatem,
1337 3696 1441 3755 sed
1458 3698 1632 3756 etiam
1654 3696 1965 3755 efficaciam
1994 3696 2274 3770 sacrificii,
2306 3717 2434 3773 quae
2464 3718 2498 3755 a
2526 3697 2736 3755 divini-

329 3782 447 3833 tate
468 3776 717 3850 profluit.
783 3778 946 3836 Licet
967 3778 1120 3836 enim
1137 3779 1261 3836 haec
1282 3797 1385 3854 per
1405 3776 1978 3835 communicationem
2002 3776 2338 3834 idiomatum
2356 3777 2734 3853 explicentur,

331 3851 638 3928 designant
664 3864 856 3914 tamen
885 3858 1057 3915 etiam
1086 3877 1220 3917 suas
1262 3856 1600 3930 divinitatis,
1644 3876 1762 3913 non
1790 3857 1981 3915 minus
2028 3876 2095 3913 ac
2138 3856 2513 3914 humanitatis
2561 3855 2738 3912 fuisse

329 3940 556 4007 partes;
596 3953 935 4011 unaquaque
962 3946 1167 3996 natura
1194 3936 1349 4012 quod
1379 3955 1545 3994 suum
1583 3944 1673 3994 est
1701 3935 2044 4008 conferente,
2076 3935 2327 3993 humana
2353 3933 2586 4010 quidem
2613 3936 2736 3991 sub-

331 4013 542 4070 stantia
570 4014 753 4088 operis
782 4014 875 4071 vel
903 4016 1204 4090 passionis,
1248 4015 1451 4073 divina
1479 4034 1617 4074 vero
1673 4014 1801 4090 ejus
1854 4017 2105 4073 valorem
2160 4020 2219 4071 et
2256 4014 2501 4088 pretium
2548 4012 2736 4070 infini-

390 4212 433 4253 2.
467 4210 509 4254 E
688 4213 736 4255 ,b
953 4173 1062 4230 VI.
1127 4173 1410 4247 Secundo,
1485 4173 1701 4233 Omnes
1771 4177 1962 4248 partes
2052 4169 2313 4227 Muneris
2404 4169 2735 4229 Mediator-ii

445 4217 799 4315 Μέᾱίῖῗῖιξιιίὲω
869 4261 1170 4329 utramque
1212 4262 1476 4311 naturam
1518 4251 1854 4328 postulant3
1900 4249 2228 4308 Secundum
2274 4268 2445 4325 quam
2477 4258 2740 4308 naturam

497 4327 712 4372 0¹¹&ssssst
861 4332 1124 4391 Christus
1165 4341 1256 4391 est
1290 4332 1597 4409 Propheta,
1634 4329 1930 4402 Sacerdos,
1963 4336 2021 4386 et
2061 4327 2208 4402 Rex,
2242 4328 2556 4386 secundum
2606 4349 2740 4387 ean-

334 4407 465 4467 dem
508 4422 596 4470 est
642 4413 947 4472 Mediator.
1034 4412 1119 4471 At
1146 4413 1463 4471 secundum
1506 4419 1806 4485 utramque
1835 4407 2047 4484 triplex
2075 4407 2218 4465 illud
2249 4406 2509 4467 Officium
2554 4410 2744 4484 potuit

453 4528 727 4586 prophetia
745 4545 757 4558 ,
858 4500 917 4550 et
938 4492 1137 4551 debuit
1159 4511 1445 4551 exercere.
1478 4491 1647 4548 Patet
1667 4488 1852 4565 primo
1870 4487 1942 4545 de
1960 4488 2284 4563 Prophetia,
2305 4507 2437 4544 nam
2456 4507 2570 4564 qua
2602 4489 2741 4546 Pro-

746 4566 757 4584 '
857 4572 1032 4648 pheta
1048 4571 1250 4631 debuit
1267 4570 1434 4629 nobis
1443 4569 1701 4629 revelare
1722 4567 1969 4641 Patrem,
1989 4574 2048 4625 et
2065 4568 2189 4644 ejus
2207 4566 2563 4626 voluntatem
2582 4576 2743 4645 pate·

335 4644 541 4706 facere.
574 4648 659 4707 At
669 4652 798 4727 quis
811 4651 978 4710 nobis
996 4651 1183 4727 potuit
1204 4650 1458 4709 revelare
1481 4649 1728 4722 Patrem,
1749 4646 1860 4705 nisi
1880 4646 2084 4720 Filius,
2099 4646 2198 4723 qui
2217 4647 2374 4706 solus
2392 4666 2519 4706 eum
2540 4648 2744 4707 novit?
