3221 5200
495 337 613 392 250
1263 353 1443 393 Locus
1463 352 1723 392 »scmus
1746 353 2013 392 Taurios.
2565 335 2820 417 [QuAEs‘r.
2854 358 2892 398 1.

489 494 619 552 dem
639 492 987 569 comparatio
1015 513 1141 552 esse
1164 502 1354 571 potest
1369 493 1520 551 inter
1546 493 1938 569 captivitatem
1964 494 2400 571 Babylonicum,
2429 502 2487 553 et
2504 495 2891 555 tristissimam

490 574 533 632 J
537 572 831 631 udaeorum
862 572 1276 649 dispersionem
1297 572 1634 630 hodiernam
1655 576 1683 630 P
1787 573 1940 646 Quid
1967 573 2206 631 exilium
2230 577 2308 632 70
2329 594 2607 633 annorum
2638 596 2890 635 commu-

487 673 560 710 ne
588 653 765 711 habet
792 672 922 710 cum
951 654 1127 711 exilio
1161 656 1231 710 16
1264 654 1585 710 seculorum
1606 656 1635 710 Ρ
1738 652 1808 709 In
1838 653 1938 710 illo
1968 672 2099 729 spes
2127 662 2249 711 erat
2275 643 2672 730 restitutioniS,
2704 665 2762 715 et
2790 656 2890 715 de-

488 733 738 808 signatio
768 732 897 788 finis
921 754 934 807 ;
983 732 1098 790 Hic
1127 753 1264 790 vero
1292 733 1436 789 nihil
1465 732 1598 789 tale.
1653 732 1816 789 Tunc
1846 733 2036 790 stabat
2062 733 2250 790 adhuc
2279 754 2485 811 corpus
2516 735 2739 810 Gentis,
2761 756 2890 813 quae

439 875 443 879 ,
488 813 608 869 suis
635 812 864 888 legibus
891 812 1191 886 utebatur;
1238 812 1292 869 N
1295 831 1406 869 unc
1436 812 1542 869 sub
1572 811 1760 868 aliena
1786 819 2068 887 potestate
2097 819 2155 869 et
2181 813 2410 889 legibus
2438 814 2663 872 vivunt.
2727 816 2890 874 Tunc

487 892 699 949 Tribus
743 890 931 949 adhuc
960 891 1247 949 distinctae
1274 900 1333 950 et
1362 891 1590 948 familiae
1625 891 2021 949 Sacerdotales
2049 899 2107 949 et
2138 892 2337 968 Regiae
2366 893 2888 970 interstingueban-

487 979 612 1045 tur;
661 971 828 1028 Nunc
859 971 1051 1029 omnia
1078 972 1227 1029 inter
1255 991 1353 1029 eos
1403 970 1642 1029 confusa
1670 979 1726 1027 et
1754 971 2101 1046 perturbata,
2133 979 2199 1028 ut
2226 971 2387 1030 nulla
2412 974 2508 1030 vel
2539 973 2765 1031 Politiae
2792 976 2890 1033 vel

488 1051 766 1108 Ecclesiae
795 1050 971 1107 facies
1013 1060 1301 1127 appareat,
1347 1049 1450 1109 sed
1489 1050 1763 1107 horribile
1801 1050 2222 1108 maledictionis
2270 1050 2484 1109 divinae
2529 1052 2588 1109 in
2615 1053 2890 1129 reliquias

485 1131 629 1188 istas
658 1130 863 1188 misere
890 1130 1152 1206 palantes
1181 1130 1527 1207 exemplum.
2005 1198 2009 1201 ⁴

488 1247 959 1293 Tertiademonstra-
1090 1211 1339 1268 XXVI.
1383 1209 1578 1267 Tertia
1618 1208 2030 1266 demonstratio
2071 1209 2287 1284 petitur
2326 1230 2360 1266 a
2406 1211 2622 1286 Templi
2666 1213 2897 1271 secundi

545 1308 618 1351 tio
675 1321 704 1350 a
773 1307 961 1363 Tempu
1006 1290 1223 1362 Gloria,
1254 1310 1370 1365 quo
1392 1289 1580 1346 adhuc
1609 1297 1796 1346 stante
1823 1288 2023 1346 debuit
2053 1289 2300 1347 Messias
2323 1290 2537 1348 venire.
2594 1290 2889 1368 Praeroga·

545 1365 741 1410 secundi
772 1366 949 1423 gloria;
1006 1372 1129 1427 tiva
1149 1370 1302 1426 enim
1323 1369 1550 1445 Templi
1572 1367 1810 1425 secundi
1837 1368 1896 1423 in
1918 1388 1986 1425 eo
2006 1368 2254 1445 ponitur,
2279 1369 2435 1446 quod
2458 1370 2704 1429 Messias
2728 1372 2890 1430 Prin-

488 1471 624 1528 ceps
655 1450 822 1508 Pacis
850 1450 997 1508 illud
1024 1449 1329 1526 praesentia
1358 1468 1461 1506 sua
1489 1457 1643 1505 esset
1669 1448 2161 1506 cohonestatums.
2247 1449 2389 1506 Cum
2420 1469 2557 1507 vero
2587 1450 2888 1527 Templum

488 1529 805 1589 secundum
846 1530 1064 1588 dudum
1107 1529 1460 1586 destructum
1506 1527 1597 1599 sit,
1630 1536 2031 1603 argumentum
2074 1536 2162 1585 est
2201 1528 2583 1587 certissimum
2614 1530 2889 1588 Messium

480 1612 604 1687 jam
635 1630 669 1667 a
695 1610 871 1686 longo
899 1619 1153 1686 tempore
1180 1608 1428 1666 venisse.
1514 1607 1824 1664 Character
1851 1606 1958 1664 iste
1981 1606 2273 1683 colligitur
2300 1628 2374 1665 ex
2397 1607 2644 1667 Oraculo
2673 1609 2890 1687 duplici

492 1689 724 1766 Aggaei,
755 1700 813 1748 et
845 1690 1165 1762 Malachiae,
1186 1688 1287 1745 ubi
1316 1687 1467 1745 clare
1497 1685 1849 1759 adstruitur3
1883 1685 2092 1762 Aggae.
2124 1707 2173 1745 c.
2205 1687 2264 1745 ii.
2287 1707 2407 1745 ver.
2438 1690 2492 1761 6,
2527 1692 2580 1763 7,
2616 1691 2651 1721 ‘⁴
2676 1688 2889 1748 Adhuc

489 1771 780 1847 pusillum,
814 1778 872 1827 et
912 1789 1022 1845 ego
1065 1776 1306 1826 tremere
1348 1766 1554 1826 faciam
1596 1765 1774 1823 coelos
1803 1774 1861 1822 et
1887 1774 2115 1838 terram,
2147 1786 2301 1825 mare
2336 1775 2394 1824 et
2422 1767 2657 1842 aridam,
2690 1777 2747 1826 et
2774 1776 2887 1827 tre·

486 1870 642 1907 mere
670 1849 875 1907 faciam
904 1867 1102 1906 omnes
1131 1855 1351 1924 gentes,
1383 1854 1441 1904 et
1468 1845 1664 1903 veniet
1691 1844 2037 1902 desiderium
2067 1846 2321 1903 omnium
2351 1847 2626 1923 gentium,
2692 1857 2750 1906 et
2780 1849 2882 1905 im·

486 1930 659 2006 plebo
702 1928 934 1986 domum
976 1928 1124 2002 bane
1155 1927 1355 2003 gloria,
1387 1925 1537 1983 dixit
1567 1925 1908 1999 Dominus,''
1940 1934 1999 1984 et
2025 1944 2145 1983 ver.
2176 1928 2232 2000 9,
2267 1928 2301 1958 ‘⁴
2329 1946 2541 2001 magna
2568 1928 2677 1985 erit
2705 1928 2890 2004 gloria

487 2008 692 2066 domus
733 2009 908 2084 hujus
949 2008 1296 2078 novissimae,
1343 2006 1647 2081 plusquam
1693 2004 1889 2080 primae
1914 2005 1978 2078 ;''
2026 2004 2165 2062 Mal.
2196 2024 2246 2062 c.
2290 2005 2370 2063 iii.
2406 2009 2455 2080 l,
2502 2006 2654 2064 idem
2683 2007 2885 2064 confir-

487 2097 625 2163 mat,
675 2091 709 2120 ‘⁴
731 2089 882 2145 Ecce
913 2107 1022 2163 ego
1051 2087 1286 2144 mittens
1318 2085 1614 2160 Angelum
1642 2103 1850 2155 meum,
1882 2092 1940 2148 et
1967 2084 2311 2160 praeparabit
2339 2085 2492 2142 viam
2523 2105 2712 2143 coram
2743 2086 2887 2146 faeie

487 2188 632 2240 mea,
664 2176 722 2224 ct
745 2167 937 2225 statim
960 2166 1155 2224 veniet
1182 2165 1255 2223 ad
1285 2164 1588 2240 Templum
1614 2182 1779 2220 suum
1812 2163 2152 2221 Dominator
2179 2184 2349 2240 quem
2379 2165 2652 2241 quaeritis,
2685 2165 2886 2242 Ange-

486 2248 578 2306 lus
610 2247 869 2304 Foederis
890 2266 1059 2323 quem
1084 2265 1190 2303 vos
1213 2243 1607 2302 desideratis.”
1636 2242 1803 2301 Unde
1835 2243 1916 2300 sic
1939 2253 2439 2318 argumentamur:
2470 2245 2611 2303 Non·
2631 2246 2886 2304 destrue-

484 2337 580 2386 tur
621 2327 923 2403 Templum
954 2325 1285 2399 secundum,
1345 2324 1527 2381 donec
1555 2323 1780 2380 venerit
1809 2322 2054 2380 Messias
2079 2344 2092 2394 3
2140 2324 2296 2398 Ergo
2326 2319 2481 2382 certa
2508 2333 2645 2382 nota
2671 2334 2760 2383 est
2787 2345 2886 2384 ve·

483 2408 638 2465 nisse
683 2407 976 2478 Messiam,
1009 2404 1239 2481 quando
1278 2404 1580 2480 Templum
1630 2402 1776 2459 illud
1814 2402 2168 2459 destructum
2207 2412 2312 2461 est.
2398 2404 2544 2461 Nam
2591 2404 2651 2461 in
2698 2405 2887 2482 priore

483 2487 612 2545 loco
655 2486 864 2543 dicitur
903 2485 1066 2542 brevi
1096 2492 1390 2556 venturus,
1422 2491 1727 2558 postquam
1757 2482 2032 2558 templum
2063 2483 2220 2558 quod
2250 2482 2480 2558 Aggaeo
2509 2485 2886 2561 prophetante

482 2565 862 2624 inchoabatur
888 2571 1215 2622 extructum
1244 2571 1414 2635 esset,
1446 2570 1505 2620 et
1533 2570 1669 2619 tunc
1698 2561 2001 2638 Templum
2044 2561 2245 2638 majori
2275 2562 2459 2639 gloria
2487 2563 2766 2641 repletum
2796 2564 2884 2639 iri,

482 2665 657 2722 quam
698 2646 874 2721 priuS.
962 2643 1031 2699 In
1062 2642 1313 2700 secundo
1342 2642 1551 2699 dicitur
1579 2641 1773 2698 statim
1803 2651 2079 2701 venturus
2107 2642 2166 2699 in
2194 2642 2497 2719 Templum
2526 2664 2711 2719 suum,
2744 2644 2888 2702 illud

486 2724 707 2782 scilicet
735 2722 890 2798 quod
912 2715 1211 2779 'Malachia
1239 2720 1587 2778 vaticinante
1618 2729 1944 2778 extructum
1974 2731 2112 2781 erat.
2198 2721 2498 2795 Quomodo
2525 2742 2665 2781 vero
2695 2724 2886 2782 statim

483 2811 761 2861 venturus
791 2810 984 2877 posset
1012 2800 1143 2873 dici,
1176 2799 1225 2856 si
1253 2819 1368 2856 non
1388 2807 1511 2857 erat
1532 2809 1824 2873 venturus,
1850 2800 1961 2857 nisi
1983 2810 2113 2877 post
2134 2801 2354 2878 aliquot
2375 2822 2650 2861 annorum
2672 2804 2889 2861 millia?

565 2881 848 2938 XXVII.
896 2880 1218 2956 Utrobique
1260 2887 1450 2936 autem
1496 2879 1593 2954 agi
1636 2878 1706 2935 de
1739 2879 1954 2937 Messia
1983 2881 2197 2938 clarum
2229 2891 2317 2939 est
2346 2904 2359 2957 3
2410 2886 2461 2939 1.
2494 2881 2670 2959 Apud
2702 2883 2886 2940 Mala·

479 2962 685 3034 chiam,
717 2962 854 3037 quia
882 2959 1074 3036 agitur
1101 2960 1173 3017 de
1200 2979 1268 3018 eo
1287 2958 1384 3035 qui
1408 2958 1722 3016 mittendus
1740 2959 1864 3033 fuit,
1896 2970 1953 3018 et
1981 2970 2258 3019 venturus
2289 2962 2347 3018 in
2375 2961 2677 3039 Templum
2701 2982 2884 3036 suum,

478 3050 753 3117 tanquam
798 3040 1097 3112 Domina-3,
1142 3048 1203 3098 et
1244 3038 1510 3115 Angelus
1555 3037 1832 3112 Foederis‚
1876 3039 1977 3114 qui
2019 3060 2425 3115 praeeursorem
2467 3041 2769 3099 habiturus
2813 3042 2889 3100 sit

478 3123 685 3195 Eliam,
717 3129 775 3179 et
816 3121 916 3198 qui
957 3120 1319 3197 quaerebatur
1359 3128 1418 3177 et
1458 3118 1906 3193 expectabatur3
1967 3118 2051 3175 At
2091 3120 2183 3177 cui
2225 3120 2457 3178 tandem
2500 3121 2610 3178 nisi
2656 3122 2886 3180 Messiae

478 3202 589 3259 ista
618 3211 939 3278 competere
970 3208 1210 3276 possunt
1230 3202 1258 3257 P
1341 3198 1462 3256 Nec
1491 3199 1533 3257 J
1540 3197 1687 3254 udaei
1718 3198 1828 3274 ipsi
1856 3197 2141 3255 doctiores
2170 3198 2499 3274 diffitentur,
2532 3210 2596 3258 ut
2627 3200 2882 3276 R.D.K.‚

476 3284 633 3340 Aben
662 3284 839 3354 Ezm,
872 3280 1263 3352 Maimonides,
1297 3279 1395 3354 qui
1425 3278 1499 3335 ad
1544 3278 1819 3334 Messiam
1849 3276 2117 3335 referunt.
2202 3283 2257 3335 2.
2292 3280 2383 3336 Ita
2411 3279 2565 3355 apud
2594 3279 2885 3356 Aggaeum

479 3360 636 3436 quod
663 3361 874 3418 dicitur
902 3359 973 3416 de
997 3358 1378 3416 commotione
1408 3357 1553 3414 Coeli
1581 3366 1641 3413 et
1669 3356 1876 3430 Terrae,
1911 3365 1968 3414 et
2010 3358 2264 3415 omnium
2295 3359 2587 3431 Gentium,
2618 3369 2683 3417 ut
2724 3360 2883 3417 veni·

479 3449 579 3496 ant
609 3439 681 3495 ad
710 3438 1056 3495 desiderium
1088 3457 1271 3510 suum,
1304 3455 1420 3492 non
1450 3436 1563 3491 alio
1605 3443 1794 3511 potest
1837 3435 2049 3509 referri,
2086 3437 2221 3495 Sive
2251 3457 2352 3512 per
2392 3440 2728 3496 desiderium
2750 3460 2882 3515 yen-

481 3518 616 3574 tium
646 3517 1019 3591 designentur
1047 3517 1353 3573 desiderati
1377 3535 1451 3571 ex
1472 3516 1738 3589 gentibus,
1772 3515 1848 3572 id.
1880 3525 2162 3591 quotquot
2203 3536 2277 3574 ex
2321 3518 2591 3593 gentibus
2632 3518 2886 3594 eligendi

477 3604 641 3653 erant
669 3604 727 3652 et
753 3594 998 3651 vocandi
1028 3594 1100 3651 ad
1146 3595 1453 3664 Christum,
1478 3604 1542 3652 ut
1569 3595 1914 3669 respondeat
1942 3595 2187 3653 Oraeulo
2216 3596 2259 3653 J
2262 3597 2442 3670 scobi,
2475 3597 2574 3673 qui
2603 3617 2884 3674 aggrega·

482 3675 694 3733 tionem
718 3674 1058 3749 populorum
1077 3673 1327 3731 futuram
1345 3673 1417 3730 ad
1442 3674 1628 3748 ipsum
1648 3674 1813 3746 dixit,
1840 3674 1974 3731 Sive
1995 3674 2148 3750 quod
2172 3676 2608 3734 convenientius
2635 3677 2882 3753 videtur,

481 3754 728 3811 Messias
766 3755 887 3830 ipse
918 3753 1290 3829 intelligatur,
1334 3753 1451 3829 qui,
1484 3753 1656 3828 longe
1688 3753 1880 3810 verius
1911 3754 2169 3826 Daniele,
2202 3764 2289 3812 est
2330 3756 2430 3811 Vir
2458 3756 2878 3829 desideriorum,-

478 3834 758 3898 επιπόθητος
788 3842 930 3890 totus
951 3834 1348 3907 desiderabiles,
1381 3852 1551 3909 quem
1582 3832 1782 3890 fideles
1811 3832 2033 3891 ardenti
2076 3833 2360 3891 desiderio
2389 3835 2682 3910 optabant.
2771 3836 2885 3892 De-

479 3915 614 3972 inde
642 3913 800 3990 quod
841 3912 1003 3971 addit
1044 3911 1115 3970 de
1160 3913 1361 3972 Gloria
1402 3912 1618 3987 majore
1648 3911 1874 3988 Templi
1903 3913 2137 3970 secundi
2167 3913 2280 3970 huc
2309 3915 2573 3989 pertinet,
2605 3915 2742 3991 quia
2768 3935 2883 3972 non

478 3993 710 4052 aliunde
731 3994 842 4051 hoe
870 3992 1154 4069 proficisci
1182 3992 1384 4069 potuit,
1429 4011 1603 4068 quam
1633 4012 1666 4048 a
1709 3993 2012 4068 praesentia
2045 3992 2276 4050 Domini
2305 3993 2527 4068 domus,
2558 3994 2658 4069 qui
2686 4014 2882 4070 pacem

479 4075 757 4132 allaturus
779 4082 918 4147 erat,
949 4093 1063 4131 non
1094 4092 1440 4149 corpoream,
1472 4091 1588 4147 qua
1615 4090 1731 4128 non
1760 4072 2033 4146 leguntur
2053 4073 2241 4148 gavisi
2270 4074 2514 4130 multum
2543 4073 2584 4130 J
2591 4073 2738 4131 udaei
2780 4074 2887 4131 sub

478 4153 719 4229 Templo
750 4152 1018 4226 secund0‚
1050 4160 1115 4209 ut
1156 4153 1266 4229 ipsi
1288 4152 1554 4225 fatentur,
1588 4149 1690 4208 sed
1720 4150 2073 4226 spiritualem
2102 4160 2160 4209 et
2187 4153 2496 4227 coelestem,
2528 4172 2701 4229 quam
2732 4154 2887 4210 Mes-

480 4233 596 4290 sias
627 4233 897 4307 Princeps
906 4232 1069 4307 pacis
1096 4231 1297 4289 debuit
1317 4230 1534 4303 afferre,
1566 4237 1626 4287 et
1653 4249 1824 4306 quam
1857 4231 2073 4305 Angeli
2102 4232 2392 4304 nunciant,
2428 4231 2566 4289 Luc.
2598 4232 2657 4289 ii.
2693 4236 2784 4289 14.

566 4312 884 4368 XXVIII.
933 4312 1172 4368 Frustra
1192 4330 1330 4368 vero
1353 4309 1548 4370 Judaei
1580 4309 1838 4367 Gloriam
1871 4311 2141 4385 majorem
2173 4311 2339 4368 istius
2380 4310 2586 4369 domus
2620 4310 2886 4369 secundae

481 4391 691 4449 referre
721 4390 935 4448 vellent
964 4389 1039 4447 ad
1067 4409 1159 4447 res
1187 4399 1473 4462 externas,
1504 4408 1634 4464 quae
1664 4389 1831 4446 istam
1856 4389 2086 4446 domum
2118 4390 2486 4467 conspicuam
2505 4390 2885 4465 reddiderint;

482 4470 575 4525 vel
607 4469 678 4526 ad
708 4468 1085 4542 durationem,
1116 4468 1252 4545 quia
1294 4468 1546 4527 secunda
1574 4476 1725 4525 stare
1767 4467 2029 4527 debuerit
2058 4472 2177 4527 420
2219 4470 2401 4542 annis,
2445 4470 2507 4527 id
2545 4479 2648 4543 est,
2681 4470 2886 4527 decen-

482 4548 580 4603 nio
602 4548 732 4621 plus
759 4567 931 4623 quam
959 4549 1159 4625 prima,
1192 4549 1284 4605 vel
1330 4549 1402 4605 ad
1445 4547 1748 4624 splendida
1789 4568 2041 4622 munera,
2073 4569 2202 4625 quae
2248 4549 2474 4624 Darius,
2506 4549 2886 4623 Artaxerxes,

484 4632 543 4682 et
571 4625 667 4681 alii
700 4626 993 4707 Principes
1030 4628 1396 4686 contulerunt
1423 4628 1497 4686 ad
1546 4627 1772 4704 Templi
1820 4628 2237 4687 extructionem
2266 4638 2324 4687 et
2366 4628 2660 4703 sacrificia,
2691 4628 2786 4685 vel
2816 4628 2892 4686 ad
