3221 5200
244 372 469 421 Qufflsr.
502 351 616 435 nn]
1058 374 1133 412 m:
1164 374 1393 415 officio
1423 375 1656 415 c111=1sr1
1692 376 2075 417 Msnmromo.
2537 363 2650 418 367

248 512 571 572 Ministerio
605 513 977 573 Sacerdotum
1029 515 1187 572 Deus
1215 515 1484 574 utebatur
1524 515 1598 573 ad
1644 516 2094 574 conservandam
2136 515 2318 573 divini
2348 516 2537 575 cultus
2568 537 2654 574 ra-

246 593 495 668 tionem3
530 596 622 652 Ita
650 593 709 650 in
762 593 1023 651 Ecclesia
1053 593 1382 652 Christiana
1400 595 1482 653 uti
1516 595 1642 653 vult
1673 595 1997 654 Ministerio
2028 614 2205 669 sacr0,
2227 615 2341 672 quo
2367 596 2555 654 Electi
2583 596 2658 653 ad

249 672 537 730 Christum
568 673 941 747 adducantur,
973 683 1031 732 et
1059 673 1292 731 adducti
1321 674 1379 731 in
1410 674 1538 751 ejus
1565 675 1725 733 cultu
1776 683 2104 733 constanter
2140 684 2526 750 perseverent.
2562 676 2658 733 Sic

245 751 657 828 intelligendus
677 753 995 826 locus,⁸Isa.
1018 753 1161 811 lxvi.
1192 756 1286 828 21,
1308 753 1410 811 ubi
1437 754 1518 811 ait
1545 763 1920 811 assumturum
1943 757 2130 812 Deum
2159 774 2231 811 ex
2258 754 2522 813 Gentibus
2549 756 2656 813 Sa·

246 834 495 889 cerdotes
523 843 576 890 et
600 833 840 906 Levita-³,
873 832 934 889 id
962 841 1065 907 est,
1116 832 1416 891 Ministros
1461 852 1692 908 sacros;
1742 834 1825 892 Ut
1867 853 2005 892 vero
2059 833 2280 891 Levitae
2308 834 2535 910 proprie
2563 835 2658 893 hic

246 930 363 968 non
393 919 527 970 sunt
580 911 961 988 intelligendi,
993 912 1092 988 qui
1142 912 1257 970 sint
1285 931 1360 969 cx
1408 912 1589 970 Tribu
1638 912 1799 987 Levi,
1847 912 1940 970 Ita
1985 933 2090 970 nec
2137 932 2257 970 vox
2318 913 2658 972 Sacerdotis

248 990 493 1066 proprie,
526 991 629 1049 sed
655 991 898 1067 mystice
929 990 1307 1066 intelligenda
1348 998 1452 1049 est.

331 1069 590 1127 XXIX.
680 1071 740 1128 Si
769 1080 995 1128 veteres
1028 1069 1401 1129 Sacerdotum
1430 1070 1662 1128 nomine
1698 1070 1884 1128 solent
1919 1069 2198 1147 insignire
2247 1091 2658 1148 nonnunquam

249 1149 559 1225 Evangelii
591 1150 928 1223 Ministros;
977 1148 1107 1206 Non
1148 1148 1278 1206 ideo
1319 1148 1385 1207 fit
1426 1149 1499 1206 ab
1542 1149 1699 1225 ipsis,
1744 1158 1808 1207 ut
1849 1149 2083 1226 aliquod
2125 1149 2277 1207 reale
2319 1159 2378 1208 et
2432 1150 2660 1226 proprie

248 1227 465 1286 dictum
498 1228 838 1287 sacrificium
869 1235 1170 1286 externum
1198 1235 1407 1304 praeter
1434 1227 1775 1287 sacrificium
1815 1238 2113 1287 cruentum
2145 1229 2358 1287 Christi
2389 1230 2446 1287 in
2479 1230 2661 1288 Cruce
2749 1261 2758 1271 ·

247 1307 507 1366 oblatum
547 1307 605 1364 in
637 1308 897 1365 Ecclesia
926 1307 1048 1364 dari
1079 1307 1439 1383 significent3
1485 1327 1618 1365 nam
1669 1327 1735 1365 eo
1781 1309 2010 1366 nomine
2039 1328 2154 1365 non
2209 1328 2337 1365 raro
2389 1309 2576 1366 solent
2604 1319 2662 1367 ct

248 1387 452 1446 fideles
480 1388 637 1464 ipsos
668 1387 876 1463 saepius
905 1386 1226 1462 designare.
1315 1387 1429 1445 Sed
1460 1387 1675 1463 duplici
1698 1387 2059 1464 potissimum
2090 1387 2160 1445 de
2191 1408 2398 1447 causa:
2448 1389 2658 1461 I'rim0‚

250 1467 388 1542 quia
418 1467 672 1524 Ministri
702 1486 826 1524 sese
856 1473 1193 1524 consecrant
1220 1466 1293 1523 ad
1324 1486 1468 1543 opus
1492 1466 1801 1525 Ministerii
1826 1489 1840 1542 ;
1876 1466 2158 1541 SecundO,
2185 1468 2320 1543 quia
2352 1468 2663 1544 Evangelii

250 1546 655 1622 praedicatione
686 1545 1081 1623 defungentes,
1112 1546 1388 1622 populum
1420 1546 1529 1605 Dei
1559 1546 1725 1623 quasi
1761 1554 2033 1620 mactant,
2065 1554 2122 1605 et
2171 1546 2417 1615 offerunt
2448 1548 2573 1605 Deo
2602 1548 2664 1605 in

250 1627 500 1684 hostiam
526 1622 864 1706 ιῦπςὸσδατον
903 1652 971 1724 v?
1015 1630 1144 1702 Θεᾷ,
1176 1645 1291 1702 quo
1328 1626 1562 1702 respicit
1615 1626 1846 1699 PauluS,
1902 1627 2069 1684 Rom.
2116 1646 2215 1683 xv.
2252 1629 2342 1700 16,
2375 1646 2551 1702 quum
2582 1626 2663 1684 ait

254 1725 315 1763 se
370 1708 620 1786 ιἰςουςγιῖν
673 1711 719 1763 'to
771 1708 1073 1779 ιῦοιγγιλιον,
1130 1713 1196 1763 ut
1250 1707 1452 1763 oblatio
1480 1705 1739 1765 Gentium
1777 1707 1895 1783 fiat
1919 1714 2166 1780 accepta,
2191 1707 2537 1783 sanctificata
2552 1725 2666 1781 per

253 1787 545 1861 Spiritum.
632 1786 715 1844 Ut
742 1785 823 1843 ita
852 1785 1194 1843 sacrificium
1224 1784 1299 1843 sit
1321 1784 1572 1861 aliquod,
1606 1784 1708 1843 sed
1757 1784 2001 1861 mystice
2031 1792 2089 1842 et
2136 1784 2381 1860 figurate
2423 1784 2661 1858 dictum,

255 1884 370 1923 non
399 1864 691 1942 proprium
721 1873 779 1922 et
806 1864 1054 1922 visibile.

335 1944 560 2003 XXX.
607 1944 916 2001 Distinctio
946 1942 1253 2000 oblationis
1281 1950 1532 2001 cruentes
1574 1951 1633 2000 et
1670 1942 1982 2000 incruentae
2012 1951 2100 2000 est
2129 1940 2430 2003 αἷσὺστατος.
2516 1941 2666 1998 Nam

258 2028 310 2082 1.
346 2024 408 2082 Si
439 2023 701 2081 Christus
718 2042 833 2080 non
852 2031 1074 2081 tantum
1098 2021 1274 2081 semel
1297 2030 1549 2096 eruentO,
1572 2021 1674 2080 sed
1693 2021 1988 2079 incruento
2012 2021 2183 2080 etiam
2204 2041 2328 2080 sese
2351 2021 2577 2094 obtulit,
2609 2029 2667 2079 et

256 2103 512 2181 quotidie
542 2101 778 2160 offertur
806 2101 1118 2175 sacrifiei03
1162 2121 1279 2160 non
1306 2101 1557 2175 unicum,
1612 2100 1714 2159 sed
1761 2100 1928 2177 plura
1956 2101 2215 2177 ejusdem
2263 2100 2477 2159 Christi
2534 2108 2668 2158 sunt

256 2182 551 2255 sacrificia,
584 2190 782 2240 contra
804 2201 1078 2258 expressa
1103 2181 1411 2257 Scripturas
1429 2180 1572 2253 loca,
1601 2180 1754 2237 Heb.
1781 2180 1860 2237 ix.
1882 2182 1976 2254 25,
2009 2188 2068 2238 et
2093 2200 2153 2238 x.
2189 2183 2280 2254 10,
2317 2182 2408 2237 14.
2481 2184 2536 2237 2.
2572 2180 2668 2237 Sic

257 2262 412 2322 cadit
441 2261 713 2337 Apostoli
741 2268 1143 2337 argumentum
1172 2258 1570 2318 concludentis
1595 2259 1887 2316 Christum
1911 2259 2120 2335 saepius
2149 2279 2450 2336 passurum
2470 2258 2665 2333 fuisse,

259 2344 308 2401 si
338 2342 548 2418 saepius
572 2360 631 2398 se
663 2340 865 2397 offerre
910 2359 1144 2397 necesse
1186 2338 1500 2396 habuisset.
1546 2341 1601 2396 3.
1650 2338 1960 2413 Repugnat
2002 2338 2249 2397 Oraculo
2281 2339 2525 2396 Paulino
2554 2345 2668 2396 tes-

258 2422 406 2480 tanti
435 2421 557 2479 sine
587 2420 885 2496 sanguinis
924 2417 1201 2477 effusione
1230 2437 1346 2476 non
1395 2416 1519 2474 dari
1567 2417 1964 2475 remissionem
2007 2418 2243 2493 peccati,
2278 2418 2430 2475 Heb.
2463 2418 2541 2476 ix.
2573 2421 2669 2475 22.

258 2501 431 2561 Unde
461 2519 592 2558 cum
639 2498 901 2557 sacrificii
931 2498 1159 2574 propria
1187 2497 1437 2574 qualitas
1466 2495 1639 2555 fuerit
1656 2516 1784 2554 esse
1814 2505 2130 2571 cruentum,
2164 2498 2428 2574 quisquis
2479 2496 2669 2555 incru-

258 2589 454 2641 entum
483 2578 719 2656 aliquod
749 2578 950 2638 statuit
980 2577 1193 2637 Christi
1222 2576 1581 2652 sacrificium,
1604 2596 1672 2635 eo
1703 2575 1828 2654 ipso
1857 2595 2058 2636 verum
2083 2577 2424 2636 sacrificium
2456 2576 2673 2636 Christi

257 2681 331 2719 ne
376 2670 452 2719 at.

334 2681 603 2797 εἷζΧΧΙ.
652 2738 930 2798 Sacrifieii
969 2738 1131 2816 jugis
1160 2737 1392 2812 ablatio,
1425 2736 1497 2795 de
1526 2756 1658 2813 qua,
1694 2737 1842 2794 Dan.
1873 2735 1996 2794 viii.
2035 2738 2125 2805 11,
2157 2736 2366 2813 agitur,
2399 2736 2672 2795 historice

260 2828 319 2879 et
360 2819 551 2895 quoad
579 2819 805 2878 literam
854 2818 931 2876 ad
959 2818 1238 2876 Antiochi
1265 2816 1721 2893 persecutionem
1765 2815 1963 2874 referri
1999 2816 2190 2890 debet,
2239 2816 2341 2892 qui
2396 2817 2672 2893 templum

258 2897 601 2976 profanavit,
634 2905 691 2955 et
720 2898 936 2956 cultum
966 2897 1232 2973 legalem,
1265 2905 1322 2954 et
1350 2896 1630 2972 imprimis
1660 2895 2003 2953 sacrificium
2052 2896 2196 2972 juge
2244 2914 2466 2954 cessare
2502 2895 2671 2971 fecit3

258 2977 502 3052 mystice
535 2996 687 3049 vere,
722 2977 770 3034 si
799 2976 874 3033 ad
896 2975 1363 3033 Anti-Christum
1392 2974 1685 3049 referatur,
1719 2975 2061 3032 sacrificium
2084 2976 2227 3050 juge
2252 2994 2368 3031 non
2390 2983 2579 3051 potest
2602 2975 2677 3032 ad

262 3054 505 3113 Missam
528 3055 826 3129 pertinere,
859 3054 993 3129 quia
1023 3054 1132 3111 fuit
1159 3052 1498 3110 sacrificium
1523 3060 1840 3124 cruentum,
1872 3052 2028 3128 quod
2056 3053 2311 3127 quotidie
2335 3053 2425 3110 bis
2455 3053 2678 3111 solebat

261 3133 469 3208 offerri,
502 3141 559 3190 et
603 3133 662 3189 in
688 3152 804 3190 uno
853 3139 1074 3188 tantum
1104 3131 1249 3203 loc0,
1283 3129 1437 3206 quod
1482 3130 1552 3188 de
1586 3130 1771 3188 Missa
1797 3130 1914 3187 dici
1943 3131 2159 3205 nequit,
2210 3130 2327 3188 Sed
2371 3131 2446 3187 ad
2503 3131 2676 3188 sacri·

259 3213 455 3271 ficium
494 3211 681 3286 ipsum
713 3209 942 3281 Christi,
975 3209 1130 3285 quod
1173 3208 1443 3267 continuo
1471 3227 1729 3284 praesens
1777 3214 1865 3265 est
1909 3208 2034 3265 Deo
2078 3209 2151 3265 ad
2190 3209 2673 3284 propitiationem,

260 3301 320 3353 et
347 3291 615 3350 fidelibus
644 3289 719 3348 ad
746 3289 1213 3361 consolationem,
1250 3294 1308 3345 et
1343 3287 1498 3363 quod
1526 3307 1630 3364 per
1659 3285 2130 3345 Anti-Christum
2176 3307 2379 3345 revera
2421 3287 2676 3346 ablatum

261 3379 453 3450 potest
480 3369 610 3442 dici,
642 3389 745 3446 per
774 3367 1036 3426 sacrificii
1082 3366 1366 3425 Missatici
1396 3386 1522 3424 cum
1556 3386 1625 3424 eo
1654 3365 1950 3426 eironeia-w
1997 3365 2434 3425 institutionem.

346 3450 640 3509 XXXII.
691 3449 911 3508 oblatio
941 3449 1167 3521 munda,
1200 3447 1271 3505 de
1302 3465 1416 3522 qua
1446 3445 1587 3504 Mal.
1634 3445 1906 3522 loquitur,
1954 3465 2078 3522 cap.
2109 3445 2148 3504 i.
2204 3450 2296 3521 11,
2329 3466 2445 3505 non
2491 3447 2678 3524 magis

265 3538 457 3610 potest
483 3529 557 3587 ad
607 3527 949 3587 sacrificium
978 3527 1204 3603 proprie
1234 3526 1469 3600 dietum,
1501 3524 1660 3601 quod
1689 3526 1748 3582 in
1779 3525 2070 3584 oblatione
2108 3526 2274 3602 panis
2303 3533 2362 3585 et
2389 3526 2512 3583 vini
2542 3547 2677 3586 con-

269 3612 450 3687 sistat,
485 3609 699 3679 referri,
732 3627 904 3685 quam
942 3608 1171 3681 suffitus,
1204 3606 1276 3664 de
1321 3625 1436 3682 quo
1469 3605 1685 3663 ibidem
1736 3604 1801 3663 fit
1849 3604 2084 3664 mentio.
2134 3605 2217 3664 Ut
2264 3625 2404 3664 vero
2454 3615 2681 3666 constat

265 3711 368 3768 per
397 3692 569 3748 istum
589 3688 841 3746 suffitum
859 3686 1102 3764 mystice
1121 3683 1530 3762 intelligendas
1559 3703 1685 3743 esse
1714 3705 1914 3762 preces
1943 3694 2001 3745 et
2020 3684 2221 3745 laudes
2248 3685 2524 3759 fidelium,
2549 3707 2679 3763 quae

268 3789 419 3845 saepe
449 3769 557 3826 hac
584 3787 728 3825 voce
758 3767 1154 3843 designantur,
1190 3765 1342 3823 Psal.
1373 3764 1509 3822 cxli.
1559 3769 1615 3839 2,
1649 3763 1836 3842 Apoc.
1866 3785 1923 3823 v.
1956 3767 2011 3840 8,
2061 3765 2153 3823 Ita
2180 3785 2283 3841 per
2328 3764 2678 3823 oblationem

268 3847 542 3906 mundam
598 3846 742 3903 nihil
788 3845 945 3904 aliud
1001 3853 1249 3918 notatur,
1296 3863 1467 3921 quam
1510 3843 1825 3920 spiritualis
1882 3844 2072 3902 cultus
2123 3843 2235 3901 Dei
2284 3844 2435 3901 inter
2476 3852 2679 3918 gentes

267 3925 556 4006 praeconio
595 3925 904 4000 Evangelii
949 3924 1356 3999 instituenduS,
1408 3942 1671 3981 sermone
1716 3923 1899 3982 cultui
1925 3922 2104 3998 legali
2131 3920 2581 3996 accommodam,
2614 3929 2680 3979 ut

266 4006 488 4085 passim
517 4003 674 4080 alibi,
708 4004 877 4061 Rom.
908 4003 1011 4062 xii.
1048 4006 1100 4079 1,
1132 4011 1191 4063 et
1217 4023 1318 4062 xv.
1355 4004 1445 4078 16,
1482 4005 1510 4058 1
1548 4003 1673 4061 Pet.
1704 4002 1764 4060 ii.
1796 4003 1850 4078 5,
1884 4001 2036 4059 Phil.
2066 4001 2145 4057 iv.
2181 4002 2273 4058 18.
