3221 5200
290 388 516 436 QuAEs'r.
549 368 663 451 1v.]
1105 390 1184 430 m:
1215 389 1554 432 voc-anons
1584 388 1661 430 Εἰ·
1690 387 1847 429 mos.
2579 374 2697 431 463

285 536 373 597 ιχί
378 557 441 584 m
471 530 688 588 Gratiae
719 530 965 590 efficacis
992 532 1317 606 attenderit,
1350 531 1517 590 facile
1562 530 1840 609 percipiet
1888 529 2012 588 haec
2059 550 2175 588 non
2225 529 2337 588 sibi
2385 529 2697 607 adversari,

284 608 387 665 sed
417 609 631 687 optime
662 611 812 668 inter
840 632 900 670 se
930 613 1281 686 consistere3
1348 611 1728 671 Vocationem
1758 619 2010 668 nostram
2042 629 2167 668 esse
2197 609 2410 668 divinae
2439 611 2699 689 omnipo-

280 689 477 747 tentiae
507 709 668 767 opus„
700 711 772 748 ne
803 691 933 768 quis
959 692 1327 751 resistibilem
1355 691 1554 768 fingat,
1587 698 1646 749 et
1692 689 1926 749 amabili
1956 701 2014 748 et
2042 689 2385 748 suavissima
2412 693 2698 768 persuasi-

283 768 410 825 onis
440 770 782 828 necessitate
812 791 917 829 nos
947 772 1058 830 sibi
1086 772 1410 846 vendicare,
1440 791 1513 830 ne
1542 771 1673 847 quis
1703 778 1959 828 coactam
1980 770 2073 827 vel
2093 770 2573 828 involuntariam
2557 792 2697 830 ima-

281 847 529 923 ginetur.
580 850 666 906 Ea
696 851 916 910 scilicet
943 859 1031 910 est
1060 860 1263 910 natura
1290 871 1480 909 rerum
1509 870 1639 927 quae
1669 850 1844 928 objici
1874 849 2062 908 solent
2089 849 2297 943 animo,
2317 860 2382 908 ut
2403 870 2472 909 eo
2494 850 2699 911 fortius

281 939 475 1003 agant,
508 949 622 1005 quo
652 931 888 989 suavius
916 932 977 989 in
1004 932 1257 989 animum
1286 930 1550 989 influunt.
1639 930 1722 989 Ut
1769 929 1929 987 nulla
1973 930 2064 987 vis
2107 930 2290 1006 major
2333 950 2543 1005 amore,
2593 952 2702 991 nee

280 1008 483 1067 fortior
509 1009 824 1069 necessitas
853 1011 1147 1086 charitate,
1179 1031 1307 1087 quae
1337 1019 1395 1069 et
1423 1011 1603 1068 instar
1632 1010 1745 1068 olei
1788 1008 1969 1068 effusa
2017 1010 2076 1067 in
2121 1009 2306 1084 nobiS,
2356 1011 2701 1070 suavissima

280 1086 661 1147 delectatione
691 1109 797 1148 nos
825 1091 1132 1167 perfundit,
1165 1100 1222 1149 et
1251 1091 1433 1149 instar
1474 1099 1692 1148 catenae
1741 1089 2069 1148 fortissimas
2116 1108 2223 1147 nos
2267 1091 2627 1168 constringit,
2660 1098 2698 1150 2

283 1168 413 1226 Cor.
446 1189 500 1226 v.
537 1172 629 1228 14.
718 1169 810 1227 Ita
836 1190 942 1228 nec
971 1171 1154 1248 prima
1184 1171 1398 1229 veritas
1427 1170 1719 1246 cognosci,
1751 1189 1857 1227 nee
1901 1169 2150 1227 felicitus
2177 1168 2460 1246 possideri
2488 1180 2696 1248 potest,

279 1247 393 1305 nisi
422 1257 479 1306 et
509 1268 731 1307 summa
760 1270 890 1307 cum
916 1251 1191 1325 lubentia,
1224 1260 1283 1309 et
1312 1270 1537 1308 summa
1564 1270 1695 1309 cum
1746 1249 2104 1307 necessitate.
2193 1249 2290 1307 Sic
2319 1250 2699 1326 omnipotenti

280 1335 338 1385 et
368 1327 583 1386 efficaci
618 1329 865 1405 Spiritus
893 1330 1211 1407 operationi
1237 1350 1353 1388 non
1382 1330 1724 1388 adversatur
1751 1328 1948 1387 suavis
1990 1328 2091 1386 illa
2138 1329 2247 1387 Dei
2291 1331 2506 1405 agendi
2552 1332 2699 1391 ratio

278 1426 382 1482 per
409 1416 710 1485 praecepta,
742 1409 1113 1481 hortationes,
1145 1419 1204 1469 et
1231 1410 1345 1467 alia
1373 1409 1675 1487 ejusmodi,
1705 1409 1918 1486 quibus
1963 1409 2122 1467 Deus
2170 1408 2246 1467 ad
2289 1410 2524 1469 modum
2568 1431 2700 1471 nos-

276 1495 428 1545 trum
456 1488 727 1564 loquitur,
760 1509 1088 1567 quanquam
1117 1510 1245 1548 cum
1276 1490 1392 1548 illis
1420 1490 1689 1548 omnibus
1717 1497 1855 1566 agat
1882 1488 1957 1547 ad
1987 1508 2174 1547 suum.

360 1567 586 1626 XXII.
633 1569 1061 1646 Qualiscunque
1091 1579 1283 1629 autem
1314 1570 1388 1629 sit
1417 1571 1518 1628 illa
1558 1570 1760 1647 gratiae
1807 1568 2054 1627 efficacis
2082 1569 2277 1642 moti0,
2325 1569 2459 1628 talis
2507 1580 2702 1630 tamen

277 1655 366 1706 est
395 1668 461 1705 ac
490 1656 666 1722 tanta,
698 1658 764 1707 ut
790 1650 959 1726 plane
984 1650 1059 1709 sit
1087 1650 1306 1709 invicta
1333 1659 1392 1708 et
1420 1650 1858 1727 insuperabilis;
1904 1669 2010 1707 nee
2070 1650 2195 1708 Deo
2244 1650 2533 1709 hominem
2563 1672 2699 1710 con-

275 1736 501 1786 vertere
530 1729 767 1803 volenti,
799 1730 979 1788 ullum
1011 1731 1274 1789 resistere
1304 1731 1487 1806 possit
1515 1731 1765 1787 hominis
1806 1728 2124 1787 arbitrium.
2211 1730 2356 1787 Haec
2402 1739 2491 1788 est
2518 1732 2691 1806 potis-

277 1807 423 1865 sima
453 1818 587 1867 nota
616 1818 673 1867 et
699 1810 964 1886 proprius
993 1811 1290 1869 character
1316 1811 1517 1886 gratiae
1547 1809 1810 1882 efficacis,
1842 1829 1956 1885 quo
1985 1808 2058 1865 ab
2087 1808 2216 1865 aliis
2238 1808 2504 1866 omnibus
2533 1809 2702 1870 donis

276 1906 406 1963 quae
435 1888 609 1947 etiam
640 1889 925 1967 Reprobis
954 1909 1365 1966 nonnunquam
1394 1888 1660 1965 indulget
1691 1891 1866 1962 Deus,
1891 1887 2338 1947 discriminatur.
2395 1888 2543 1947 Nam
2566 1910 2698 1949 cum
2764 1938 2770 1947 .

278 1975 484 2026 caetera
512 1969 803 2026 hominem
833 1970 1056 2045 possint
1084 1968 1473 2027 diversimode
1502 1968 1730 2027 afficere
1781 1977 1839 2027 et
1889 1987 2251 2025 commovere
2301 1968 2699 2047 illuminandO,

282 2047 622 2122 coercendo,
654 2056 712 2106 et
740 2056 1033 2125 utcunque
1082 2049 1255 2108 etiam
1301 2048 1677 2123 immutandO,
1731 2048 1933 2105 saltem
1978 2047 2171 2123 quoad
2219 2057 2518 2106 externam
2562 2051 2700 2108 vitoe

276 2126 658 2200 honestatem,
690 2128 817 2186 haec
847 2128 971 2185 sola
998 2129 1289 2186 hominem
1319 2128 1622 2202 convertit,
1654 2136 1713 2185 et
1740 2128 1812 2184 de
1840 2146 1994 2184 novo
2018 2135 2191 2201 creat,
2223 2136 2282 2186 et
2310 2128 2543 2203 quidem
2573 2137 2698 2188 tan-

277 2214 338 2263 ta
387 2206 656 2277 efficacia,
689 2214 754 2264 ut
783 2207 1162 2265 infallibiliter
1190 2206 1457 2266 effectum
1487 2227 1656 2265 suum
1686 2206 1972 2280 sortiatur,
2005 2215 2063 2265 et
2090 2207 2408 2282 quamlibet
2430 2208 2694 2269 volunta-

276 2285 353 2343 tis
381 2286 766 2344 resistentiam
797 2294 1042 2364 superet,
1075 2286 1233 2363 quod
1259 2286 1319 2344 in
1350 2286 1724 2363 sequentibus
1747 2286 1931 2344 fusius
1953 2285 2455 2346 demonstrabitur.

359 2364 619 2423 XXIII.
665 2365 879 2439 Quinta
908 2366 1234 2442 Propositio
1266 2389 1279 2425 :
1309 2368 1468 2425 Licet
1493 2366 1739 2442 Spiritus
1759 2366 1817 2423 in
1857 2367 2153 2424 Vocatione
2179 2367 2390 2438 efficaci
2421 2389 2533 2427 non
2560 2379 2702 2445 agat

276 2445 394 2503 sine
434 2446 629 2519 VerbO,
661 2467 773 2504 non
800 2448 922 2523 agit
948 2456 1131 2504 tame-n
1161 2455 1375 2505 tantum
1403 2447 1641 2505 mediate
1653 2467 1767 2523 per
1805 2447 2059 2520 Verbum,
2089 2449 2192 2504 sed
2228 2466 2350 2504 cum
2391 2450 2567 2506 Verbo
2596 2450 2696 2507 im·

278 2526 514 2583 mediate
525 2526 691 2583 etiam
703 2537 975 2603 operatur
985 2528 1042 2585 in
1053 2527 1319 2602 animam,
1333 2535 1398 2584 ut
1416 2527 1644 2585 Vocatio
1656 2529 1904 2602 effectum
1913 2546 2072 2584 suum
2084 2528 2394 2586 necessario
2404 2529 2694 2588 sortiatur.

280 2606 426 2665 Dico
444 2606 720 2683 Spiritum
733 2627 847 2665 non
860 2628 1029 2684 agere
1043 2608 1165 2666 sine
1179 2608 1393 2666 Verbo,
1456 2609 1602 2666 Cum
1631 2609 1801 2683 enim,
1833 2615 1899 2666 ut
1919 2608 2043 2683 J'am
2072 2607 2508 2683 insinuavimus,
2537 2609 2698 2669 Deus

276 2706 447 2762 agere
476 2686 571 2745 hic
594 2687 737 2746 velit
777 2687 950 2746 modo
1000 2698 1220 2747 naturae
1262 2688 1529 2747 rationali
1579 2687 1964 2762 convenienti,
2012 2697 2071 2746 et
2106 2689 2281 2765 juxta
2330 2688 2697 2766 Apostolum,

277 2766 445 2824 Rom.
476 2788 535 2825 x.
572 2771 662 2842 17,
697 2769 733 2800 “
758 2767 935 2826 Fides
964 2768 1039 2826 sit
1086 2788 1162 2827 ex
1190 2769 1409 2844 auditu,
1442 2767 1673 2828 auditus
1701 2777 1892 2827 autem
1922 2788 1998 2827 ex
2037 2768 2234 2826 Verbo
2283 2769 2391 2827 Dei
2416 2770 2473 2845 ;’'
2559 2771 2694 2828 Cer-

277 2854 399 2904 tum
429 2855 517 2906 est
546 2847 808 2907 Verbum
837 2849 1159 2907 necessario
1188 2869 1526 2908 concurrere
1556 2849 1766 2908 debere
1795 2869 1924 2906 cum
1967 2848 2185 2925 Spiritu
2234 2847 2309 2906 ad
2352 2849 2533 2908 nostri
2562 2870 2696 2909 con-

278 2926 603 2983 versionem
633 2947 707 2984 ex
738 2928 940 2987 ordine
975 2929 1101 3001 Dei,
1133 2937 1192 2987 et
1222 2930 1487 2988 Foederis
1517 2930 1718 3006 gratiae
1759 2928 2187 3002 constitutione,
2214 2930 2329 2986 Isa.
2359 2928 2463 2987 lix.
2510 2933 2606 3004 21,
2638 2939 2698 2989 et

278 3005 401 3062 sine
432 3025 500 3062 eo
534 3006 808 3081 Spiritum
855 3007 916 3063 in
959 3007 1174 3065 adultis
1203 3009 1363 3066 illam
1392 3029 1510 3067 non
1540 3009 1782 3084 operari.
1869 3008 1991 3065 Nec
2014 3007 2251 3065 dubium
2270 3016 2375 3082 est,
2396 3009 2536 3084 quin
2564 3018 2700 3085 apta

277 3093 336 3142 et
364 3085 592 3160 sapiens
622 3086 748 3160 ejus
777 3085 1149 3162 dispensatim
1180 3108 1284 3164 per
1311 3089 1523 3145 claram
1554 3095 1614 3145 et
1642 3086 1887 3144 solidam
1935 3086 2197 3144 veritatis
2244 3087 2696 3164 propositionem

275 3173 594 3240 opportune
623 3164 848 3238 factam,
879 3165 1124 3223 multum
1155 3166 1411 3225 conferat
1432 3165 1505 3223 ad
1526 3166 1666 3223 boni
1695 3166 1883 3241 operis
1911 3184 2258 3223 successum.
2347 3164 2463 3223 Sed
2482 3167 2698 3242 qualis-

276 3263 501 3320 cunque
532 3244 607 3302 sit
634 3247 759 3320 ejus
788 3244 1055 3320 efficacia,
1086 3264 1205 3304 non
1233 3245 1442 3304 suffieit
1468 3252 1662 3303 tamen
1693 3245 1815 3302 sine
1843 3243 2175 3302 immediata
2207 3244 2456 3320 Spiritus
2497 3264 2697 3321 opera-

276 3324 450 3382 tione.
498 3324 619 3382 Ncc
650 3324 909 3383 Verbum
920 3325 1230 3401 quantavis
1242 3325 1534 3384 evidentia
1544 3334 1601 3383 et
1613 3323 2037 3402 opportunitate
2049 3324 2423 3400 propositum,
2439 3336 2497 3383 et
2513 3326 2696 3402 quali-

274 3403 614 3481 buscunque
644 3404 1089 3464 circumstantiis
1110 3414 1169 3464 et
1190 3405 1555 3464 adminiculis
1570 3405 1863 3479 vestitum,
1888 3412 2084 3482 posset
2106 3403 2371 3464 effectum
2394 3404 2568 3463 istum
2593 3425 2696 3464 un-

277 3504 449 3560 quam
479 3484 812 3561 producere,
842 3485 955 3543 nisi
984 3485 1282 3544 accederet
1310 3505 1534 3560 areana,
1568 3483 1877 3544 ineffabilis
1905 3494 1964 3545 et
1992 3483 2418 3562 hyperphysica
2443 3485 2693 3563 Spiritus

277 3564 550 3641 operatiO,
582 3585 711 3642 quae
741 3565 1068 3624 immediate
1097 3566 1344 3624 animam
1377 3566 1646 3640 afficeret,
1678 3574 1737 3624 et
1763 3565 1824 3623 vi
1853 3565 2243 3642 omnipotente
2272 3564 2545 3625 flecteret.
2591 3566 2696 3625 Ni-

276 3645 501 3721 mirum,
528 3666 659 3705 cum
690 3647 806 3705 duo
834 3646 908 3704 ad
938 3647 1373 3705 conversionem
1402 3645 1727 3706 necessario
1755 3647 2156 3722 requirantur3
2205 3646 2361 3704 Hinc
2396 3647 2696 3741 Objecturn,

277 3725 437 3799 quod
459 3725 819 3784 extrinsecus
847 3724 1118 3786 offeratur
1146 3728 1341 3803 menti,
1377 3727 1523 3786 Inde
1551 3746 1691 3786 vero
1704 3729 1976 3802 facultas,
2008 3746 2138 3803 quae
2179 3726 2337 3785 intus
2377 3725 2525 3784 illud
2552 3727 2695 3786 reei-

278 3802 430 3877 piat;
479 3805 556 3862 Et
584 3825 686 3881 per
711 3814 1013 3882 peceatum
1041 3807 1174 3865 talis
1202 3827 1269 3865 ac
1299 3816 1460 3867 tanta
1484 3808 1545 3865 in
1590 3808 1842 3866 animam
1891 3807 1967 3865 sit
2014 3806 2246 3864 invecta
2292 3806 2600 3882 corrupti0,
2631 3816 2698 3866 ιιι

274 3881 412 3940 lieet
441 3902 666 3958 semper
692 3884 751 3939 in
781 3904 849 3942 ea
875 3887 1213 3944 remanserit
1240 3888 1498 3963 potentia
1524 3887 1804 3946 naturalis
1831 3884 2196 3960 intelligendi
2225 3892 2283 3942 et
2311 3883 2561 3957 volendi,
2593 3885 2694 3944 ha·

277 3960 433 4019 bitus
460 3969 654 4019 tamen
684 3982 787 4020 seu
814 3963 1116 4040 dispositio
1144 3966 1379 4024 moralis
1405 3967 1553 4024 bene
1565 3964 1871 4042 judicandi
1887 3973 1946 4023 et
1966 3963 2199 4022 volendi
2219 3963 2302 4021 ita
2319 3930 2692 4041 interciderit,

277 4049 343 4099 ut
371 4060 485 4099 non
515 4042 698 4117 possit
726 4042 973 4116 amplius
1002 4044 1221 4100 moveri
1249 4045 1324 4102 ad
1352 4055 1570 4104 rectum
1601 4045 1690 4103 sui
1740 4044 2078 4102 exercitium
2108 4062 2211 4119 per
2257 4043 2564 4120 appulsum
2592 4045 2693 4103 ob-

269 4121 431 4198 jecti,
463 4130 529 4180 ut
557 4120 681 4180 fieri
710 4121 975 4180 solebat
960 4141 1018 4178 m
1049 4122 1248 4180 ordine
1279 4125 1544 4198 naturali,
1577 4132 1636 4182 et
1677 4132 1830 4182 statu
1880 4122 2130 4181 hominis
2156 4122 2439 4198 instituto,
2473 4124 2586 4181 nisi
2613 4125 2696 4183 fa—

277 4201 464 4260 cultas
492 4202 619 4279 ipsa
646 4201 805 4279 prius
834 4210 1161 4260 renovetur.
1248 4203 1390 4262 Ideo
1419 4203 1637 4280 duplici
1665 4204 1853 4280 gratia
1878 4203 2097 4260 homini
2128 4203 2516 4262 convertendo
2546 4223 2695 4263 sem-

274 4302 378 4358 per
406 4303 551 4359 opus
580 4291 685 4358 est,
716 4282 898 4340 altera
946 4283 1210 4357 objectiva
1259 4292 1316 4342 et
1363 4283 1704 4359 extrinseca,
1757 4303 1886 4359 quae
1935 4283 1994 4340 in
2044 4282 2256 4359 objecti
2304 4284 2695 4360 propositione

277 4361 389 4420 sita
416 4371 520 4438 est,
553 4328 733 4421 alteia
761 4382 899 4421 vero
926 4363 1236 4439 subjectiva,
1269 4384 1397 4441 quae
1427 4372 1565 4440 agat
1592 4363 1921 4423 immediate
1968 4363 2028 4421 in
2077 4362 2426 4437 facultatem,
2475 4372 2540 4422 ut
2567 4384 2693 4424 eam

277 4440 489 4517 objecti
519 4463 786 4519 capacem
816 4443 1035 4519 reddat,
1066 4463 1184 4502 non
1227 4444 1400 4503 modo
1447 4452 1514 4503 ut
1560 4451 1724 4503 actus
1772 4464 1908 4503 suos
1936 4443 2088 4502 circa
2113 4442 2261 4501 illud
2286 4451 2441 4501 recte
2486 4443 2693 4505 elicere

276 4521 477 4596 possit,
511 4524 613 4581 sed
642 4524 815 4582 etiam
843 4532 909 4583 ut
937 4544 1036 4582 eos
1064 4532 1196 4584 actu
1226 4525 1435 4584 eliciat.
1521 4524 1783 4600 Utraque
1811 4544 1951 4583 vero
1979 4545 2014 4581 a
2046 4523 2264 4600 Spiritu
2310 4524 2524 4582 Sancto
2551 4545 2692 4618 pen-

277 4600 376 4658 det
402 4600 665 4660 bifariam
695 4613 982 4680 operante,
1015 4612 1073 4662 et
1099 4605 1160 4662 in
1190 4605 1405 4708 Verb0,
1454 4613 1513 4664 et
1556 4604 1616 4662 in
1663 4604 1868 4664 Corde.
1955 4605 2025 4661 In
2071 4605 2267 4664 Verbo
2316 4604 2425 4663 sub
2473 4606 2695 4666 ratione

277 4700 460 4739 causoe
488 4683 934 4758 objectivoe.1n
964 4684 1149 4744 Corde
1179 4686 1286 4744 sub
1316 4713 1405 4755 εχ
1394 4695 1471 4741 'ue
1498 4705 1684 4744 causae
1706 4686 1981 4758 efficientis
2001 4684 2153 4744 fidei.
2242 4685 2313 4743 In
2343 4685 2540 4745 Verbo
2569 4706 2692 4745 mo-
