3221 5200
464 343 586 401 270
1289 356 1471 397 Locus
1501 357 1760 398 nscnms
1790 336 2885 419 TERT1cS.[Qussr.v.

468 499 664 579 potius
691 506 961 574 amovet3
1007 497 1122 558 Vel
1150 518 1219 557 ea
1239 518 1369 576 quae
1398 506 1486 558 est
1512 498 1664 558 inter
1704 518 2005 578 personam
2038 507 2097 560 ct
2128 498 2439 559 essentiam
2472 498 2693 574 relatio,
2739 497 2888 573 Quia

459 601 603 641 cum
619 599 740 638 non
762 578 992 638 aboleat
1009 578 1317 638 discrimen
1344 599 1732 656 personarum,
1784 601 1892 640 nec
1937 579 2229 657 impediat,
2276 580 2585 658 quominus
2612 599 2730 639 una
2756 598 2883 655 per-

463 681 615 720 sona
657 679 860 718 revera
887 658 1280 736 distinguatur
1326 659 1400 717 ab
1427 659 1625 736 altera,
1669 662 1854 720 multo
1898 660 2090 720 minus
2126 660 2386 739 impedit,
2459 659 2727 721 uominus
2767 678 2885 719 una

463 742 801 800 incarnetur
827 740 1045 816 absque
1075 740 1273 799 altera.

550 822 733 880 VIII.
767 821 831 879 Si
861 820 1189 879 Incamatio
1210 819 1483 880 tribuitur
1509 821 1804 880 nonnullis
1845 821 1906 880 in
1935 821 2081 881 locis
2132 821 2276 897 Dec,
2308 830 2373 881 ut
2399 824 2428 879 1
2475 821 2624 881 Tim.
2655 820 2736 880 iii.
2789 820 2880 895 16,

468 903 594 962 Col.
624 902 684 961 ii.
715 904 771 975 9,
801 902 911 960 hoc
957 899 1400 978 intelligendum
1446 910 1536 960 est
1563 901 1637 960 de
1667 911 1873 961 natura
1919 901 2136 978 divina,
2176 923 2292 962 non
2320 902 2584 961 absolute
2613 909 2671 960 et
2699 901 2760 959 in
2797 919 2879 975 se,

470 983 574 1043 sed
603 983 781 1042 relate
810 981 884 1040 ad
914 981 1302 1039 characterem
1326 981 1478 1057 Filii,
1503 1001 1620 1059 quo
1643 981 2019 1060 distinguitur
2045 1003 2081 1041 a
2111 983 2281 1042 Patre
2310 992 2369 1042 et
2400 982 2618 1060 Spiritu
2644 982 2876 1040 Sancto,

463 1066 542 1123 Et
557 1064 669 1122 hoc
681 1062 886 1120 volunt
915 1061 1134 1134 Pati-ea,
1155 1061 1255 1138 qui
1277 1061 1561 1121 affirmant
1581 1062 1840 1121 divinam
1868 1073 2132 1122 naturam
2161 1083 2287 1122 esse
2307 1063 2678 1137 incarnatam,
2709 1060 2876 1119 nimi·

457 1165 585 1204 rum
616 1145 656 1201 ἔν
679 1143 779 1219 pel-3⁶
807 1142 1136 1217 ὑποστάτην,
1167 1151 1225 1202 et
1254 1144 1293 1200 ἓν
1333 1143 1597 1202 ὑποστάσει
1627 1143 1800 1214 λέγω.
1885 1144 1968 1203 Ut
1995 1144 2145 1203 hane
2185 1144 2440 1222 phrasim
2482 1144 2878 1202 Damascenus

453 1224 730 1302 explicat,
763 1223 862 1282 lib.
893 1223 972 1281 iii.
1003 1243 1129 1300 cap.
1161 1226 1215 1298 6,
1248 1232 1305 1282 ct
1335 1223 1539 1282 Lomb.
1569 1225 1671 1283 lib.
1701 1225 1783 1282 iii.
1813 1224 1946 1284 dist.
1978 1229 2032 1282 2.

543 1304 663 1363 IX.
710 1304 876 1362 Licet
903 1303 1154 1362 essentia
1180 1313 1414 1381 propter
1441 1324 1724 1363 summam
1770 1304 2195 1381 simplicitatem
2237 1304 2297 1363 in
2325 1313 2518 1382 partes
2546 1302 2732 1361 dividi
2758 1322 2877 1361 non

457 1385 646 1463 possit
669 1407 685 1443 ε
727 1393 922 1442 tamen
950 1383 1087 1460 quia
1113 1384 1283 1441 aliter
1309 1393 1399 1443 est
1427 1384 1485 1442 in
1511 1384 1700 1459 Patre,
1721 1393 1862 1463 puta
1887 1387 2164 1458 ἀγενήτως,
2190 1385 2357 1443 aliter
2386 1385 2445 1442 in
2468 1385 2638 1457 Filio,
2667 1384 2730 1441 in
2758 1402 2874 1459 quo

448 1474 566 1541 «est,
595 1468 839 1540 φηςι-ὅς,
870 1464 1040 1523 aliter
1067 1464 1126 1521 in
1159 1463 1377 1540 Spiritu
1399 1464 1477 1540 S.,
1511 1463 1655 1523 Ideo
1683 1465 1871 1542 potuit
1897 1476 2105 1525 natura
2130 1465 2383 1523 humana
2418 1464 2634 1523 assumi
2672 1482 2873 1521 secun·

460 1545 599 1605 dum
629 1566 808 1604 unum
838 1543 1186 1603 subsistendi
1214 1544 1466 1619 modum,
1499 1545 1600 1621 qui
1635 1545 1935 1603 constituit
1980 1565 2152 1603 unam
2193 1544 2494 1603 Trinitatis
2535 1544 2870 1617 Personam,

455 1635 524 1685 ut
550 1645 668 1684 non
694 1633 1085 1684 assumeretur
1112 1624 1429 1683 secundum
1457 1624 1728 1701 reliquos,
1761 1625 1863 1702 qui
1895 1625 2147 1701 reliquas
2173 1644 2450 1703 personas
2479 1623 2872 1699 constituunt;

459 1705 927 1783 quandoquidem
956 1705 1018 1763 hi
1046 1704 1200 1762 modi
1226 1724 1342 1762 non
1372 1704 1557 1763 solum
1578 1705 1818 1780 ratione,
1851 1705 1954 1764 sed
1972 1706 2143 1764 etiam
2165 1725 2226 1764 re
2257 1704 2547 1764 differunt.

541 1787 626 1844 X.
671 1787 811 1845 Alia
838 1794 928 1845 est
955 1785 1101 1844 ratio
1125 1784 1367 1843 visionis
1396 1784 1683 1844 intuitivae
1704 1785 1765 1843 in
1794 1786 1994 1861 beatis,
2020 1786 2137 1845 alia
2154 1786 2386 1845 unionis
2414 1784 2794 1863 hypostaticae
2817 1784 2877 1843 in

459 1868 708 1927 Christo.
795 1867 909 1925 Illa
929 1866 1112 1943 primo
1142 1874 1199 1924 et
1215 1885 1323 1942 per
1341 1884 1402 1924 se
1423 1867 1765 1925 terminatur
1791 1866 1866 1925 ad
1889 1867 2200 1926 essentiam
2222 1866 2496 1941 divinam,
2522 1874 2587 1925 ut
2609 1874 2697 1925 est
2718 1885 2873 1923 com-

458 1949 650 2006 munis
677 1947 862 2006 tribus
890 1945 1167 2023 personis,
1199 1945 1334 2023 quia
1380 1966 1499 2005 rem
1529 1946 1703 2006 debet
1747 1946 2030 2024 attingere
2061 1947 2210 2006 sicut
2237 1947 2297 2004 in
2328 1967 2388 2005 se
2418 1955 2508 2005 est
2526 1968 2540 2021 ;
2587 1945 2666 2004 id.
2713 1945 2875 2004 Deus

458 2028 632 2087 debet
659 2027 845 2086 videri
874 2036 933 2086 et
961 2028 1235 2104 cognosci
1262 2046 1298 2084 a
1319 2025 1504 2085 beatis
1535 2027 1691 2086 sicut
1719 2035 1823 2102 cst,
1856 2028 2117 2104 adeoque
2155 2027 2327 2086 simul
2360 2026 2527 2086 Unus
2555 2034 2615 2085 et
2642 2026 2873 2084 Trinus.

462 2108 578 2167 Sed
605 2129 722 2167 non
750 2108 952 2179 debuit
980 2107 1132 2166 uniri
1159 2106 1520 2184 hypostatice
1559 2116 1766 2167 natura
1795 2109 2047 2166 humana
2091 2107 2200 2167 toti
2237 2107 2540 2182 Trinitati3
2587 2106 2690 2165 sed
2734 2106 2876 2165 satis

458 2188 567 2248 fuit
611 2209 739 2247 eam
778 2187 1056 2265 conjungi
1105 2195 1326 2245 naturae
1373 2187 1606 2262 divinae,
1637 2208 1755 2246 non
1800 2209 1915 2265 qua
1942 2188 2057 2248 late
2106 2196 2281 2266 patet,
2324 2196 2382 2246 et
2411 2186 2682 2246 convenit
2703 2187 2877 2246 etiam

461 2269 622 2328 Patri
650 2277 709 2329 et
754 2268 994 2346 Spiritui
1027 2269 1085 2327 S.
1117 2267 1219 2326 sed
1257 2288 1373 2345 qua
1401 2268 1849 2328 characterizata
1891 2278 1996 2346 est,
2044 2277 2103 2328 et
2131 2267 2547 2328 determinata
2530 2287 2591 2325 m
2622 2267 2879 2326 Persona

462 2350 619 2408 Filii.

542 2430 661 2487 XI.
711 2429 774 2488 Si
814 2429 1097 2487 Doctores
1143 2428 1326 2487 nostri
1379 2448 1495 2487 non
1540 2428 1897 2490 admiserunt
1943 2389 2197 2507 phrasim
2242 2429 2718 2520 Lutheranorum,
2777 2427 2877 2505 qui

461 2511 744 2569 Naturam
771 2508 1032 2567 divinam
1059 2509 1416 2567 incarnatam
1460 2517 1745 2584 asserunt,
1788 2529 1905 2568 non
1932 2511 2042 2568 hoc
2089 2510 2221 2568 ideo
2250 2509 2484 2583 faciunt,
2516 2507 2681 2585 quasi
2700 2509 2877 2567 abso-

458 2591 578 2650 lutc
607 2598 666 2649 et
687 2588 1026 2666 simpliciter
1045 2596 1261 2665 negent
1288 2597 1551 2647 naturam
1574 2589 1831 2648 divinam
1861 2590 2212 2649 incarnatam
2237 2611 2380 2662 esse,
2402 2597 2461 2648 et
2488 2589 2674 2649 solum
2703 2587 2879 2669 rgo'aeov

458 2672 703 2748 ὑπάρξεως
724 2671 943 2746 absque
972 2678 1178 2727 natura
1204 2668 1407 2726 divina
1455 2670 1813 2729 incarnatum
1851 2670 2063 2745 dicant,
2116 2679 2180 2729 ut
2217 2672 2431 2746 injuste
2478 2668 2875 2729 traducuntur.

461 2752 578 2809 Sed
607 2758 830 2810 tantum
853 2748 1044 2807 minus
1066 2758 1395 2808 accuratum
1416 2748 1693 2825 loquendi
1714 2768 1899 2825 genus
1926 2751 2339 2827 perstringunt,
2364 2748 2520 2825 quod
2538 2769 2723 2826 neque
2745 2770 2878 2809 cum

464 2831 777 2908 Scriptura,
808 2848 995 2906 ncquc
1026 2849 1159 2888 cum
1187 2827 1431 2887 veritate
1459 2828 1560 2903 rei,
1591 2828 1706 2886 nisi
1734 2828 1936 2888 dextre
1965 2830 2304 2907 explicetur,
2330 2838 2482 2889 stare
2510 2837 2718 2907 potest.

1414 3069 1802 3147 QUAESTIO
1845 3071 1922 3131 v.

1322 3252 1401 3292 DE
1431 3251 1675 3292 NATURA
1706 3252 2034 3292 ASSUMPTA.

457 3396 552 3454 An
573 3397 810 3454 Natura
831 3396 1113 3452 Humana
1130 3403 1421 3469 assumpta
1438 3414 1477 3451 a
1504 3393 1653 3469 Λόγῳ
1666 3393 1853 3467 suerit
1872 3403 2079 3451 nostres
2088 3414 2204 3469 per
2220 3392 2409 3451 omnia
2426 3392 2622 3449 similis
2643 3401 2874 3467 excepto

528 3483 782 3550 peccato,
807 3483 862 3531 ct
890 3475 1047 3532 Caro
1075 3476 1193 3547 eius
1214 3475 1613 3531 exsubstantia
1634 3475 1709 3531 B.
1752 3473 1997 3547 Viryinis
2025 3474 2356 3548 desmnpea!
2436 3472 2531 3529 An
2571 3491 2703 3530 vero
2724 3472 2871 3531 cmli-

541 3562 628 3611 tus
649 3555 918 3628 delapsa.
910 3555 933 3593 ²
1019 3553 1188 3610 Prius
1217 3551 1462 3627 Affirm.,
1499 3552 1721 3610 Poster.
1753 3552 1900 3628 Neg.
1889 3595 1923 3627 .,
1948 3560 2147 3610 contra
2175 3550 2610 3627 Anabaptistas.

462 3750 602 3796 varii
633 3763 821 3796 errores
857 3750 949 3794 cir
1071 3710 1121 3769 Ι.
1167 3711 1252 3771 Ut
1279 3710 1566 3769 variarum
1599 3708 1907 3769 haeresium
1945 3709 2233 3770 furoribus
2267 3709 2527 3788 impetita
2549 3719 2637 3770 est
2666 3710 2881 3772 Christi

520 3810 947 3855 oahummitatom
993 3791 1319 3867 Divinitas;
1351 3791 1443 3850 Ita
1465 3791 1679 3849 multos
1695 3791 1976 3849 adversus
2003 3791 2131 3868 ejus
2159 3791 2574 3850 humanitatem
2603 3793 2882 3853 excitavit

524 3868 734 3915 Chfflffl
791 3868 946 3913 Mani·
989 3873 1186 3931 hostes
1209 3872 1403 3930 Satan.
1473 3870 1784 3930 Manichoei
1797 3881 1857 3930 et
1873 3873 2233 3931 Marcionitoe
2267 3872 2559 3932 Christum
2588 3894 2705 3936 non
2722 3893 2877 3949 vere,

517 3933 788 3981 ⁰¹²⁸⁰⁰⁰¹¹¹¹⁹
990 3951 1094 4012 sed
1106 3961 1444 4030 apparenter
1459 3960 1681 4011 tantum
1695 3960 1753 4011 et
1765 3953 2123 4029 phantastice
2141 3952 2431 4011 hominem
2450 3953 2626 4013 fuisse
2646 3964 2881 4014 conten-

518 4060 886 4106 valentiniano-
987 4033 1217 4107 debant,
1249 4041 1308 4092 et
1329 4032 1410 4091 ita
1437 4033 1851 4091 humanitatem
1882 4034 2009 4110 ejus
2039 4033 2099 4091 in
2128 4042 2417 4112 spectrum
2447 4035 2877 4094 convertebant.

634 4133 770 4170 rum·
1001 4114 1379 4173 Valentiniani
1402 4133 1608 4191 corpus
1636 4113 1872 4190 quidem
1900 4113 2188 4189 habuisse,
2215 4113 2319 4173 sed
2347 4113 2418 4172 de
2447 4114 2594 4172 coelo
2622 4114 2880 4190 missum,

459 4219 577 4261 non
622 4199 697 4258 de
745 4192 991 4276 Virgine
1035 4203 1369 4272 acceptum3
1415 4195 1493 4253 Et
1539 4214 1747 4271 corpus
1789 4194 2054 4288 Virginis
2095 4194 2271 4254 fuisse
2306 4193 2487 4253 instar
2515 4195 2748 4269 canalia,
2779 4214 2882 4271 per

984 4295 1157 4353 quem
1214 4274 1435 4352 Corpus
1491 4273 1706 4333 Christi
1760 4275 2066 4335 transierit.
2176 4273 2600 4352 Apollinaristae
2654 4295 2882 4333 carnem

519 4346 886 4447 ΛΡΟῙιῘιῘιῖῃῧῖὶδω·
984 4356 1218 4449 quidem
1261 4354 1530 4414 habuissc
1572 4354 1915 4449 credebant,
1937 4376 2053 4414 non
2083 4363 2274 4414 tamen
2303 4355 2459 4433 quod
2487 4375 2613 4413 eam
2643 4376 2718 4413 ex
2747 4354 2881 4412 Vir-

753 4439 766 4458 ’
984 4437 1120 4513 gine
1155 4435 1510 4513 sumpsisset,
1556 4434 1660 4494 sed
1701 4435 1859 4513 quod
1900 4436 1962 4493 in
2006 4435 2410 4494 Incarnatione
2440 4435 2661 4512 aliquid
2696 4436 2883 4495 Verbi

443 4514 517 4573 in
546 4536 774 4576 carnem
805 4536 1145 4576 conversum
1174 4526 1342 4590 esset,
1374 4525 1432 4575 et
1458 4516 1588 4575 loco
1618 4516 1823 4575 animae
1851 4516 2125 4575 divinitas
2155 4535 2385 4575 carnem
2414 4515 2761 4577 informaret.

1066 4598 1096 4656 I
1108 4597 1151 4655 1.
1194 4597 1420 4655 Horum
1440 4597 1694 4655 omnium
1715 4606 2041 4675 prementes
2054 4597 2307 4675 vestigia
2323 4596 2586 4657 hodierni
2607 4599 2881 4675 Anabap·

472 4646 925 4707 anabaptistarum.
979 4678 1136 4752 tistoe,
1167 4684 1385 4754 negant
1414 4678 1706 4738 Christum
1754 4697 1831 4737 ex
1870 4678 1943 4737 Β.
1975 4677 2239 4756 Virginis
2278 4677 2603 4739 substantia
2646 4698 2876 4738 carnem
