3221 5200
529 354 645 411 526
1312 368 1494 408 Locus
1525 365 1786 406 nscmus
1815 365 2087 414 ρυικτυε.
2528 343 2790 425 [QUAEsr.
2823 365 2942 405 xm.

519 511 674 570 raele
703 509 945 582 dixerat,
970 517 1027 567 et
1049 507 1264 567 Paulus
1282 509 1434 567 clare
1463 514 1723 581 testatur,
1756 511 1792 564 2
1824 506 1953 563 Cor.
1982 505 2083 580 iii„
2114 513 2174 563 et
2222 504 2376 564 Heb.
2406 504 2548 579 viii„
2579 505 2640 563 in
2690 507 2939 583 applica-

522 592 679 650 tione
708 590 833 666 ejus
861 588 936 646 ad
960 588 1177 646 Foedus
1207 589 1361 647 Novi
1388 587 1762 646 Testamenti.
1848 586 2007 661 Ergo
2056 585 2163 643 sub
2192 585 2569 661 promissione
2592 586 2943 644 reductionis

526 690 604 729 ex
634 668 986 745 captivitate,
1033 688 1163 744 quse
1192 668 1258 726 fit
1284 668 1391 726 toti
1423 668 1622 725 Israeli
1643 665 1959 724 secundum
1981 684 2227 738 carnem,
2279 664 2595 724 includitur
2633 667 2940 741 promissio

525 748 915 807 renovationis
946 749 993 804 F
998 748 1206 806 oederis
1236 747 1470 820 Gratiae,
1503 767 1633 824 quse
1662 747 1728 803 fit
1753 746 1862 803 toti
1904 744 2108 803 Israeli
2152 744 2467 803 secundum
2521 745 2820 821 Spiritum,
2851 746 2943 822 qui

521 849 625 888 suo
654 836 909 904 tempore
938 836 1095 885 totus
1123 827 1341 885 servari
1362 827 1578 895 debuit,
1614 827 1782 884 Rom.
1813 825 1893 884 xi.
1923 828 2019 900 26,
2051 825 2218 901 cujus
2246 824 2346 883 ille
2373 832 2548 902 typus
2576 825 2701 899 fuit,
2732 835 2806 884 ut
2834 825 2939 883 sol·

525 908 695 966 lenne
725 917 814 966 est
865 906 1169 982 Prophetis
1218 906 1342 964 haec
1373 906 1521 964 inter
1571 926 1633 964 se
1657 913 2015 964 connectere.
2101 904 2223 961 Nec
2271 904 2321 961 si
2348 906 2784 981 perseverantia
2823 906 2940 982 jam

529 987 750 1047 Electis
779 1005 1052 1044 concessa
1078 985 1189 1044 fuit
1217 986 1324 1044 sub
1354 985 1555 1044 Veteri
1584 986 1971 1059 Testamento,
1995 983 2127 1042 ideo
2150 984 2410 1060 sequitur
2430 1004 2542 1042 non
2562 1004 2731 1060 posse
2752 984 2939 1044 denuo

527 1066 783 1145 promitti
808 1089 821 1140 ;
866 1085 999 1122 nam
1029 1074 1087 1124 et
1131 1065 1349 1123 Foedus
1394 1065 1613 1125 Gratiae
1654 1066 1778 1142 jam
1826 1072 1965 1138 erat,
2018 1064 2121 1122 sed
2168 1064 2522 1140 promittitur
2568 1073 2781 1139 tamen,
2815 1065 2943 1142 quia

527 1148 701 1223 longe
731 1145 1013 1203 illustrius
1041 1154 1100 1204 et
1126 1145 1411 1203 efficacius
1441 1145 1640 1203 debuit
1667 1144 1948 1218 renovari,
1981 1151 2104 1202 tum
2145 1143 2220 1202 ob
2262 1144 2486 1221 copiam
2514 1143 2939 1217 beneficiorum,

526 1235 652 1286 tum
680 1226 754 1284 ob
785 1225 973 1301 Caput
1000 1234 1324 1300 venturum,
1355 1234 1478 1284 tum
1505 1225 1645 1301 quia
1671 1224 1826 1301 typis
1855 1223 2099 1282 sublatis
2144 1224 2337 1283 omnia
2364 1223 2518 1281 nude
2546 1231 2709 1281 erant
2734 1245 2941 1300 propo·

526 1306 736 1365 nenda.
808 1308 863 1362 2.
911 1304 1113 1363 Notari
1144 1305 1575 1363 “intentionem
1606 1313 1666 1362 et
1689 1305 1881 1377 finem,
1905 1323 2077 1379 quem
2102 1303 2264 1362 Deus
2308 1303 2419 1361 sibi
2435 1304 2813 1380 proponebat,
2845 1303 2941 1362 sed

532 1406 648 1444 non
677 1392 965 1460 eventum,
997 1392 1063 1442 ut
1089 1393 1321 1443 notetur
1348 1404 1559 1460 magna
1585 1384 1850 1460 quaedam
1870 1391 1928 1442 et
1949 1381 2153 1441 efficax
2199 1382 2313 1440 Dei
2358 1383 2557 1457 moti0,
2589 1403 2720 1460 quae
2750 1383 2942 1442 futura

529 1474 652 1523 erat
673 1484 775 1541 per
802 1463 1054 1540 insignia
1079 1463 1262 1522 multa
1286 1463 1583 1538 beneficia,
1616 1464 1827 1540 quibus
1870 1463 2179 1521 effecturus
2208 1470 2331 1521 erat
2376 1463 2670 1540 populum,
2701 1464 2941 1540 ejusque

528 1565 628 1603 cor
655 1553 713 1602 et
740 1543 994 1601 animum
1022 1543 1397 1618 emollituruS,
1429 1553 1496 1601 ut
1522 1563 1625 1619 per
1651 1543 1840 1619 ipsum
1866 1562 1983 1600 non
2013 1551 2294 1600 staturum
2325 1542 2416 1616 sit,
2448 1542 2755 1618 quominus
2778 1543 2941 1601 effec-

527 1633 624 1683 tus
651 1623 821 1700 plane
850 1632 1251 1700 consequatur,
1282 1630 1341 1681 et
1366 1631 1432 1681 ut
1461 1623 1623 1680 Deus
1652 1622 1844 1680 omnia
1868 1621 2124 1681 facturus
2153 1630 2307 1680 esset
2333 1631 2612 1698 quantum
2632 1622 2693 1680 in
2712 1642 2776 1681 se
2806 1632 2941 1697 erat,

530 1711 810 1779 quantum
838 1710 896 1761 et
917 1702 1025 1762 hoc
1054 1704 1220 1761 aliter
1248 1703 1477 1772 evenire
1506 1710 1718 1780 posset,
1749 1702 1885 1779 quia
1910 1701 2057 1760 illud
2085 1721 2202 1760 non
2230 1702 2446 1778 absque
2463 1721 2659 1760 eorum
2678 1722 2945 1779 coopera-

531 1784 687 1842 tione
717 1791 840 1840 erat
867 1784 1265 1858 eventurum,'’
1292 1791 1358 1841 ut
1387 1783 1593 1840 Collat.
1644 1782 1821 1858 Hagi.
1871 1782 2218 1841 cavillantur
2259 1790 2392 1858 post
2439 1781 2630 1840 Socin.
2683 1783 2943 1841 Praelect.

535 1884 659 1940 cap.
697 1866 787 1937 12,
825 1862 975 1920 Sect.
1008 1865 1063 1920 6.
1149 1863 1324 1940 Resp.
1362 1865 1412 1921 1.
1459 1864 1767 1938 Perperam
1797 1869 2096 1938 separatur
2120 1862 2364 1920 intentio
2404 1861 2479 1919 ab
2528 1871 2757 1937 eventu,
2813 1862 2946 1939 quia

536 1943 697 2000 Deus
726 1961 1020 2017 nunquam
1070 1942 1337 2001 excidere
1385 1950 1576 2019 potest
1625 1941 1940 2000 intentione
1968 1949 2027 1999 et
2052 1941 2167 2000 fine
2197 1960 2319 2000 suo.
2364 1945 2420 1999 2.
2466 1940 2598 1999 Non
2627 1941 2825 2018 agitur
2851 1941 2941 1999 hic

530 2022 601 2080 de
623 2023 780 2098 Lege
810 2021 905 2078 vel
932 2029 1235 2098 praeceptO,
1267 2041 1382 2098 quo
1426 2021 1761 2098 praescribat
1804 2020 2022 2079 homini
2071 2021 2319 2079 officium
2370 2040 2554 2096 suum,
2585 2020 2740 2097 quod
2768 2022 2942 2079 homo

531 2102 752 2159 malitia
780 2120 885 2158 sua
911 2120 1028 2158 non
1056 2101 1398 2178 exequitur3
1444 2101 1546 2160 sed
1575 2100 1648 2159 de
1667 2101 2055 2176 promissione,
2087 2120 2262 2177 quam
2309 2101 2432 2177 ipse
2476 2101 2852 2178 impleturum
2883 2121 2942 2159 se

532 2180 688 2257 dicit,
725 2183 759 2214 “
783 2181 913 2256 Ego
942 2180 1250 2238 inscribam
1281 2181 1516 2258 Legem,
1549 2181 1744 2238 indam
1762 2181 2057 2255 timorem,
2088 2190 2155 2239 ut
2181 2201 2297 2238 non
2325 2179 2612 2255 recedant,
2641 2179 2855 2238 faciam
2883 2189 2946 2238 ut

531 2259 881 2319 ambuletis'
866 2280 923 2316 ιιι
952 2261 1311 2337 praeceptisfl
1357 2265 1411 2320 3.
1461 2261 1524 2319 Si
1552 2261 1698 2318 nihil
1724 2260 1883 2319 aliud
1908 2268 2141 2318 notatur
2159 2280 2332 2337 quam
2359 2279 2463 2337 per
2482 2261 2668 2318 Deum
2690 2280 2810 2318 non
2835 2269 2946 2318 sta·

530 2349 740 2415 turum,
773 2339 869 2397 vel
899 2340 1088 2398 Deum
1115 2340 1398 2400 facturum
1427 2349 1705 2418 quantum
1735 2341 1794 2397 in
1824 2360 1884 2398 se
1915 2349 2019 2413 est,
2052 2340 2211 2416 Ergo
2240 2340 2401 2398 nulla
2427 2339 2536 2398 fuit
2562 2341 2950 2416 praerogativa

533 2421 687 2478 Novi
718 2419 997 2494 Foederis,
1029 2440 1159 2477 nam
1183 2421 1307 2497 jam
1335 2428 1423 2480 tot
1449 2429 1508 2479 et
1534 2421 1712 2479 tantis
1738 2420 2033 2479 beneficiis
2074 2420 2349 2526 populum
2397 2418 2679 2493 affecerat,
2710 2429 2776 2478 ut
2804 2418 2950 2484 nihil

533 2500 840 2577 superaddi
869 2500 1133 2576 potuerit,
1167 2500 1281 2558 Isa.
1312 2521 1369 2558 v.
1400 2500 1442 2560 J
1446 2521 1524 2558 er
1555 2519 1698 2557 xxv.
1730 2503 1785 2574 4,
1819 2502 1873 2559 5.
1947 2503 1982 2532 ‘⁴
2004 2498 2280 2575 Vidisti?
2305 2498 2492 2574 inquit
2520 2499 2733 2574 Moses,
2768 2502 2808 2532 “
2832 2499 2944 2575 sig-

527 2599 618 2655 na,
645 2577 750 2638 ὅτε.
758 2579 888 2655 ‚sed
903 2580 1187 2646 Deusnon
1216 2579 1376 2639 dedit
1404 2581 1538 2639 cor.r
1546 2579 1760 2639 '.Deut
1789 2578 1956 2638 xxix.
1985 2579 2096 2638 hoc
2123 2587 2213 2638 est
2261 2577 2417 2656 quod
2444 2577 2656 2653 deerat,
2687 2587 2746 2637 et
2788 2577 2946 2656 quod

531 2625 837 2736 pollicet'ur
864 2678 924 2716 se
954 2657 1258 2716 daturum·
1244 2681 1258 2735 ;
1304 2658 1426 2716 Ncc
1453 2667 1676 2717 tantum
1707 2668 1795 2717 est
1821 2659 2141 2735 promissio,
2172 2659 2275 2718 sed
2291 2659 2590 2734 proedaectio
2617 2667 2676 2717 et
2701 2661 2945 2737 prophe-

530 2739 628 2810 tia,
660 2757 776 2795 non
804 2745 1027 2795 tantum
1057 2737 1128 2794 de
1158 2737 1491 2812 intentione,
1524 2737 1626 2796 sed
1656 2737 1726 2795 de
1756 2747 1970 2798 eventu
2007 2739 2152 2816 ips0,
2215 2738 2367 2813 Quid
2415 2738 2568 2797 enim
2617 2740 2759 2797 alias
2808 2738 2944 2797 inde

535 2816 725 2876 solatii
754 2816 965 2873 habere
993 2816 1316 2892 potuissent
1334 2819 1363 2873 Ρ

618 2895 797 2954 XIV.
843 2894 943 2953 Ad
962 2895 1106 2971 loca,
1141 2896 1255 2954 Isa.
1285 2896 1387 2953 liv.
1422 2898 1513 2971 10,
1545 2903 1604 2954 et
1647 2895 1751 2954 lix.
1805 2900 1900 2972 21,
1968 2897 2113 2957 Hos.
2164 2897 2224 2955 ii.
2279 2899 2387 2973 193
2461 2900 2497 2931 ‘⁴
2523 2895 2942 2956 Promissiones

534 2976 662 3035 fieri
691 2974 984 3051 Ecclesiae,
1017 2984 1076 3034 et
1101 2976 1237 3035 filiis
1268 2975 1377 3034 Dei
1407 2975 1466 3033 in
1496 2995 1670 3034 sensu
1699 2976 2033 3054 compositO,
2064 2976 2323 3053 quandiu
2345 2976 2492 3035 tales
2510 2977 2847 3051 manebunt,
2878 2986 2943 3036 ut

535 3056 886 3131 ostendatur,
917 3056 1057 3134 quid
1087 3057 1248 3115 Deus
1277 3056 1350 3115 sit
1378 3055 1634 3115 facturus
1662 3076 1697 3115 a
1724 3065 1884 3134 parte
1927 3076 2050 3130 sua,
2101 3057 2371 3115 nimirum
2420 3077 2482 3115 se
2534 3057 2751 3115 Foedus
2795 3056 2942 3116 illud

530 3156 646 3196 non
677 3137 1052 3212 violaturum3
1085 3137 1187 3195 sed
1215 3158 1330 3197 non
1352 3136 1485 3196 inde
1514 3137 1711 3214 colligi
1740 3156 1926 3214 posse,
1948 3136 2103 3211 ,tales
2130 3136 2393 3195 infideles
2420 3156 2535 3195 non
2557 3156 2727 3214 posse
2755 3136 2941 3194 fieri.’'

538 3217 654 3276 Sed
682 3238 812 3277 cum
841 3218 1248 3294 promissiones
1276 3218 1401 3277 istae
1430 3237 1499 3276 eo
1526 3218 1783 3293 tendant,
1813 3226 1880 3275 ut
1909 3216 2173 3275 Ecclesia
2199 3224 2257 3275 et
2283 3215 2501 3291 fideles,
2533 3217 2632 3293 qui
2655 3215 2789 3275 facti
2809 3224 2945 3274 sunt

530 3297 675 3356 tales
703 3317 806 3375 per
833 3298 1075 3373 gratiam
1103 3307 1553 3374 regenerantem,
1578 3298 1660 3356 ita
1687 3305 2097 3355 conserventur
2125 3316 2160 3354 a
2189 3297 2332 3371 Deo,
2361 3303 2429 3355 ut
2454 3297 2639 3373 perire
2666 3316 2781 3354 non
2808 3315 2941 3373 pos·

537 3377 654 3435 sint
677 3399 690 3451 3
737 3377 879 3451 Quis
906 3397 1021 3435 non
1049 3376 1227 3451 videt,
1259 3376 1552 3435 includere
1597 3376 1919 3436 necessario
1965 3375 2178 3434 donum
2216 3376 2658 3452 perseverantiae
2685 3376 2839 3451 fidei,
2870 3394 2943 3434 ne

528 3475 781 3531 unquam
805 3456 1070 3513 desinant
1097 3475 1223 3513 csse
1251 3456 1413 3530 tales,
1444 3465 1503 3515 et
1530 3455 1601 3515 de
1630 3456 1781 3515 facto
1827 3463 2064 3550 pereant
2083 3460 2112 3514 Ρ
2193 3456 2246 3513 N
2251 3475 2316 3513 ec
2362 3463 2585 3515 tantum
2635 3456 2942 3548 importare

534 3535 722 3592 Deum
752 3553 827 3590 ex
855 3542 1016 3608 parte
1045 3553 1150 3592 sua
1178 3534 1459 3593 facturum
1488 3535 1644 3611 quod
1691 3536 2001 3613 requiritur
2029 3535 2103 3593 ad
2134 3534 2396 3594 Foederis
2424 3536 2939 3609 conservationem,

532 3612 635 3670 sed
663 3612 833 3670 etiam
867 3612 1054 3669 Deum
1082 3611 1460 3671 effecturum
1444 3635 1505 3670 m
1532 3615 1716 3689 nobis,
1747 3635 1819 3674 ne
1847 3635 2097 3692 unquam
2131 3614 2347 3674 Foedus
2374 3615 2520 3674 illud
2537 3615 2766 3693 penitus
2794 3615 2940 3691 abji-

534 3692 754 3751 ciamus
774 3694 803 3751 Ρ
845 3691 1012 3765 Quod
1039 3698 1215 3769 patet,
1246 3701 1367 3750 tum
1398 3712 1473 3751 ex
1500 3713 1570 3750 eo
1598 3694 1755 3770 quod
1782 3693 2073 3754 confertur
2098 3714 2229 3754 cum
2254 3694 2495 3755 Foedere
2524 3714 2655 3754 cum
2701 3695 2754 3753 N
2758 3695 2940 3753 oacho

531 3773 692 3848 inito,
724 3771 878 3849 quod
907 3772 1232 3830 absolutum
1263 3772 1372 3830 fuit
1399 3781 1456 3832 et
1485 3793 1710 3850 semper
1730 3773 2083 3850 duraturum,
2102 3794 2219 3832 non
2248 3783 2439 3833 autem
2463 3774 2933 3848 conditionatum,

532 3853 648 3913 Isa.
677 3853 778 3911 liv.
830 3855 885 3926 9,
939 3861 1060 3911 tum
1109 3872 1185 3911 ex
1229 3873 1297 3912 eo
1346 3853 1502 3931 quod
1551 3854 1660 3912 sub
1708 3854 1973 3930 symbolo
2001 3855 2358 3931 Sponsalium
2400 3855 2754 3933 proponitur,
2789 3855 2935 3912 Hos.

530 3935 607 4009 ii.,
638 3934 738 3994 ubi
768 3934 927 3991 nulla
955 3933 1208 3993 conditio
1236 3933 1427 3993 locum
1477 3934 1667 4008 habet,
1717 3934 1779 3991 in
1828 3934 2037 4011 quibus
2067 3933 2330 3993 Christus
2378 3934 2488 3992 sibi
2537 3934 2710 3993 debet
2737 3952 2937 4011 parare

533 4015 815 4091 Sponsam
844 4033 1023 4088 suam,
1051 4014 1261 4072 Ezech.
1291 4015 1413 4073 xvi.
1444 4022 1502 4074 et
1532 4014 1746 4091 Ephes.
1780 4034 1832 4071 v.
1864 4017 1959 4073 25.
2045 4015 2168 4073 Nec
2190 4014 2325 4072 addi
2371 4013 2559 4089 debet,
2610 4016 2756 4073 hanc
2790 4034 2936 4090 pro·

528 4095 837 4152 missionem
866 4103 919 4151 et
952 4095 1155 4152 similes
1181 4097 1265 4153 ad
1277 4114 1508 4171 reynum
1531 4096 1732 4171 qloriae
1742 4095 2046 4170 pertinere.
2132 4094 2280 4169 Quia
2303 4094 2464 4152 Deus
2491 4094 2840 4172 desponsare
2863 4094 2937 4151 si-

524 4174 585 4231 bi
612 4173 785 4233 debet
811 4174 1086 4250 populum
1115 4174 1317 4233 eodem
1345 4175 1456 4252 die,
1488 4195 1602 4252 quo
1632 4174 1717 4232 illi
1746 4174 2055 4252 prospiciet
2078 4174 2270 4233 tritico
2298 4182 2357 4232 et
2383 4173 2538 4250 vin0,
2564 4182 2623 4232 et
2644 4175 2787 4250 oleo,
2814 4173 2939 4250 qui-

527 4253 637 4311 bus
663 4253 724 4310 in
752 4273 931 4330 regno
961 4254 1159 4329 gloriae
1188 4274 1303 4311 non
1332 4255 1440 4313 erit
1467 4275 1631 4333 opus.
1717 4254 1838 4313 Nec
1866 4273 2101 4313 necesse
2129 4263 2234 4329 est,
2262 4260 2330 4312 ut
2371 4253 2533 4313 Deus
2560 4264 2723 4313 curet
2748 4274 2822 4312 ne
2849 4273 2936 4311 re·

526 4332 797 4392 cedamus
825 4333 898 4390 ab
927 4333 1068 4410 ipso,
1099 4332 1200 4391 ubi
1220 4334 1535 4410 periculum
1579 4335 1820 4410 nullum,
1872 4334 2065 4392 nullus
2113 4343 2318 4409 metus,
2361 4342 2424 4392 et
2469 4353 2543 4393 ne
2583 4334 2937 4412 possibilitas

525 4412 756 4487 quidem
785 4413 906 4469 ulla
932 4411 1238 4470 recedendi
1259 4421 1380 4487 est3
1425 4415 1523 4472 ubi
1552 4434 1656 4491 pro
1673 4433 1842 4490 posse
1891 4434 2002 4471 non
2042 4433 2299 4490 peccare,
2347 4415 2505 4490 quod
2555 4414 2614 4472 in
2660 4414 2935 4472 Paradiso

522 4491 646 4564 fuit,
678 4492 788 4550 erit
814 4491 873 4548 in
903 4500 1178 4629 aectlernum
1208 4512 1318 4550 non
1334 4512 1770 4569 possepeccare,
1801 4493 1901 4569 qui
1921 4494 2046 4571 jam
2074 4493 2437 4572 Angelorum
2479 4494 2791 4554 electorum
2820 4502 2935 4553 sta-

521 4576 616 4626 tus
644 4580 733 4628 est
752 4578 812 4628 et
839 4590 946 4627 con
989 4570 1090 4628 itio

607 4646 750 4703 XV.
798 4647 895 4703 Ad
924 4649 965 4704 J
971 4647 1063 4704 oh
1093 4669 1150 4703 x.
1184 4652 1280 4707 28.
1332 4652 1367 4681 “
1388 4649 1677 4709 Christum
1726 4653 2074 4729 promittere,
2133 4653 2288 4730 quod
2336 4672 2506 4711 nemo
2536 4654 2613 4713 sit
2668 4661 2934 4730 rapturus
