<?xml version="1.0" encoding="UTF-8"?>
<!DOCTYPE html PUBLIC "-//W3C//DTD XHTML 1.0 Transitional//EN"
    "http://www.w3.org/TR/xhtml1/DTD/xhtml1-transitional.dtd">
<html xmlns="http://www.w3.org/1999/xhtml" xml:lang="en" lang="en">
 <head>
  <title>
</title>
<meta http-equiv="Content-Type" content="text/html;charset=utf-8" />
  <meta name='ocr-system' content='tesseract 3.04.00' />
  <meta name='ocr-capabilities' content='ocr_page ocr_carea ocr_par ocr_line ocrx_word'/>
</head>
<body>
  <div class='ocr_page' id='page_1' title='image "./institutiotheol01turrgoog_0413.png"; bbox 0 0 3221 5200; ppageno 0'>
   <div class='ocr_carea' id='block_1_1' title="bbox 306 314 2728 395">
    <p class='ocr_par' dir='ltr' id='par_1_1' title="bbox 306 314 2728 395">
     <span class='ocr_line' id='line_1_1' title="bbox 306 314 2728 395; baseline 0 -19"><span class='ocrx_word' id='word_1_1' title='bbox 306 334 536 384; x_wconf 73' lang='lat' dir='ltr'><strong>QUAEST.</strong></span> <span class='ocrx_word' id='word_1_2' title='bbox 567 314 705 395; x_wconf 84' lang='lat' dir='ltr'><strong>x11.]</strong></span> <span class='ocrx_word' id='word_1_3' title='bbox 1023 335 1102 375; x_wconf 77' lang='lat' dir='ltr'><strong>nn</strong></span> <span class='ocrx_word' id='word_1_4' title='bbox 1131 334 1363 375; x_wconf 64' lang='lat' dir='ltr'><strong>ori-1010</strong></span> <span class='ocrx_word' id='word_1_5' title='bbox 1392 334 1630 376; x_wconf 79' lang='lat' dir='ltr'><strong>cums-rr</strong></span> <span class='ocrx_word' id='word_1_6' title='bbox 1659 334 2043 374; x_wconf 65' lang='lat' dir='ltr'><strong>Mamm-0310.</strong></span> <span class='ocrx_word' id='word_1_7' title='bbox 2613 318 2728 376; x_wconf 84' lang='lat'><strong>385</strong></span> 
     </span>
    </p>
   </div>
   <div class='ocr_carea' id='block_1_2' title="bbox 301 473 2727 2229">
    <p class='ocr_par' dir='ltr' id='par_1_2' title="bbox 308 473 2727 1031">
     <span class='ocr_line' id='line_1_2' title="bbox 309 473 2727 554; baseline -0 -19"><span class='ocrx_word' id='word_1_8' title='bbox 309 475 605 535; x_wconf 85' lang='lat' dir='ltr'><strong>suffecisse</strong></span> <span class='ocrx_word' id='word_1_9' title='bbox 642 473 717 532; x_wconf 88' lang='lat' dir='ltr'><strong>ad</strong></span> <span class='ocrx_word' id='word_1_10' title='bbox 765 474 994 552; x_wconf 83' lang='lat' dir='ltr'>plenam</span> <span class='ocrx_word' id='word_1_11' title='bbox 1041 476 1494 536; x_wconf 75' lang='lat' dir='ltr'><strong>satisfactionem</strong></span> <span class='ocrx_word' id='word_1_12' title='bbox 1543 496 1646 554; x_wconf 90' lang='lat' dir='ltr'><strong>pro</strong></span> <span class='ocrx_word' id='word_1_13' title='bbox 1696 474 1963 533; x_wconf 88' lang='lat' dir='ltr'><strong>omnibus</strong></span> <span class='ocrx_word' id='word_1_14' title='bbox 2009 473 2226 547; x_wconf 87' lang='lat' dir='ltr'><strong>electis,</strong></span> <span class='ocrx_word' id='word_1_15' title='bbox 2272 473 2562 550; x_wconf 90' lang='lat' dir='ltr'><strong>quomodo</strong></span> <span class='ocrx_word' id='word_1_16' title='bbox 2613 495 2727 534; x_wconf 89' lang='lat' dir='ltr'><strong>una</strong></span> 
     </span>
     <span class='ocr_line' id='line_1_3' title="bbox 311 554 2725 632; baseline 0 -19"><span class='ocrx_word' id='word_1_17' title='bbox 311 555 526 613; x_wconf 88' lang='lat' dir='ltr'><strong>Adami</strong></span> <span class='ocrx_word' id='word_1_18' title='bbox 551 554 941 613; x_wconf 89' lang='lat' dir='ltr'><strong>inobedientia</strong></span> <span class='ocrx_word' id='word_1_19' title='bbox 967 557 1180 615; x_wconf 88' lang='lat' dir='ltr'><strong>multos</strong></span> <span class='ocrx_word' id='word_1_20' title='bbox 1209 556 1507 615; x_wconf 88' lang='lat' dir='ltr'><strong>constituit</strong></span> <span class='ocrx_word' id='word_1_21' title='bbox 1526 557 1902 632; x_wconf 79' lang='lat' dir='ltr'>peccatores?</span> <span class='ocrx_word' id='word_1_22' title='bbox 1932 555 2099 612; x_wconf 89' lang='lat' dir='ltr'><strong>Rom.</strong></span> <span class='ocrx_word' id='word_1_23' title='bbox 2130 573 2187 611; x_wconf 86' lang='lat' dir='ltr'><strong>v.</strong></span> <span class='ocrx_word' id='word_1_24' title='bbox 2217 556 2307 627; x_wconf 90' lang='grc'><strong>18,</strong></span> <span class='ocrx_word' id='word_1_25' title='bbox 2334 556 2424 613; x_wconf 93' lang='grc'><strong>19.</strong></span> <span class='ocrx_word' id='word_1_26' title='bbox 2461 554 2725 631; x_wconf 90' lang='lat' dir='ltr'><strong>Denique</strong></span> 
     </span>
     <span class='ocr_line' id='line_1_4' title="bbox 308 634 2727 714; baseline 0 -21"><span class='ocrx_word' id='word_1_27' title='bbox 308 654 458 693; x_wconf 89' lang='lat' dir='ltr'><strong>unus</strong></span> <span class='ocrx_word' id='word_1_28' title='bbox 480 655 584 711; x_wconf 91' lang='lat' dir='ltr'><strong>pro</strong></span> <span class='ocrx_word' id='word_1_29' title='bbox 614 634 826 709; x_wconf 84' lang='lat' dir='ltr'><strong>multis,</strong></span> <span class='ocrx_word' id='word_1_30' title='bbox 859 636 959 711; x_wconf 91' lang='lat' dir='ltr'><strong>qui</strong></span> <span class='ocrx_word' id='word_1_31' title='bbox 988 636 1105 694; x_wconf 91' lang='lat' dir='ltr'><strong>sint</strong></span> <span class='ocrx_word' id='word_1_32' title='bbox 1132 637 1388 714; x_wconf 90' lang='lat' dir='ltr'><strong>ejusdem</strong></span> <span class='ocrx_word' id='word_1_33' title='bbox 1419 635 1654 711; x_wconf 86' lang='lat' dir='ltr'><strong>ordinis,</strong></span> <span class='ocrx_word' id='word_1_34' title='bbox 1682 634 2011 693; x_wconf 74' lang='lat' dir='ltr'>satisfacere</span> <span class='ocrx_word' id='word_1_35' title='bbox 2040 653 2156 692; x_wconf 89' lang='lat' dir='ltr'><strong>non</strong></span> <span class='ocrx_word' id='word_1_36' title='bbox 2184 641 2406 710; x_wconf 87' lang='lat' dir='ltr'><strong>potest;</strong></span> <span class='ocrx_word' id='word_1_37' title='bbox 2442 634 2555 693; x_wconf 87' lang='lat' dir='ltr'><strong>Sed</strong></span> <span class='ocrx_word' id='word_1_38' title='bbox 2580 634 2727 693; x_wconf 87' lang='lat' dir='ltr'>nihil</span> 
     </span>
     <span class='ocr_line' id='line_1_5' title="bbox 308 713 2725 791; baseline 0 -18"><span class='ocrx_word' id='word_1_39' title='bbox 308 714 520 788; x_wconf 79' lang='lat' dir='ltr'><strong>obstat,</strong></span> <span class='ocrx_word' id='word_1_40' title='bbox 572 734 750 791; x_wconf 89' lang='lat' dir='ltr'><strong>quum</strong></span> <span class='ocrx_word' id='word_1_41' title='bbox 806 723 940 772; x_wconf 91' lang='lat' dir='ltr'><strong>sunt</strong></span> <span class='ocrx_word' id='word_1_42' title='bbox 987 714 1221 774; x_wconf 89' lang='lat' dir='ltr'><strong>diversi.</strong></span> <span class='ocrx_word' id='word_1_43' title='bbox 1310 716 1477 775; x_wconf 88' lang='lat' dir='ltr'><strong>Unus</strong></span> <span class='ocrx_word' id='word_1_44' title='bbox 1528 715 1805 773; x_wconf 87' lang='lat' dir='ltr'><strong>Rusticus</strong></span> <span class='ocrx_word' id='word_1_45' title='bbox 1852 733 1969 772; x_wconf 92' lang='lat' dir='ltr'><strong>non</strong></span> <span class='ocrx_word' id='word_1_46' title='bbox 2015 722 2207 790; x_wconf 89' lang='lat' dir='ltr'><strong>potest</strong></span> <span class='ocrx_word' id='word_1_47' title='bbox 2251 713 2579 773; x_wconf 83' lang='lat' dir='ltr'><strong>satisfacere</strong></span> <span class='ocrx_word' id='word_1_48' title='bbox 2622 735 2725 791; x_wconf 89' lang='lat' dir='ltr'><strong>pro</strong></span> 
     </span>
     <span class='ocr_line' id='line_1_6' title="bbox 310 792 2726 873; baseline 0 -21"><span class='ocrx_word' id='word_1_49' title='bbox 310 794 510 852; x_wconf 87' lang='lat' dir='ltr'><strong>multis</strong></span> <span class='ocrx_word' id='word_1_50' title='bbox 532 793 763 852; x_wconf 86' lang='lat' dir='ltr'><strong>rusticis</strong></span> <span class='ocrx_word' id='word_1_51' title='bbox 786 815 800 868; x_wconf 89' lang='lat'>;</span> <span class='ocrx_word' id='word_1_52' title='bbox 850 795 953 852; x_wconf 87' lang='lat' dir='ltr'><strong>sed</strong></span> <span class='ocrx_word' id='word_1_53' title='bbox 984 795 1259 872; x_wconf 87' lang='lat' dir='ltr'><strong>Princeps</strong></span> <span class='ocrx_word' id='word_1_54' title='bbox 1286 802 1478 872; x_wconf 88' lang='lat' dir='ltr'><strong>potest</strong></span> <span class='ocrx_word' id='word_1_55' title='bbox 1498 815 1602 873; x_wconf 88' lang='lat' dir='ltr'><strong>pro</strong></span> <span class='ocrx_word' id='word_1_56' title='bbox 1625 794 1824 853; x_wconf 89' lang='lat' dir='ltr'><strong>multis</strong></span> <span class='ocrx_word' id='word_1_57' title='bbox 1862 793 2110 852; x_wconf 83' lang='lat' dir='ltr'><strong>rusticis.</strong></span> <span class='ocrx_word' id='word_1_58' title='bbox 2162 793 2224 851; x_wconf 85' lang='lat' dir='ltr'><strong>Si</strong></span> <span class='ocrx_word' id='word_1_59' title='bbox 2253 792 2362 851; x_wconf 90' lang='lat' dir='ltr'><strong>hoc</strong></span> <span class='ocrx_word' id='word_1_60' title='bbox 2392 794 2549 851; x_wconf 82' lang='lat' dir='ltr'><strong>valet</strong></span> <span class='ocrx_word' id='word_1_61' title='bbox 2576 794 2726 853; x_wconf 89' lang='lat' dir='ltr'><strong>inter</strong></span> 
     </span>
     <span class='ocr_line' id='line_1_7' title="bbox 313 872 2722 951; baseline 0 -19"><span class='ocrx_word' id='word_1_62' title='bbox 313 874 636 948; x_wconf 74' lang='lat' dir='ltr'><strong>CreaturaS,</strong></span> <span class='ocrx_word' id='word_1_63' title='bbox 668 893 797 949; x_wconf 85' lang='lat' dir='ltr'><strong>quae</strong></span> <span class='ocrx_word' id='word_1_64' title='bbox 840 893 1039 932; x_wconf 89' lang='lat' dir='ltr'><strong>omnes</strong></span> <span class='ocrx_word' id='word_1_65' title='bbox 1084 883 1219 933; x_wconf 89' lang='lat' dir='ltr'><strong>sunt</strong></span> <span class='ocrx_word' id='word_1_66' title='bbox 1247 875 1422 933; x_wconf 80' lang='lat' dir='ltr'><strong>finitae</strong></span> <span class='ocrx_word' id='word_1_67' title='bbox 1465 885 1523 934; x_wconf 87' lang='lat' dir='ltr'><strong>et</strong></span> <span class='ocrx_word' id='word_1_68' title='bbox 1559 875 1850 947; x_wconf 82' lang='lat' dir='ltr'><strong>mortales,</strong></span> <span class='ocrx_word' id='word_1_69' title='bbox 1895 882 2110 950; x_wconf 87' lang='lat' dir='ltr'><strong>quanto</strong></span> <span class='ocrx_word' id='word_1_70' title='bbox 2140 872 2326 951; x_wconf 86' lang='lat' dir='ltr'><strong>magis</strong></span> <span class='ocrx_word' id='word_1_71' title='bbox 2375 872 2524 932; x_wconf 89' lang='lat' dir='ltr'><strong>inter</strong></span> <span class='ocrx_word' id='word_1_72' title='bbox 2554 873 2722 933; x_wconf 53' lang='lat' dir='ltr'><strong>Creav</strong></span> 
     </span>
     <span class='ocr_line' id='line_1_8' title="bbox 308 953 2001 1031; baseline -0.001 -19"><span class='ocrx_word' id='word_1_73' title='bbox 308 962 470 1012; x_wconf 89' lang='lat' dir='ltr'><strong>turas</strong></span> <span class='ocrx_word' id='word_1_74' title='bbox 499 960 557 1011; x_wconf 91' lang='lat' dir='ltr'><strong>et</strong></span> <span class='ocrx_word' id='word_1_75' title='bbox 586 954 935 1028; x_wconf 80' lang='lat' dir='ltr'><strong>Creatorem,</strong></span> <span class='ocrx_word' id='word_1_76' title='bbox 964 954 1116 1012; x_wconf 89' lang='lat' dir='ltr'><strong>inter</strong></span> <span class='ocrx_word' id='word_1_77' title='bbox 1142 975 1287 1031; x_wconf 89' lang='lat' dir='ltr'><strong>quos</strong></span> <span class='ocrx_word' id='word_1_78' title='bbox 1316 963 1404 1013; x_wconf 89' lang='lat' dir='ltr'><strong>est</strong></span> <span class='ocrx_word' id='word_1_79' title='bbox 1431 954 1656 1012; x_wconf 89' lang='lat' dir='ltr'><strong>infinita</strong></span> <span class='ocrx_word' id='word_1_80' title='bbox 1682 953 2001 1012; x_wconf 81' lang='lat' dir='ltr'><strong>distantia?</strong></span> 
     </span>
    </p>

    <p class='ocr_par' dir='ltr' id='par_1_3' title="bbox 307 1032 2725 1670">
     <span class='ocr_line' id='line_1_9' title="bbox 396 1032 2722 1111; baseline 0.002 -22"><span class='ocrx_word' id='word_1_81' title='bbox 396 1032 656 1108; x_wconf 87' lang='lat' dir='ltr'><strong>XXXI,</strong></span> <span class='ocrx_word' id='word_1_82' title='bbox 683 1033 927 1110; x_wconf 85' lang='lat' dir='ltr'><strong>Regula,</strong></span> <span class='ocrx_word' id='word_1_83' title='bbox 942 1053 1115 1109; x_wconf 89' lang='lat' dir='ltr'><strong>quam</strong></span> <span class='ocrx_word' id='word_1_84' title='bbox 1136 1035 1298 1111; x_wconf 88' lang='lat' dir='ltr'><strong>ponit</strong></span> <span class='ocrx_word' id='word_1_85' title='bbox 1322 1034 1609 1108; x_wconf 87' lang='lat' dir='ltr'><strong>Ezechiel,</strong></span> <span class='ocrx_word' id='word_1_86' title='bbox 1632 1053 1680 1092; x_wconf 91' lang='lat' dir='ltr'><strong>c.</strong></span> <span class='ocrx_word' id='word_1_87' title='bbox 1702 1033 1885 1107; x_wconf 64' lang='lat' dir='ltr'><strong>xviii„</strong></span> <span class='ocrx_word' id='word_1_88' title='bbox 1901 1032 1973 1091; x_wconf 88' lang='lat' dir='ltr'><strong>de</strong></span> <span class='ocrx_word' id='word_1_89' title='bbox 1985 1032 2176 1090; x_wconf 88' lang='lat' dir='ltr'><strong>anima</strong></span> <span class='ocrx_word' id='word_1_90' title='bbox 2186 1033 2312 1110; x_wconf 86' lang='lat' dir='ltr'><strong>ipsa</strong></span> <span class='ocrx_word' id='word_1_91' title='bbox 2322 1041 2596 1110; x_wconf 87' lang='lat' dir='ltr'><strong>peccante</strong></span> <span class='ocrx_word' id='word_1_92' title='bbox 2618 1054 2722 1111; x_wconf 92' lang='lat' dir='ltr'><strong>pu-</strong></span> 
     </span>
     <span class='ocr_line' id='line_1_10' title="bbox 310 1112 2724 1191; baseline 0.001 -22"><span class='ocrx_word' id='word_1_93' title='bbox 310 1113 537 1187; x_wconf 89' lang='lat' dir='ltr'><strong>nienda,</strong></span> <span class='ocrx_word' id='word_1_94' title='bbox 579 1132 694 1170; x_wconf 93' lang='lat' dir='ltr'><strong>non</strong></span> <span class='ocrx_word' id='word_1_95' title='bbox 716 1121 907 1190; x_wconf 89' lang='lat' dir='ltr'><strong>potest</strong></span> <span class='ocrx_word' id='word_1_96' title='bbox 934 1112 1196 1173; x_wconf 88' lang='lat' dir='ltr'><strong>absolute</strong></span> <span class='ocrx_word' id='word_1_97' title='bbox 1218 1122 1277 1172; x_wconf 90' lang='lat' dir='ltr'><strong>et</strong></span> <span class='ocrx_word' id='word_1_98' title='bbox 1305 1113 1644 1191; x_wconf 88' lang='lat' dir='ltr'><strong>simpliciter</strong></span> <span class='ocrx_word' id='word_1_99' title='bbox 1663 1113 1927 1189; x_wconf 87' lang='lat' dir='ltr'><strong>intelligi,</strong></span> <span class='ocrx_word' id='word_1_100' title='bbox 1960 1113 2103 1171; x_wconf 89' lang='lat' dir='ltr'><strong>alias</strong></span> <span class='ocrx_word' id='word_1_101' title='bbox 2131 1112 2317 1170; x_wconf 90' lang='lat' dir='ltr'><strong>omnis</strong></span> <span class='ocrx_word' id='word_1_102' title='bbox 2359 1122 2724 1189; x_wconf 86' lang='lat' dir='ltr'><strong>peccatorum</strong></span> 
     </span>
     <span class='ocr_line' id='line_1_11' title="bbox 308 1192 2720 1270; baseline 0 -20"><span class='ocrx_word' id='word_1_103' title='bbox 308 1192 613 1269; x_wconf 87' lang='lat' dir='ltr'><strong>imputatio</strong></span> <span class='ocrx_word' id='word_1_104' title='bbox 670 1192 926 1250; x_wconf 89' lang='lat' dir='ltr'><strong>tollenda</strong></span> <span class='ocrx_word' id='word_1_105' title='bbox 974 1201 1142 1269; x_wconf 89' lang='lat' dir='ltr'><strong>esset,</strong></span> <span class='ocrx_word' id='word_1_106' title='bbox 1175 1214 1348 1270; x_wconf 89' lang='lat' dir='ltr'><strong>quam</strong></span> <span class='ocrx_word' id='word_1_107' title='bbox 1397 1194 1693 1270; x_wconf 83' lang='lat' dir='ltr'><strong>Scriptura</strong></span> <span class='ocrx_word' id='word_1_108' title='bbox 1740 1201 1827 1252; x_wconf 90' lang='lat' dir='ltr'><strong>tot</strong></span> <span class='ocrx_word' id='word_1_109' title='bbox 1871 1192 2153 1268; x_wconf 83' lang='lat' dir='ltr'><strong>exemplis</strong></span> <span class='ocrx_word' id='word_1_110' title='bbox 2182 1192 2460 1269; x_wconf 87' lang='lat' dir='ltr'><strong>adstruit;</strong></span> <span class='ocrx_word' id='word_1_111' title='bbox 2504 1193 2605 1251; x_wconf 87' lang='lat' dir='ltr'><strong>sed</strong></span> <span class='ocrx_word' id='word_1_112' title='bbox 2635 1214 2720 1251; x_wconf 89' lang='lat' dir='ltr'><strong>se-</strong></span> 
     </span>
     <span class='ocr_line' id='line_1_12' title="bbox 309 1271 2721 1350; baseline 0 -20"><span class='ocrx_word' id='word_1_113' title='bbox 309 1272 558 1330; x_wconf 90' lang='lat' dir='ltr'><strong>cundum</strong></span> <span class='ocrx_word' id='word_1_114' title='bbox 607 1271 747 1348; x_wconf 91' lang='lat' dir='ltr'><strong>quid</strong></span> <span class='ocrx_word' id='word_1_115' title='bbox 774 1273 834 1329; x_wconf 92' lang='lat' dir='ltr'><strong>in</strong></span> <span class='ocrx_word' id='word_1_116' title='bbox 863 1273 961 1329; x_wconf 86' lang='lat' dir='ltr'><strong>via</strong></span> <span class='ocrx_word' id='word_1_117' title='bbox 988 1272 1276 1331; x_wconf 88' lang='lat' dir='ltr'><strong>ordinaria</strong></span> <span class='ocrx_word' id='word_1_118' title='bbox 1302 1273 1699 1350; x_wconf 78' lang='lat' dir='ltr'><strong>providentiae,</strong></span> <span class='ocrx_word' id='word_1_119' title='bbox 1730 1293 1848 1330; x_wconf 91' lang='lat' dir='ltr'><strong>non</strong></span> <span class='ocrx_word' id='word_1_120' title='bbox 1876 1272 1935 1330; x_wconf 91' lang='lat' dir='ltr'><strong>in</strong></span> <span class='ocrx_word' id='word_1_121' title='bbox 1965 1272 2062 1329; x_wconf 87' lang='lat' dir='ltr'><strong>via</strong></span> <span class='ocrx_word' id='word_1_122' title='bbox 2090 1272 2545 1330; x_wconf 84' lang='lat' dir='ltr'><strong>extraordinaria</strong></span> <span class='ocrx_word' id='word_1_123' title='bbox 2575 1273 2721 1331; x_wconf 88' lang='lat' dir='ltr'><strong>Gra-</strong></span> 
     </span>
     <span class='ocr_line' id='line_1_13' title="bbox 307 1352 2725 1430; baseline 0.001 -20"><span class='ocrx_word' id='word_1_124' title='bbox 307 1352 406 1411; x_wconf 79' lang='lat' dir='ltr'><strong>tiae</strong></span> <span class='ocrx_word' id='word_1_125' title='bbox 437 1374 450 1429; x_wconf 86' lang='lat'>;</span> <span class='ocrx_word' id='word_1_126' title='bbox 511 1352 624 1410; x_wconf 91' lang='lat' dir='ltr'><strong>Vel</strong></span> <span class='ocrx_word' id='word_1_127' title='bbox 653 1352 714 1409; x_wconf 92' lang='lat' dir='ltr'><strong>in</strong></span> <span class='ocrx_word' id='word_1_128' title='bbox 743 1352 975 1429; x_wconf 89' lang='lat' dir='ltr'><strong>negotio</strong></span> <span class='ocrx_word' id='word_1_129' title='bbox 1003 1353 1279 1429; x_wconf 83' lang='lat' dir='ltr'><strong>peculiari</strong></span> <span class='ocrx_word' id='word_1_130' title='bbox 1307 1355 1349 1413; x_wconf 85' lang='lat' dir='ltr'>J</span> <span class='ocrx_word' id='word_1_131' title='bbox 1352 1353 1666 1427; x_wconf 84' lang='lat' dir='ltr'><strong>udaeorum,</strong></span> <span class='ocrx_word' id='word_1_132' title='bbox 1693 1372 1822 1411; x_wconf 90' lang='lat' dir='ltr'><strong>cum</strong></span> <span class='ocrx_word' id='word_1_133' title='bbox 1851 1352 2063 1429; x_wconf 89' lang='lat' dir='ltr'><strong>quibus</strong></span> <span class='ocrx_word' id='word_1_134' title='bbox 2091 1352 2300 1430; x_wconf 87' lang='lat' dir='ltr'><strong>agebat</strong></span> <span class='ocrx_word' id='word_1_135' title='bbox 2333 1353 2634 1428; x_wconf 76' lang='lat' dir='ltr'><strong>DominuS,</strong></span> <span class='ocrx_word' id='word_1_136' title='bbox 2662 1363 2725 1412; x_wconf 92' lang='lat' dir='ltr'><strong>ut</strong></span> 
     </span>
     <span class='ocr_line' id='line_1_14' title="bbox 308 1431 2722 1510; baseline 0.001 -21"><span class='ocrx_word' id='word_1_137' title='bbox 308 1432 425 1490; x_wconf 88' lang='lat' dir='ltr'><strong>illis</strong></span> <span class='ocrx_word' id='word_1_138' title='bbox 460 1431 783 1491; x_wconf 88' lang='lat' dir='ltr'><strong>obstrueret</strong></span> <span class='ocrx_word' id='word_1_139' title='bbox 811 1452 892 1507; x_wconf 80' lang='lat' dir='ltr'><strong>OS,</strong></span> <span class='ocrx_word' id='word_1_140' title='bbox 922 1451 996 1492; x_wconf 90' lang='lat' dir='ltr'><strong>ne</strong></span> <span class='ocrx_word' id='word_1_141' title='bbox 1026 1441 1400 1510; x_wconf 88' lang='lat' dir='ltr'><strong>quererentur</strong></span> <span class='ocrx_word' id='word_1_142' title='bbox 1428 1453 1489 1492; x_wconf 88' lang='lat' dir='ltr'><strong>se</strong></span> <span class='ocrx_word' id='word_1_143' title='bbox 1518 1434 1884 1492; x_wconf 89' lang='lat' dir='ltr'><strong>immerentes</strong></span> <span class='ocrx_word' id='word_1_144' title='bbox 1913 1452 2112 1509; x_wconf 85' lang='lat' dir='ltr'><strong>poenas</strong></span> <span class='ocrx_word' id='word_1_145' title='bbox 2141 1432 2287 1490; x_wconf 85' lang='lat' dir='ltr'><strong>ferre</strong></span> <span class='ocrx_word' id='word_1_146' title='bbox 2329 1441 2564 1510; x_wconf 90' lang='lat' dir='ltr'><strong>propter</strong></span> <span class='ocrx_word' id='word_1_147' title='bbox 2589 1453 2722 1510; x_wconf 91' lang='lat' dir='ltr'><strong>pec-</strong></span> 
     </span>
     <span class='ocr_line' id='line_1_15' title="bbox 307 1511 2725 1588; baseline 0 -18"><span class='ocrx_word' id='word_1_148' title='bbox 307 1521 437 1571; x_wconf 87' lang='lat' dir='ltr'><strong>cata</strong></span> <span class='ocrx_word' id='word_1_149' title='bbox 464 1518 766 1588; x_wconf 88' lang='lat' dir='ltr'><strong>parentum</strong></span> <span class='ocrx_word' id='word_1_150' title='bbox 789 1531 804 1586; x_wconf 81' lang='lat'>3</span> <span class='ocrx_word' id='word_1_151' title='bbox 857 1511 959 1570; x_wconf 92' lang='lat' dir='ltr'><strong>sed</strong></span> <span class='ocrx_word' id='word_1_152' title='bbox 981 1532 1096 1570; x_wconf 90' lang='lat' dir='ltr'><strong>non</strong></span> <span class='ocrx_word' id='word_1_153' title='bbox 1123 1513 1185 1569; x_wconf 92' lang='lat' dir='ltr'><strong>in</strong></span> <span class='ocrx_word' id='word_1_154' title='bbox 1207 1513 1496 1572; x_wconf 87' lang='lat' dir='ltr'><strong>communi</strong></span> <span class='ocrx_word' id='word_1_155' title='bbox 1522 1513 1820 1571; x_wconf 84' lang='lat' dir='ltr'><strong>hominum</strong></span> <span class='ocrx_word' id='word_1_156' title='bbox 1856 1513 2153 1588; x_wconf 87' lang='lat' dir='ltr'><strong>regimine,</strong></span> <span class='ocrx_word' id='word_1_157' title='bbox 2188 1512 2245 1568; x_wconf 92' lang='lat' dir='ltr'><strong>in</strong></span> <span class='ocrx_word' id='word_1_158' title='bbox 2273 1533 2388 1588; x_wconf 90' lang='lat' dir='ltr'><strong>quo</strong></span> <span class='ocrx_word' id='word_1_159' title='bbox 2422 1513 2581 1571; x_wconf 88' lang='lat' dir='ltr'><strong>Deus</strong></span> <span class='ocrx_word' id='word_1_160' title='bbox 2610 1522 2725 1571; x_wconf 88' lang='lat' dir='ltr'><strong>tes-</strong></span> 
     </span>
     <span class='ocr_line' id='line_1_16' title="bbox 311 1592 2287 1670; baseline -0.001 -20"><span class='ocrx_word' id='word_1_161' title='bbox 311 1601 467 1650; x_wconf 90' lang='lat' dir='ltr'><strong>tatur</strong></span> <span class='ocrx_word' id='word_1_162' title='bbox 495 1612 555 1649; x_wconf 91' lang='lat' dir='ltr'><strong>se</strong></span> <span class='ocrx_word' id='word_1_163' title='bbox 583 1592 950 1650; x_wconf 85' lang='lat' dir='ltr'><strong>visitaturum</strong></span> <span class='ocrx_word' id='word_1_164' title='bbox 972 1592 1303 1669; x_wconf 86' lang='lat' dir='ltr'><strong>iniquitates</strong></span> <span class='ocrx_word' id='word_1_165' title='bbox 1331 1601 1557 1670; x_wconf 87' lang='lat' dir='ltr'><strong>patrum</strong></span> <span class='ocrx_word' id='word_1_166' title='bbox 1586 1594 1648 1650; x_wconf 90' lang='lat' dir='ltr'><strong>in</strong></span> <span class='ocrx_word' id='word_1_167' title='bbox 1675 1593 1843 1666; x_wconf 89' lang='lat' dir='ltr'><strong>filios,</strong></span> <span class='ocrx_word' id='word_1_168' title='bbox 1877 1593 2066 1650; x_wconf 88' lang='lat' dir='ltr'><strong>Exod.</strong></span> <span class='ocrx_word' id='word_1_169' title='bbox 2098 1612 2200 1649; x_wconf 82' lang='lat' dir='ltr'><strong>xx.</strong></span> <span class='ocrx_word' id='word_1_170' title='bbox 2233 1595 2287 1649; x_wconf 90' lang='lat'><strong>5.</strong></span> 
     </span>
    </p>

    <p class='ocr_par' dir='ltr' id='par_1_4' title="bbox 301 1671 2724 2229">
     <span class='ocr_line' id='line_1_17' title="bbox 395 1671 2722 1748; baseline 0.001 -21"><span class='ocrx_word' id='word_1_171' title='bbox 395 1671 689 1728; x_wconf 87' lang='lat' dir='ltr'><strong>XXXII.</strong></span> <span class='ocrx_word' id='word_1_172' title='bbox 734 1671 982 1730; x_wconf 88' lang='lat' dir='ltr'><strong>Tantum</strong></span> <span class='ocrx_word' id='word_1_173' title='bbox 1033 1672 1196 1731; x_wconf 89' lang='lat' dir='ltr'><strong>abest</strong></span> <span class='ocrx_word' id='word_1_174' title='bbox 1234 1681 1298 1731; x_wconf 89' lang='lat' dir='ltr'><strong>ut</strong></span> <span class='ocrx_word' id='word_1_175' title='bbox 1326 1672 1588 1731; x_wconf 87' lang='lat' dir='ltr'><strong>doctrina</strong></span> <span class='ocrx_word' id='word_1_176' title='bbox 1617 1672 2025 1731; x_wconf 84' lang='lat' dir='ltr'><strong>satisfactionis</strong></span> <span class='ocrx_word' id='word_1_177' title='bbox 2056 1671 2270 1729; x_wconf 88' lang='lat' dir='ltr'><strong>Christi</strong></span> <span class='ocrx_word' id='word_1_178' title='bbox 2308 1671 2384 1729; x_wconf 90' lang='lat' dir='ltr'><strong>sit</strong></span> <span class='ocrx_word' id='word_1_179' title='bbox 2411 1671 2722 1748; x_wconf 88' lang='lat' dir='ltr'><strong>impietatis</strong></span> 
     </span>
     <span class='ocr_line' id='line_1_18' title="bbox 301 1750 2722 1829; baseline 0 -21"><span class='ocrx_word' id='word_1_180' title='bbox 301 1752 501 1828; x_wconf 85' lang='lat' dir='ltr'><strong>janua,</strong></span> <span class='ocrx_word' id='word_1_181' title='bbox 539 1758 596 1808; x_wconf 91' lang='lat' dir='ltr'><strong>et</strong></span> <span class='ocrx_word' id='word_1_182' title='bbox 625 1751 948 1810; x_wconf 86' lang='lat' dir='ltr'><strong>securitatis</strong></span> <span class='ocrx_word' id='word_1_183' title='bbox 981 1771 1048 1810; x_wconf 90' lang='lat' dir='ltr'><strong>ac</strong></span> <span class='ocrx_word' id='word_1_184' title='bbox 1078 1753 1448 1829; x_wconf 76' lang='lat' dir='ltr'><strong>negligentiae</strong></span> <span class='ocrx_word' id='word_1_185' title='bbox 1478 1753 1763 1828; x_wconf 87' lang='lat' dir='ltr'><strong>pulvinar,</strong></span> <span class='ocrx_word' id='word_1_186' title='bbox 1821 1760 1887 1809; x_wconf 92' lang='lat' dir='ltr'><strong>ut</strong></span> <span class='ocrx_word' id='word_1_187' title='bbox 1926 1751 2246 1809; x_wconf 88' lang='lat' dir='ltr'><strong>sanctitatis</strong></span> <span class='ocrx_word' id='word_1_188' title='bbox 2285 1750 2359 1809; x_wconf 90' lang='lat' dir='ltr'><strong>sit</strong></span> <span class='ocrx_word' id='word_1_189' title='bbox 2398 1750 2722 1809; x_wconf 86' lang='lat' dir='ltr'><strong>efficacissi-</strong></span> 
     </span>
     <span class='ocr_line' id='line_1_19' title="bbox 308 1830 2722 1909; baseline 0 -22"><span class='ocrx_word' id='word_1_190' title='bbox 308 1851 466 1889; x_wconf 90' lang='lat' dir='ltr'><strong>mum</strong></span> <span class='ocrx_word' id='word_1_191' title='bbox 496 1830 766 1905; x_wconf 88' lang='lat' dir='ltr'><strong>medium,</strong></span> <span class='ocrx_word' id='word_1_192' title='bbox 797 1838 857 1889; x_wconf 89' lang='lat' dir='ltr'><strong>et</strong></span> <span class='ocrx_word' id='word_1_193' title='bbox 883 1851 1038 1890; x_wconf 89' lang='lat' dir='ltr'><strong>mors</strong></span> <span class='ocrx_word' id='word_1_194' title='bbox 1059 1832 1241 1908; x_wconf 90' lang='lat' dir='ltr'><strong>ipsius</strong></span> <span class='ocrx_word' id='word_1_195' title='bbox 1262 1832 1499 1909; x_wconf 87' lang='lat' dir='ltr'><strong>peccati,</strong></span> <span class='ocrx_word' id='word_1_196' title='bbox 1532 1851 1704 1907; x_wconf 88' lang='lat' dir='ltr'><strong>quem</strong></span> <span class='ocrx_word' id='word_1_197' title='bbox 1735 1831 1998 1889; x_wconf 89' lang='lat' dir='ltr'><strong>Christus</strong></span> <span class='ocrx_word' id='word_1_198' title='bbox 2017 1830 2192 1888; x_wconf 86' lang='lat' dir='ltr'><strong>finem</strong></span> <span class='ocrx_word' id='word_1_199' title='bbox 2216 1830 2363 1888; x_wconf 91' lang='lat' dir='ltr'><strong>inter</strong></span> <span class='ocrx_word' id='word_1_200' title='bbox 2383 1830 2528 1887; x_wconf 89' lang='lat' dir='ltr'><strong>alios</strong></span> <span class='ocrx_word' id='word_1_201' title='bbox 2549 1830 2722 1888; x_wconf 88' lang='lat' dir='ltr'><strong>etiam</strong></span> 
     </span>
     <span class='ocr_line' id='line_1_20' title="bbox 309 1909 2722 1989; baseline -0 -20"><span class='ocrx_word' id='word_1_202' title='bbox 309 1911 422 1969; x_wconf 86' lang='lat' dir='ltr'><strong>sibi</strong></span> <span class='ocrx_word' id='word_1_203' title='bbox 459 1911 777 1988; x_wconf 87' lang='lat' dir='ltr'><strong>proposuit,</strong></span> <span class='ocrx_word' id='word_1_204' title='bbox 806 1918 871 1969; x_wconf 90' lang='lat' dir='ltr'><strong>ut</strong></span> <span class='ocrx_word' id='word_1_205' title='bbox 899 1912 1109 1970; x_wconf 86' lang='lat' dir='ltr'><strong>mortui</strong></span> <span class='ocrx_word' id='word_1_206' title='bbox 1138 1920 1374 1989; x_wconf 88' lang='lat' dir='ltr'><strong>peccato</strong></span> <span class='ocrx_word' id='word_1_207' title='bbox 1402 1912 1670 1969; x_wconf 84' lang='lat' dir='ltr'><strong>vivamus</strong></span> <span class='ocrx_word' id='word_1_208' title='bbox 1712 1910 1972 1987; x_wconf 74' lang='lat' dir='ltr'><strong>justitiae,</strong></span> <span class='ocrx_word' id='word_1_209' title='bbox 2021 1930 2136 1968; x_wconf 91' lang='lat' dir='ltr'><strong>non</strong></span> <span class='ocrx_word' id='word_1_210' title='bbox 2165 1910 2411 1986; x_wconf 91' lang='lat' dir='ltr'><strong>amplius</strong></span> <span class='ocrx_word' id='word_1_211' title='bbox 2439 1909 2607 1967; x_wconf 90' lang='lat' dir='ltr'><strong>nobis</strong></span> <span class='ocrx_word' id='word_1_212' title='bbox 2637 1910 2722 1968; x_wconf 84' lang='lat' dir='ltr'><strong>vi-</strong></span> 
     </span>
     <span class='ocr_line' id='line_1_21' title="bbox 311 1989 2721 2067; baseline 0 -20"><span class='ocrx_word' id='word_1_213' title='bbox 311 2000 532 2065; x_wconf 81' lang='lat' dir='ltr'><strong>ventes,</strong></span> <span class='ocrx_word' id='word_1_214' title='bbox 566 1991 668 2049; x_wconf 90' lang='lat' dir='ltr'><strong>sed</strong></span> <span class='ocrx_word' id='word_1_215' title='bbox 695 1990 780 2047; x_wconf 90' lang='lat' dir='ltr'><strong>illi</strong></span> <span class='ocrx_word' id='word_1_216' title='bbox 809 1990 909 2067; x_wconf 91' lang='lat' dir='ltr'><strong>qui</strong></span> <span class='ocrx_word' id='word_1_217' title='bbox 937 1999 1197 2050; x_wconf 89' lang='lat' dir='ltr'><strong>mortuus</strong></span> <span class='ocrx_word' id='word_1_218' title='bbox 1227 2000 1315 2050; x_wconf 87' lang='lat' dir='ltr'><strong>est</strong></span> <span class='ocrx_word' id='word_1_219' title='bbox 1343 1999 1401 2049; x_wconf 91' lang='lat' dir='ltr'><strong>et</strong></span> <span class='ocrx_word' id='word_1_220' title='bbox 1430 1991 1741 2049; x_wconf 88' lang='lat' dir='ltr'><strong>suscitatus</strong></span> <span class='ocrx_word' id='word_1_221' title='bbox 1769 2010 1873 2067; x_wconf 92' lang='lat' dir='ltr'><strong>pro</strong></span> <span class='ocrx_word' id='word_1_222' title='bbox 1902 1989 2089 2063; x_wconf 77' lang='lat' dir='ltr'><strong>nobiS,</strong></span> <span class='ocrx_word' id='word_1_223' title='bbox 2120 2000 2184 2048; x_wconf 90' lang='lat' dir='ltr'><strong>ut</strong></span> <span class='ocrx_word' id='word_1_224' title='bbox 2213 1990 2385 2048; x_wconf 89' lang='lat' dir='ltr'><strong>toties</strong></span> <span class='ocrx_word' id='word_1_225' title='bbox 2414 1990 2523 2048; x_wconf 92' lang='lat' dir='ltr'><strong>hoc</strong></span> <span class='ocrx_word' id='word_1_226' title='bbox 2552 2009 2721 2065; x_wconf 84' lang='lat' dir='ltr'><strong>urge-</strong></span> 
     </span>
     <span class='ocr_line' id='line_1_22' title="bbox 309 2068 2724 2147; baseline -0.001 -19"><span class='ocrx_word' id='word_1_227' title='bbox 309 2079 403 2128; x_wconf 93' lang='lat' dir='ltr'><strong>tur</strong></span> <span class='ocrx_word' id='word_1_228' title='bbox 431 2091 466 2127; x_wconf 87' lang='lat' dir='ltr'><strong>a</strong></span> <span class='ocrx_word' id='word_1_229' title='bbox 497 2070 697 2144; x_wconf 78' lang='lat' dir='ltr'><strong>Paulo,</strong></span> <span class='ocrx_word' id='word_1_230' title='bbox 747 2070 915 2128; x_wconf 88' lang='lat' dir='ltr'><strong>Rom.</strong></span> <span class='ocrx_word' id='word_1_231' title='bbox 939 2071 1037 2144; x_wconf 87' lang='lat' dir='ltr'><strong>vi.,</strong></span> <span class='ocrx_word' id='word_1_232' title='bbox 1070 2071 1183 2130; x_wconf 85' lang='lat' dir='ltr'><strong>Tit.</strong></span> <span class='ocrx_word' id='word_1_233' title='bbox 1213 2072 1271 2129; x_wconf 89' lang='lat' dir='ltr'><strong>ii.</strong></span> <span class='ocrx_word' id='word_1_234' title='bbox 1309 2074 1400 2146; x_wconf 88' lang='lat'><strong>14,</strong></span> <span class='ocrx_word' id='word_1_235' title='bbox 1438 2074 1466 2128; x_wconf 93' lang='lat'>1</span> <span class='ocrx_word' id='word_1_236' title='bbox 1502 2071 1627 2129; x_wconf 92' lang='lat' dir='ltr'><strong>Pet.</strong></span> <span class='ocrx_word' id='word_1_237' title='bbox 1659 2071 1717 2129; x_wconf 88' lang='lat' dir='ltr'><strong>ii.</strong></span> <span class='ocrx_word' id='word_1_238' title='bbox 1749 2073 1846 2129; x_wconf 80' lang='lat'><strong>24.</strong></span> <span class='ocrx_word' id='word_1_239' title='bbox 1948 2069 2125 2128; x_wconf 89' lang='lat' dir='ltr'><strong>Plura</strong></span> <span class='ocrx_word' id='word_1_240' title='bbox 2151 2069 2286 2127; x_wconf 86' lang='lat' dir='ltr'><strong>vide</strong></span> <span class='ocrx_word' id='word_1_241' title='bbox 2320 2069 2484 2147; x_wconf 90' lang='lat' dir='ltr'><strong>Disp.</strong></span> <span class='ocrx_word' id='word_1_242' title='bbox 2514 2068 2587 2127; x_wconf 89' lang='lat' dir='ltr'><strong>de</strong></span> <span class='ocrx_word' id='word_1_243' title='bbox 2620 2070 2724 2127; x_wconf 86' lang='lat' dir='ltr'><strong>Sa-</strong></span> 
     </span>
     <span class='ocr_line' id='line_1_23' title="bbox 313 2149 1659 2229; baseline 0.001 -22"><span class='ocrx_word' id='word_1_244' title='bbox 313 2149 523 2209; x_wconf 87' lang='lat' dir='ltr'><strong>tisfact.</strong></span> <span class='ocrx_word' id='word_1_245' title='bbox 554 2149 833 2226; x_wconf 87' lang='lat' dir='ltr'><strong>Veritate,</strong></span> <span class='ocrx_word' id='word_1_246' title='bbox 865 2170 900 2207; x_wconf 89' lang='lat' dir='ltr'><strong>a</strong></span> <span class='ocrx_word' id='word_1_247' title='bbox 923 2150 1094 2209; x_wconf 89' lang='lat' dir='ltr'><strong>Parte</strong></span> <span class='ocrx_word' id='word_1_248' title='bbox 1125 2151 1193 2226; x_wconf 91' lang='lat' dir='ltr'><strong>I.,</strong></span> <span class='ocrx_word' id='word_1_249' title='bbox 1218 2170 1403 2229; x_wconf 89' lang='lat' dir='ltr'><strong>usque</strong></span> <span class='ocrx_word' id='word_1_250' title='bbox 1432 2149 1507 2209; x_wconf 90' lang='lat' dir='ltr'><strong>ad</strong></span> <span class='ocrx_word' id='word_1_251' title='bbox 1538 2150 1659 2209; x_wconf 90' lang='lat' dir='ltr'><strong>IX.</strong></span> 
     </span>
    </p>
   </div>
   <div class='ocr_carea' id='block_1_3' title="bbox 1234 2391 1808 2466">
    <p class='ocr_par' dir='ltr' id='par_1_5' title="bbox 1234 2391 1808 2466">
     <span class='ocr_line' id='line_1_24' title="bbox 1234 2391 1808 2466; baseline -0.009 -14"><span class='ocrx_word' id='word_1_252' title='bbox 1234 2391 1623 2466; x_wconf 80' lang='lat' dir='ltr'><strong>QUAESTIO</strong></span> <span class='ocrx_word' id='word_1_253' title='bbox 1653 2391 1808 2449; x_wconf 92' lang='lat' dir='ltr'><strong>XII.</strong></span> 
     </span>
    </p>
   </div>
   <div class='ocr_carea' id='block_1_4' title="bbox 1000 2568 2032 2611">
    <p class='ocr_par' dir='ltr' id='par_1_6' title="bbox 1000 2568 2032 2611">
     <span class='ocr_line' id='line_1_25' title="bbox 1000 2568 2032 2611; baseline 0 -3"><span class='ocrx_word' id='word_1_254' title='bbox 1000 2568 1078 2609; x_wconf 75' lang='lat' dir='ltr'><strong>DE</strong></span> <span class='ocrx_word' id='word_1_255' title='bbox 1107 2569 1509 2611; x_wconf 73' lang='lat' dir='ltr'>PERFBCTIONE</span> <span class='ocrx_word' id='word_1_256' title='bbox 1538 2568 2032 2611; x_wconf 71' lang='lat' dir='ltr'><strong>SATISFACTIOMS.</strong></span> 
     </span>
    </p>
   </div>
   <div class='ocr_carea' id='block_1_5' title="bbox 307 2708 2727 2928">
    <p class='ocr_par' dir='ltr' id='par_1_7' title="bbox 307 2708 2727 2928">
     <span class='ocr_line' id='line_1_26' title="bbox 307 2708 2719 2788; baseline 0.001 -23"><span class='ocrx_word' id='word_1_257' title='bbox 307 2708 400 2765; x_wconf 83' lang='lat' dir='ltr'><strong>An</strong></span> <span class='ocrx_word' id='word_1_258' title='bbox 442 2708 522 2766; x_wconf 77' lang='lat' dir='ltr'><strong>ita</strong></span> <span class='ocrx_word' id='word_1_259' title='bbox 539 2712 798 2785; x_wconf 81' lang='lat' dir='ltr'><strong>perfecta</strong></span> <span class='ocrx_word' id='word_1_260' title='bbox 822 2712 1009 2784; x_wconf 69' lang='lat' dir='ltr'><strong>fiacr-it</strong></span> <span class='ocrx_word' id='word_1_261' title='bbox 1038 2711 1251 2771; x_wconf 71' lang='lat' dir='ltr'><strong>Christi</strong></span> <span class='ocrx_word' id='word_1_262' title='bbox 1284 2713 1607 2788; x_wconf 55' lang='lat' dir='ltr'><strong>satisfactio,</strong></span> <span class='ocrx_word' id='word_1_263' title='bbox 1632 2721 1696 2770; x_wconf 82' lang='lat' dir='ltr'><strong>ut</strong></span> <span class='ocrx_word' id='word_1_264' title='bbox 1720 2714 1906 2771; x_wconf 80' lang='lat' dir='ltr'><strong>nullus</strong></span> <span class='ocrx_word' id='word_1_265' title='bbox 1923 2720 2059 2787; x_wconf 79' lang='lat' dir='ltr'><strong>post</strong></span> <span class='ocrx_word' id='word_1_266' title='bbox 2085 2728 2227 2782; x_wconf 84' lang='lat' dir='ltr'><strong>eam,</strong></span> <span class='ocrx_word' id='word_1_267' title='bbox 2258 2711 2347 2767; x_wconf 86' lang='lat' dir='ltr'><strong>vel</strong></span> <span class='ocrx_word' id='word_1_268' title='bbox 2373 2709 2719 2784; x_wconf 62' lang='lat' dir='ltr'><strong>Satisffaceio-</strong></span> 
     </span>
     <span class='ocr_line' id='line_1_27' title="bbox 387 2789 2727 2868; baseline 0.001 -23"><span class='ocrx_word' id='word_1_269' title='bbox 387 2789 544 2845; x_wconf 81' lang='lat' dir='ltr'><strong>nibus</strong></span> <span class='ocrx_word' id='word_1_270' title='bbox 570 2790 825 2848; x_wconf 73' lang='lat' dir='ltr'><strong>humanis</strong></span> <span class='ocrx_word' id='word_1_271' title='bbox 846 2791 904 2848; x_wconf 82' lang='lat' dir='ltr'><strong>in</strong></span> <span class='ocrx_word' id='word_1_272' title='bbox 925 2792 1031 2849; x_wconf 75' lang='lat' dir='ltr'><strong>hac</strong></span> <span class='ocrx_word' id='word_1_273' title='bbox 1050 2792 1182 2866; x_wconf 80' lang='lat' dir='ltr'><strong>vita,</strong></span> <span class='ocrx_word' id='word_1_274' title='bbox 1202 2794 1290 2850; x_wconf 86' lang='lat' dir='ltr'><strong>vel</strong></span> <span class='ocrx_word' id='word_1_275' title='bbox 1310 2791 1663 2867; x_wconf 73' lang='lat' dir='ltr'><strong>Purqatorio</strong></span> <span class='ocrx_word' id='word_1_276' title='bbox 1670 2801 1805 2868; x_wconf 82' lang='lat' dir='ltr'><strong>post</strong></span> <span class='ocrx_word' id='word_1_277' title='bbox 1824 2794 1969 2850; x_wconf 78' lang='lat' dir='ltr'><strong>hanc</strong></span> <span class='ocrx_word' id='word_1_278' title='bbox 1988 2792 2177 2864; x_wconf 75' lang='lat' dir='ltr'><strong>vitam,</strong></span> <span class='ocrx_word' id='word_1_279' title='bbox 2203 2791 2353 2848; x_wconf 76' lang='lat' dir='ltr'><strong>locus</strong></span> <span class='ocrx_word' id='word_1_280' title='bbox 2375 2810 2488 2848; x_wconf 79' lang='lat' dir='ltr'><strong>esse</strong></span> <span class='ocrx_word' id='word_1_281' title='bbox 2501 2792 2680 2867; x_wconf 78' lang='lat' dir='ltr'><strong>possit</strong></span> <span class='ocrx_word' id='word_1_282' title='bbox 2701 2792 2727 2847; x_wconf 63' lang='grc' dir='ltr'><strong>,ἲ</strong></span> 
     </span>
     <span class='ocr_line' id='line_1_28' title="bbox 393 2867 1230 2928; baseline 0.005 -5"><span class='ocrx_word' id='word_1_283' title='bbox 393 2867 617 2925; x_wconf 89' lang='lat' dir='ltr'><strong>Affirm.</strong></span> <span class='ocrx_word' id='word_1_284' title='bbox 650 2878 848 2926; x_wconf 87' lang='lat' dir='ltr'><strong>contra</strong></span> <span class='ocrx_word' id='word_1_285' title='bbox 878 2870 1230 2928; x_wconf 89' lang='lat' dir='ltr'><strong>Pontificios.</strong></span> 
     </span>
    </p>
   </div>
   <div class='ocr_carea' id='block_1_6' title="bbox 303 3023 2724 4759">
    <p class='ocr_par' dir='ltr' id='par_1_8' title="bbox 303 3023 2724 3742">
     <span class='ocr_line' id='line_1_29' title="bbox 388 3023 2723 3102; baseline 0 -21"><span class='ocrx_word' id='word_1_286' title='bbox 388 3023 436 3081; x_wconf 92' lang='grc' dir='ltr'><strong>Ι.</strong></span> <span class='ocrx_word' id='word_1_287' title='bbox 484 3024 568 3082; x_wconf 91' lang='lat' dir='ltr'><strong>Ut</strong></span> <span class='ocrx_word' id='word_1_288' title='bbox 612 3025 674 3082; x_wconf 91' lang='lat' dir='ltr'><strong>in</strong></span> <span class='ocrx_word' id='word_1_289' title='bbox 709 3026 1057 3102; x_wconf 76' lang='lat' dir='ltr'><strong>praecedenti</strong></span> <span class='ocrx_word' id='word_1_290' title='bbox 1086 3027 1415 3100; x_wconf 82' lang='lat' dir='ltr'><strong>Quaestione</strong></span> <span class='ocrx_word' id='word_1_291' title='bbox 1465 3047 1557 3085; x_wconf 88' lang='lat' dir='ltr'><strong>res</strong></span> <span class='ocrx_word' id='word_1_292' title='bbox 1599 3027 1768 3085; x_wconf 90' lang='lat' dir='ltr'><strong>nobis</strong></span> <span class='ocrx_word' id='word_1_293' title='bbox 1796 3027 1906 3085; x_wconf 89' lang='lat' dir='ltr'><strong>fuit</strong></span> <span class='ocrx_word' id='word_1_294' title='bbox 1947 3047 2078 3085; x_wconf 90' lang='lat' dir='ltr'><strong>cum</strong></span> <span class='ocrx_word' id='word_1_295' title='bbox 2112 3026 2471 3101; x_wconf 80' lang='lat' dir='ltr'><strong>Socinianis3</strong></span> <span class='ocrx_word' id='word_1_296' title='bbox 2533 3027 2626 3084; x_wconf 91' lang='lat' dir='ltr'><strong>Ita</strong></span> <span class='ocrx_word' id='word_1_297' title='bbox 2665 3027 2723 3083; x_wconf 89' lang='lat' dir='ltr'><strong>in</strong></span> 
     </span>
     <span class='ocr_line' id='line_1_30' title="bbox 306 3103 2719 3183; baseline 0 -23"><span class='ocrx_word' id='word_1_298' title='bbox 306 3104 414 3161; x_wconf 90' lang='lat' dir='ltr'><strong>hac</strong></span> <span class='ocrx_word' id='word_1_299' title='bbox 464 3104 753 3180; x_wconf 85' lang='lat' dir='ltr'><strong>agendum</strong></span> <span class='ocrx_word' id='word_1_300' title='bbox 776 3111 863 3162; x_wconf 90' lang='lat' dir='ltr'><strong>est</strong></span> <span class='ocrx_word' id='word_1_301' title='bbox 892 3125 1023 3163; x_wconf 89' lang='lat' dir='ltr'><strong>cum</strong></span> <span class='ocrx_word' id='word_1_302' title='bbox 1054 3106 1391 3178; x_wconf 76' lang='lat' dir='ltr'><strong>pontificiis,</strong></span> <span class='ocrx_word' id='word_1_303' title='bbox 1424 3107 1524 3183; x_wconf 92' lang='lat' dir='ltr'><strong>qui</strong></span> <span class='ocrx_word' id='word_1_304' title='bbox 1550 3107 1688 3164; x_wconf 90' lang='lat' dir='ltr'><strong>licet</strong></span> <span class='ocrx_word' id='word_1_305' title='bbox 1716 3106 1996 3163; x_wconf 88' lang='lat' dir='ltr'><strong>unitatem</strong></span> <span class='ocrx_word' id='word_1_306' title='bbox 2026 3111 2085 3162; x_wconf 91' lang='lat' dir='ltr'><strong>et</strong></span> <span class='ocrx_word' id='word_1_307' title='bbox 2113 3103 2520 3182; x_wconf 86' lang='lat' dir='ltr'><strong>perfectionem</strong></span> <span class='ocrx_word' id='word_1_308' title='bbox 2552 3105 2719 3162; x_wconf 87' lang='lat' dir='ltr'><strong>satis·</strong></span> 
     </span>
     <span class='ocr_line' id='line_1_31' title="bbox 306 3182 2720 3263; baseline 0 -23"><span class='ocrx_word' id='word_1_309' title='bbox 306 3183 573 3241; x_wconf 88' lang='lat' dir='ltr'><strong>factionis</strong></span> <span class='ocrx_word' id='word_1_310' title='bbox 602 3184 815 3243; x_wconf 85' lang='lat' dir='ltr'><strong>Christi</strong></span> <span class='ocrx_word' id='word_1_311' title='bbox 844 3205 941 3243; x_wconf 91' lang='lat' dir='ltr'><strong>ore</strong></span> <span class='ocrx_word' id='word_1_312' title='bbox 970 3194 1138 3244; x_wconf 89' lang='lat' dir='ltr'><strong>tenus</strong></span> <span class='ocrx_word' id='word_1_313' title='bbox 1168 3193 1443 3259; x_wconf 84' lang='lat' dir='ltr'><strong>asserant,</strong></span> <span class='ocrx_word' id='word_1_314' title='bbox 1469 3194 1527 3244; x_wconf 87' lang='lat' dir='ltr'><strong>et</strong></span> <span class='ocrx_word' id='word_1_315' title='bbox 1555 3185 1824 3263; x_wconf 90' lang='lat' dir='ltr'><strong>injuriam</strong></span> <span class='ocrx_word' id='word_1_316' title='bbox 1855 3203 2092 3261; x_wconf 87' lang='lat' dir='ltr'><strong>gravem</strong></span> <span class='ocrx_word' id='word_1_317' title='bbox 2124 3183 2233 3241; x_wconf 90' lang='lat' dir='ltr'><strong>sibi</strong></span> <span class='ocrx_word' id='word_1_318' title='bbox 2255 3182 2379 3240; x_wconf 90' lang='lat' dir='ltr'><strong>fieri</strong></span> <span class='ocrx_word' id='word_1_319' title='bbox 2408 3183 2720 3258; x_wconf 88' lang='lat' dir='ltr'><strong>clamitent,</strong></span> 
     </span>
     <span class='ocr_line' id='line_1_32' title="bbox 306 3263 2724 3341; baseline 0 -21"><span class='ocrx_word' id='word_1_320' title='bbox 306 3283 484 3340; x_wconf 88' lang='lat' dir='ltr'><strong>quum</strong></span> <span class='ocrx_word' id='word_1_321' title='bbox 507 3264 647 3340; x_wconf 89' lang='lat' dir='ltr'><strong>ipsis</strong></span> <span class='ocrx_word' id='word_1_322' title='bbox 668 3264 954 3340; x_wconf 87' lang='lat' dir='ltr'><strong>tribuitur,</strong></span> <span class='ocrx_word' id='word_1_323' title='bbox 970 3264 1126 3341; x_wconf 89' lang='lat' dir='ltr'><strong>quod</strong></span> <span class='ocrx_word' id='word_1_324' title='bbox 1150 3264 1345 3322; x_wconf 85' lang='lat' dir='ltr'><strong>dicant</strong></span> <span class='ocrx_word' id='word_1_325' title='bbox 1366 3265 1628 3323; x_wconf 89' lang='lat' dir='ltr'><strong>“Christi</strong></span> <span class='ocrx_word' id='word_1_326' title='bbox 1650 3264 2034 3341; x_wconf 88' lang='lat' dir='ltr'><strong>passionibus,</strong></span> <span class='ocrx_word' id='word_1_327' title='bbox 2054 3263 2263 3341; x_wconf 89' lang='lat' dir='ltr'><strong>quibus</strong></span> <span class='ocrx_word' id='word_1_328' title='bbox 2274 3272 2510 3339; x_wconf 85' lang='lat' dir='ltr'><strong>peccata</strong></span> <span class='ocrx_word' id='word_1_329' title='bbox 2527 3271 2724 3321; x_wconf 88' lang='lat' dir='ltr'><strong>nostra</strong></span> 
     </span>
     <span class='ocr_line' id='line_1_33' title="bbox 304 3342 2721 3422; baseline -0 -21"><span class='ocrx_word' id='word_1_330' title='bbox 304 3344 579 3420; x_wconf 83' lang='lat' dir='ltr'><strong>expiavit,</strong></span> <span class='ocrx_word' id='word_1_331' title='bbox 601 3343 821 3421; x_wconf 89' lang='lat' dir='ltr'><strong>aliquid</strong></span> <span class='ocrx_word' id='word_1_332' title='bbox 839 3345 1105 3418; x_wconf 88' lang='lat' dir='ltr'><strong>defuisse,</strong></span> <span class='ocrx_word' id='word_1_333' title='bbox 1130 3345 1438 3422; x_wconf 84' lang='lat' dir='ltr'><strong>quominus</strong></span> <span class='ocrx_word' id='word_1_334' title='bbox 1464 3345 1638 3422; x_wconf 88' lang='lat' dir='ltr'><strong>plena</strong></span> <span class='ocrx_word' id='word_1_335' title='bbox 1658 3364 1723 3402; x_wconf 89' lang='lat' dir='ltr'><strong>ac</strong></span> <span class='ocrx_word' id='word_1_336' title='bbox 1742 3344 1993 3421; x_wconf 88' lang='lat' dir='ltr'><strong>perfecta</strong></span> <span class='ocrx_word' id='word_1_337' title='bbox 2022 3363 2147 3401; x_wconf 89' lang='lat' dir='ltr'><strong>esse</strong></span> <span class='ocrx_word' id='word_1_338' title='bbox 2176 3342 2360 3420; x_wconf 89' lang='lat' dir='ltr'><strong>possit</strong></span> <span class='ocrx_word' id='word_1_339' title='bbox 2381 3343 2508 3420; x_wconf 87' lang='lat' dir='ltr'><strong>ejus</strong></span> <span class='ocrx_word' id='word_1_340' title='bbox 2542 3343 2721 3401; x_wconf 86' lang='lat' dir='ltr'><strong>Satis-</strong></span> 
     </span>
     <span class='ocr_line' id='line_1_34' title="bbox 305 3423 2722 3501; baseline -0 -21"><span class='ocrx_word' id='word_1_341' title='bbox 305 3423 538 3498; x_wconf 83' lang='lat' dir='ltr'><strong>factio,&#39;&#39;</strong></span> <span class='ocrx_word' id='word_1_342' title='bbox 587 3432 652 3482; x_wconf 91' lang='lat' dir='ltr'><strong>ut</strong></span> <span class='ocrx_word' id='word_1_343' title='bbox 679 3424 934 3501; x_wconf 88' lang='lat' dir='ltr'><strong>loquitur</strong></span> <span class='ocrx_word' id='word_1_344' title='bbox 963 3424 1235 3483; x_wconf 89' lang='lat' dir='ltr'><strong>Bellarm.</strong></span> <span class='ocrx_word' id='word_1_345' title='bbox 1265 3424 1367 3482; x_wconf 90' lang='lat' dir='ltr'><strong>lib.</strong></span> <span class='ocrx_word' id='word_1_346' title='bbox 1397 3424 1456 3483; x_wconf 90' lang='lat' dir='ltr'><strong>ii.</strong></span> <span class='ocrx_word' id='word_1_347' title='bbox 1496 3424 1567 3483; x_wconf 91' lang='lat' dir='ltr'><strong>de</strong></span> <span class='ocrx_word' id='word_1_348' title='bbox 1604 3424 1839 3501; x_wconf 89' lang='lat' dir='ltr'><strong>Indulg.</strong></span> <span class='ocrx_word' id='word_1_349' title='bbox 1871 3444 1995 3500; x_wconf 88' lang='lat' dir='ltr'><strong>cap.</strong></span> <span class='ocrx_word' id='word_1_350' title='bbox 2032 3427 2124 3498; x_wconf 88' lang='lat'><strong>14,</strong></span> <span class='ocrx_word' id='word_1_351' title='bbox 2156 3423 2345 3500; x_wconf 89' lang='lat' dir='ltr'><strong>reipsa</strong></span> <span class='ocrx_word' id='word_1_352' title='bbox 2371 3432 2564 3481; x_wconf 88' lang='lat' dir='ltr'><strong>tamen</strong></span> <span class='ocrx_word' id='word_1_353' title='bbox 2595 3442 2722 3481; x_wconf 91' lang='lat' dir='ltr'><strong>eam</strong></span> 
     </span>
     <span class='ocr_line' id='line_1_35' title="bbox 303 3503 2723 3580; baseline 0 -19"><span class='ocrx_word' id='word_1_354' title='bbox 303 3523 419 3563; x_wconf 92' lang='lat' dir='ltr'><strong>non</strong></span> <span class='ocrx_word' id='word_1_355' title='bbox 450 3524 564 3561; x_wconf 89' lang='lat' dir='ltr'><strong>uno</strong></span> <span class='ocrx_word' id='word_1_356' title='bbox 584 3504 757 3563; x_wconf 90' lang='lat' dir='ltr'><strong>modo</strong></span> <span class='ocrx_word' id='word_1_357' title='bbox 780 3504 1129 3564; x_wconf 87' lang='lat' dir='ltr'><strong>labefactant</strong></span> <span class='ocrx_word' id='word_1_358' title='bbox 1149 3513 1208 3564; x_wconf 91' lang='lat' dir='ltr'><strong>et</strong></span> <span class='ocrx_word' id='word_1_359' title='bbox 1229 3512 1511 3579; x_wconf 85' lang='lat' dir='ltr'><strong>evertunt,</strong></span> <span class='ocrx_word' id='word_1_360' title='bbox 1533 3505 1670 3563; x_wconf 90' lang='lat' dir='ltr'><strong>dum</strong></span> <span class='ocrx_word' id='word_1_361' title='bbox 1691 3513 1951 3563; x_wconf 86' lang='lat' dir='ltr'><strong>statuunt</strong></span> <span class='ocrx_word' id='word_1_362' title='bbox 1972 3523 2096 3562; x_wconf 84' lang='lat' dir='ltr'><strong>eam</strong></span> <span class='ocrx_word' id='word_1_363' title='bbox 2116 3503 2572 3580; x_wconf 88' lang='lat' dir='ltr'><strong>restringendam</strong></span> <span class='ocrx_word' id='word_1_364' title='bbox 2596 3522 2723 3562; x_wconf 89' lang='lat' dir='ltr'><strong>esse</strong></span> 
     </span>
     <span class='ocr_line' id='line_1_36' title="bbox 307 3583 2719 3662; baseline -0 -21"><span class='ocrx_word' id='word_1_365' title='bbox 307 3583 382 3641; x_wconf 89' lang='lat' dir='ltr'><strong>ad</strong></span> <span class='ocrx_word' id='word_1_366' title='bbox 424 3592 658 3660; x_wconf 87' lang='lat' dir='ltr'><strong>peccata</strong></span> <span class='ocrx_word' id='word_1_367' title='bbox 686 3585 1203 3662; x_wconf 87' lang='lat' dir='ltr'><strong>antebaptismalia,</strong></span> <span class='ocrx_word' id='word_1_368' title='bbox 1236 3592 1294 3642; x_wconf 92' lang='lat' dir='ltr'><strong>et</strong></span> <span class='ocrx_word' id='word_1_369' title='bbox 1322 3585 1397 3642; x_wconf 91' lang='lat' dir='ltr'><strong>ad</strong></span> <span class='ocrx_word' id='word_1_370' title='bbox 1425 3593 1645 3643; x_wconf 88' lang='lat' dir='ltr'><strong>reatum</strong></span> <span class='ocrx_word' id='word_1_371' title='bbox 1676 3585 1876 3662; x_wconf 78' lang='lat' dir='ltr'><strong>culpae,</strong></span> <span class='ocrx_word' id='word_1_372' title='bbox 1908 3592 1968 3642; x_wconf 91' lang='lat' dir='ltr'><strong>et</strong></span> <span class='ocrx_word' id='word_1_373' title='bbox 1995 3604 2112 3641; x_wconf 90' lang='lat' dir='ltr'><strong>non</strong></span> <span class='ocrx_word' id='word_1_374' title='bbox 2139 3603 2341 3661; x_wconf 82' lang='lat' dir='ltr'><strong>poenae,</strong></span> <span class='ocrx_word' id='word_1_375' title='bbox 2375 3583 2469 3641; x_wconf 87' lang='lat' dir='ltr'><strong>vel</strong></span> <span class='ocrx_word' id='word_1_376' title='bbox 2498 3583 2572 3640; x_wconf 87' lang='lat' dir='ltr'><strong>ad</strong></span> <span class='ocrx_word' id='word_1_377' title='bbox 2600 3603 2719 3660; x_wconf 89' lang='lat' dir='ltr'><strong>poe·</strong></span> 
     </span>
     <span class='ocr_line' id='line_1_37' title="bbox 307 3664 2055 3742; baseline 0 -22"><span class='ocrx_word' id='word_1_378' title='bbox 307 3683 440 3720; x_wconf 91' lang='lat' dir='ltr'><strong>nam</strong></span> <span class='ocrx_word' id='word_1_379' title='bbox 470 3671 758 3739; x_wconf 74' lang='lat' dir='ltr'><strong>aeternam,</strong></span> <span class='ocrx_word' id='word_1_380' title='bbox 790 3673 848 3723; x_wconf 86' lang='lat' dir='ltr'><strong>et</strong></span> <span class='ocrx_word' id='word_1_381' title='bbox 875 3685 992 3722; x_wconf 88' lang='lat' dir='ltr'><strong>non</strong></span> <span class='ocrx_word' id='word_1_382' title='bbox 1020 3665 1410 3742; x_wconf 82' lang='lat' dir='ltr'><strong>temporalem,</strong></span> <span class='ocrx_word' id='word_1_383' title='bbox 1443 3673 1507 3723; x_wconf 86' lang='lat' dir='ltr'><strong>ut</strong></span> <span class='ocrx_word' id='word_1_384' title='bbox 1542 3665 1787 3741; x_wconf 88' lang='lat' dir='ltr'><strong>jamjam</strong></span> <span class='ocrx_word' id='word_1_385' title='bbox 1816 3664 2055 3723; x_wconf 86' lang='lat' dir='ltr'><strong>dicetur.</strong></span> 
     </span>
    </p>

    <p class='ocr_par' dir='ltr' id='par_1_9' title="bbox 304 3742 2723 4696">
     <span class='ocr_line' id='line_1_38' title="bbox 910 3742 2720 3817; baseline -0.001 -16"><span class='ocrx_word' id='word_1_386' title='bbox 910 3744 994 3803; x_wconf 94' lang='lat' dir='ltr'><strong>II.</strong></span> <span class='ocrx_word' id='word_1_387' title='bbox 1041 3746 1112 3803; x_wconf 91' lang='lat' dir='ltr'><strong>In</strong></span> <span class='ocrx_word' id='word_1_388' title='bbox 1161 3752 1519 3803; x_wconf 85' lang='lat' dir='ltr'><strong>antecessum</strong></span> <span class='ocrx_word' id='word_1_389' title='bbox 1550 3744 1993 3817; x_wconf 87' lang='lat' dir='ltr'><strong>observandum,</strong></span> <span class='ocrx_word' id='word_1_390' title='bbox 2038 3743 2504 3817; x_wconf 59' lang='lat' dir='ltr'><strong>Sate&#39;ffactionem,</strong></span> <span class='ocrx_word' id='word_1_391' title='bbox 2550 3742 2720 3800; x_wconf 88' lang='lat' dir='ltr'><strong>aliam</strong></span> 
     </span>
     <span class='ocr_line' id='line_1_39' title="bbox 828 3821 2723 3901; baseline -0.002 -18"><span class='ocrx_word' id='word_1_392' title='bbox 828 3844 954 3882; x_wconf 87' lang='lat' dir='ltr'><strong>esse</strong></span> <span class='ocrx_word' id='word_1_393' title='bbox 983 3845 1108 3901; x_wconf 83' lang='lat' dir='ltr'><strong>quae</strong></span> <span class='ocrx_word' id='word_1_394' title='bbox 1135 3828 1263 3883; x_wconf 81' lang='lat' dir='ltr'><strong>Deo</strong></span> <span class='ocrx_word' id='word_1_395' title='bbox 1282 3833 1613 3899; x_wconf 81' lang='lat' dir='ltr'><strong>praestatur,</strong></span> <span class='ocrx_word' id='word_1_396' title='bbox 1655 3824 1843 3897; x_wconf 90' lang='lat' dir='ltr'><strong>aliam,</strong></span> <span class='ocrx_word' id='word_1_397' title='bbox 1876 3842 2001 3899; x_wconf 81' lang='lat' dir='ltr'><strong>quae</strong></span> <span class='ocrx_word' id='word_1_398' title='bbox 2021 3823 2342 3880; x_wconf 75' lang='lat' dir='ltr'><strong>hominibus.</strong></span> <span class='ocrx_word' id='word_1_399' title='bbox 2369 3821 2492 3879; x_wconf 89' lang='lat' dir='ltr'><strong>Ista</strong></span> <span class='ocrx_word' id='word_1_400' title='bbox 2511 3821 2603 3879; x_wconf 90' lang='lat' dir='ltr'><strong>vel</strong></span> <span class='ocrx_word' id='word_1_401' title='bbox 2635 3830 2723 3880; x_wconf 90' lang='lat' dir='ltr'><strong>est</strong></span> 
     </span>
     <span class='ocr_line' id='line_1_40' title="bbox 817 3900 2723 3981; baseline -0.001 -20"><span class='ocrx_word' id='word_1_402' title='bbox 817 3905 1071 3979; x_wconf 79' lang='lat' dir='ltr'><strong>privata,</strong></span> <span class='ocrx_word' id='word_1_403' title='bbox 1102 3925 1231 3981; x_wconf 81' lang='lat' dir='ltr'><strong>quae</strong></span> <span class='ocrx_word' id='word_1_404' title='bbox 1268 3905 1602 3979; x_wconf 78' lang='lat' dir='ltr'><strong>reparativa</strong></span> <span class='ocrx_word' id='word_1_405' title='bbox 1630 3903 1855 3977; x_wconf 87' lang='lat' dir='ltr'><strong>dicitur,</strong></span> <span class='ocrx_word' id='word_1_406' title='bbox 1888 3909 1945 3959; x_wconf 93' lang='lat' dir='ltr'><strong>et</strong></span> <span class='ocrx_word' id='word_1_407' title='bbox 1973 3900 2214 3959; x_wconf 91' lang='lat' dir='ltr'><strong>debetur</strong></span> <span class='ocrx_word' id='word_1_408' title='bbox 2240 3900 2520 3976; x_wconf 85' lang='lat' dir='ltr'><strong>proximis</strong></span> <span class='ocrx_word' id='word_1_409' title='bbox 2569 3901 2723 3960; x_wconf 83' lang='lat' dir='ltr'><strong>laesis</strong></span> 
     </span>
     <span class='ocr_line' id='line_1_41' title="bbox 304 3979 2722 4060; baseline -0.002 -16"><span class='ocrx_word' id='word_1_410' title='bbox 304 3994 362 4044; x_wconf 90' lang='lat' dir='ltr'><strong>et</strong></span> <span class='ocrx_word' id='word_1_411' title='bbox 390 3983 661 4056; x_wconf 80' lang='lat' dir='ltr'><strong>offensis3</strong></span> <span class='ocrx_word' id='word_1_412' title='bbox 705 3983 802 4041; x_wconf 83' lang='lat' dir='ltr'><strong>vel</strong></span> <span class='ocrx_word' id='word_1_413' title='bbox 835 3984 1078 4058; x_wconf 74' lang='lat' dir='ltr'><strong>publica,</strong></span> <span class='ocrx_word' id='word_1_414' title='bbox 1120 4004 1249 4060; x_wconf 84' lang='lat' dir='ltr'><strong>quae</strong></span> <span class='ocrx_word' id='word_1_415' title='bbox 1296 3984 1584 4042; x_wconf 82' lang='lat' dir='ltr'><strong>Canonica</strong></span> <span class='ocrx_word' id='word_1_416' title='bbox 1627 3990 1882 4055; x_wconf 85' lang='lat' dir='ltr'><strong>vocatur,</strong></span> <span class='ocrx_word' id='word_1_417' title='bbox 1908 3980 2043 4056; x_wconf 88' lang='lat' dir='ltr'><strong>quia</strong></span> <span class='ocrx_word' id='word_1_418' title='bbox 2085 3979 2255 4037; x_wconf 90' lang='lat' dir='ltr'><strong>certis</strong></span> <span class='ocrx_word' id='word_1_419' title='bbox 2295 3980 2624 4038; x_wconf 88' lang='lat' dir='ltr'><strong>Canonibus</strong></span> <span class='ocrx_word' id='word_1_420' title='bbox 2664 3990 2722 4039; x_wconf 88' lang='lat' dir='ltr'><strong>et</strong></span> 
     </span>
     <span class='ocr_line' id='line_1_42' title="bbox 304 4059 2721 4141; baseline -0.003 -18"><span class='ocrx_word' id='word_1_421' title='bbox 304 4065 523 4141; x_wconf 86' lang='lat' dir='ltr'><strong>regulis</strong></span> <span class='ocrx_word' id='word_1_422' title='bbox 564 4064 778 4121; x_wconf 86' lang='lat' dir='ltr'><strong>veteris</strong></span> <span class='ocrx_word' id='word_1_423' title='bbox 809 4062 1084 4120; x_wconf 66' lang='lat' dir='ltr'><strong>Ecclesiae</strong></span> <span class='ocrx_word' id='word_1_424' title='bbox 1128 4063 1543 4137; x_wconf 88' lang='lat' dir='ltr'><strong>continebatur,</strong></span> <span class='ocrx_word' id='word_1_425' title='bbox 1575 4071 1634 4121; x_wconf 93' lang='lat' dir='ltr'><strong>et</strong></span> <span class='ocrx_word' id='word_1_426' title='bbox 1675 4059 2135 4138; x_wconf 84' lang='lat' dir='ltr'><strong>frequentissime</strong></span> <span class='ocrx_word' id='word_1_427' title='bbox 2165 4059 2379 4135; x_wconf 89' lang='lat' dir='ltr'><strong>imponi</strong></span> <span class='ocrx_word' id='word_1_428' title='bbox 2410 4059 2632 4117; x_wconf 86' lang='lat' dir='ltr'><strong>solebat</strong></span> <span class='ocrx_word' id='word_1_429' title='bbox 2662 4060 2721 4117; x_wconf 89' lang='lat' dir='ltr'><strong>in</strong></span> 
     </span>
     <span class='ocr_line' id='line_1_43' title="bbox 305 4138 2723 4220; baseline -0.002 -18"><span class='ocrx_word' id='word_1_430' title='bbox 305 4145 428 4202; x_wconf 87' lang='lat' dir='ltr'><strong>foro</strong></span> <span class='ocrx_word' id='word_1_431' title='bbox 470 4152 710 4202; x_wconf 84' lang='lat' dir='ltr'><strong>externo</strong></span> <span class='ocrx_word' id='word_1_432' title='bbox 753 4142 827 4200; x_wconf 89' lang='lat' dir='ltr'><strong>ad</strong></span> <span class='ocrx_word' id='word_1_433' title='bbox 870 4143 1277 4201; x_wconf 86' lang='lat' dir='ltr'><strong>correctionem</strong></span> <span class='ocrx_word' id='word_1_434' title='bbox 1305 4152 1687 4220; x_wconf 89' lang='lat' dir='ltr'><strong>peccatorum,</strong></span> <span class='ocrx_word' id='word_1_435' title='bbox 1719 4150 1778 4198; x_wconf 90' lang='lat' dir='ltr'><strong>et</strong></span> <span class='ocrx_word' id='word_1_436' title='bbox 1803 4138 2219 4217; x_wconf 88' lang='lat' dir='ltr'><strong>reparationem</strong></span> <span class='ocrx_word' id='word_1_437' title='bbox 2249 4138 2522 4197; x_wconf 88' lang='lat' dir='ltr'><strong>scandali.</strong></span> <span class='ocrx_word' id='word_1_438' title='bbox 2610 4139 2723 4198; x_wconf 82' lang='lat' dir='ltr'><strong>Illa</strong></span> 
     </span>
     <span class='ocr_line' id='line_1_44' title="bbox 308 4219 2720 4303; baseline -0.001 -23"><span class='ocrx_word' id='word_1_439' title='bbox 308 4223 535 4301; x_wconf 90' lang='lat' dir='ltr'><strong>proprie</strong></span> <span class='ocrx_word' id='word_1_440' title='bbox 578 4223 788 4282; x_wconf 89' lang='lat' dir='ltr'><strong>dicitur</strong></span> <span class='ocrx_word' id='word_1_441' title='bbox 829 4222 899 4280; x_wconf 90' lang='lat' dir='ltr'><strong>de</strong></span> <span class='ocrx_word' id='word_1_442' title='bbox 950 4221 1112 4303; x_wconf 66' lang='grc' dir='ltr'>λίη-ςᾳ</span> <span class='ocrx_word' id='word_1_443' title='bbox 1160 4222 1391 4297; x_wconf 87' lang='lat' dir='ltr'><strong>Christi,</strong></span> <span class='ocrx_word' id='word_1_444' title='bbox 1439 4242 1552 4298; x_wconf 92' lang='lat' dir='ltr'><strong>quo</strong></span> <span class='ocrx_word' id='word_1_445' title='bbox 1595 4221 1694 4278; x_wconf 90' lang='lat' dir='ltr'><strong>ille</strong></span> <span class='ocrx_word' id='word_1_446' title='bbox 1737 4229 2010 4295; x_wconf 89' lang='lat' dir='ltr'><strong>tanquam</strong></span> <span class='ocrx_word' id='word_1_447' title='bbox 2060 4219 2315 4295; x_wconf 86' lang='lat' dir='ltr'><strong>Sponsor</strong></span> <span class='ocrx_word' id='word_1_448' title='bbox 2371 4226 2567 4277; x_wconf 90' lang='lat' dir='ltr'><strong>noster</strong></span> <span class='ocrx_word' id='word_1_449' title='bbox 2616 4238 2720 4295; x_wconf 89' lang='lat' dir='ltr'><strong>pro</strong></span> 
     </span>
     <span class='ocr_line' id='line_1_45' title="bbox 309 4297 2720 4378; baseline -0.001 -18"><span class='ocrx_word' id='word_1_450' title='bbox 309 4303 477 4361; x_wconf 92' lang='lat' dir='ltr'><strong>nobis</strong></span> <span class='ocrx_word' id='word_1_451' title='bbox 527 4303 837 4378; x_wconf 82' lang='lat' dir='ltr'><strong>satisfecit3</strong></span> <span class='ocrx_word' id='word_1_452' title='bbox 924 4303 1192 4361; x_wconf 80' lang='lat' dir='ltr'><strong>Abusive</strong></span> <span class='ocrx_word' id='word_1_453' title='bbox 1234 4322 1372 4361; x_wconf 88' lang='lat' dir='ltr'><strong>vero</strong></span> <span class='ocrx_word' id='word_1_454' title='bbox 1428 4301 1699 4360; x_wconf 89' lang='lat' dir='ltr'><strong>tribuitur</strong></span> <span class='ocrx_word' id='word_1_455' title='bbox 1741 4298 2007 4376; x_wconf 88' lang='lat' dir='ltr'><strong>operibus</strong></span> <span class='ocrx_word' id='word_1_456' title='bbox 2051 4297 2463 4372; x_wconf 89' lang='lat' dir='ltr'><strong>satisfactoriis,</strong></span> <span class='ocrx_word' id='word_1_457' title='bbox 2509 4298 2720 4375; x_wconf 91' lang='lat' dir='ltr'><strong>quibus</strong></span> 
     </span>
     <span class='ocr_line' id='line_1_46' title="bbox 307 4377 2721 4459; baseline -0.001 -20"><span class='ocrx_word' id='word_1_458' title='bbox 307 4402 410 4459; x_wconf 88' lang='lat' dir='ltr'><strong>pro</strong></span> <span class='ocrx_word' id='word_1_459' title='bbox 432 4382 684 4458; x_wconf 89' lang='lat' dir='ltr'><strong>peccatis</strong></span> <span class='ocrx_word' id='word_1_460' title='bbox 727 4383 846 4441; x_wconf 90' lang='lat' dir='ltr'><strong>suis</strong></span> <span class='ocrx_word' id='word_1_461' title='bbox 874 4383 972 4441; x_wconf 89' lang='lat' dir='ltr'><strong>vel</strong></span> <span class='ocrx_word' id='word_1_462' title='bbox 1013 4383 1215 4440; x_wconf 90' lang='lat' dir='ltr'><strong>alienis</strong></span> <span class='ocrx_word' id='word_1_463' title='bbox 1242 4381 1504 4440; x_wconf 88' lang='lat' dir='ltr'><strong>homines</strong></span> <span class='ocrx_word' id='word_1_464' title='bbox 1531 4381 1831 4456; x_wconf 88' lang='lat' dir='ltr'><strong>finguntur</strong></span> <span class='ocrx_word' id='word_1_465' title='bbox 1859 4377 2204 4436; x_wconf 84' lang='lat' dir='ltr'><strong>satisfacere.</strong></span> <span class='ocrx_word' id='word_1_466' title='bbox 2291 4377 2408 4436; x_wconf 91' lang='lat' dir='ltr'><strong>Hic</strong></span> <span class='ocrx_word' id='word_1_467' title='bbox 2436 4398 2574 4436; x_wconf 83' lang='lat' dir='ltr'><strong>vero</strong></span> <span class='ocrx_word' id='word_1_468' title='bbox 2603 4399 2721 4437; x_wconf 90' lang='lat' dir='ltr'><strong>non</strong></span> 
     </span>
     <span class='ocr_line' id='line_1_47' title="bbox 307 4456 2717 4538; baseline -0.001 -19"><span class='ocrx_word' id='word_1_469' title='bbox 307 4462 380 4519; x_wconf 89' lang='lat' dir='ltr'><strong>de</strong></span> <span class='ocrx_word' id='word_1_470' title='bbox 423 4460 535 4518; x_wconf 89' lang='lat' dir='ltr'><strong>ista</strong></span> <span class='ocrx_word' id='word_1_471' title='bbox 575 4462 782 4537; x_wconf 86' lang='lat' dir='ltr'><strong>agitur,</strong></span> <span class='ocrx_word' id='word_1_472' title='bbox 815 4462 916 4520; x_wconf 89' lang='lat' dir='ltr'><strong>sed</strong></span> <span class='ocrx_word' id='word_1_473' title='bbox 960 4462 1031 4520; x_wconf 92' lang='lat' dir='ltr'><strong>de</strong></span> <span class='ocrx_word' id='word_1_474' title='bbox 1074 4462 1172 4519; x_wconf 90' lang='lat' dir='ltr'><strong>illa</strong></span> <span class='ocrx_word' id='word_1_475' title='bbox 1199 4482 1329 4538; x_wconf 84' lang='lat' dir='ltr'><strong>quae</strong></span> <span class='ocrx_word' id='word_1_476' title='bbox 1354 4461 1480 4518; x_wconf 89' lang='lat' dir='ltr'><strong>Deo</strong></span> <span class='ocrx_word' id='word_1_477' title='bbox 1508 4458 1771 4536; x_wconf 82' lang='lat' dir='ltr'><strong>praestari</strong></span> <span class='ocrx_word' id='word_1_478' title='bbox 1799 4458 1987 4533; x_wconf 90' lang='lat' dir='ltr'><strong>debet,</strong></span> <span class='ocrx_word' id='word_1_479' title='bbox 2020 4458 2094 4516; x_wconf 86' lang='lat' dir='ltr'><strong>ad</strong></span> <span class='ocrx_word' id='word_1_480' title='bbox 2123 4456 2570 4516; x_wconf 87' lang='lat' dir='ltr'><strong>satisfactionem</strong></span> <span class='ocrx_word' id='word_1_481' title='bbox 2592 4458 2717 4535; x_wconf 90' lang='lat' dir='ltr'><strong>jus-</strong></span> 
     </span>
     <span class='ocr_line' id='line_1_48' title="bbox 307 4537 2719 4619; baseline -0.002 -19"><span class='ocrx_word' id='word_1_482' title='bbox 307 4540 467 4613; x_wconf 81' lang='lat' dir='ltr'><strong>titiae,</strong></span> <span class='ocrx_word' id='word_1_483' title='bbox 499 4547 558 4598; x_wconf 90' lang='lat' dir='ltr'><strong>ct</strong></span> <span class='ocrx_word' id='word_1_484' title='bbox 598 4542 984 4618; x_wconf 87' lang='lat' dir='ltr'><strong>expiationem</strong></span> <span class='ocrx_word' id='word_1_485' title='bbox 1014 4542 1251 4619; x_wconf 90' lang='lat' dir='ltr'><strong>peccati.</strong></span> <span class='ocrx_word' id='word_1_486' title='bbox 1336 4541 1468 4598; x_wconf 88' lang='lat' dir='ltr'><strong>Non</strong></span> <span class='ocrx_word' id='word_1_487' title='bbox 1498 4539 1650 4598; x_wconf 90' lang='lat' dir='ltr'><strong>enim</strong></span> <span class='ocrx_word' id='word_1_488' title='bbox 1680 4538 1969 4615; x_wconf 87' lang='lat' dir='ltr'><strong>quaeritur,</strong></span> <span class='ocrx_word' id='word_1_489' title='bbox 2004 4537 2103 4595; x_wconf 90' lang='lat' dir='ltr'><strong>An</strong></span> <span class='ocrx_word' id='word_1_490' title='bbox 2149 4537 2476 4597; x_wconf 77' lang='lat' dir='ltr'><strong>SatIsfactio</strong></span> <span class='ocrx_word' id='word_1_491' title='bbox 2507 4538 2719 4597; x_wconf 88' lang='lat' dir='ltr'><strong>Christi</strong></span> 
     </span>
     <span class='ocr_line' id='line_1_49' title="bbox 307 4617 2716 4696; baseline -0.001 -17"><span class='ocrx_word' id='word_1_492' title='bbox 307 4618 581 4679; x_wconf 86' lang='lat' dir='ltr'><strong>excludat</strong></span> <span class='ocrx_word' id='word_1_493' title='bbox 603 4640 800 4680; x_wconf 90' lang='lat' dir='ltr'><strong>omnes</strong></span> <span class='ocrx_word' id='word_1_494' title='bbox 830 4622 1249 4680; x_wconf 84' lang='lat' dir='ltr'><strong>satisfactiones</strong></span> <span class='ocrx_word' id='word_1_495' title='bbox 1276 4621 1575 4695; x_wconf 89' lang='lat' dir='ltr'><strong>humanas,</strong></span> <span class='ocrx_word' id='word_1_496' title='bbox 1605 4619 1702 4677; x_wconf 88' lang='lat' dir='ltr'><strong>vel</strong></span> <span class='ocrx_word' id='word_1_497' title='bbox 1730 4617 2000 4696; x_wconf 85' lang='lat' dir='ltr'><strong>privatas,</strong></span> <span class='ocrx_word' id='word_1_498' title='bbox 2032 4618 2129 4676; x_wconf 85' lang='lat' dir='ltr'><strong>vel</strong></span> <span class='ocrx_word' id='word_1_499' title='bbox 2157 4618 2418 4695; x_wconf 86' lang='lat' dir='ltr'><strong>publicas</strong></span> <span class='ocrx_word' id='word_1_500' title='bbox 2447 4627 2505 4678; x_wconf 91' lang='lat' dir='ltr'><strong>et</strong></span> <span class='ocrx_word' id='word_1_501' title='bbox 2534 4619 2716 4678; x_wconf 89' lang='lat' dir='ltr'><strong>Cano-</strong></span> 
     </span>
    </p>

    <p class='ocr_par' dir='ltr' id='par_1_10' title="bbox 391 4703 2397 4759">
     <span class='ocr_line' id='line_1_50' title="bbox 391 4703 2397 4759; baseline -0.001 -1"><span class='ocrx_word' id='word_1_502' title='bbox 391 4717 540 4759; x_wconf 73' lang='lat' dir='ltr'><strong>rAsss</strong></span> <span class='ocrx_word' id='word_1_503' title='bbox 568 4718 631 4758; x_wconf 91' lang='lat'><strong>11.</strong></span> <span class='ocrx_word' id='word_1_504' title='bbox 1604 4711 1610 4718; x_wconf 89' lang='grc'><strong>’</strong></span> <span class='ocrx_word' id='word_1_505' title='bbox 2295 4703 2330 4756; x_wconf 82' lang='grc'>2</span> <span class='ocrx_word' id='word_1_506' title='bbox 2363 4718 2397 4755; x_wconf 84' lang='lat' dir='ltr'><strong>B</strong></span> 
     </span>
    </p>
   </div>
   <div class='ocr_carea' id='block_1_7' title="bbox 364 3801 728 3904">
    <p class='ocr_par' dir='ltr' id='par_1_11' title="bbox 364 3801 728 3904">
     <span class='ocr_line' id='line_1_51' title="bbox 364 3801 728 3851; baseline 0.003 -5"><span class='ocrx_word' id='word_1_507' title='bbox 364 3802 539 3846; x_wconf 85' lang='lat' dir='ltr'><strong>Status</strong></span> <span class='ocrx_word' id='word_1_508' title='bbox 556 3801 728 3851; x_wconf 77' lang='lat' dir='ltr'><strong>Quaes-</strong></span> 
     </span>
     <span class='ocr_line' id='line_1_52' title="bbox 469 3862 631 3904; baseline 0.012 -2"><span class='ocrx_word' id='word_1_509' title='bbox 469 3862 631 3904; x_wconf 84' lang='lat' dir='ltr'><strong>tionis.</strong></span> 
     </span>
    </p>
   </div>
  </div>
 </body>
</html>
