3221 5200
258 394 490 445 Qcfflsr.
520 376 638 459 1x.]
1257 397 1335 436 nr.
1365 397 1516 436 Laos
1546 395 1667 437 nm.
2599 382 2675 439 53

259 536 433 595 utiles
461 557 609 612 esse,
635 558 754 597 non
776 558 915 597 vero
944 538 1061 597 ullo
1083 537 1256 596 modo
1284 538 1605 597 adorandas
1631 561 1645 613 ;
1679 536 1851 597 Unde
1880 537 2136 596 scribens
2167 540 2202 571 “
2230 538 2303 597 ad
2338 539 2675 613 Serenum‚''

258 618 357 692 ait,
406 620 442 649 “
472 617 680 676 Zelum
728 618 963 695 quidem
993 619 1132 693 VoS,
1163 639 1236 677 ne
1284 618 1425 695 quid
1472 618 1862 676 manufactum
1907 618 2131 676 adorari
2175 619 2373 696 possit,
2403 619 2675 677 habuisse

256 696 647 772 laudavimus,
679 697 784 756 sed
811 698 1072 775 frangere
1096 698 1326 756 easdem
1353 699 1635 775 imagines
1663 717 1778 754 non
1799 697 2074 755 debuisse
2096 698 2484 775 judicamus.''
2531 700 2676 757 Cum

258 795 400 833 vero
429 778 645 835 sensim
673 798 749 836 ex
778 779 1095 837 retentione
1117 777 1461 854 Imaginum,
1485 777 1698 836 rediret
1724 797 1917 835 earum
1949 778 2155 853 cultus,
2186 787 2244 836 et
2273 778 2676 855 superstitione

258 856 542 932 paulatim
591 866 855 934 serpente
899 866 1016 916 tam
1062 858 1122 914 in
1168 858 1478 917 Occidente
1524 876 1697 933 quam
1744 857 1975 915 Oriente
2039 858 2450 933 invalesceret;
2495 859 2678 916 Varia

263 937 516 994 Decreta
543 937 619 994 ab
649 937 1099 1013 Imperatoribus
1127 936 1279 995 facta
1307 946 1441 995 sunt
1468 937 1539 995 de
1569 936 1842 995 tollendis
1873 937 2249 1015 Imaginibus,
2271 959 2305 996 a
2330 938 2520 996 Leone
2555 938 2678 996 ΙΙΙ.Δ

266 1016 531 1074 Isaurico
573 1036 725 1074 anno
755 1020 889 1090 726,
921 1037 955 1075 a
984 1017 1360 1075 Constantino
1394 1018 1573 1075 Sexto
1603 1017 1919 1092 Caballino,
1952 1017 2106 1075 dicto
2137 1019 2518 1095 Copronymo,
2551 1019 2678 1095 ejus

259 1095 405 1170 filio,
463 1096 565 1172 qui
612 1096 980 1173 congregatis
1030 1097 1526 1173 Constantinopoli
1571 1099 1689 1155 338
1751 1096 2055 1173 Episcopis
2104 1098 2355 1155 Olientis
2411 1098 2470 1156 in
2527 1098 2674 1156 VII.

265 1174 511 1250 Synodo
538 1176 893 1235 oecumenica
923 1176 1230 1235 Decretum
1261 1184 1460 1234 eontra
1491 1176 1819 1253 Imaginum
1850 1177 2064 1234 cultum
2095 1176 2218 1235 fieri
2260 1178 2485 1236 curavit
2523 1197 2674 1235 anno

261 1258 299 1311 7
309 1257 408 1327 54,
440 1274 474 1312 a
503 1255 914 1332 Christophoro
959 1263 1019 1314 et
1047 1256 1372 1333 Nicephoro
1417 1255 1870 1333 Imperatoribus
1912 1276 2062 1313 anno
2093 1260 2227 1330 775,
2272 1277 2306 1314 a
2337 1257 2530 1316 Leone
2562 1257 2672 1316 IV.

258 1353 421 1391 anno
451 1336 585 1393 780.
673 1335 837 1394 Licet
864 1354 1003 1393 vero
1034 1336 1202 1394 Irene
1232 1335 1443 1393 Leonis
1468 1335 1577 1393 IV.
1608 1355 1759 1393 uxor
1778 1355 1964 1393 rerum
1988 1336 2046 1392 in
2077 1335 2308 1395 Oriente
2337 1338 2535 1413 potita,
2568 1337 2671 1393 im·

257 1413 485 1490 pubere
527 1414 666 1488 filio,
718 1414 1010 1491 Imagines
1054 1415 1265 1491 quibus
1293 1416 1547 1491 impense
1576 1414 1988 1489 delectabatur,
2036 1415 2335 1475 restituere
2380 1417 2671 1493 sategerit,

258 1503 619 1570 congregata
648 1494 879 1572 Nycaeae
911 1495 1147 1571 Synodo
1178 1495 1467 1567 Generali,
1491 1514 1621 1570 quae
1650 1514 1843 1552 earum
1873 1494 2088 1553 cultum
2121 1505 2318 1554 eontra
2348 1497 2674 1555 Constanti-

258 1573 659 1650 nopolitanam
709 1574 957 1633 sancivit
1000 1594 1091 1632 an.
1141 1578 1291 1648 787;
1339 1575 1467 1631 Non
1515 1574 1808 1632 desierunt
1852 1583 2045 1632 tamen
2092 1595 2152 1631 se
2207 1575 2341 1632 hnic
2387 1595 2674 1653 opponere

259 1653 413 1709 varii
446 1653 829 1730 Imperatores
856 1654 915 1711 in
938 1654 1186 1728 Oriente,
1210 1654 1569 1731 Nicephorus
1593 1653 1642 1711 I.
1666 1662 1724 1711 et
1757 1654 2078 1712 stauratius
2107 1674 2257 1711 anno
2287 1657 2421 1729 810,
2456 1655 2575 1712 Leo
2597 1655 2673 1714 V.

259 1732 563 1791 Armenus
610 1752 762 1791 anno
791 1735 926 1807 814,
972 1733 1222 1791 Michae'l
1251 1733 1355 1808 ΙΙ.,
1402 1732 1639 1807 Balbus,
1687 1741 1746 1791 et
1792 1733 2146 1809 Theophilus
2191 1753 2341 1791 anno
2370 1737 2505 1807 824,
2538 1736 2674 1809 829,

256 1814 406 1884 830,
439 1814 573 1885 832,
622 1812 877 1871 Michael
920 1813 1037 1872 III.
1091 1813 1626 1890 Porphyrogenitus
1675 1830 1826 1869 anno
1865 1814 2002 1870 866.
2087 1812 2240 1870 Vide
2282 1814 2530 1871 Decreta
2559 1815 2673 1871 Im-

245 1893 509 1969 per-{alia
538 1892 610 1950 de
641 1892 816 1951 Cultu
845 1892 1191 1968 Imaginum.

354 1970 532 2028 XVI.
581 1971 697 2029 Sed
742 1972 1021 2048 imprimis
1067 1973 1125 2028 in
1170 1972 1479 2032 Occidente
1526 1973 1771 2031 Carolus
1799 1974 2050 2049 Maqnus
2082 1973 2391 2032 Decretum
2424 1973 2675 2031 Nicaenae

265 2050 359 2108 ΙΙ.
393 2050 616 2126 Synodi
644 2050 726 2109 ita
754 2050 991 2128 indigne
1019 2051 1169 2125 tulit,
1202 2060 1266 2110 ut
1306 2072 1420 2110 non
1463 2052 1638 2110 modo
1678 2053 1957 2130 peculiari
1998 2053 2164 2128 libre,
2213 2053 2312 2130 qui
2356 2053 2463 2111 sub
2505 2053 2675 2111 titulo

268 2130 628 2205 capitularis
659 2131 862 2189 Caroli
884 2132 1093 2206 Maqm‘
1117 2131 1377 2206 habetur,
1407 2131 1721 2190 novissime
1748 2151 1968 2205 recuso,
2003 2130 2200 2210 (quem
2228 2151 2430 2190 verum
2464 2151 2590 2189 esse
2619 2139 2678 2190 et

265 2210 588 2285 genuinum
618 2208 900 2268 Authoris
929 2210 1146 2285 foetum,
1172 2210 1448 2286 quicquid
1478 2211 1651 2269 Baro.
1682 2219 1740 2269 et
1770 2211 1919 2268 Bell.
1951 2212 2008 2267 in
2038 2210 2385 2270 contrarium
2415 2210 2674 2287 afferant,

263 2289 371 2346 vel
414 2290 600 2346 solum
642 2289 941 2347 Hincmaii
973 2290 1332 2366 Archiepisc.
1365 2289 1727 2363 Rhemensis,
1770 2289 1873 2347 lib.
1915 2289 1995 2348 iv.
2038 2292 2134 2365 28,
2180 2290 2588 2365 testimonium,
2620 2300 2679 2350 et

272 2367 531 2425 Adriani
560 2369 723 2444 Papae
745 2369 821 2426 ad
850 2369 1116 2428 Carolum
1145 2369 1375 2446 prolixa
1401 2368 1645 2445 epistola
1666 2368 1738 2426 de
1766 2368 1876 2426 hoe
1898 2378 2236 2445 argumento
2258 2370 2674 2447 respondentis,

267 2446 602 2505 luculenter
626 2447 974 2506 demonstrat
977 2448 1021 2528 ,)
1066 2448 1450 2506 eruditissime
1495 2448 1715 2506 cultum
1748 2447 2069 2524 Imaginum
2114 2449 2391 2507 adversus
2421 2450 2676 2508 Pseudo-

269 2526 565 2604 synodum
616 2527 907 2586 Nieaenam
955 2527 1325 2606 impugnat-it,
1378 2526 1494 2586 sed
1528 2536 1588 2586 et
1640 2526 1936 2605 Synodum
1991 2527 2352 2587 Francofurti
2404 2528 2679 2587 indixerit

268 2609 452 2665 Anno
482 2608 618 2680 794,
648 2628 777 2684 qnae
822 2609 1114 2666 Nicaenam
1144 2608 1457 2682 damnavit,
1503 2616 1561 2666 et
1589 2627 1853 2666 severum
1891 2609 2200 2667 Decretum
2230 2618 2428 2668 contra
2465 2609 2676 2686 Imagi-

266 2707 408 2744 num
431 2687 651 2745 cultum
682 2687 835 2746 fecit.
909 2688 1001 2745 Ex
1024 2708 1139 2765 quo
1163 2687 1549 2747 Occidentalis
1574 2688 1850 2746 Ecclesiae
1882 2688 2166 2746 Praesules
2188 2708 2414 2747 omnem
2445 2690 2677 2748 omnino

269 2767 605 2843 Imaginum
634 2766 1060 2825 venerationem
1104 2775 1432 2826 constanter
1470 2767 1821 2843 repudiasse,
1865 2776 1985 2826 tam
2018 2767 2235 2826 clarum
2265 2777 2370 2844 est,
2400 2778 2466 2827 ut
2496 2769 2677 2827 Baro-

266 2847 418 2919 nius,
449 2855 511 2905 et
540 2846 643 2922 qui
673 2846 908 2904 Patrum
939 2846 1358 2905 Bibliotheeam
1388 2846 1708 2922 ediderunt,
1753 2846 2143 2906 nobilissimos
2172 2850 2326 2930 ejus
2329 2849 2439 2907 aevi
2486 2849 2675 2926 Scrip-

266 2934 425 2984 tores
452 2925 517 2982 in
544 2945 616 2983 ea
642 2924 818 2984 fuisse
847 2926 1131 3003 opinione,
1175 2926 1311 2985 lieet
1351 2927 1537 2999 inviti,
1581 2926 1905 3002 fateantur,
1954 2928 2022 2984 In
2051 2946 2292 3003 quorum
2322 2948 2561 2986 numero
2591 2936 2680 2987 est

268 3007 613 3080 Aqobardus
660 3005 981 3082 Episcopus
1024 3005 1447 3081 Lugdunensis,
1504 3007 1780 3064 Claudius
1824 3006 2215 3081 Taurinensis,
2260 3009 2447 3065 Jonas
2489 3008 2676 3065 Aure-

269 3084 568 3157 lianensis,
620 3084 719 3160 qui
769 3084 1072 3143 Claudium
1119 3085 1353 3162 quidem
1408 3085 1601 3160 arguit
1653 3085 2122 3160 intemperantiae,
2174 3086 2329 3160 quod
2385 3087 2682 3145 sustulerit

270 3164 577 3241 imagines,
609 3172 876 3222 eaeterum
917 3184 1046 3222 eum
1085 3184 1154 3223 eo
1197 3163 1482 3222 consentit
1520 3163 1850 3221 nullatenus
1880 3182 2005 3220 esse
2035 3162 2372 3236 adorandae,
2404 3164 2568 3221 Tom.
2599 3165 2678 3222 iv.

275 3243 452 3301 Bibli.
484 3243 650 3301 Patr.
680 3243 781 3300 lib.
812 3244 850 3302 i.
884 3245 1215 3319 Valaffidm
1243 3243 1464 3317 Strabo,
1497 3242 1662 3299 Tem.
1693 3261 1752 3299 x.
1785 3240 1997 3298 Biblio.
2031 3241 2185 3300 Patr.
2216 3262 2272 3318 p.
2304 3244 2438 3300 668.
2513 3242 2682 3316 Quod

273 3322 479 3382 fortius
509 3321 909 3381 confirmatum
951 3323 1061 3382 fnit
1100 3323 1162 3380 in
1208 3321 1445 3398 Synodo
1476 3320 1788 3378 Parisiensi
1816 3340 1850 3378 a
1879 3321 2164 3379 Ludovico
2191 3322 2298 3378 Pio
2329 3321 2519 3379 Caroli
2560 3321 2681 3380 filio

276 3409 632 3479 congregata
654 3421 748 3460 an.
778 3405 913 3477 825,
944 3422 1046 3480 per
1068 3402 1134 3460 P.
1161 3402 1445 3460 Pithaeum
1473 3400 1830 3493 publicata,
1814 3420 1872 3457 m
1895 3419 2009 3476 qua
2035 3420 2234 3459 rursus
2262 3401 2565 3460 damnatus
2595 3409 2684 3460 est

279 3482 610 3558 Imaginum
636 3481 844 3541 cultus.
919 3480 1088 3541 Unde
1112 3482 1367 3539 Pitbaeus
1388 3480 1581 3558 praefa.
1606 3480 1666 3537 in
1695 3479 1828 3538 hist.
1862 3480 1929 3538 P.
1954 3479 2214 3556 Diaeoni,
2239 3482 2391 3541 Sanc
2416 3482 2469 3539 si
2491 3502 2682 3541 verum

276 3563 422 3620 serio
448 3564 720 3636 volumus,
752 3582 933 3636 nuper
958 3564 1261 3620 admodum
1288 3561 1470 3618 nostri
1505 3560 1765 3634 homines,
1805 3567 1969 3618 notat
1997 3560 2217 3637 Gallos,
2249 3563 2546 3641 imaqinosi
2570 3582 2684 3620 esse

278 3649 579 3717 etr-perant.
658 3641 813 3714 Quot
840 3648 1029 3699 autem
1059 3649 1401 3717 quantaeque
1430 3640 1503 3697 ab
1526 3649 1731 3698 octavo
1762 3639 1955 3699 seculo
1978 3640 2160 3698 turbae
2183 3643 2447 3701 excitatae
2471 3641 2683 3700 fuerint

281 3739 452 3796 super
481 3719 813 3796 Imaginum
842 3720 1127 3778 erectione
1170 3727 1227 3778 et
1268 3719 1427 3778 cultu
1468 3718 1619 3778 inter
1646 3721 2024 3777 Iconoclastas
2071 3728 2129 3778 et
2157 3723 2528 3797 Iconolatras,
2559 3714 2683 3780 tum

281 3800 340 3856 in
370 3800 626 3873 Oriente,
658 3807 778 3857 tum
822 3799 883 3856 in
913 3799 1242 3874 Occidente,
1273 3798 1398 3856 fuse
1440 3798 1694 3857 referunt
1723 3799 2072 3856 111.Pzessae.
2104 3799 2162 3855 in
2193 3800 2386 3859 Histo.
2419 3801 2593 3876 Papa.
2626 3808 2685 3858 et

285 3880 607 3937 Forbes.·1n
639 3877 911 3936 Instruct.
940 3879 1142 3936 Theol.
1171 3877 1232 3935 li.
1261 3878 1362 3935 vii.
1393 3877 1493 3954 qui
1521 3877 1692 3936 etiam
1724 3897 1848 3954 cap.
1883 3880 1974 3953 12,
2005 3877 2278 3935 historica
2306 3878 2377 3937 de
2409 3878 2684 3953 Imagini-

282 3957 391 4016 bus
419 3978 453 4016 a
483 3966 741 4033 tempore
771 3957 1013 4016 Concilii
1044 3956 1539 4015 Francofurtensis
1560 3956 1636 4014 ad
1659 3956 1848 4014 XIII.
1871 3976 2054 4033 usque
2077 3957 2331 4014 seculum
2356 3956 2689 4014 continuata

282 4037 627 4111 narratione,
660 4036 913 4095 ostendit
941 4036 1240 4096 Gallorum
1270 4044 1328 4094 et
1357 4036 1776 4095 Germanorum
1806 4054 1987 4111 usque
2027 4035 2101 4093 ad
2143 4036 2398 4093 seculum
2442 4035 2586 4092 illud
2628 4035 2687 4092 in

283 4115 616 4192 rejiciendis
646 4115 1010 4191 Imaginibus
1038 4115 1436 4174 constantiam.
1518 4114 1674 4173 Vide
1703 4114 1873 4172 etiam
1905 4116 2195 4172 Dalloeum
2223 4114 2294 4173 de
2326 4115 2510 4191 Imag.

365 4195 586 4254 XVII.
631 4194 790 4253 Ante
836 4195 1156 4253 Concilium
1200 4193 1359 4252 'rx-id.
1405 4214 1521 4252 non
1560 4194 1732 4271 pauci
1772 4193 1922 4251 inter
1966 4193 2317 4269 Pontificios,
2363 4194 2423 4250 in
2451 4213 2687 4251 venera·

282 4275 499 4333 tionem
531 4274 861 4351 Imaginum
890 4281 948 4332 et
977 4274 1191 4332 abusus
1231 4273 1487 4332 notorios
1528 4274 1683 4331 cirea
1723 4292 1918 4330 earum
1959 4292 2128 4330 usum
2173 4273 2388 4331 invecti
2432 4281 2582 4347 sunt,
2625 4281 2692 4332 ut

291 4354 496 4413 Guliel.
525 4356 850 4412 Dur-andus
896 4353 1219 4430 Episcopus
1264 4353 1647 4426 Mimatensis,
1693 4353 1906 4410 Johan.
1947 4353 2123 4409 Balce
2159 4352 2491 4429 Theologus
2532 4352 2691 4412 Pari-

287 4433 509 4509 siensis,
547 4433 787 4507 Gerson,
817 4433 963 4506 Biel,
1009 4440 1068 4491 et
1104 4432 1221 4491 alii.
1309 4433 1434 4492 Imo
1477 4432 1719 4490 durante
1764 4431 2021 4491 Concilio
2062 4431 2419 4490 Sebastianus
2461 4433 2695 4492 Elector

289 4512 675 4590 Meg-antinus
721 4511 1021 4588 Synodum
1053 4511 1473 4570 Provincialem
1518 4510 1738 4586 habuit,
1786 4511 1846 4567 in
1888 4530 2003 4587 qua
2051 4511 2350 4588 sancitum,
2400 4512 2694 4589 Imagines

287 4611 401 4650 non
430 4593 506 4651 ad
533 4592 932 4651 adorationem
962 4598 1062 4649 aut
1088 4591 1303 4650 cultum
1335 4591 1407 4650 iis
1435 4590 1807 4649 deferendum
1835 4590 1894 4647 in
1924 4590 2179 4668 Templis
2206 4593 2465 4669 proponi,
2490 4592 2590 4651 sed
2620 4592 2697 4650 ad

289 4690 358 4729 ea
383 4680 607 4732 tantum
637 4672 699 4730 in
726 4671 1061 4730 memoriam
1089 4670 1431 4745 revocanda,
1462 4690 1590 4747 quae
1614 4669 1837 4728 adorari
1860 4677 2101 4747 oportet,
2125 4671 2278 4750 apud
2302 4672 2495 4732 Histo.
2519 4673 2695 4733 Cone.
