<?xml version="1.0" encoding="UTF-8"?>
<!DOCTYPE html PUBLIC "-//W3C//DTD XHTML 1.0 Transitional//EN"
    "http://www.w3.org/TR/xhtml1/DTD/xhtml1-transitional.dtd">
<html xmlns="http://www.w3.org/1999/xhtml" xml:lang="en" lang="en">
 <head>
  <title>
</title>
<meta http-equiv="Content-Type" content="text/html;charset=utf-8" />
  <meta name='ocr-system' content='tesseract 3.04.00' />
  <meta name='ocr-capabilities' content='ocr_page ocr_carea ocr_par ocr_line ocrx_word'/>
</head>
<body>
  <div class='ocr_page' id='page_1' title='image "./institutiotheol01turrgoog_0297.png"; bbox 0 0 3221 5200; ppageno 0'>
   <div class='ocr_carea' id='block_1_1' title="bbox 313 323 2740 407">
    <p class='ocr_par' dir='ltr' id='par_1_1' title="bbox 313 323 2740 407">
     <span class='ocr_line' id='line_1_1' title="bbox 313 323 2740 407; baseline 0.002 -22"><span class='ocrx_word' id='word_1_1' title='bbox 313 342 546 394; x_wconf 56' lang='lat' dir='ltr'><strong>Quas-r.</strong></span> <span class='ocrx_word' id='word_1_2' title='bbox 575 323 691 407; x_wconf 64' lang='grc' dir='ltr'><strong>η]</strong></span> <span class='ocrx_word' id='word_1_3' title='bbox 1036 345 1115 385; x_wconf 75' lang='lat' dir='ltr'><strong>ne</strong></span> <span class='ocrx_word' id='word_1_4' title='bbox 1143 344 1407 387; x_wconf 58' lang='lat' dir='ltr'><strong>pensons</strong></span> <span class='ocrx_word' id='word_1_5' title='bbox 1439 345 1513 386; x_wconf 73' lang='grc' dir='ltr'><strong>εἰ·</strong></span> <span class='ocrx_word' id='word_1_6' title='bbox 1539 344 1732 387; x_wconf 68' lang='lat' dir='ltr'><strong>euru</strong></span> <span class='ocrx_word' id='word_1_7' title='bbox 1760 345 2015 387; x_wconf 69' lang='lat' dir='ltr'><strong>cunis&#39;rx.</strong></span> <span class='ocrx_word' id='word_1_8' title='bbox 2620 331 2740 390; x_wconf 79' lang='lat'><strong>269</strong></span> 
     </span>
    </p>
   </div>
   <div class='ocr_carea' id='block_1_2' title="bbox 309 486 2757 4755">
    <p class='ocr_par' dir='ltr' id='par_1_2' title="bbox 309 486 2752 1597">
     <span class='ocr_line' id='line_1_2' title="bbox 320 486 2748 567; baseline 0.002 -21"><span class='ocrx_word' id='word_1_9' title='bbox 320 486 454 546; x_wconf 80' lang='lat' dir='ltr'><strong>visa</strong></span> <span class='ocrx_word' id='word_1_10' title='bbox 507 507 584 546; x_wconf 88' lang='lat' dir='ltr'><strong>ex</strong></span> <span class='ocrx_word' id='word_1_11' title='bbox 632 486 922 547; x_wconf 75' lang='lat' dir='ltr'><strong>axiomata</strong></span> <span class='ocrx_word' id='word_1_12' title='bbox 969 497 1198 566; x_wconf 86' lang='lat' dir='ltr'><strong>recepto</strong></span> <span class='ocrx_word' id='word_1_13' title='bbox 1244 489 1689 567; x_wconf 86' lang='lat' dir='ltr'><strong>Theologorum‚</strong></span> <span class='ocrx_word' id='word_1_14' title='bbox 1748 508 1863 547; x_wconf 89' lang='lat' dir='ltr'><strong>non</strong></span> <span class='ocrx_word' id='word_1_15' title='bbox 1910 495 2104 566; x_wconf 83' lang='lat' dir='ltr'><strong>potest</strong></span> <span class='ocrx_word' id='word_1_16' title='bbox 2157 487 2267 548; x_wconf 85' lang='lat' dir='ltr'><strong>hoc</strong></span> <span class='ocrx_word' id='word_1_17' title='bbox 2326 488 2748 550; x_wconf 88' lang='lat' dir='ltr'><strong>Incarnationis</strong></span> 
     </span>
     <span class='ocr_line' id='line_1_3' title="bbox 313 567 2744 647; baseline 0.002 -20"><span class='ocrx_word' id='word_1_18' title='bbox 313 588 480 647; x_wconf 88' lang='lat' dir='ltr'><strong>opus,</strong></span> <span class='ocrx_word' id='word_1_19' title='bbox 513 567 671 646; x_wconf 90' lang='lat' dir='ltr'><strong>quod</strong></span> <span class='ocrx_word' id='word_1_20' title='bbox 699 577 1003 628; x_wconf 84' lang='lat' dir='ltr'><strong>externum</strong></span> <span class='ocrx_word' id='word_1_21' title='bbox 1032 578 1137 642; x_wconf 89' lang='lat' dir='ltr'><strong>est,</strong></span> <span class='ocrx_word' id='word_1_22' title='bbox 1169 590 1286 628; x_wconf 92' lang='lat' dir='ltr'><strong>non</strong></span> <span class='ocrx_word' id='word_1_23' title='bbox 1313 589 1440 628; x_wconf 84' lang='lat' dir='ltr'><strong>esse</strong></span> <span class='ocrx_word' id='word_1_24' title='bbox 1490 590 1793 629; x_wconf 89' lang='lat' dir='ltr'><strong>commune</strong></span> <span class='ocrx_word' id='word_1_25' title='bbox 1831 569 2080 646; x_wconf 89' lang='lat' dir='ltr'><strong>quodam</strong></span> <span class='ocrx_word' id='word_1_26' title='bbox 2125 578 2391 647; x_wconf 87' lang='lat' dir='ltr'><strong>respectu</strong></span> <span class='ocrx_word' id='word_1_27' title='bbox 2418 571 2526 631; x_wconf 89' lang='lat' dir='ltr'><strong>toti</strong></span> <span class='ocrx_word' id='word_1_28' title='bbox 2554 571 2744 632; x_wconf 52' lang='lat' dir='ltr'><strong>Triniae</strong></span> 
     </span>
     <span class='ocr_line' id='line_1_4' title="bbox 315 648 2743 728; baseline 0.002 -20"><span class='ocrx_word' id='word_1_29' title='bbox 315 649 443 708; x_wconf 86' lang='lat' dir='ltr'><strong>tati.</strong></span> <span class='ocrx_word' id='word_1_30' title='bbox 493 648 665 708; x_wconf 89' lang='lat' dir='ltr'><strong>Unde</strong></span> <span class='ocrx_word' id='word_1_31' title='bbox 715 649 890 708; x_wconf 85' lang='lat' dir='ltr'><strong>Pater</strong></span> <span class='ocrx_word' id='word_1_32' title='bbox 937 648 1149 708; x_wconf 86' lang='lat' dir='ltr'><strong>dieitur</strong></span> <span class='ocrx_word' id='word_1_33' title='bbox 1190 651 1418 709; x_wconf 83' lang='lat' dir='ltr'><strong>misisse</strong></span> <span class='ocrx_word' id='word_1_34' title='bbox 1449 651 1684 725; x_wconf 88' lang='lat' dir='ltr'><strong>Filium,</strong></span> <span class='ocrx_word' id='word_1_35' title='bbox 1715 651 1855 710; x_wconf 89' lang='lat' dir='ltr'><strong>Joh.</strong></span> <span class='ocrx_word' id='word_1_36' title='bbox 1902 650 1983 708; x_wconf 90' lang='lat' dir='ltr'><strong>iii.</strong></span> <span class='ocrx_word' id='word_1_37' title='bbox 2020 653 2110 725; x_wconf 85' lang='lat'><strong>16,</strong></span> <span class='ocrx_word' id='word_1_38' title='bbox 2142 658 2201 709; x_wconf 87' lang='lat' dir='ltr'><strong>et</strong></span> <span class='ocrx_word' id='word_1_39' title='bbox 2233 650 2482 728; x_wconf 77' lang='lat' dir='ltr'>Spiritus</span> <span class='ocrx_word' id='word_1_40' title='bbox 2515 650 2575 711; x_wconf 86' lang='lat' dir='ltr'><strong>S.</strong></span> <span class='ocrx_word' id='word_1_41' title='bbox 2605 673 2743 712; x_wconf 88' lang='lat' dir='ltr'><strong>con·</strong></span> 
     </span>
     <span class='ocr_line' id='line_1_5' title="bbox 315 729 2743 811; baseline 0.003 -24"><span class='ocrx_word' id='word_1_42' title='bbox 315 729 541 806; x_wconf 79' lang='lat' dir='ltr'><strong>cepisse</strong></span> <span class='ocrx_word' id='word_1_43' title='bbox 571 729 788 788; x_wconf 90' lang='lat' dir='ltr'><strong>Filium</strong></span> <span class='ocrx_word' id='word_1_44' title='bbox 816 729 875 788; x_wconf 90' lang='lat' dir='ltr'><strong>in</strong></span> <span class='ocrx_word' id='word_1_45' title='bbox 905 738 1068 790; x_wconf 90' lang='lat' dir='ltr'><strong>utero</strong></span> <span class='ocrx_word' id='word_1_46' title='bbox 1101 731 1171 789; x_wconf 93' lang='lat' dir='ltr'><strong>B.</strong></span> <span class='ocrx_word' id='word_1_47' title='bbox 1201 731 1484 808; x_wconf 77' lang='lat' dir='ltr'>Virginis,</span> <span class='ocrx_word' id='word_1_48' title='bbox 1532 732 1661 789; x_wconf 93' lang='lat' dir='ltr'><strong>Imo</strong></span> <span class='ocrx_word' id='word_1_49' title='bbox 1689 740 1806 791; x_wconf 87' lang='lat' dir='ltr'><strong>tres</strong></span> <span class='ocrx_word' id='word_1_50' title='bbox 1838 731 2107 790; x_wconf 71' lang='lat' dir='ltr'><strong>Personae</strong></span> <span class='ocrx_word' id='word_1_51' title='bbox 2136 731 2460 791; x_wconf 85' lang='lat' dir='ltr'><strong>necessario</strong></span> <span class='ocrx_word' id='word_1_52' title='bbox 2488 734 2743 811; x_wconf 86' lang='lat' dir='ltr'><strong>require-</strong></span> 
     </span>
     <span class='ocr_line' id='line_1_6' title="bbox 309 809 2740 892; baseline 0.002 -24"><span class='ocrx_word' id='word_1_53' title='bbox 309 810 525 869; x_wconf 82' lang='lat' dir='ltr'><strong>bantur</strong></span> <span class='ocrx_word' id='word_1_54' title='bbox 552 809 629 868; x_wconf 89' lang='lat' dir='ltr'><strong>ad</strong></span> <span class='ocrx_word' id='word_1_55' title='bbox 653 809 764 869; x_wconf 89' lang='lat' dir='ltr'><strong>hoc</strong></span> <span class='ocrx_word' id='word_1_56' title='bbox 793 829 956 889; x_wconf 90' lang='lat' dir='ltr'><strong>opus.</strong></span> <span class='ocrx_word' id='word_1_57' title='bbox 1043 810 1192 888; x_wconf 87' lang='lat' dir='ltr'><strong>Una,</strong></span> <span class='ocrx_word' id='word_1_58' title='bbox 1225 832 1354 890; x_wconf 75' lang='lat' dir='ltr'><strong>quae</strong></span> <span class='ocrx_word' id='word_1_59' title='bbox 1381 811 1492 870; x_wconf 88' lang='lat' dir='ltr'><strong>Dei</strong></span> <span class='ocrx_word' id='word_1_60' title='bbox 1535 811 1819 871; x_wconf 88' lang='lat' dir='ltr'><strong>Authoris</strong></span> <span class='ocrx_word' id='word_1_61' title='bbox 1863 831 2053 870; x_wconf 90' lang='lat' dir='ltr'><strong>rerum</strong></span> <span class='ocrx_word' id='word_1_62' title='bbox 2082 811 2340 871; x_wconf 90' lang='lat' dir='ltr'><strong>omnium</strong></span> <span class='ocrx_word' id='word_1_63' title='bbox 2382 820 2440 870; x_wconf 90' lang='lat' dir='ltr'><strong>et</strong></span> <span class='ocrx_word' id='word_1_64' title='bbox 2485 815 2740 892; x_wconf 75' lang='lat' dir='ltr'>supremi</span> 
     </span>
     <span class='ocr_line' id='line_1_7' title="bbox 313 888 2747 971; baseline 0.001 -21"><span class='ocrx_word' id='word_1_65' title='bbox 313 888 568 968; x_wconf 84' lang='lat' dir='ltr'><strong>Judieis,</strong></span> <span class='ocrx_word' id='word_1_66' title='bbox 600 910 730 967; x_wconf 81' lang='lat' dir='ltr'><strong>quae</strong></span> <span class='ocrx_word' id='word_1_67' title='bbox 772 912 908 970; x_wconf 88' lang='lat' dir='ltr'><strong>pars</strong></span> <span class='ocrx_word' id='word_1_68' title='bbox 950 900 1075 951; x_wconf 87' lang='lat' dir='ltr'><strong>erat</strong></span> <span class='ocrx_word' id='word_1_69' title='bbox 1120 894 1276 968; x_wconf 82' lang='lat' dir='ltr'><strong>laesa,</strong></span> <span class='ocrx_word' id='word_1_70' title='bbox 1308 894 1669 971; x_wconf 89' lang='lat' dir='ltr'><strong>majestatem</strong></span> <span class='ocrx_word' id='word_1_71' title='bbox 1717 893 2063 969; x_wconf 77' lang='lat' dir='ltr'><strong>sustineret3</strong></span> <span class='ocrx_word' id='word_1_72' title='bbox 2112 892 2396 968; x_wconf 87' lang='lat' dir='ltr'><strong>Secunda,</strong></span> <span class='ocrx_word' id='word_1_73' title='bbox 2428 913 2558 970; x_wconf 81' lang='lat' dir='ltr'><strong>quae</strong></span> <span class='ocrx_word' id='word_1_74' title='bbox 2596 896 2747 955; x_wconf 85' lang='lat' dir='ltr'><strong>iuter</strong></span> 
     </span>
     <span class='ocr_line' id='line_1_8' title="bbox 320 972 2745 1051; baseline 0.002 -21"><span class='ocrx_word' id='word_1_75' title='bbox 320 972 511 1030; x_wconf 88' lang='lat' dir='ltr'><strong>Deum</strong></span> <span class='ocrx_word' id='word_1_76' title='bbox 539 982 599 1031; x_wconf 87' lang='lat' dir='ltr'><strong>et</strong></span> <span class='ocrx_word' id='word_1_77' title='bbox 624 972 889 1032; x_wconf 90' lang='lat' dir='ltr'><strong>homines</strong></span> <span class='ocrx_word' id='word_1_78' title='bbox 919 973 1298 1033; x_wconf 69' lang='lat' dir='ltr'><strong>Mediator-em</strong></span> <span class='ocrx_word' id='word_1_79' title='bbox 1328 981 1543 1051; x_wconf 85' lang='lat' dir='ltr'><strong>ageret,</strong></span> <span class='ocrx_word' id='word_1_80' title='bbox 1575 982 1635 1032; x_wconf 91' lang='lat' dir='ltr'><strong>et</strong></span> <span class='ocrx_word' id='word_1_81' title='bbox 1676 993 1779 1050; x_wconf 90' lang='lat' dir='ltr'><strong>pro</strong></span> <span class='ocrx_word' id='word_1_82' title='bbox 1808 973 2138 1032; x_wconf 87' lang='lat' dir='ltr'><strong>hominibus</strong></span> <span class='ocrx_word' id='word_1_83' title='bbox 2167 973 2559 1050; x_wconf 82' lang='lat' dir='ltr'><strong>satisfaceret3</strong></span> <span class='ocrx_word' id='word_1_84' title='bbox 2604 976 2745 1034; x_wconf 88' lang='lat' dir='ltr'><strong>Ter·</strong></span> 
     </span>
     <span class='ocr_line' id='line_1_9' title="bbox 313 1051 2748 1131; baseline 0.002 -21"><span class='ocrx_word' id='word_1_85' title='bbox 313 1051 414 1128; x_wconf 89' lang='lat' dir='ltr'><strong>tia,</strong></span> <span class='ocrx_word' id='word_1_86' title='bbox 446 1071 577 1129; x_wconf 80' lang='lat' dir='ltr'><strong>quae</strong></span> <span class='ocrx_word' id='word_1_87' title='bbox 626 1071 772 1130; x_wconf 89' lang='lat' dir='ltr'><strong>opus</strong></span> <span class='ocrx_word' id='word_1_88' title='bbox 821 1054 1026 1113; x_wconf 85' lang='lat' dir='ltr'><strong>salutis</strong></span> <span class='ocrx_word' id='word_1_89' title='bbox 1070 1054 1129 1111; x_wconf 91' lang='lat' dir='ltr'><strong>in</strong></span> <span class='ocrx_word' id='word_1_90' title='bbox 1172 1054 1342 1112; x_wconf 85' lang='lat' dir='ltr'><strong>nobis</strong></span> <span class='ocrx_word' id='word_1_91' title='bbox 1389 1054 1707 1131; x_wconf 85' lang='lat' dir='ltr'><strong>perficeret.</strong></span> <span class='ocrx_word' id='word_1_92' title='bbox 1792 1053 1895 1112; x_wconf 91' lang='lat' dir='ltr'><strong>Ad</strong></span> <span class='ocrx_word' id='word_1_93' title='bbox 1931 1054 2175 1131; x_wconf 89' lang='lat' dir='ltr'><strong>primam</strong></span> <span class='ocrx_word' id='word_1_94' title='bbox 2203 1054 2490 1131; x_wconf 88' lang='lat' dir='ltr'><strong>pertinere</strong></span> <span class='ocrx_word' id='word_1_95' title='bbox 2535 1055 2748 1116; x_wconf 88' lang='lat' dir='ltr'><strong>dicitur</strong></span> 
     </span>
     <span class='ocr_line' id='line_1_10' title="bbox 316 1132 2748 1214; baseline 0.002 -23"><span class='ocrx_word' id='word_1_96' title='bbox 316 1132 525 1191; x_wconf 84' lang='lat' dir='ltr'><strong>salutis</strong></span> <span class='ocrx_word' id='word_1_97' title='bbox 553 1132 880 1209; x_wconf 78' lang='lat' dir='ltr'><strong>destinatiO,</strong></span> <span class='ocrx_word' id='word_1_98' title='bbox 913 1132 1013 1192; x_wconf 85' lang='lat' dir='ltr'><strong>Ad</strong></span> <span class='ocrx_word' id='word_1_99' title='bbox 1042 1134 1360 1194; x_wconf 69' lang='lat' dir='ltr'><strong>secundam·</strong></span> <span class='ocrx_word' id='word_1_100' title='bbox 1372 1135 1501 1213; x_wconf 89' lang='lat' dir='ltr'><strong>ejus</strong></span> <span class='ocrx_word' id='word_1_101' title='bbox 1538 1133 1862 1212; x_wconf 80' lang='lat' dir='ltr'><strong>acquisitiO,</strong></span> <span class='ocrx_word' id='word_1_102' title='bbox 1895 1133 1995 1192; x_wconf 90' lang='lat' dir='ltr'><strong>Ad</strong></span> <span class='ocrx_word' id='word_1_103' title='bbox 2023 1135 2251 1193; x_wconf 78' lang='lat' dir='ltr'><strong>tertiam</strong></span> <span class='ocrx_word' id='word_1_104' title='bbox 2279 1136 2409 1213; x_wconf 92' lang='lat' dir='ltr'><strong>ejus</strong></span> <span class='ocrx_word' id='word_1_105' title='bbox 2436 1137 2748 1214; x_wconf 78' lang='lat' dir='ltr'><strong>applicatio</strong></span> 
     </span>
     <span class='ocr_line' id='line_1_11' title="bbox 317 1213 2752 1295; baseline 0.002 -24"><span class='ocrx_word' id='word_1_106' title='bbox 317 1221 376 1272; x_wconf 89' lang='lat' dir='ltr'><strong>et</strong></span> <span class='ocrx_word' id='word_1_107' title='bbox 404 1214 840 1274; x_wconf 81' lang='lat' dir='ltr'><strong>consummatiO.</strong></span> <span class='ocrx_word' id='word_1_108' title='bbox 887 1213 1142 1289; x_wconf 70' lang='lat' dir='ltr'><strong>Quaestio</strong></span> <span class='ocrx_word' id='word_1_109' title='bbox 1171 1235 1310 1293; x_wconf 91' lang='lat' dir='ltr'><strong>ergo</strong></span> <span class='ocrx_word' id='word_1_110' title='bbox 1338 1235 1455 1274; x_wconf 91' lang='lat' dir='ltr'><strong>non</strong></span> <span class='ocrx_word' id='word_1_111' title='bbox 1483 1223 1589 1290; x_wconf 73' lang='lat' dir='ltr'><strong>est,</strong></span> <span class='ocrx_word' id='word_1_112' title='bbox 1638 1215 1735 1272; x_wconf 85' lang='lat' dir='ltr'><strong>An</strong></span> <span class='ocrx_word' id='word_1_113' title='bbox 1760 1214 2089 1273; x_wconf 87' lang='lat' dir='ltr'><strong>Incarnatio</strong></span> <span class='ocrx_word' id='word_1_114' title='bbox 2115 1215 2237 1274; x_wconf 87' lang='lat' dir='ltr'><strong>ullo</strong></span> <span class='ocrx_word' id='word_1_115' title='bbox 2265 1216 2437 1276; x_wconf 88' lang='lat' dir='ltr'><strong>modo</strong></span> <span class='ocrx_word' id='word_1_116' title='bbox 2464 1218 2752 1295; x_wconf 87' lang='lat' dir='ltr'><strong>pertineat</strong></span> 
     </span>
     <span class='ocr_line' id='line_1_12' title="bbox 317 1293 2749 1374; baseline 0.002 -22"><span class='ocrx_word' id='word_1_117' title='bbox 317 1293 393 1351; x_wconf 89' lang='lat' dir='ltr'><strong>ad</strong></span> <span class='ocrx_word' id='word_1_118' title='bbox 425 1293 485 1353; x_wconf 89' lang='lat' dir='ltr'><strong>S.</strong></span> <span class='ocrx_word' id='word_1_119' title='bbox 520 1294 582 1353; x_wconf 87' lang='lat' dir='ltr'><strong>S.</strong></span> <span class='ocrx_word' id='word_1_120' title='bbox 609 1294 951 1355; x_wconf 78' lang='lat' dir='ltr'><strong>Trinitatem</strong></span> <span class='ocrx_word' id='word_1_121' title='bbox 973 1299 1002 1354; x_wconf 70' lang='grc' dir='ltr'><em>Ρ</em></span> <span class='ocrx_word' id='word_1_122' title='bbox 1046 1295 1163 1355; x_wconf 89' lang='lat' dir='ltr'><strong>Sed</strong></span> <span class='ocrx_word' id='word_1_123' title='bbox 1191 1305 1432 1372; x_wconf 89' lang='lat' dir='ltr'><strong>tantum,</strong></span> <span class='ocrx_word' id='word_1_124' title='bbox 1466 1296 1564 1353; x_wconf 92' lang='lat' dir='ltr'><strong>An</strong></span> <span class='ocrx_word' id='word_1_125' title='bbox 1592 1295 1958 1354; x_wconf 82' lang='lat' dir='ltr'><strong>terminative</strong></span> <span class='ocrx_word' id='word_1_126' title='bbox 1986 1303 2046 1354; x_wconf 88' lang='lat' dir='ltr'><strong>et</strong></span> <span class='ocrx_word' id='word_1_127' title='bbox 2092 1315 2127 1352; x_wconf 99' lang='lat' dir='ltr'><strong>a</strong></span> <span class='ocrx_word' id='word_1_128' title='bbox 2165 1297 2519 1374; x_wconf 86' lang='lat' dir='ltr'><strong>propriative</strong></span> <span class='ocrx_word' id='word_1_129' title='bbox 2549 1299 2749 1358; x_wconf 88' lang='lat' dir='ltr'><strong>Incar-</strong></span> 
     </span>
     <span class='ocr_line' id='line_1_13' title="bbox 318 1373 2749 1455; baseline 0.003 -23"><span class='ocrx_word' id='word_1_130' title='bbox 318 1382 455 1433; x_wconf 87' lang='lat' dir='ltr'><strong>nata</strong></span> <span class='ocrx_word' id='word_1_131' title='bbox 484 1373 560 1434; x_wconf 87' lang='lat' dir='ltr'><strong>sit</strong></span> <span class='ocrx_word' id='word_1_132' title='bbox 578 1378 607 1433; x_wconf 73' lang='grc' dir='ltr'>Ρ</span> <span class='ocrx_word' id='word_1_133' title='bbox 649 1375 797 1450; x_wconf 88' lang='lat' dir='ltr'><strong>Quia</strong></span> <span class='ocrx_word' id='word_1_134' title='bbox 815 1376 953 1436; x_wconf 92' lang='lat' dir='ltr'><strong>licet</strong></span> <span class='ocrx_word' id='word_1_135' title='bbox 981 1377 1332 1454; x_wconf 62' lang='lat' dir='ltr'><strong>originaliter</strong></span> <span class='ocrx_word' id='word_1_136' title='bbox 1358 1385 1418 1436; x_wconf 89' lang='lat' dir='ltr'><strong>et</strong></span> <span class='ocrx_word' id='word_1_137' title='bbox 1433 1377 1832 1454; x_wconf 76' lang='lat' dir='ltr'><strong>principiative</strong></span> <span class='ocrx_word' id='word_1_138' title='bbox 1852 1376 2044 1455; x_wconf 88' lang='lat' dir='ltr'><strong>quoad</strong></span> <span class='ocrx_word' id='word_1_139' title='bbox 2072 1396 2103 1435; x_wconf 92' lang='lat' dir='ltr'><strong>e</strong></span> <span class='ocrx_word' id='word_1_140' title='bbox 2166 1377 2435 1437; x_wconf 87' lang='lat' dir='ltr'><strong>cientiam</strong></span> <span class='ocrx_word' id='word_1_141' title='bbox 2465 1378 2541 1438; x_wconf 89' lang='lat' dir='ltr'><strong>sit</strong></span> <span class='ocrx_word' id='word_1_142' title='bbox 2568 1380 2749 1440; x_wconf 88' lang='lat' dir='ltr'><strong>totius</strong></span> 
     </span>
     <span class='ocr_line' id='line_1_14' title="bbox 320 1455 2749 1539; baseline 0.004 -27"><span class='ocrx_word' id='word_1_143' title='bbox 320 1455 622 1514; x_wconf 78' lang='lat' dir='ltr'><strong>Trinitatis</strong></span> <span class='ocrx_word' id='word_1_144' title='bbox 650 1476 814 1534; x_wconf 89' lang='lat' dir='ltr'><strong>opus,</strong></span> <span class='ocrx_word' id='word_1_145' title='bbox 845 1476 962 1515; x_wconf 89' lang='lat' dir='ltr'><strong>non</strong></span> <span class='ocrx_word' id='word_1_146' title='bbox 990 1465 1183 1517; x_wconf 88' lang='lat' dir='ltr'><strong>tamen</strong></span> <span class='ocrx_word' id='word_1_147' title='bbox 1209 1459 1497 1535; x_wconf 78' lang='lat' dir='ltr'><strong>subjective</strong></span> <span class='ocrx_word' id='word_1_148' title='bbox 1515 1467 1574 1517; x_wconf 91' lang='lat' dir='ltr'><strong>et</strong></span> <span class='ocrx_word' id='word_1_149' title='bbox 1590 1458 2018 1534; x_wconf 67' lang='lat' dir='ltr'><strong>appropriative</strong></span> <span class='ocrx_word' id='word_1_150' title='bbox 2045 1458 2239 1534; x_wconf 88' lang='lat' dir='ltr'><strong>quoad</strong></span> <span class='ocrx_word' id='word_1_151' title='bbox 2266 1459 2561 1519; x_wconf 78' lang='lat' dir='ltr'><strong>terminum</strong></span> <span class='ocrx_word' id='word_1_152' title='bbox 2585 1483 2599 1537; x_wconf 84' lang='lat'><em>3</em></span> <span class='ocrx_word' id='word_1_153' title='bbox 2630 1481 2749 1539; x_wconf 91' lang='lat' dir='ltr'><strong>quo</strong></span> 
     </span>
     <span class='ocr_line' id='line_1_15' title="bbox 321 1537 1001 1597; baseline 0.004 -4"><span class='ocrx_word' id='word_1_154' title='bbox 321 1554 495 1595; x_wconf 83' lang='lat' dir='ltr'><strong>sensu</strong></span> <span class='ocrx_word' id='word_1_155' title='bbox 524 1543 614 1595; x_wconf 89' lang='lat' dir='ltr'><strong>est</strong></span> <span class='ocrx_word' id='word_1_156' title='bbox 642 1537 820 1597; x_wconf 88' lang='lat' dir='ltr'><strong>solius</strong></span> <span class='ocrx_word' id='word_1_157' title='bbox 845 1537 1001 1596; x_wconf 84' lang='lat' dir='ltr'><strong>Filii.</strong></span> 
     </span>
    </p>

    <p class='ocr_par' dir='ltr' id='par_1_3' title="bbox 322 1616 2756 1999">
     <span class='ocr_line' id='line_1_16' title="bbox 405 1616 2749 1697; baseline 0.003 -24"><span class='ocrx_word' id='word_1_158' title='bbox 405 1616 527 1675; x_wconf 94' lang='lat' dir='ltr'><strong>III.</strong></span> <span class='ocrx_word' id='word_1_159' title='bbox 573 1616 705 1675; x_wconf 90' lang='lat' dir='ltr'><strong>Non</strong></span> <span class='ocrx_word' id='word_1_160' title='bbox 734 1618 1025 1694; x_wconf 79' lang='lat' dir='ltr'><strong>quaeritur,</strong></span> <span class='ocrx_word' id='word_1_161' title='bbox 1060 1618 1160 1677; x_wconf 84' lang='lat' dir='ltr'><strong>An</strong></span> <span class='ocrx_word' id='word_1_162' title='bbox 1206 1619 1368 1678; x_wconf 85' lang='lat' dir='ltr'><strong>Deus</strong></span> <span class='ocrx_word' id='word_1_163' title='bbox 1413 1618 1710 1678; x_wconf 87' lang='lat' dir='ltr'><strong>Incarnari</strong></span> <span class='ocrx_word' id='word_1_164' title='bbox 1749 1618 2030 1692; x_wconf 77' lang='lat' dir='ltr'><strong>debuerit,</strong></span> <span class='ocrx_word' id='word_1_165' title='bbox 2060 1618 2219 1695; x_wconf 92' lang='lat' dir='ltr'><strong>quod</strong></span> <span class='ocrx_word' id='word_1_166' title='bbox 2246 1627 2417 1678; x_wconf 89' lang='lat' dir='ltr'><strong>antea</strong></span> <span class='ocrx_word' id='word_1_167' title='bbox 2444 1622 2749 1697; x_wconf 88' lang='lat' dir='ltr'><strong>probatum</strong></span> 
     </span>
     <span class='ocr_line' id='line_1_17' title="bbox 323 1696 2753 1778; baseline 0.002 -23"><span class='ocrx_word' id='word_1_168' title='bbox 323 1704 450 1773; x_wconf 85' lang='lat' dir='ltr'><strong>est3</strong></span> <span class='ocrx_word' id='word_1_169' title='bbox 498 1696 638 1772; x_wconf 88' lang='lat' dir='ltr'><strong>Nec,</strong></span> <span class='ocrx_word' id='word_1_170' title='bbox 670 1698 771 1755; x_wconf 91' lang='lat' dir='ltr'><strong>An</strong></span> <span class='ocrx_word' id='word_1_171' title='bbox 818 1707 936 1758; x_wconf 89' lang='lat' dir='ltr'><strong>tres</strong></span> <span class='ocrx_word' id='word_1_172' title='bbox 960 1699 1229 1759; x_wconf 84' lang='lat' dir='ltr'><strong>Personae</strong></span> <span class='ocrx_word' id='word_1_173' title='bbox 1278 1700 1564 1758; x_wconf 89' lang='lat' dir='ltr'><strong>incarnari</strong></span> <span class='ocrx_word' id='word_1_174' title='bbox 1606 1700 1944 1778; x_wconf 77' lang='lat' dir='ltr'><strong>potuerint?</strong></span> <span class='ocrx_word' id='word_1_175' title='bbox 1985 1698 2135 1772; x_wconf 89' lang='lat' dir='ltr'><strong>Quia</strong></span> <span class='ocrx_word' id='word_1_176' title='bbox 2178 1698 2366 1757; x_wconf 88' lang='lat' dir='ltr'><strong>unitas</strong></span> <span class='ocrx_word' id='word_1_177' title='bbox 2409 1700 2753 1761; x_wconf 86' lang='lat' dir='ltr'><strong>Mediatoris</strong></span> 
     </span>
     <span class='ocr_line' id='line_1_18' title="bbox 322 1776 2755 1858; baseline 0.002 -22"><span class='ocrx_word' id='word_1_178' title='bbox 322 1776 604 1836; x_wconf 88' lang='lat' dir='ltr'><strong>unitatem</strong></span> <span class='ocrx_word' id='word_1_179' title='bbox 636 1779 905 1837; x_wconf 84' lang='lat' dir='ltr'><strong>Personae</strong></span> <span class='ocrx_word' id='word_1_180' title='bbox 932 1781 1257 1839; x_wconf 84' lang='lat' dir='ltr'><strong>necessario</strong></span> <span class='ocrx_word' id='word_1_181' title='bbox 1278 1780 1625 1858; x_wconf 83' lang='lat' dir='ltr'><strong>requirebat.</strong></span> <span class='ocrx_word' id='word_1_182' title='bbox 1714 1779 1848 1856; x_wconf 86' lang='lat' dir='ltr'><strong>Sed,</strong></span> <span class='ocrx_word' id='word_1_183' title='bbox 1870 1779 2148 1854; x_wconf 65' lang='lat' dir='ltr'><strong>Quasnam</strong></span> <span class='ocrx_word' id='word_1_184' title='bbox 2179 1778 2435 1836; x_wconf 82' lang='lat' dir='ltr'><strong>Persona</strong></span> <span class='ocrx_word' id='word_1_185' title='bbox 2452 1779 2755 1842; x_wconf 75' lang='lat' dir='ltr'><strong>Trinitatis</strong></span> 
     </span>
     <span class='ocr_line' id='line_1_19' title="bbox 325 1857 2756 1939; baseline 0.002 -24"><span class='ocrx_word' id='word_1_186' title='bbox 325 1858 435 1916; x_wconf 92' lang='lat' dir='ltr'><strong>hoc</strong></span> <span class='ocrx_word' id='word_1_187' title='bbox 463 1857 525 1914; x_wconf 92' lang='lat' dir='ltr'><strong>in</strong></span> <span class='ocrx_word' id='word_1_188' title='bbox 554 1877 614 1916; x_wconf 91' lang='lat' dir='ltr'><strong>se</strong></span> <span class='ocrx_word' id='word_1_189' title='bbox 643 1861 970 1937; x_wconf 77' lang='lat' dir='ltr'><strong>receperit?</strong></span> <span class='ocrx_word' id='word_1_190' title='bbox 1031 1860 1132 1918; x_wconf 88' lang='lat' dir='ltr'><strong>An</strong></span> <span class='ocrx_word' id='word_1_191' title='bbox 1159 1862 1345 1939; x_wconf 88' lang='lat' dir='ltr'><strong>prima</strong></span> <span class='ocrx_word' id='word_1_192' title='bbox 1372 1861 1468 1919; x_wconf 88' lang='lat' dir='ltr'><strong>vel</strong></span> <span class='ocrx_word' id='word_1_193' title='bbox 1496 1860 1684 1936; x_wconf 89' lang='lat' dir='ltr'><strong>tertia,</strong></span> <span class='ocrx_word' id='word_1_194' title='bbox 1717 1858 1816 1917; x_wconf 90' lang='lat' dir='ltr'><strong>An</strong></span> <span class='ocrx_word' id='word_1_195' title='bbox 1839 1878 1979 1918; x_wconf 82' lang='lat' dir='ltr'><strong>vero</strong></span> <span class='ocrx_word' id='word_1_196' title='bbox 2002 1857 2256 1917; x_wconf 86' lang='lat' dir='ltr'><strong>secunda</strong></span> <span class='ocrx_word' id='word_1_197' title='bbox 2273 1865 2497 1917; x_wconf 87' lang='lat' dir='ltr'><strong>tantum</strong></span> <span class='ocrx_word' id='word_1_198' title='bbox 2514 1863 2543 1918; x_wconf 71' lang='grc' dir='ltr'><em>Ρ</em></span> <span class='ocrx_word' id='word_1_199' title='bbox 2585 1860 2756 1935; x_wconf 87' lang='lat' dir='ltr'><strong>Quod</strong></span> 
     </span>
     <span class='ocr_line' id='line_1_20' title="bbox 322 1958 652 1999; baseline 0.006 -2"><span class='ocrx_word' id='word_1_200' title='bbox 322 1958 652 1999; x_wconf 73' lang='lat' dir='ltr'><strong>assenmuS.</strong></span> 
     </span>
    </p>

    <p class='ocr_par' dir='ltr' id='par_1_4' title="bbox 331 2017 2757 2418">
     <span class='ocr_line' id='line_1_21' title="bbox 409 2017 2757 2098; baseline 0.003 -22"><span class='ocrx_word' id='word_1_201' title='bbox 409 2019 518 2078; x_wconf 93' lang='lat' dir='ltr'><strong>IV.</strong></span> <span class='ocrx_word' id='word_1_202' title='bbox 565 2019 844 2080; x_wconf 84' lang='lat' dir='ltr'><strong>Rationes</strong></span> <span class='ocrx_word' id='word_1_203' title='bbox 866 2029 1036 2081; x_wconf 68' lang='lat' dir='ltr'><strong>sunt}</strong></span> <span class='ocrx_word' id='word_1_204' title='bbox 1061 2025 1113 2079; x_wconf 99' lang='grc'><strong>1.</strong></span> <span class='ocrx_word' id='word_1_205' title='bbox 1159 2021 1308 2095; x_wconf 85' lang='lat' dir='ltr'><strong>Quia</strong></span> <span class='ocrx_word' id='word_1_206' title='bbox 1328 2020 1624 2098; x_wconf 85' lang='lat' dir='ltr'><strong>Scriptura</strong></span> <span class='ocrx_word' id='word_1_207' title='bbox 1640 2019 1751 2078; x_wconf 91' lang='lat' dir='ltr'><strong>hoc</strong></span> <span class='ocrx_word' id='word_1_208' title='bbox 1770 2019 1924 2078; x_wconf 89' lang='lat' dir='ltr'><strong>Filio</strong></span> <span class='ocrx_word' id='word_1_209' title='bbox 1946 2018 2056 2078; x_wconf 92' lang='lat' dir='ltr'><strong>soli</strong></span> <span class='ocrx_word' id='word_1_210' title='bbox 2076 2017 2296 2094; x_wconf 87' lang='lat' dir='ltr'><strong>tribuit,</strong></span> <span class='ocrx_word' id='word_1_211' title='bbox 2319 2039 2437 2078; x_wconf 90' lang='lat' dir='ltr'><strong>non</strong></span> <span class='ocrx_word' id='word_1_212' title='bbox 2458 2019 2633 2095; x_wconf 87' lang='lat' dir='ltr'><strong>Patri,</strong></span> <span class='ocrx_word' id='word_1_213' title='bbox 2655 2032 2757 2083; x_wconf 87' lang='lat' dir='ltr'><strong>aut</strong></span> 
     </span>
     <span class='ocr_line' id='line_1_22' title="bbox 339 2099 2750 2179; baseline 0.001 -20"><span class='ocrx_word' id='word_1_214' title='bbox 339 2100 582 2178; x_wconf 88' lang='lat' dir='ltr'><strong>Spiritui</strong></span> <span class='ocrx_word' id='word_1_215' title='bbox 616 2099 848 2161; x_wconf 87' lang='lat' dir='ltr'><strong>Sancto.</strong></span> <span class='ocrx_word' id='word_1_216' title='bbox 931 2102 1092 2174; x_wconf 65' lang='grc' dir='ltr'><strong><em>Λόγος</em></strong></span> <span class='ocrx_word' id='word_1_217' title='bbox 1119 2110 1345 2161; x_wconf 86' lang='lat' dir='ltr'><strong>tantum</strong></span> <span class='ocrx_word' id='word_1_218' title='bbox 1374 2101 1584 2159; x_wconf 85' lang='lat' dir='ltr'><strong>dicitur</strong></span> <span class='ocrx_word' id='word_1_219' title='bbox 1612 2119 1746 2158; x_wconf 89' lang='lat' dir='ltr'><strong>caro</strong></span> <span class='ocrx_word' id='word_1_220' title='bbox 1774 2099 1979 2173; x_wconf 87' lang='lat' dir='ltr'><strong>factus,</strong></span> <span class='ocrx_word' id='word_1_221' title='bbox 2010 2099 2051 2158; x_wconf 84' lang='lat' dir='ltr'>J</span> <span class='ocrx_word' id='word_1_222' title='bbox 2056 2099 2151 2157; x_wconf 92' lang='lat' dir='ltr'><strong>oh.</strong></span> <span class='ocrx_word' id='word_1_223' title='bbox 2182 2099 2220 2157; x_wconf 91' lang='lat' dir='ltr'><strong>i.</strong></span> <span class='ocrx_word' id='word_1_224' title='bbox 2256 2102 2347 2173; x_wconf 86' lang='lat'><strong>14,</strong></span> <span class='ocrx_word' id='word_1_225' title='bbox 2402 2099 2590 2159; x_wconf 90' lang='lat' dir='ltr'><strong>Filius</strong></span> <span class='ocrx_word' id='word_1_226' title='bbox 2620 2103 2750 2179; x_wconf 90' lang='lat' dir='ltr'><strong>Dei,</strong></span> 
     </span>
     <span class='ocr_line' id='line_1_23' title="bbox 331 2179 2753 2259; baseline 0 -19"><span class='ocrx_word' id='word_1_227' title='bbox 331 2181 432 2257; x_wconf 92' lang='lat' dir='ltr'><strong>qui</strong></span> <span class='ocrx_word' id='word_1_228' title='bbox 460 2180 571 2239; x_wconf 87' lang='lat' dir='ltr'><strong>suit</strong></span> <span class='ocrx_word' id='word_1_229' title='bbox 599 2181 658 2238; x_wconf 90' lang='lat' dir='ltr'><strong>in</strong></span> <span class='ocrx_word' id='word_1_230' title='bbox 689 2180 871 2241; x_wconf 89' lang='lat' dir='ltr'><strong>forma</strong></span> <span class='ocrx_word' id='word_1_231' title='bbox 895 2183 1007 2242; x_wconf 91' lang='lat' dir='ltr'><strong>Dei</strong></span> <span class='ocrx_word' id='word_1_232' title='bbox 1034 2183 1272 2240; x_wconf 85' lang='lat' dir='ltr'><strong>formam</strong></span> <span class='ocrx_word' id='word_1_233' title='bbox 1325 2181 1479 2240; x_wconf 81' lang='lat' dir='ltr'><strong>servi</strong></span> <span class='ocrx_word' id='word_1_234' title='bbox 1506 2179 1836 2256; x_wconf 77' lang='lat' dir='ltr'><strong>assumpsit,</strong></span> <span class='ocrx_word' id='word_1_235' title='bbox 1880 2179 2032 2237; x_wconf 90' lang='lat' dir='ltr'><strong>Phil.</strong></span> <span class='ocrx_word' id='word_1_236' title='bbox 2062 2179 2122 2237; x_wconf 91' lang='lat' dir='ltr'><strong>ii.</strong></span> <span class='ocrx_word' id='word_1_237' title='bbox 2154 2181 2225 2253; x_wconf 80' lang='lat'><strong>63</strong></span> <span class='ocrx_word' id='word_1_238' title='bbox 2271 2187 2346 2255; x_wconf 90' lang='lat' dir='ltr'><strong>et,</strong></span> <span class='ocrx_word' id='word_1_239' title='bbox 2380 2179 2535 2238; x_wconf 88' lang='lat' dir='ltr'><strong>Heb.</strong></span> <span class='ocrx_word' id='word_1_240' title='bbox 2566 2181 2625 2240; x_wconf 91' lang='lat' dir='ltr'><strong>ii.</strong></span> <span class='ocrx_word' id='word_1_241' title='bbox 2660 2186 2753 2259; x_wconf 85' lang='lat'><strong>14,</strong></span> 
     </span>
     <span class='ocr_line' id='line_1_24' title="bbox 332 2258 2754 2340; baseline 0.001 -20"><span class='ocrx_word' id='word_1_242' title='bbox 332 2264 424 2337; x_wconf 85' lang='lat'><strong>15,</strong></span> <span class='ocrx_word' id='word_1_243' title='bbox 445 2261 518 2320; x_wconf 89' lang='lat' dir='ltr'><strong>de</strong></span> <span class='ocrx_word' id='word_1_244' title='bbox 549 2261 702 2319; x_wconf 89' lang='lat' dir='ltr'><strong>Filio</strong></span> <span class='ocrx_word' id='word_1_245' title='bbox 731 2261 943 2322; x_wconf 88' lang='lat' dir='ltr'><strong>dicitur</strong></span> <span class='ocrx_word' id='word_1_246' title='bbox 962 2262 1119 2340; x_wconf 90' lang='lat' dir='ltr'><strong>quod</strong></span> <span class='ocrx_word' id='word_1_247' title='bbox 1147 2260 1577 2340; x_wconf 84' lang='lat' dir='ltr'><strong>participaverit</strong></span> <span class='ocrx_word' id='word_1_248' title='bbox 1599 2260 1758 2318; x_wconf 92' lang='lat' dir='ltr'><strong>carni</strong></span> <span class='ocrx_word' id='word_1_249' title='bbox 1787 2270 1846 2319; x_wconf 88' lang='lat' dir='ltr'><strong>et</strong></span> <span class='ocrx_word' id='word_1_250' title='bbox 1867 2259 2155 2336; x_wconf 87' lang='lat' dir='ltr'><strong>sanguini,</strong></span> <span class='ocrx_word' id='word_1_251' title='bbox 2189 2258 2317 2334; x_wconf 54' lang='grc' dir='ltr'><strong>ἀφ,</strong></span> <span class='ocrx_word' id='word_1_252' title='bbox 2347 2267 2409 2319; x_wconf 89' lang='lat' dir='ltr'><strong>et</strong></span> <span class='ocrx_word' id='word_1_253' title='bbox 2426 2260 2631 2320; x_wconf 91' lang='lat' dir='ltr'><strong>similis</strong></span> <span class='ocrx_word' id='word_1_254' title='bbox 2651 2282 2754 2322; x_wconf 89' lang='lat' dir='ltr'><strong>no·</strong></span> 
     </span>
     <span class='ocr_line' id='line_1_25' title="bbox 333 2343 1697 2418; baseline -0.002 -17"><span class='ocrx_word' id='word_1_255' title='bbox 333 2343 425 2402; x_wconf 91' lang='lat' dir='ltr'><strong>bis</strong></span> <span class='ocrx_word' id='word_1_256' title='bbox 445 2343 635 2401; x_wconf 88' lang='lat' dir='ltr'><strong>factus</strong></span> <span class='ocrx_word' id='word_1_257' title='bbox 657 2343 733 2402; x_wconf 91' lang='lat' dir='ltr'><strong>sit</strong></span> <span class='ocrx_word' id='word_1_258' title='bbox 761 2343 820 2401; x_wconf 92' lang='lat' dir='ltr'><strong>in</strong></span> <span class='ocrx_word' id='word_1_259' title='bbox 850 2343 1137 2418; x_wconf 91' lang='lat' dir='ltr'><strong>omnibus,</strong></span> <span class='ocrx_word' id='word_1_260' title='bbox 1169 2350 1413 2418; x_wconf 83' lang='lat' dir='ltr'><strong>excepto</strong></span> <span class='ocrx_word' id='word_1_261' title='bbox 1441 2349 1697 2418; x_wconf 88' lang='lat' dir='ltr'><strong>peccat0.</strong></span> 
     </span>
    </p>

    <p class='ocr_par' dir='ltr' id='par_1_5' title="bbox 328 2420 2757 2984">
     <span class='ocr_line' id='line_1_26' title="bbox 411 2420 2757 2501; baseline 0 -19"><span class='ocrx_word' id='word_1_262' title='bbox 411 2423 488 2483; x_wconf 89' lang='lat' dir='ltr'><strong>V.</strong></span> <span class='ocrx_word' id='word_1_263' title='bbox 530 2427 590 2482; x_wconf 78' lang='lat'><strong>2.</strong></span> <span class='ocrx_word' id='word_1_264' title='bbox 636 2423 785 2498; x_wconf 85' lang='lat' dir='ltr'><strong>Quia</strong></span> <span class='ocrx_word' id='word_1_265' title='bbox 813 2426 992 2484; x_wconf 81' lang='lat' dir='ltr'><strong>Pater</strong></span> <span class='ocrx_word' id='word_1_266' title='bbox 1045 2443 1161 2482; x_wconf 89' lang='lat' dir='ltr'><strong>non</strong></span> <span class='ocrx_word' id='word_1_267' title='bbox 1190 2422 1378 2501; x_wconf 88' lang='lat' dir='ltr'><strong>potuit</strong></span> <span class='ocrx_word' id='word_1_268' title='bbox 1406 2422 1713 2498; x_wconf 87' lang='lat' dir='ltr'><strong>incarnari,</strong></span> <span class='ocrx_word' id='word_1_269' title='bbox 1745 2440 1878 2479; x_wconf 85' lang='lat' dir='ltr'><strong>nam</strong></span> <span class='ocrx_word' id='word_1_270' title='bbox 1910 2428 1976 2480; x_wconf 90' lang='lat' dir='ltr'><strong>ut</strong></span> <span class='ocrx_word' id='word_1_271' title='bbox 2002 2420 2223 2498; x_wconf 90' lang='lat' dir='ltr'><strong>primus</strong></span> <span class='ocrx_word' id='word_1_272' title='bbox 2251 2420 2361 2480; x_wconf 88' lang='lat' dir='ltr'><strong>fuit</strong></span> <span class='ocrx_word' id='word_1_273' title='bbox 2389 2421 2607 2498; x_wconf 88' lang='lat' dir='ltr'><strong>ordine,</strong></span> <span class='ocrx_word' id='word_1_274' title='bbox 2639 2443 2757 2483; x_wconf 92' lang='lat' dir='ltr'><strong>non</strong></span> 
     </span>
     <span class='ocr_line' id='line_1_27' title="bbox 331 2501 2755 2583; baseline 0 -19"><span class='ocrx_word' id='word_1_275' title='bbox 331 2504 520 2581; x_wconf 85' lang='lat' dir='ltr'><strong>potuit</strong></span> <span class='ocrx_word' id='word_1_276' title='bbox 547 2524 583 2562; x_wconf 89' lang='lat' dir='ltr'><strong>a</strong></span> <span class='ocrx_word' id='word_1_277' title='bbox 610 2523 897 2583; x_wconf 88' lang='lat' dir='ltr'><strong>quoquam</strong></span> <span class='ocrx_word' id='word_1_278' title='bbox 942 2505 1111 2581; x_wconf 90' lang='lat' dir='ltr'><strong>mitti,</strong></span> <span class='ocrx_word' id='word_1_279' title='bbox 1153 2503 1248 2562; x_wconf 81' lang='lat' dir='ltr'><strong>vel</strong></span> <span class='ocrx_word' id='word_1_280' title='bbox 1280 2503 1663 2563; x_wconf 88' lang='lat' dir='ltr'><strong>Mediatorem</strong></span> <span class='ocrx_word' id='word_1_281' title='bbox 1706 2502 1780 2560; x_wconf 89' lang='lat' dir='ltr'><strong>ad</strong></span> <span class='ocrx_word' id='word_1_282' title='bbox 1812 2502 2026 2561; x_wconf 89' lang='lat' dir='ltr'><strong>Filium</strong></span> <span class='ocrx_word' id='word_1_283' title='bbox 2065 2509 2123 2561; x_wconf 90' lang='lat' dir='ltr'><strong>et</strong></span> <span class='ocrx_word' id='word_1_284' title='bbox 2170 2501 2445 2579; x_wconf 86' lang='lat' dir='ltr'><strong>Spiritum</strong></span> <span class='ocrx_word' id='word_1_285' title='bbox 2479 2503 2755 2564; x_wconf 87' lang='lat' dir='ltr'><strong>Sanctum</strong></span> 
     </span>
     <span class='ocr_line' id='line_1_28' title="bbox 333 2583 2753 2664; baseline 0 -19"><span class='ocrx_word' id='word_1_286' title='bbox 333 2605 524 2664; x_wconf 86' lang='lat' dir='ltr'><strong>agere.</strong></span> <span class='ocrx_word' id='word_1_287' title='bbox 611 2585 733 2645; x_wconf 86' lang='lat' dir='ltr'><strong>Nec</strong></span> <span class='ocrx_word' id='word_1_288' title='bbox 763 2586 1162 2663; x_wconf 85' lang='lat' dir='ltr'><strong>conveniebat,</strong></span> <span class='ocrx_word' id='word_1_289' title='bbox 1195 2593 1259 2645; x_wconf 90' lang='lat' dir='ltr'><strong>ut</strong></span> <span class='ocrx_word' id='word_1_290' title='bbox 1287 2585 1388 2663; x_wconf 90' lang='lat' dir='ltr'><strong>qui</strong></span> <span class='ocrx_word' id='word_1_291' title='bbox 1420 2585 1593 2644; x_wconf 88' lang='lat' dir='ltr'><strong>Pater</strong></span> <span class='ocrx_word' id='word_1_292' title='bbox 1622 2592 1745 2643; x_wconf 88' lang='lat' dir='ltr'><strong>erat</strong></span> <span class='ocrx_word' id='word_1_293' title='bbox 1773 2585 1832 2643; x_wconf 93' lang='lat' dir='ltr'><strong>in</strong></span> <span class='ocrx_word' id='word_1_294' title='bbox 1864 2583 2116 2660; x_wconf 86' lang='lat' dir='ltr'><strong>Divinis,</strong></span> <span class='ocrx_word' id='word_1_295' title='bbox 2151 2583 2338 2643; x_wconf 84' lang='lat' dir='ltr'><strong>Filius</strong></span> <span class='ocrx_word' id='word_1_296' title='bbox 2365 2583 2530 2645; x_wconf 89' lang='lat' dir='ltr'><strong>fieret</strong></span> <span class='ocrx_word' id='word_1_297' title='bbox 2558 2585 2618 2643; x_wconf 93' lang='lat' dir='ltr'><strong>in</strong></span> <span class='ocrx_word' id='word_1_298' title='bbox 2645 2585 2753 2646; x_wconf 87' lang='lat' dir='ltr'><strong>hu-</strong></span> 
     </span>
     <span class='ocr_line' id='line_1_29' title="bbox 331 2664 2753 2747; baseline 0.001 -23"><span class='ocrx_word' id='word_1_299' title='bbox 331 2667 518 2725; x_wconf 87' lang='lat' dir='ltr'><strong>manis</strong></span> <span class='ocrx_word' id='word_1_300' title='bbox 552 2687 628 2725; x_wconf 87' lang='lat' dir='ltr'><strong>ex</strong></span> <span class='ocrx_word' id='word_1_301' title='bbox 656 2667 902 2747; x_wconf 83' lang='lat' dir='ltr'><strong>Virgine</strong></span> <span class='ocrx_word' id='word_1_302' title='bbox 932 2669 1240 2728; x_wconf 85' lang='lat' dir='ltr'><strong>nascendo.</strong></span> <span class='ocrx_word' id='word_1_303' title='bbox 1327 2668 1457 2726; x_wconf 90' lang='lat' dir='ltr'><strong>Non</strong></span> <span class='ocrx_word' id='word_1_304' title='bbox 1486 2667 1734 2744; x_wconf 64' lang='lat' dir='ltr'><strong>Spiritus</strong></span> <span class='ocrx_word' id='word_1_305' title='bbox 1754 2668 2011 2740; x_wconf 70' lang='lat' dir='ltr'><strong>Sanctus,</strong></span> <span class='ocrx_word' id='word_1_306' title='bbox 2037 2664 2137 2743; x_wconf 92' lang='lat' dir='ltr'><strong>qui</strong></span> <span class='ocrx_word' id='word_1_307' title='bbox 2160 2665 2361 2726; x_wconf 89' lang='lat' dir='ltr'><strong>debuit</strong></span> <span class='ocrx_word' id='word_1_308' title='bbox 2389 2666 2541 2725; x_wconf 88' lang='lat' dir='ltr'><strong>mitti</strong></span> <span class='ocrx_word' id='word_1_309' title='bbox 2563 2688 2598 2726; x_wconf 90' lang='lat' dir='ltr'><strong>a</strong></span> <span class='ocrx_word' id='word_1_310' title='bbox 2627 2668 2753 2727; x_wconf 89' lang='lat' dir='ltr'><strong>Me-</strong></span> 
     </span>
     <span class='ocr_line' id='line_1_30' title="bbox 332 2746 2755 2825; baseline 0.002 -20"><span class='ocrx_word' id='word_1_311' title='bbox 332 2747 555 2806; x_wconf 88' lang='lat' dir='ltr'><strong>diatore</strong></span> <span class='ocrx_word' id='word_1_312' title='bbox 584 2746 644 2806; x_wconf 90' lang='lat' dir='ltr'><strong>in</strong></span> <span class='ocrx_word' id='word_1_313' title='bbox 669 2748 991 2810; x_wconf 85' lang='lat' dir='ltr'><strong>Ecclesiam</strong></span> <span class='ocrx_word' id='word_1_314' title='bbox 1020 2751 1063 2810; x_wconf 88' lang='lat' dir='ltr'><strong>J</strong></span> <span class='ocrx_word' id='word_1_315' title='bbox 1067 2750 1161 2808; x_wconf 92' lang='lat' dir='ltr'><strong>oh.</strong></span> <span class='ocrx_word' id='word_1_316' title='bbox 1192 2747 1315 2807; x_wconf 81' lang='lat' dir='ltr'><strong>xvi.</strong></span> <span class='ocrx_word' id='word_1_317' title='bbox 1347 2754 1403 2825; x_wconf 85' lang='lat'><strong>7,</strong></span> <span class='ocrx_word' id='word_1_318' title='bbox 1454 2758 1514 2808; x_wconf 90' lang='lat' dir='ltr'><strong>at</strong></span> <span class='ocrx_word' id='word_1_319' title='bbox 1542 2768 1659 2807; x_wconf 91' lang='lat' dir='ltr'><strong>non</strong></span> <span class='ocrx_word' id='word_1_320' title='bbox 1687 2749 1877 2825; x_wconf 86' lang='lat' dir='ltr'><strong>potuit</strong></span> <span class='ocrx_word' id='word_1_321' title='bbox 1902 2747 2056 2806; x_wconf 90' lang='lat' dir='ltr'><strong>mitti</strong></span> <span class='ocrx_word' id='word_1_322' title='bbox 2084 2768 2119 2806; x_wconf 90' lang='lat' dir='ltr'><strong>a</strong></span> <span class='ocrx_word' id='word_1_323' title='bbox 2147 2746 2374 2823; x_wconf 86' lang='lat' dir='ltr'><strong>seipso:</strong></span> <span class='ocrx_word' id='word_1_324' title='bbox 2420 2748 2498 2806; x_wconf 89' lang='lat' dir='ltr'><strong>Et</strong></span> <span class='ocrx_word' id='word_1_325' title='bbox 2527 2748 2610 2807; x_wconf 88' lang='lat' dir='ltr'><strong>sic</strong></span> <span class='ocrx_word' id='word_1_326' title='bbox 2639 2749 2755 2810; x_wconf 90' lang='lat' dir='ltr'><strong>duo</strong></span> 
     </span>
     <span class='ocr_line' id='line_1_31' title="bbox 333 2827 2752 2908; baseline 0.002 -24"><span class='ocrx_word' id='word_1_327' title='bbox 333 2827 579 2886; x_wconf 84' lang='lat' dir='ltr'><strong>fuissent</strong></span> <span class='ocrx_word' id='word_1_328' title='bbox 603 2828 727 2904; x_wconf 85' lang='lat' dir='ltr'><strong>filii,</strong></span> <span class='ocrx_word' id='word_1_329' title='bbox 751 2831 1007 2889; x_wconf 87' lang='lat' dir='ltr'><strong>secunda</strong></span> <span class='ocrx_word' id='word_1_330' title='bbox 1034 2849 1280 2908; x_wconf 89' lang='lat' dir='ltr'><strong>persona</strong></span> <span class='ocrx_word' id='word_1_331' title='bbox 1307 2850 1410 2907; x_wconf 80' lang='lat' dir='ltr'><strong>per</strong></span> <span class='ocrx_word' id='word_1_332' title='bbox 1431 2838 1702 2888; x_wconf 73' lang='lat' dir='ltr'><strong>aeternam</strong></span> <span class='ocrx_word' id='word_1_333' title='bbox 1728 2828 2175 2907; x_wconf 87' lang='lat' dir='ltr'><strong>generationem,</strong></span> <span class='ocrx_word' id='word_1_334' title='bbox 2201 2838 2260 2887; x_wconf 87' lang='lat' dir='ltr'><strong>et</strong></span> <span class='ocrx_word' id='word_1_335' title='bbox 2281 2828 2451 2887; x_wconf 86' lang='lat' dir='ltr'><strong>tertia</strong></span> <span class='ocrx_word' id='word_1_336' title='bbox 2478 2849 2582 2906; x_wconf 87' lang='lat' dir='ltr'><strong>per</strong></span> <span class='ocrx_word' id='word_1_337' title='bbox 2609 2838 2752 2889; x_wconf 91' lang='lat' dir='ltr'><strong>tem-</strong></span> 
     </span>
     <span class='ocr_line' id='line_1_32' title="bbox 328 2907 1967 2984; baseline 0.005 -21"><span class='ocrx_word' id='word_1_338' title='bbox 328 2907 585 2984; x_wconf 85' lang='lat' dir='ltr'><strong>poralem</strong></span> <span class='ocrx_word' id='word_1_339' title='bbox 617 2907 1097 2969; x_wconf 89' lang='lat' dir='ltr'><strong>Incarnationem.</strong></span> <span class='ocrx_word' id='word_1_340' title='bbox 1959 2940 1967 2948; x_wconf 90' lang='lat'><strong>·</strong></span> 
     </span>
    </p>

    <p class='ocr_par' dir='ltr' id='par_1_6' title="bbox 330 2983 2752 3788">
     <span class='ocr_line' id='line_1_33' title="bbox 415 2983 2752 3064; baseline 0.004 -25"><span class='ocrx_word' id='word_1_341' title='bbox 415 2983 529 3040; x_wconf 88' lang='lat' dir='ltr'><strong>VI.</strong></span> <span class='ocrx_word' id='word_1_342' title='bbox 575 2987 629 3041; x_wconf 86' lang='lat'><strong>3.</strong></span> <span class='ocrx_word' id='word_1_343' title='bbox 679 2986 851 3044; x_wconf 85' lang='lat' dir='ltr'><strong>Solus</strong></span> <span class='ocrx_word' id='word_1_344' title='bbox 881 2989 1069 3045; x_wconf 85' lang='lat' dir='ltr'><strong>Filius</strong></span> <span class='ocrx_word' id='word_1_345' title='bbox 1097 2987 1285 3062; x_wconf 89' lang='lat' dir='ltr'><strong>potuit</strong></span> <span class='ocrx_word' id='word_1_346' title='bbox 1303 2988 1409 3045; x_wconf 89' lang='lat' dir='ltr'><strong>rite</strong></span> <span class='ocrx_word' id='word_1_347' title='bbox 1440 2988 1550 3044; x_wconf 88' lang='lat' dir='ltr'><strong>hoe</strong></span> <span class='ocrx_word' id='word_1_348' title='bbox 1570 3006 1782 3045; x_wconf 86' lang='lat' dir='ltr'><strong>munus</strong></span> <span class='ocrx_word' id='word_1_349' title='bbox 1812 2987 2138 3062; x_wconf 85' lang='lat' dir='ltr'><strong>suscipere:</strong></span> <span class='ocrx_word' id='word_1_350' title='bbox 2187 2990 2238 3044; x_wconf 93' lang='lat' dir='ltr'><strong>l.</strong></span> <span class='ocrx_word' id='word_1_351' title='bbox 2286 2988 2369 3046; x_wconf 91' lang='lat' dir='ltr'><strong>Ut</strong></span> <span class='ocrx_word' id='word_1_352' title='bbox 2398 2988 2498 3064; x_wconf 91' lang='lat' dir='ltr'><strong>qui</strong></span> <span class='ocrx_word' id='word_1_353' title='bbox 2528 2989 2752 3049; x_wconf 86' lang='lat' dir='ltr'><strong>medius</strong></span> 
     </span>
     <span class='ocr_line' id='line_1_34' title="bbox 338 3061 2752 3140; baseline 0.003 -21"><span class='ocrx_word' id='word_1_354' title='bbox 338 3069 429 3119; x_wconf 90' lang='lat' dir='ltr'><strong>est</strong></span> <span class='ocrx_word' id='word_1_355' title='bbox 455 3061 606 3119; x_wconf 90' lang='lat' dir='ltr'><strong>inter</strong></span> <span class='ocrx_word' id='word_1_356' title='bbox 629 3063 859 3121; x_wconf 88' lang='lat' dir='ltr'><strong>Patrem</strong></span> <span class='ocrx_word' id='word_1_357' title='bbox 889 3073 947 3123; x_wconf 88' lang='lat' dir='ltr'><strong>et</strong></span> <span class='ocrx_word' id='word_1_358' title='bbox 980 3065 1259 3140; x_wconf 88' lang='lat' dir='ltr'><strong>Spiritum</strong></span> <span class='ocrx_word' id='word_1_359' title='bbox 1309 3065 1601 3136; x_wconf 86' lang='lat' dir='ltr'><strong>Sanctum,</strong></span> <span class='ocrx_word' id='word_1_360' title='bbox 1652 3064 1943 3123; x_wconf 87' lang='lat' dir='ltr'><strong>Mediator</strong></span> <span class='ocrx_word' id='word_1_361' title='bbox 1990 3072 2145 3123; x_wconf 87' lang='lat' dir='ltr'><strong>esset</strong></span> <span class='ocrx_word' id='word_1_362' title='bbox 2170 3064 2321 3123; x_wconf 88' lang='lat' dir='ltr'><strong>inter</strong></span> <span class='ocrx_word' id='word_1_363' title='bbox 2350 3067 2540 3124; x_wconf 91' lang='lat' dir='ltr'><strong>Deum</strong></span> <span class='ocrx_word' id='word_1_364' title='bbox 2570 3078 2629 3125; x_wconf 90' lang='lat' dir='ltr'><strong>et</strong></span> <span class='ocrx_word' id='word_1_365' title='bbox 2649 3068 2752 3127; x_wconf 88' lang='lat' dir='ltr'><strong>ho·-</strong></span> 
     </span>
     <span class='ocr_line' id='line_1_35' title="bbox 336 3140 2751 3218; baseline 0.003 -20"><span class='ocrx_word' id='word_1_366' title='bbox 336 3140 556 3216; x_wconf 82' lang='lat' dir='ltr'><strong>mines3</strong></span> <span class='ocrx_word' id='word_1_367' title='bbox 601 3144 656 3199; x_wconf 83' lang='lat'><strong>2.</strong></span> <span class='ocrx_word' id='word_1_368' title='bbox 702 3143 1069 3202; x_wconf 83' lang='lat' dir='ltr'><strong>Conveniens</strong></span> <span class='ocrx_word' id='word_1_369' title='bbox 1096 3150 1220 3200; x_wconf 86' lang='lat' dir='ltr'><strong>erat</strong></span> <span class='ocrx_word' id='word_1_370' title='bbox 1237 3161 1386 3216; x_wconf 90' lang='lat' dir='ltr'><strong>eum,</strong></span> <span class='ocrx_word' id='word_1_371' title='bbox 1417 3142 1518 3218; x_wconf 90' lang='lat' dir='ltr'><strong>qui</strong></span> <span class='ocrx_word' id='word_1_372' title='bbox 1549 3141 1735 3200; x_wconf 88' lang='lat' dir='ltr'><strong>Filius</strong></span> <span class='ocrx_word' id='word_1_373' title='bbox 1791 3149 1914 3201; x_wconf 88' lang='lat' dir='ltr'><strong>erat</strong></span> <span class='ocrx_word' id='word_1_374' title='bbox 1957 3162 2060 3218; x_wconf 91' lang='lat' dir='ltr'><strong>per</strong></span> <span class='ocrx_word' id='word_1_375' title='bbox 2104 3150 2386 3216; x_wconf 85' lang='lat' dir='ltr'><strong>naturam,</strong></span> <span class='ocrx_word' id='word_1_376' title='bbox 2434 3143 2622 3204; x_wconf 82' lang='lat' dir='ltr'><strong>facere</strong></span> <span class='ocrx_word' id='word_1_377' title='bbox 2644 3167 2751 3207; x_wconf 86' lang='lat' dir='ltr'><strong>nos</strong></span> 
     </span>
     <span class='ocr_line' id='line_1_36' title="bbox 334 3220 2752 3301; baseline 0.002 -22"><span class='ocrx_word' id='word_1_378' title='bbox 334 3221 488 3280; x_wconf 87' lang='lat' dir='ltr'><strong>filios</strong></span> <span class='ocrx_word' id='word_1_379' title='bbox 509 3220 814 3299; x_wconf 85' lang='lat' dir='ltr'><strong>adoptivos</strong></span> <span class='ocrx_word' id='word_1_380' title='bbox 851 3242 955 3301; x_wconf 90' lang='lat' dir='ltr'><strong>per</strong></span> <span class='ocrx_word' id='word_1_381' title='bbox 998 3222 1259 3300; x_wconf 87' lang='lat' dir='ltr'><strong>gratiam,</strong></span> <span class='ocrx_word' id='word_1_382' title='bbox 1311 3229 1376 3279; x_wconf 90' lang='lat' dir='ltr'><strong>ut</strong></span> <span class='ocrx_word' id='word_1_383' title='bbox 1425 3220 1756 3279; x_wconf 76' lang='lat' dir='ltr'><strong>cohaeredes</strong></span> <span class='ocrx_word' id='word_1_384' title='bbox 1803 3239 2061 3279; x_wconf 86' lang='lat' dir='ltr'><strong>essemus</strong></span> <span class='ocrx_word' id='word_1_385' title='bbox 2109 3220 2267 3279; x_wconf 89' lang='lat' dir='ltr'><strong>illius</strong></span> <span class='ocrx_word' id='word_1_386' title='bbox 2295 3223 2397 3297; x_wconf 88' lang='lat' dir='ltr'><strong>qui</strong></span> <span class='ocrx_word' id='word_1_387' title='bbox 2423 3230 2513 3281; x_wconf 86' lang='lat' dir='ltr'><strong>est</strong></span> <span class='ocrx_word' id='word_1_388' title='bbox 2567 3224 2752 3285; x_wconf 85' lang='lat' dir='ltr'><strong>haeres</strong></span> 
     </span>
     <span class='ocr_line' id='line_1_37' title="bbox 334 3299 2747 3382; baseline 0.001 -22"><span class='ocrx_word' id='word_1_389' title='bbox 334 3302 627 3379; x_wconf 87' lang='lat' dir='ltr'><strong>omnium;</strong></span> <span class='ocrx_word' id='word_1_390' title='bbox 673 3306 730 3362; x_wconf 88' lang='lat'><strong>3.</strong></span> <span class='ocrx_word' id='word_1_391' title='bbox 775 3304 926 3382; x_wconf 86' lang='lat' dir='ltr'><strong>Ejus</strong></span> <span class='ocrx_word' id='word_1_392' title='bbox 946 3302 1055 3364; x_wconf 84' lang='lat' dir='ltr'><strong>fuit</strong></span> <span class='ocrx_word' id='word_1_393' title='bbox 1082 3303 1360 3380; x_wconf 68' lang='grc' dir='ltr'><strong>ἇνατίζιιι</strong></span> <span class='ocrx_word' id='word_1_394' title='bbox 1405 3320 1681 3376; x_wconf 86' lang='lat' dir='ltr'><strong>recreare,</strong></span> <span class='ocrx_word' id='word_1_395' title='bbox 1734 3300 1902 3379; x_wconf 89' lang='lat' dir='ltr'><strong>cujus</strong></span> <span class='ocrx_word' id='word_1_396' title='bbox 1946 3299 2055 3359; x_wconf 89' lang='lat' dir='ltr'><strong>fuit</strong></span> <span class='ocrx_word' id='word_1_397' title='bbox 2099 3319 2330 3377; x_wconf 87' lang='lat' dir='ltr'><strong>ereare;</strong></span> <span class='ocrx_word' id='word_1_398' title='bbox 2375 3310 2439 3361; x_wconf 89' lang='lat' dir='ltr'><strong>ut</strong></span> <span class='ocrx_word' id='word_1_399' title='bbox 2468 3301 2747 3382; x_wconf 89' lang='lat' dir='ltr'><strong>Verbum,</strong></span> 
     </span>
     <span class='ocr_line' id='line_1_38' title="bbox 332 3380 2752 3462; baseline 0.001 -19"><span class='ocrx_word' id='word_1_400' title='bbox 332 3404 437 3462; x_wconf 92' lang='lat' dir='ltr'><strong>per</strong></span> <span class='ocrx_word' id='word_1_401' title='bbox 462 3384 620 3462; x_wconf 89' lang='lat' dir='ltr'><strong>quod</strong></span> <span class='ocrx_word' id='word_1_402' title='bbox 649 3384 842 3443; x_wconf 89' lang='lat' dir='ltr'><strong>omnia</strong></span> <span class='ocrx_word' id='word_1_403' title='bbox 870 3384 1022 3444; x_wconf 85' lang='lat' dir='ltr'><strong>facta</strong></span> <span class='ocrx_word' id='word_1_404' title='bbox 1051 3393 1186 3444; x_wconf 91' lang='lat' dir='ltr'><strong>sunt</strong></span> <span class='ocrx_word' id='word_1_405' title='bbox 1212 3384 1273 3442; x_wconf 92' lang='lat' dir='ltr'><strong>in</strong></span> <span class='ocrx_word' id='word_1_406' title='bbox 1319 3383 1507 3462; x_wconf 89' lang='lat' dir='ltr'><strong>prima</strong></span> <span class='ocrx_word' id='word_1_407' title='bbox 1548 3381 1856 3457; x_wconf 88' lang='lat' dir='ltr'><strong>creatione,</strong></span> <span class='ocrx_word' id='word_1_408' title='bbox 1887 3380 2222 3440; x_wconf 88' lang='lat' dir='ltr'><strong>reformaret</strong></span> <span class='ocrx_word' id='word_1_409' title='bbox 2249 3401 2356 3441; x_wconf 83' lang='lat' dir='ltr'><strong>nos</strong></span> <span class='ocrx_word' id='word_1_410' title='bbox 2385 3382 2460 3442; x_wconf 89' lang='lat' dir='ltr'><strong>ad</strong></span> <span class='ocrx_word' id='word_1_411' title='bbox 2489 3382 2580 3443; x_wconf 90' lang='lat' dir='ltr'><strong>sui</strong></span> <span class='ocrx_word' id='word_1_412' title='bbox 2608 3383 2752 3445; x_wconf 88' lang='lat' dir='ltr'><strong>ima-</strong></span> 
     </span>
     <span class='ocr_line' id='line_1_39' title="bbox 332 3462 2747 3544; baseline 0.001 -21"><span class='ocrx_word' id='word_1_413' title='bbox 332 3464 527 3543; x_wconf 85' lang='lat' dir='ltr'><strong>ginem</strong></span> <span class='ocrx_word' id='word_1_414' title='bbox 557 3465 618 3523; x_wconf 94' lang='lat' dir='ltr'><strong>in</strong></span> <span class='ocrx_word' id='word_1_415' title='bbox 647 3466 918 3525; x_wconf 89' lang='lat' dir='ltr'><strong>secunda.</strong></span> <span class='ocrx_word' id='word_1_416' title='bbox 1003 3467 1209 3544; x_wconf 88' lang='lat' dir='ltr'><strong>Imago</strong></span> <span class='ocrx_word' id='word_1_417' title='bbox 1240 3465 1352 3524; x_wconf 92' lang='lat' dir='ltr'><strong>Dei</strong></span> <span class='ocrx_word' id='word_1_418' title='bbox 1372 3485 1477 3544; x_wconf 89' lang='lat' dir='ltr'><strong>per</strong></span> <span class='ocrx_word' id='word_1_419' title='bbox 1493 3471 1795 3542; x_wconf 87' lang='lat' dir='ltr'><strong>peccatum</strong></span> <span class='ocrx_word' id='word_1_420' title='bbox 1818 3462 2141 3537; x_wconf 87' lang='lat' dir='ltr'><strong>obscurata,</strong></span> <span class='ocrx_word' id='word_1_421' title='bbox 2172 3470 2231 3522; x_wconf 90' lang='lat' dir='ltr'><strong>et</strong></span> <span class='ocrx_word' id='word_1_422' title='bbox 2250 3470 2475 3524; x_wconf 87' lang='lat' dir='ltr'><strong>tantum</strong></span> <span class='ocrx_word' id='word_1_423' title='bbox 2502 3485 2619 3524; x_wconf 91' lang='lat' dir='ltr'><strong>non</strong></span> <span class='ocrx_word' id='word_1_424' title='bbox 2648 3465 2747 3527; x_wconf 87' lang='lat' dir='ltr'><strong>de-</strong></span> 
     </span>
     <span class='ocr_line' id='line_1_40' title="bbox 333 3544 2747 3627; baseline 0.002 -23"><span class='ocrx_word' id='word_1_425' title='bbox 333 3546 465 3620; x_wconf 85' lang='lat' dir='ltr'><strong>leta,</strong></span> <span class='ocrx_word' id='word_1_426' title='bbox 497 3566 613 3605; x_wconf 89' lang='lat' dir='ltr'><strong>non</strong></span> <span class='ocrx_word' id='word_1_427' title='bbox 641 3547 831 3624; x_wconf 90' lang='lat' dir='ltr'><strong>potuit</strong></span> <span class='ocrx_word' id='word_1_428' title='bbox 851 3546 912 3605; x_wconf 92' lang='lat' dir='ltr'><strong>in</strong></span> <span class='ocrx_word' id='word_1_429' title='bbox 940 3547 1110 3607; x_wconf 87' lang='lat' dir='ltr'><strong>uobis</strong></span> <span class='ocrx_word' id='word_1_430' title='bbox 1151 3547 1360 3606; x_wconf 89' lang='lat' dir='ltr'><strong>melius</strong></span> <span class='ocrx_word' id='word_1_431' title='bbox 1415 3544 1685 3623; x_wconf 87' lang='lat' dir='ltr'><strong>reparari,</strong></span> <span class='ocrx_word' id='word_1_432' title='bbox 1743 3564 1915 3622; x_wconf 90' lang='lat' dir='ltr'><strong>quam</strong></span> <span class='ocrx_word' id='word_1_433' title='bbox 1944 3562 2049 3621; x_wconf 89' lang='lat' dir='ltr'><strong>per</strong></span> <span class='ocrx_word' id='word_1_434' title='bbox 2093 3562 2241 3619; x_wconf 90' lang='lat' dir='ltr'><strong>eum,</strong></span> <span class='ocrx_word' id='word_1_435' title='bbox 2272 3544 2374 3622; x_wconf 91' lang='lat' dir='ltr'><strong>qui</strong></span> <span class='ocrx_word' id='word_1_436' title='bbox 2402 3554 2526 3606; x_wconf 88' lang='lat' dir='ltr'><strong>erat</strong></span> <span class='ocrx_word' id='word_1_437' title='bbox 2551 3546 2747 3627; x_wconf 81' lang='lat' dir='ltr'><strong>imago</strong></span> 
     </span>
     <span class='ocr_line' id='line_1_41' title="bbox 336 3623 2741 3705; baseline 0.002 -22"><span class='ocrx_word' id='word_1_438' title='bbox 336 3626 447 3685; x_wconf 91' lang='lat' dir='ltr'><strong>Dei</strong></span> <span class='ocrx_word' id='word_1_439' title='bbox 476 3626 823 3705; x_wconf 86' lang='lat' dir='ltr'><strong>invisibilis;</strong></span> <span class='ocrx_word' id='word_1_440' title='bbox 869 3631 925 3687; x_wconf 88' lang='lat'><strong>4.</strong></span> <span class='ocrx_word' id='word_1_441' title='bbox 971 3629 1103 3686; x_wconf 91' lang='lat' dir='ltr'><strong>Non</strong></span> <span class='ocrx_word' id='word_1_442' title='bbox 1131 3628 1281 3687; x_wconf 91' lang='lat' dir='ltr'><strong>alius</strong></span> <span class='ocrx_word' id='word_1_443' title='bbox 1310 3627 1498 3705; x_wconf 87' lang='lat' dir='ltr'><strong>aptior</strong></span> <span class='ocrx_word' id='word_1_444' title='bbox 1524 3626 1635 3685; x_wconf 88' lang='lat' dir='ltr'><strong>fuit</strong></span> <span class='ocrx_word' id='word_1_445' title='bbox 1661 3624 1737 3683; x_wconf 89' lang='lat' dir='ltr'><strong>ad</strong></span> <span class='ocrx_word' id='word_1_446' title='bbox 1764 3623 2286 3684; x_wconf 87' lang='lat' dir='ltr'><strong>reconciliationem</strong></span> <span class='ocrx_word' id='word_1_447' title='bbox 2318 3635 2572 3686; x_wconf 85' lang='lat' dir='ltr'><strong>nostram</strong></span> <span class='ocrx_word' id='word_1_448' title='bbox 2602 3628 2741 3688; x_wconf 87' lang='lat' dir='ltr'><strong>faci-</strong></span> 
     </span>
     <span class='ocr_line' id='line_1_42' title="bbox 330 3701 2745 3788; baseline 0.002 -23"><span class='ocrx_word' id='word_1_449' title='bbox 330 3706 557 3783; x_wconf 88' lang='lat' dir='ltr'><strong>endam,</strong></span> <span class='ocrx_word' id='word_1_450' title='bbox 588 3727 762 3785; x_wconf 90' lang='lat' dir='ltr'><strong>quam</strong></span> <span class='ocrx_word' id='word_1_451' title='bbox 780 3709 881 3788; x_wconf 90' lang='lat' dir='ltr'><strong>qui</strong></span> <span class='ocrx_word' id='word_1_452' title='bbox 905 3709 1092 3768; x_wconf 90' lang='lat' dir='ltr'><strong>Filius</strong></span> <span class='ocrx_word' id='word_1_453' title='bbox 1121 3709 1311 3767; x_wconf 88' lang='lat' dir='ltr'><strong>Patris</strong></span> <span class='ocrx_word' id='word_1_454' title='bbox 1340 3716 1463 3768; x_wconf 85' lang='lat' dir='ltr'><strong>erat</strong></span> <span class='ocrx_word' id='word_1_455' title='bbox 1480 3710 1761 3779; x_wconf 67' lang='grc' dir='ltr'><strong>ἇγαπητὶς,</strong></span> <span class='ocrx_word' id='word_1_456' title='bbox 1794 3705 1854 3763; x_wconf 90' lang='lat' dir='ltr'><strong>in</strong></span> <span class='ocrx_word' id='word_1_457' title='bbox 1882 3725 1998 3782; x_wconf 89' lang='lat' dir='ltr'><strong>quo</strong></span> <span class='ocrx_word' id='word_1_458' title='bbox 2027 3701 2262 3781; x_wconf 62' lang='lat' dir='ltr'><strong>ivao&#39;nnn,</strong></span> <span class='ocrx_word' id='word_1_459' title='bbox 2293 3707 2504 3767; x_wconf 89' lang='lat' dir='ltr'><strong>Matth.</strong></span> <span class='ocrx_word' id='word_1_460' title='bbox 2535 3708 2613 3767; x_wconf 88' lang='lat' dir='ltr'><strong>iii.</strong></span> <span class='ocrx_word' id='word_1_461' title='bbox 2651 3714 2745 3771; x_wconf 84' lang='lat'><strong>17.</strong></span> 
     </span>
    </p>

    <p class='ocr_par' dir='ltr' id='par_1_7' title="bbox 327 3785 2744 4755">
     <span class='ocr_line' id='line_1_43' title="bbox 371 3785 2743 3867; baseline 0 -20"><span class='ocrx_word' id='word_1_462' title='bbox 371 3811 549 3858; x_wconf 75' lang='lat' dir='ltr'><strong>Fontes</strong></span> <span class='ocrx_word' id='word_1_463' title='bbox 581 3814 764 3860; x_wconf 79' lang='lat' dir='ltr'><strong>Soluti-</strong></span> <span class='ocrx_word' id='word_1_464' title='bbox 893 3789 1039 3849; x_wconf 90' lang='lat' dir='ltr'><strong>VII.</strong></span> <span class='ocrx_word' id='word_1_465' title='bbox 1085 3789 1251 3848; x_wconf 90' lang='lat' dir='ltr'><strong>Licet</strong></span> <span class='ocrx_word' id='word_1_466' title='bbox 1272 3789 1493 3847; x_wconf 87' lang='lat' dir='ltr'><strong>Natura</strong></span> <span class='ocrx_word' id='word_1_467' title='bbox 1530 3787 1732 3845; x_wconf 86' lang='lat' dir='ltr'><strong>divina</strong></span> <span class='ocrx_word' id='word_1_468' title='bbox 1753 3787 1901 3844; x_wconf 87' lang='lat' dir='ltr'><strong>bene</strong></span> <span class='ocrx_word' id='word_1_469' title='bbox 1920 3785 2145 3845; x_wconf 88' lang='lat' dir='ltr'><strong>dicatur</strong></span> <span class='ocrx_word' id='word_1_470' title='bbox 2165 3787 2461 3845; x_wconf 87' lang='lat' dir='ltr'><strong>incarnata</strong></span> <span class='ocrx_word' id='word_1_471' title='bbox 2488 3788 2547 3845; x_wconf 89' lang='lat' dir='ltr'><strong>in</strong></span> <span class='ocrx_word' id='word_1_472' title='bbox 2572 3789 2743 3867; x_wconf 88' lang='lat' dir='ltr'><strong>Filio,</strong></span> 
     </span>
     <span class='ocr_line' id='line_1_44' title="bbox 466 3865 2743 3946; baseline 0 -17"><span class='ocrx_word' id='word_1_473' title='bbox 466 3885 628 3917; x_wconf 84' lang='lat' dir='ltr'><strong>onum.</strong></span> <span class='ocrx_word' id='word_1_474' title='bbox 815 3889 932 3928; x_wconf 87' lang='lat' dir='ltr'><strong>non</strong></span> <span class='ocrx_word' id='word_1_475' title='bbox 962 3870 1221 3946; x_wconf 89' lang='lat' dir='ltr'><strong>sequitur</strong></span> <span class='ocrx_word' id='word_1_476' title='bbox 1263 3877 1566 3946; x_wconf 87' lang='lat' dir='ltr'><strong>propterea</strong></span> <span class='ocrx_word' id='word_1_477' title='bbox 1593 3875 1774 3927; x_wconf 86' lang='lat' dir='ltr'><strong>totam</strong></span> <span class='ocrx_word' id='word_1_478' title='bbox 1802 3865 2145 3925; x_wconf 89' lang='lat' dir='ltr'><strong>Trinitatem</strong></span> <span class='ocrx_word' id='word_1_479' title='bbox 2197 3866 2549 3925; x_wconf 87' lang='lat' dir='ltr'><strong>incarnatam</strong></span> <span class='ocrx_word' id='word_1_480' title='bbox 2596 3887 2743 3930; x_wconf 91' lang='lat' dir='ltr'><strong>esse.</strong></span> 
     </span>
     <span class='ocr_line' id='line_1_45' title="bbox 332 3948 2744 4026; baseline -0.001 -15"><span class='ocrx_word' id='word_1_481' title='bbox 332 3951 481 4026; x_wconf 84' lang='lat' dir='ltr'><strong>Quia</strong></span> <span class='ocrx_word' id='word_1_482' title='bbox 507 3959 714 4011; x_wconf 88' lang='lat' dir='ltr'><strong>natura</strong></span> <span class='ocrx_word' id='word_1_483' title='bbox 741 3950 941 4010; x_wconf 86' lang='lat' dir='ltr'><strong>divina</strong></span> <span class='ocrx_word' id='word_1_484' title='bbox 968 3949 1179 4008; x_wconf 90' lang='lat' dir='ltr'><strong>dicitur</strong></span> <span class='ocrx_word' id='word_1_485' title='bbox 1205 3949 1517 4023; x_wconf 84' lang='lat' dir='ltr'><strong>incarnata,</strong></span> <span class='ocrx_word' id='word_1_486' title='bbox 1561 3968 1678 4006; x_wconf 92' lang='lat' dir='ltr'><strong>non</strong></span> <span class='ocrx_word' id='word_1_487' title='bbox 1708 3948 2023 4006; x_wconf 78' lang='lat' dir='ltr'><strong>immediate</strong></span> <span class='ocrx_word' id='word_1_488' title='bbox 2090 3956 2149 4005; x_wconf 90' lang='lat' dir='ltr'><strong>et</strong></span> <span class='ocrx_word' id='word_1_489' title='bbox 2169 3954 2453 4023; x_wconf 87' lang='lat' dir='ltr'><strong>quatenus</strong></span> <span class='ocrx_word' id='word_1_490' title='bbox 2481 3948 2744 4009; x_wconf 89' lang='lat' dir='ltr'><strong>consido-</strong></span> 
     </span>
     <span class='ocr_line' id='line_1_46' title="bbox 329 4026 2742 4106; baseline -0.001 -16"><span class='ocrx_word' id='word_1_491' title='bbox 329 4040 491 4091; x_wconf 90' lang='lat' dir='ltr'><strong>ratur</strong></span> <span class='ocrx_word' id='word_1_492' title='bbox 517 4032 781 4091; x_wconf 89' lang='lat' dir='ltr'><strong>absolute</strong></span> <span class='ocrx_word' id='word_1_493' title='bbox 809 4029 948 4089; x_wconf 90' lang='lat' dir='ltr'><strong>etin</strong></span> <span class='ocrx_word' id='word_1_494' title='bbox 982 4049 1061 4105; x_wconf 87' lang='lat' dir='ltr'><strong>se,</strong></span> <span class='ocrx_word' id='word_1_495' title='bbox 1093 4028 1195 4089; x_wconf 89' lang='lat' dir='ltr'><strong>sed</strong></span> <span class='ocrx_word' id='word_1_496' title='bbox 1223 4030 1463 4088; x_wconf 81' lang='lat' dir='ltr'><strong>mediate</strong></span> <span class='ocrx_word' id='word_1_497' title='bbox 1502 4029 1563 4086; x_wconf 90' lang='lat' dir='ltr'><strong>in</strong></span> <span class='ocrx_word' id='word_1_498' title='bbox 1591 4047 1838 4105; x_wconf 89' lang='lat' dir='ltr'><strong>persona</strong></span> <span class='ocrx_word' id='word_1_499' title='bbox 1867 4027 2021 4100; x_wconf 91' lang='lat' dir='ltr'><strong>Filii,</strong></span> <span class='ocrx_word' id='word_1_500' title='bbox 2054 4046 2153 4085; x_wconf 87' lang='lat' dir='ltr'><strong>seu</strong></span> <span class='ocrx_word' id='word_1_501' title='bbox 2205 4026 2312 4084; x_wconf 87' lang='lat' dir='ltr'><strong>sub</strong></span> <span class='ocrx_word' id='word_1_502' title='bbox 2340 4026 2442 4086; x_wconf 91' lang='lat' dir='ltr'><strong>illa</strong></span> <span class='ocrx_word' id='word_1_503' title='bbox 2489 4026 2742 4106; x_wconf 86' lang='lat' dir='ltr'><strong>redupli-</strong></span> 
     </span>
     <span class='ocr_line' id='line_1_47' title="bbox 330 4106 2744 4189; baseline -0.002 -18"><span class='ocrx_word' id='word_1_504' title='bbox 330 4113 556 4171; x_wconf 88' lang='lat' dir='ltr'><strong>catione</strong></span> <span class='ocrx_word' id='word_1_505' title='bbox 606 4120 892 4189; x_wconf 88' lang='lat' dir='ltr'><strong>quatenus</strong></span> <span class='ocrx_word' id='word_1_506' title='bbox 936 4110 1352 4169; x_wconf 88' lang='lat' dir='ltr'><strong>determinatur</strong></span> <span class='ocrx_word' id='word_1_507' title='bbox 1394 4118 1452 4168; x_wconf 91' lang='lat' dir='ltr'><strong>et</strong></span> <span class='ocrx_word' id='word_1_508' title='bbox 1498 4108 1982 4168; x_wconf 83' lang='lat' dir='ltr'><strong>characterizatur</strong></span> <span class='ocrx_word' id='word_1_509' title='bbox 2023 4107 2083 4164; x_wconf 91' lang='lat' dir='ltr'><strong>in</strong></span> <span class='ocrx_word' id='word_1_510' title='bbox 2130 4106 2386 4165; x_wconf 88' lang='lat' dir='ltr'><strong>Persona</strong></span> <span class='ocrx_word' id='word_1_511' title='bbox 2435 4107 2572 4165; x_wconf 86' lang='lat' dir='ltr'><strong>Filii</strong></span> <span class='ocrx_word' id='word_1_512' title='bbox 2596 4131 2610 4184; x_wconf 78' lang='lat'>3</span> <span class='ocrx_word' id='word_1_513' title='bbox 2659 4111 2744 4172; x_wconf 85' lang='lat' dir='ltr'><strong>Ut</strong></span> 
     </span>
     <span class='ocr_line' id='line_1_48' title="bbox 333 4187 2740 4269; baseline -0 -19"><span class='ocrx_word' id='word_1_514' title='bbox 333 4192 662 4251; x_wconf 88' lang='lat' dir='ltr'><strong>Incarnatio</strong></span> <span class='ocrx_word' id='word_1_515' title='bbox 693 4192 768 4252; x_wconf 89' lang='lat' dir='ltr'><strong>sit</strong></span> <span class='ocrx_word' id='word_1_516' title='bbox 795 4210 939 4269; x_wconf 88' lang='lat' dir='ltr'><strong>opus</strong></span> <span class='ocrx_word' id='word_1_517' title='bbox 968 4210 1086 4249; x_wconf 91' lang='lat' dir='ltr'><strong>non</strong></span> <span class='ocrx_word' id='word_1_518' title='bbox 1106 4191 1384 4267; x_wconf 90' lang='lat' dir='ltr'><strong>naturale,</strong></span> <span class='ocrx_word' id='word_1_519' title='bbox 1418 4189 1520 4249; x_wconf 90' lang='lat' dir='ltr'><strong>sed</strong></span> <span class='ocrx_word' id='word_1_520' title='bbox 1547 4190 1868 4268; x_wconf 89' lang='lat' dir='ltr'><strong>personale,</strong></span> <span class='ocrx_word' id='word_1_521' title='bbox 1899 4187 2055 4264; x_wconf 92' lang='lat' dir='ltr'><strong>quod</strong></span> <span class='ocrx_word' id='word_1_522' title='bbox 2077 4187 2417 4246; x_wconf 89' lang='lat' dir='ltr'><strong>terminetur</strong></span> <span class='ocrx_word' id='word_1_523' title='bbox 2441 4187 2517 4245; x_wconf 89' lang='lat' dir='ltr'><strong>ad</strong></span> <span class='ocrx_word' id='word_1_524' title='bbox 2544 4208 2740 4265; x_wconf 89' lang='lat' dir='ltr'><strong>perso-</strong></span> 
     </span>
     <span class='ocr_line' id='line_1_49' title="bbox 330 4267 2741 4349; baseline 0 -19"><span class='ocrx_word' id='word_1_525' title='bbox 330 4292 480 4349; x_wconf 90' lang='lat' dir='ltr'><strong>nam,</strong></span> <span class='ocrx_word' id='word_1_526' title='bbox 512 4293 629 4332; x_wconf 90' lang='lat' dir='ltr'><strong>non</strong></span> <span class='ocrx_word' id='word_1_527' title='bbox 656 4273 730 4331; x_wconf 89' lang='lat' dir='ltr'><strong>ad</strong></span> <span class='ocrx_word' id='word_1_528' title='bbox 758 4282 1040 4331; x_wconf 87' lang='lat' dir='ltr'><strong>naturam.</strong></span> <span class='ocrx_word' id='word_1_529' title='bbox 1127 4271 1222 4330; x_wconf 87' lang='lat' dir='ltr'><strong>Ita</strong></span> <span class='ocrx_word' id='word_1_530' title='bbox 1246 4278 1370 4330; x_wconf 86' lang='lat' dir='ltr'><strong>tota</strong></span> <span class='ocrx_word' id='word_1_531' title='bbox 1395 4270 1631 4348; x_wconf 88' lang='lat' dir='ltr'><strong>quidem</strong></span> <span class='ocrx_word' id='word_1_532' title='bbox 1670 4277 1877 4328; x_wconf 88' lang='lat' dir='ltr'><strong>natura</strong></span> <span class='ocrx_word' id='word_1_533' title='bbox 1907 4268 2107 4326; x_wconf 86' lang='lat' dir='ltr'><strong>divina</strong></span> <span class='ocrx_word' id='word_1_534' title='bbox 2134 4267 2281 4327; x_wconf 88' lang='lat' dir='ltr'><strong>bene</strong></span> <span class='ocrx_word' id='word_1_535' title='bbox 2304 4267 2516 4327; x_wconf 90' lang='lat' dir='ltr'><strong>dicitur</strong></span> <span class='ocrx_word' id='word_1_536' title='bbox 2545 4269 2741 4330; x_wconf 85' lang='lat' dir='ltr'><strong>Incar-</strong></span> 
     </span>
     <span class='ocr_line' id='line_1_50' title="bbox 328 4347 2744 4432; baseline 0.001 -22"><span class='ocrx_word' id='word_1_537' title='bbox 328 4361 482 4429; x_wconf 87' lang='lat' dir='ltr'><strong>nata,</strong></span> <span class='ocrx_word' id='word_1_538' title='bbox 512 4374 630 4412; x_wconf 90' lang='lat' dir='ltr'><strong>non</strong></span> <span class='ocrx_word' id='word_1_539' title='bbox 658 4352 814 4432; x_wconf 90' lang='lat' dir='ltr'><strong>quod</strong></span> <span class='ocrx_word' id='word_1_540' title='bbox 843 4353 919 4412; x_wconf 89' lang='lat' dir='ltr'><strong>sit</strong></span> <span class='ocrx_word' id='word_1_541' title='bbox 966 4353 1272 4411; x_wconf 87' lang='lat' dir='ltr'><strong>Incarnata</strong></span> <span class='ocrx_word' id='word_1_542' title='bbox 1301 4352 1361 4409; x_wconf 92' lang='lat' dir='ltr'><strong>in</strong></span> <span class='ocrx_word' id='word_1_543' title='bbox 1389 4350 1659 4409; x_wconf 89' lang='lat' dir='ltr'><strong>omnibus</strong></span> <span class='ocrx_word' id='word_1_544' title='bbox 1695 4349 1975 4427; x_wconf 89' lang='lat' dir='ltr'><strong>personis,</strong></span> <span class='ocrx_word' id='word_1_545' title='bbox 2007 4348 2111 4407; x_wconf 88' lang='lat' dir='ltr'><strong>sed</strong></span> <span class='ocrx_word' id='word_1_546' title='bbox 2139 4348 2276 4425; x_wconf 91' lang='lat' dir='ltr'><strong>quia</strong></span> <span class='ocrx_word' id='word_1_547' title='bbox 2306 4347 2575 4408; x_wconf 80' lang='lat' dir='ltr'><strong>Personae</strong></span> <span class='ocrx_word' id='word_1_548' title='bbox 2605 4351 2744 4412; x_wconf 92' lang='lat' dir='ltr'><strong>Filii</strong></span> 
     </span>
     <span class='ocr_line' id='line_1_51' title="bbox 332 4428 2743 4511; baseline -0 -20"><span class='ocrx_word' id='word_1_549' title='bbox 332 4433 443 4492; x_wconf 91' lang='lat' dir='ltr'><strong>Dei</strong></span> <span class='ocrx_word' id='word_1_550' title='bbox 491 4435 639 4493; x_wconf 88' lang='lat' dir='ltr'><strong>nihil</strong></span> <span class='ocrx_word' id='word_1_551' title='bbox 682 4435 844 4493; x_wconf 90' lang='lat' dir='ltr'><strong>deest</strong></span> <span class='ocrx_word' id='word_1_552' title='bbox 892 4433 1084 4511; x_wconf 89' lang='lat' dir='ltr'><strong>quoad</strong></span> <span class='ocrx_word' id='word_1_553' title='bbox 1130 4432 1540 4511; x_wconf 85' lang='lat' dir='ltr'><strong>perfectionem</strong></span> <span class='ocrx_word' id='word_1_554' title='bbox 1589 4429 1804 4489; x_wconf 84' lang='lat' dir='ltr'><strong>divinae</strong></span> <span class='ocrx_word' id='word_1_555' title='bbox 1849 4439 2088 4489; x_wconf 74' lang='lat' dir='ltr'><strong>naturae.</strong></span> <span class='ocrx_word' id='word_1_556' title='bbox 2178 4428 2543 4505; x_wconf 85' lang='lat' dir='ltr'><strong>Singularem</strong></span> <span class='ocrx_word' id='word_1_557' title='bbox 2592 4430 2743 4494; x_wconf 86' lang='lat' dir='ltr'><strong>hanc</strong></span> 
     </span>
     <span class='ocr_line' id='line_1_52' title="bbox 328 4509 2742 4592; baseline 0.001 -19"><span class='ocrx_word' id='word_1_558' title='bbox 328 4514 500 4573; x_wconf 89' lang='lat' dir='ltr'><strong>unius</strong></span> <span class='ocrx_word' id='word_1_559' title='bbox 524 4516 795 4574; x_wconf 73' lang='lat' dir='ltr'><strong>Personae</strong></span> <span class='ocrx_word' id='word_1_560' title='bbox 820 4514 1279 4575; x_wconf 88' lang='lat' dir='ltr'><strong>Incarnationem</strong></span> <span class='ocrx_word' id='word_1_561' title='bbox 1307 4514 1527 4590; x_wconf 88' lang='lat' dir='ltr'><strong>absque</strong></span> <span class='ocrx_word' id='word_1_562' title='bbox 1565 4511 1916 4589; x_wconf 87' lang='lat' dir='ltr'><strong>reliquarum</strong></span> <span class='ocrx_word' id='word_1_563' title='bbox 1954 4509 2363 4586; x_wconf 88' lang='lat' dir='ltr'><strong>incarnatione,</strong></span> <span class='ocrx_word' id='word_1_564' title='bbox 2415 4530 2532 4570; x_wconf 90' lang='lat' dir='ltr'><strong>non</strong></span> <span class='ocrx_word' id='word_1_565' title='bbox 2560 4511 2742 4592; x_wconf 88' lang='lat' dir='ltr'><strong>impe—</strong></span> 
     </span>
     <span class='ocr_line' id='line_1_53' title="bbox 332 4591 2741 4673; baseline 0 -19"><span class='ocrx_word' id='word_1_566' title='bbox 332 4595 435 4671; x_wconf 92' lang='lat' dir='ltr'><strong>dit,</strong></span> <span class='ocrx_word' id='word_1_567' title='bbox 468 4594 583 4655; x_wconf 89' lang='lat' dir='ltr'><strong>Vel</strong></span> <span class='ocrx_word' id='word_1_568' title='bbox 612 4616 682 4655; x_wconf 86' lang='lat' dir='ltr'><strong>ea</strong></span> <span class='ocrx_word' id='word_1_569' title='bbox 708 4615 837 4673; x_wconf 82' lang='lat' dir='ltr'><strong>quae</strong></span> <span class='ocrx_word' id='word_1_570' title='bbox 868 4596 1251 4655; x_wconf 87' lang='lat' dir='ltr'><strong>Personarum</strong></span> <span class='ocrx_word' id='word_1_571' title='bbox 1281 4602 1371 4654; x_wconf 89' lang='lat' dir='ltr'><strong>est</strong></span> <span class='ocrx_word' id='word_1_572' title='bbox 1414 4595 1567 4653; x_wconf 88' lang='lat' dir='ltr'><strong>iuter</strong></span> <span class='ocrx_word' id='word_1_573' title='bbox 1597 4611 1660 4652; x_wconf 88' lang='lat' dir='ltr'><strong>se</strong></span> <span class='ocrx_word' id='word_1_574' title='bbox 1690 4592 1877 4670; x_wconf 71' lang='grc' dir='ltr'><strong>σχέο-ις,</strong></span> <span class='ocrx_word' id='word_1_575' title='bbox 1910 4591 2060 4666; x_wconf 88' lang='lat' dir='ltr'><strong>Quia</strong></span> <span class='ocrx_word' id='word_1_576' title='bbox 2087 4611 2219 4650; x_wconf 89' lang='lat' dir='ltr'><strong>cum</strong></span> <span class='ocrx_word' id='word_1_577' title='bbox 2237 4591 2475 4652; x_wconf 89' lang='lat' dir='ltr'><strong>denotet</strong></span> <span class='ocrx_word' id='word_1_578' title='bbox 2503 4591 2741 4655; x_wconf 90' lang='lat' dir='ltr'><strong>distinc-</strong></span> 
     </span>
     <span class='ocr_line' id='line_1_54' title="bbox 327 4672 2744 4755; baseline 0 -20"><span class='ocrx_word' id='word_1_579' title='bbox 327 4675 544 4736; x_wconf 89' lang='lat' dir='ltr'><strong>tionem</strong></span> <span class='ocrx_word' id='word_1_580' title='bbox 573 4685 632 4737; x_wconf 92' lang='lat' dir='ltr'><strong>et</strong></span> <span class='ocrx_word' id='word_1_581' title='bbox 660 4676 1096 4755; x_wconf 88' lang='lat' dir='ltr'><strong>oppositionem,</strong></span> <span class='ocrx_word' id='word_1_582' title='bbox 1129 4684 1197 4736; x_wconf 90' lang='lat' dir='ltr'><strong>ut</strong></span> <span class='ocrx_word' id='word_1_583' title='bbox 1224 4674 1464 4754; x_wconf 88' lang='lat' dir='ltr'><strong>gignere</strong></span> <span class='ocrx_word' id='word_1_584' title='bbox 1487 4681 1546 4734; x_wconf 88' lang='lat' dir='ltr'><strong>et</strong></span> <span class='ocrx_word' id='word_1_585' title='bbox 1573 4673 1757 4753; x_wconf 87' lang='lat' dir='ltr'><strong>gigni,</strong></span> <span class='ocrx_word' id='word_1_586' title='bbox 1777 4672 2251 4752; x_wconf 89' lang='lat' dir='ltr'><strong>impedimentum</strong></span> <span class='ocrx_word' id='word_1_587' title='bbox 2280 4692 2397 4733; x_wconf 90' lang='lat' dir='ltr'><strong>non</strong></span> <span class='ocrx_word' id='word_1_588' title='bbox 2426 4673 2607 4753; x_wconf 88' lang='lat' dir='ltr'><strong>affert,</strong></span> <span class='ocrx_word' id='word_1_589' title='bbox 2639 4678 2744 4736; x_wconf 89' lang='lat' dir='ltr'><strong>sed</strong></span> 
     </span>
    </p>
   </div>
  </div>
 </body>
</html>
