3221 5200
498 335 619 393 202
1390 349 1495 390 ιοε
1505 349 1572 389 us
1603 347 2006 390 nuonscmus.
2543 329 2794 410 [Qua-281².
2826 352 2932 393 vn.

498 512 604 569 per
643 490 775 551 illas
815 491 990 550 homo
1032 498 1299 568 peccator
1325 490 1524 568 perfici
1563 491 1867 568 potuisset,
1899 498 2024 550 tum
2052 490 2189 568 quia
2231 510 2292 550 se
2320 490 2616 551 habebant
2655 501 2930 570 tanquam

498 573 718 648 figurae,
762 581 823 631 et
865 569 1215 646 ὑποδήματα
1255 572 1580 631 futurorum
1622 572 1925 646 bonorum,
1973 571 2126 631 Heb.
2157 592 2216 630 x.
2247 574 2303 647 1,
2350 572 2475 632 Col.
2529 572 2590 633 ii.
2632 575 2725 631 17.
2814 572 2930 632 Sed

496 678 639 712 κατ-ιι
664 651 798 712 sim
827 652 936 711 fuit
978 673 1081 729 per
1123 673 1202 728 se,
1240 655 1291 711 1.
1335 661 1402 711 ut
1441 671 1545 728 per
1585 651 1747 709 illam
1787 651 2038 728 populus
2077 651 2317 711 haberet
2358 661 2657 712 externam
2686 652 2927 712 formam

502 733 843 809 Religionis,
875 753 1004 810 quae
1047 733 1172 791 Deo
1215 733 1590 811 probaretur;
1637 737 1693 790 2.
1734 741 1799 790 ut
1827 730 1929 788 illa
1965 731 2340 791 famularetur
2377 732 2581 791 foederi
2619 734 2837 810 gratiae,
2871 743 2929 794 et

502 812 700 871 Moses
743 813 993 887 Christo,
1028 814 1197 872 Rom.
1228 835 1288 871 x.
1333 815 1388 888 5,
1435 815 1489 887 6,
1538 820 1603 871 ιιι
1647 831 1751 888 per
1798 811 1957 869 illam
2002 813 2380 871 oeconomiam
2422 823 2929 890 repraesentaretur

495 892 820 951 oeconomia
865 893 1197 970 spiritualiS,
1248 913 1377 970 quae
1421 893 1483 950 in
1523 893 1693 950 Novo
1724 891 2095 951 Testamento
2141 891 2394 951 solitarie
2440 893 2688 952 debebat
2734 894 2925 953 locum

495 973 727 1048 habere,
785 973 911 1030 Deo
941 973 1035 1031 hic
1078 981 1286 1049 agente
1330 972 1405 1030 ad
1433 971 1667 1031 modum
1695 972 2092 1049 praestantium
2134 972 2435 1047 artificum,
2476 974 2577 1050 qui
2618 982 2926 1051 antequam

500 1072 736 1111 manum
765 1053 924 1129 operi
952 1052 1315 1128 admoveant,
1342 1054 1467 1130 ejus
1496 1052 1687 1110 ideam
1716 1051 1907 1113 animo
1937 1061 2292 1130 conceptam,
2313 1053 2442 1112 rudi
2466 1054 2627 1131 prius
2655 1054 2925 1130 penicillo

494 1133 556 1196 a.
586 1134 625 1190 iv
652 1131 793 1208 τίη-ᾳ
821 1152 924 1208 per
951 1135 1292 1214 αικγςαφίιν
1334 1131 1624 1190 delineare
1668 1131 1893 1206 solent;
1941 1135 1996 1191 3.
2040 1142 2107 1191 ut
2151 1133 2537 1210 Evangelium
2568 1134 2691 1192 sive
2713 1135 2924 1212 jugum

500 1213 716 1271 Christi
742 1211 1009 1271 redderet
1037 1215 1275 1272 suavius
1305 1233 1410 1271 sua
1438 1212 1804 1286 onerositate,
1839 1213 2048 1272 Matth.
2080 1213 2162 1271 xi.
2194 1214 2289 1288 28,
2323 1215 2418 1272 29.

1103 1296 1424 1354 XXXIV.
1473 1297 1845 1355 Characteres
1887 1305 1946 1355 et
1987 1298 2212 1370 Eff‘ecta
2255 1297 2423 1355 istius
2465 1297 2779 1355 oeconomt‘ae
2819 1318 2921 1356 ex-

494 1344 881 1447 characa-{gau
896 1344 980 1389 Er·
1022 1384 1198 1434 ternae
1240 1376 1505 1435 fuerunt:
1552 1376 1603 1434 l.
1663 1376 1970 1434 Promisat'o
2024 1377 2249 1434 Massica
2303 1377 2551 1452 venturi,
2609 1386 2668 1436 et
2723 1378 2925 1437 dilatio

497 1460 540 1505 1.
561 1461 828 1530 Promissio
858 1461 983 1530 {10³-
1029 1455 1450 1515 Satisfactionis
1479 1476 1582 1533 pro
1612 1455 1780 1513 nobis
1808 1457 2167 1532 praestandae.
2255 1457 2419 1516 Licet
2465 1458 2618 1516 enim
2659 1458 2924 1517 Christus

584 1533 671 1565 ⁸¹⁸³
695 1523 904 1564 venturi.
1019 1536 1449 1614 promitteretur
1477 1535 1722 1594 subinde
1764 1536 1825 1593 in
1855 1535 2118 1596 Oraculis
2161 1544 2219 1595 et
2260 1538 2319 1595 in
2349 1538 2532 1615 Typis
2574 1538 2750 1596 variis
2793 1558 2922 1615 gra·

495 1619 664 1696 phice
703 1619 1176 1677 adumbraretur:
1233 1625 1425 1675 tamen
1462 1636 1569 1675 nec
1612 1615 1998 1674 incarnandus
2039 1617 2148 1675 fuit
2191 1626 2312 1676 toto
2354 1617 2454 1675 illo
2497 1626 2771 1694 tempore,
2816 1638 2924 1678 nec

496 1698 687 1781 λῦτςυ,
734 1698 891 1775 quod
938 1698 1014 1756 ad
1057 1697 1509 1774 redemptionem
1552 1705 1809 1755 nostram
1852 1697 2267 1773 requirebatur,
2326 1697 2526 1756 debuit
2582 1698 2749 1774 solvi,
2810 1719 2924 1775 quo

494 1799 668 1838 sensu
691 1780 897 1838 Petrus
920 1783 986 1836 1·
1014 1799 1064 1836 c.
1087 1779 1125 1837 i.
1151 1781 1241 1853 10,
1269 1781 1359 1853 11,
1390 1780 1481 1853 12,
1503 1777 1644 1836 dicit
1666 1776 1984 1836 revelatum
2007 1776 2183 1835 fuisse
2211 1778 2518 1854 Prophetis
2540 1797 2639 1836 eos
2657 1799 2774 1836 non
2793 1779 2920 1854 sibi,

493 1860 600 1918 sed
628 1860 795 1919 nobis
824 1880 893 1918 ea
921 1858 1338 1932 administrare,
1371 1878 1501 1935 quae
1544 1858 1892 1915 annunciata
1934 1866 2069 1916 sunt
2096 1858 2265 1916 nobis
2293 1857 2366 1916 de
2398 1858 2615 1916 Christi
2638 1859 2922 1936 passioni·

494 1941 604 1999 bus
634 1949 691 1999 et
720 1939 908 2017 gloria
938 1947 1222 1999 secutura.
1268 1938 1467 2015 Atque
1496 1938 1631 1996 hinc
1662 1938 1741 2011 fit,
1774 1946 1840 1996 ut
1867 1946 2021 1997 recte
2051 1938 2293 2013 dicatur,
2325 1937 2585 1996 nondum
2614 1937 2924 1998 adductam

493 2020 673 2079 fuisse
696 2020 985 2098 justitiam
1014 2020 1354 2094 seculorum,
1392 2020 1537 2076 Dan.
1569 2018 1651 2076 ix.
1683 2021 1778 2092 24,
1825 2027 1883 2076 et
1910 2026 2147 2094 peecata
2176 2019 2456 2077 mansisse
2500 2019 2624 2077 sine
2653 2038 2792 2077 vera
2820 2039 2921 2077 ex-

492 2101 763 2178 piatione,
797 2099 979 2159 donec
1008 2119 1110 2177 per
1149 2099 1362 2158 Christi
1395 2097 1845 2156 satisfactionem
1874 2098 2219 2156 delerentur.
2280 2098 2411 2157 Non
2440 2099 2596 2175 quod
2626 2098 2922 2159 incumbe·

491 2189 619 2239 rent
646 2180 835 2239 adhuc
858 2180 1142 2254 fidelibus,
1173 2200 1209 2238 a
1236 2179 1447 2255 quibus
1476 2179 1537 2236 in
1566 2178 1860 2236 Christum
1895 2178 2242 2255 Sponsorem
2271 2178 2551 2237 translata
2569 2187 2732 2236 erant
2757 2202 2770 2238 :
2807 2179 2923 2238 Sed

490 2261 628 2339 quia
655 2261 984 2320 existebant
1012 2260 1072 2317 in
1099 2260 1419 2318 rationibus
1466 2259 1790 2336 Sponsoris,
1823 2259 1916 2316 cui
1957 2257 2368 2317 incumbebant
2392 2257 2624 2335 luenda,
2670 2279 2777 2318 nec
2820 2280 2920 2318 ex·

493 2350 711 2420 puncta
737 2340 985 2416 suerunt,
1023 2339 1137 2397 nisi
1168 2338 1451 2398 solutione
1480 2339 1756 2416 praestita.

810 2480 819 2490 ,
1100 2419 1385 2478 XXXV.
1430 2424 1486 2477 2.
1523 2420 1862 2493 obscur-itae,
1893 2418 2032 2494 quia
2068 2417 2326 2477 nondum
2356 2426 2560 2477 exorto
2590 2419 2710 2478 sole
2745 2419 2920 2497 justi-

553 2480 598 2525 2·
618 2479 918 2525 ⁰b³⁰¹¹r¹m
1017 2498 1131 2572 tiae,
1183 2497 1429 2557 dabatur
1476 2507 1700 2557 tantum
1766 2499 1966 2556 Sermo
2014 2499 2386 2575 propheticus
2441 2498 2623 2557 instar
2669 2499 2920 2559 lucernae

492 2578 851 2656 splendentis
880 2578 940 2637 in
968 2578 1097 2637 loco
1126 2578 1388 2653 obscure,
1421 2583 1456 2637 2
1492 2579 1616 2637 Pet.
1647 2579 1685 2637 i.
1720 2581 1812 2637 19.
1878 2579 1956 2637 Ει
1984 2578 2238 2655 Tempus
2260 2578 2492 2638 Veteris
2521 2579 2772 2639 Testam.
2797 2589 2921 2641 erat

490 2668 721 2736 tempus
750 2659 953 2732 noctis,
996 2666 1223 2735 tempus
1251 2678 1389 2717 vero
1420 2659 1574 2716 Novi
1602 2658 1744 2733 dies,
1778 2658 1878 2735 qui
1907 2659 2074 2717 nobis
2103 2659 2315 2718 illuxit.
2362 2659 2519 2717 Hinc
2549 2660 2919 2720 Caeremoniae

491 2747 655 2797 erant
702 2738 885 2796 instar
927 2738 1063 2812 veli,
1112 2758 1226 2814 quo
1274 2739 1621 2814 tegebantur
1661 2738 1953 2814 mysteria,
2000 2738 2158 2814 quod
2197 2739 2488 2797 velamine
2518 2739 2685 2800 faciei
2730 2741 2917 2800 Mosis

491 2818 899 2876 adumbratum
929 2817 1106 2875 fuisse
1136 2817 1306 2876 docet
1335 2818 1673 2894 Apostolus,
1705 2822 1741 2875 2
1775 2818 1903 2876 Cor.
1935 2818 2014 2876 iii.
2051 2822 2141 2893 13,
2174 2819 2311 2896 quia
2340 2820 2539 2878 Moses
2580 2820 2660 2877 ibi
2696 2820 2916 2897 allego-

491 2898 609 2955 rice
631 2905 812 2956 totam
850 2898 1227 2956 oeconomiam
1247 2898 1479 2956 Veteris
1505 2898 1666 2957 Test.
1696 2905 1875 2957 notat.
1948 2897 2074 2973 Quo
2102 2898 2351 2958 faciebat
2378 2900 2551 2957 etiam
2579 2901 2773 2959 velum
2804 2901 2916 2960 Ta-

491 2976 788 3037 bernaculi
817 2986 875 3038 et
903 2978 1128 3056 Templi
1160 2978 1455 3037 Israelitas
1483 2979 1556 3037 ab
1585 2978 1826 3037 introitu
1853 2985 1911 3036 et
1938 2978 2152 3038 intuitu
2184 2979 2428 3037 Sacrarii
2457 2999 2676 3038 arceuS.

782 3120 792 3131 ,
1098 3058 1417 3118 XXXVI.
1462 3062 1517 3118 3.
1561 3060 1828 3133 Servitus,
1861 3058 1985 3117 sive
2028 3059 2255 3117 servilis
2297 3058 2568 3133 conditi0‚
2600 3079 2704 3136 per
2740 3079 2914 3136 quam

579 3117 624 3164 3·
655 3118 893 3165 Servitus.
1014 3147 1185 3198 vetus
1216 3139 1479 3199 Ecclesia
1518 3139 1681 3217 Legi,
1724 3159 1853 3217 quae
1890 3147 2121 3216 pactum
2160 3148 2283 3198 erat
2320 3159 2635 3214 servorum,
2670 3140 2800 3198 Gal.
2837 3141 2915 3200 iv.

489 3218 599 3278 fuit
628 3220 874 3294 subdita,
907 3239 1036 3296 quae
1065 3219 1297 3297 quidem
1321 3228 1585 3297 respectu
1614 3220 1862 3293 illorum,
1888 3219 1986 3295 qui
2014 3219 2075 3276 in
2105 3219 2264 3295 Lege
2294 3219 2538 3277 salutem
2559 3219 2912 3297 quaerebant,

488 3307 615 3357 erat
641 3300 907 3358 absoluta
935 3308 994 3357 et
1022 3301 1221 3374 totalis,
1255 3301 1483 3359 illorum
1512 3320 1669 3374 vero,
1702 3301 1802 3377 qui
1831 3299 1890 3356 in
1930 3300 2030 3356 illa
2067 3299 2142 3355 ad
2185 3299 2476 3357 Christum
2505 3299 2908 3375 respiciebant,

489 3386 714 3436 tantum
730 3381 1029 3437 secundum
1051 3381 1200 3454 quid,
1224 3388 1287 3438 ut
1317 3380 1375 3436 in
1407 3381 1673 3456 AEgypto
1699 3379 1996 3453 Israelitae,
2028 3379 2127 3455 qui
2157 3378 2588 3437 deliberatione
2611 3399 2725 3437 non
2756 3382 2914 3457 cogi-

486 3457 706 3530 tabant,
737 3458 994 3516 totaliter
1021 3467 1185 3517 erant
1213 3459 1398 3533 servi;
1431 3459 1517 3516 illi
1536 3479 1692 3532 ver0,
1718 3460 1816 3535 qui
1843 3479 1946 3536 per
1972 3458 2143 3516 fidem
2187 3458 2344 3515 illam
2365 3458 2756 3535 acceptabant,
2789 3479 2913 3518 cor-

489 3555 629 3612 pore
659 3536 892 3611 quidem
921 3545 1085 3595 eraut
1114 3539 1283 3611 servi,
1317 3537 1420 3595 sed
1449 3558 1565 3595 non
1594 3539 1806 3596 animo.
1885 3537 2058 3597 Unde
2116 3538 2334 3595 Paulus
2376 3537 2532 3613 dicit,
2576 3539 2709 3597 Gal.
2740 3540 2817 3597 iv.
2854 3544 2904 3615 l,

488 3616 773 3687 Infantem
800 3637 911 3673 non
939 3617 1171 3690 dg'ffltrre
1211 3638 1248 3674 α
1288 3637 1464 3690 servo,
1497 3626 1555 3676 et
1585 3618 1865 3692 ChristuS,
1900 3618 2110 3676 Matth.
2141 3618 2221 3676 xi.
2254 3620 2348 3690 28,
2381 3624 2553 3676 vocat
2581 3638 2681 3677 eos
2722 3632 2824 3689 πφ
2880 3638 2905 3665 ’-

486 3694 733 3769 πσμὲνους
760 3700 850 3753 zai
877 3699 1166 3763 κοπιῖὖπεις,
1198 3717 1327 3773 quae
1356 3717 1532 3755 voces
1558 3696 1816 3755 laborem
1847 3707 1905 3756 et
1939 3699 2151 3775 jugum
2190 3698 2399 3756 servile
2431 3698 2692 3772 innuunt,
2738 3719 2851 3776 qua
2877 3720 2909 3758 e

486 3775 627 3833 olim
657 3775 764 3832 fuit
795 3776 1185 3835 Isra‘elitarum
1216 3778 1275 3834 in
1305 3777 1592 3853 AEgyptO.
1666 3778 1742 3836 Et
1769 3778 1893 3836 haec
1923 3779 2171 3836 servitus
2193 3797 2262 3836 eo
2291 3776 2587 3836 molestior
2614 3787 2752 3852 erat,
2785 3787 2908 3837 tum

482 3856 659 3932 quod,
684 3875 800 3913 non
820 3876 985 3915 secus
1003 3878 1069 3915 ac
1093 3856 1482 3916 Commissarii
1506 3858 1840 3931 Pharaonis,
1863 3858 2136 3934 exigebat
2159 3858 2565 3934 impletionem,
2586 3878 2693 3916 nec
2715 3868 2908 3916 tamen

485 3937 641 3995 vires
670 3935 946 4014 implendi
975 3938 1393 4014 suppeditabat,
1425 3946 1549 3996 tum
1579 3938 1735 4014 quod
1769 3938 2020 3996 minimae
2062 3936 2506 4014 transgressioni
2535 3937 2910 3996 minitabatur

485 4037 703 4093 poenas,
737 4016 1033 4093 ipsamque
1063 4017 1207 4076 adeo
1235 4017 1699 4076 maledictionem
1731 4018 2005 4075 divinam.
2069 4018 2214 4075 Haec
2243 4037 2382 4075 vero
2413 4017 2661 4075 servitus
2700 4018 2905 4076 confir-

482 4098 749 4156 mabatur
775 4117 877 4173 per
904 4103 1129 4173 στοιχεῖα
1167 4104 1256 4156 τοῦ
1294 4097 1483 4157 ndo-nov
1525 4102 1792 4156 elementa
1823 4098 2031 4172 mundi,
2078 4096 2156 4154 id.
2197 4096 2567 4154 caeremonias
2597 4097 2680 4154 sie
2711 4086 2904 4155 dictas

481 4186 716 4254 propter
756 4197 950 4235 earum
981 4179 1286 4236 ruditatem
1330 4188 1389 4236 et
1426 4178 1932 4255 imperfectionem,
1979 4177 2086 4235 sub
2129 4177 2339 4253 quibus
2382 4175 2801 4249 detinebantur,
2847 4186 2908 4235 et

480 4276 611 4331 quae
639 4265 874 4333 propter
916 4258 1250 4315 immensam
1294 4258 1450 4315 illam
1481 4258 1695 4315 rituum
1724 4256 2168 4329 multitudinem,
2201 4256 2412 4332 quibus
2452 4255 2692 4332 defungi
2730 4255 2905 4313 debe·

479 4335 621 4394 bant
649 4357 779 4395 curn
810 4356 1011 4394 severa
1038 4338 1515 4410 interminatione,
1549 4356 1686 4395 suos
1714 4337 1964 4394 cultores
1992 4336 2330 4412 gravabant,
2363 4356 2476 4411 quo
2506 4343 2768 4411 respectu
2801 4354 2903 4393 vo·-

476 4424 697 4491 cantur,
732 4415 862 4473 Gal.
894 4436 951 4474 v.
988 4420 1036 4490 1,
1053 4420 1258 4492 juyum
1285 4417 1575 4490 servitude,
1601 4424 1661 4474 et
1689 4435 1834 4473 onus
1861 4416 2205 4489 aedo-vanno,
2241 4416 2375 4473 Act.
2407 4436 2507 4473 xv.
2545 4417 2635 4473 10.

481 4530 548 4575 Et
580 4532 778 4589 spiritus
810 4534 961 4579 servi·
1084 4496 1438 4555 XXXVII.
1485 4497 1657 4554 IIanc
1700 4496 2035 4554 servitutem
2079 4495 2462 4555 comitabatur
2486 4495 2736 4571 Spiritus
2781 4515 2903 4553 ser-

538 4590 675 4641 tutin,
697 4590 832 4635 Rom.
856 4593 959 4637 viii.
1001 4577 1185 4634 vitatis
1226 4577 1559 4635 oeeonomioe
1604 4576 1801 4634 servili
1844 4584 2274 4653 attemperatus,
2310 4576 2477 4633 Rom.
2517 4574 2639 4633 viii.
2676 4575 2767 4649 15,
2799 4575 2903 4651 qui

536 4646 607 4691 15.
1002 4657 1253 4714 timorem
1280 4658 1532 4715 servilem
1564 4657 1674 4715 Dei
1697 4656 1930 4733 judiciS,
1956 4665 2013 4715 et
2042 4665 2255 4715 metum
2285 4675 2489 4733 poenae,
2522 4662 2694 4731 atque
2724 4674 2799 4713 ex
2830 4674 2902 4713 eo
