3221 5200
582 351 700 408 474
1395 363 1577 405 Locus
1607 363 1867 404 nscmus
1896 359 2172 412 Qum‘rUS.
2674 343 2979 422 [Qum.
3012 360 3093 400 ιτ.

576 528 706 585 quoe
735 515 1054 585 opportune
1088 527 1122 565 a
1164 506 1444 583 sapientia
1489 506 1599 564 Dei
1643 505 2064 582 dispensentur,
2096 510 2267 580 prout
2295 501 2463 559 videt
2495 504 2861 562 convenire
2900 504 3085 579 hujus

575 589 673 646 vel
702 589 858 645 illius
887 589 1079 660 statui,
1112 587 1363 662 ingeniO,
1396 595 1454 644 et
1483 586 1660 643 animi
1689 585 2086 661 dispositioni;
2135 583 2315 640 Recte
2348 582 2810 657 Bellarminus,
2848 593 2927 641 et
2960 585 3081 659 ple--

578 668 742 743 rique
791 667 1077 726 Pontificii
1130 687 1260 725 eum
1307 667 1451 743 ipso,
1501 665 1843 724 Vocationis
1889 663 2198 721 efficaciam
2245 661 2454 720 volunt
2494 662 2793 738 pendere
2828 665 2923 721 ab
2958 665 3081 738 ejus

579 749 942 823 conqruitate,
974 748 1111 821 quia
1144 749 1302 804 Deus
1326 747 1618 806 hominem
1636 744 1917 818 vocand0,
1946 746 1981 776 ‘⁴
2008 744 2153 801 Eam
2182 742 2518 800 suasionem
2552 742 2857 817 adhibet,
2897 762 3073 820 qnam

581 827 742 886 videt
771 848 1088 905 congruere
1118 826 1352 902 ingenio
1382 846 1580 884 eorum
1610 845 1756 902 quos
1793 824 2101 882 efficaciter
2129 823 2354 882 trahere
2384 821 2693 897 decrevit,
2729 822 2888 896 &c.,
2929 834 2995 881 et
3024 835 3077 878 nt

581 908 743 966 videt
785 909 1143 965 voluntatem
1189 916 1382 982 aptam
1429 925 1554 964 esse
1601 905 1677 962 ad
1720 903 2253 976 consentiendum,''
2284 911 2351 960 ut
2379 921 2564 977 supra
2594 904 2964 978 probatum
2996 913 3077 958 est

582 1008 656 1045 ex
681 989 826 1045 Bell.
853 985 961 1044 Th.
995 991 1049 1045 3.
1096 988 1238 1043 Cum
1263 1006 1402 1044 vero
1426 994 1814 1043 commentum
1838 984 1995 1042 istud
2015 991 2346 1042 constanter
2367 981 2673 1040 hactenus
2696 993 2772 1041 ut
2811 983 3067 1041 falsissi-

584 1088 743 1125 mum
774 1067 849 1125 sit
877 1067 1156 1142 rejectum
1181 1089 1194 1141 3
1243 1066 1424 1139 Quam
1458 1075 1727 1142 suspecta
1746 1064 1956 1122 debeat
1973 1083 2099 1121 esse
2129 1063 2229 1119 illa
2256 1061 2633 1137 hypothesis,
2673 1084 2833 1139 quae
2872 1066 2926 1121 si
2963 1081 3069 1119 nest

587 1167 717 1206 cum
764 1148 890 1222 ipso
935 1146 1104 1222 plane
1150 1146 1438 1219 convenit,
1480 1145 1742 1222 proxime
1788 1153 1983 1202 tamen
2028 1142 2102 1200 ad
2148 1141 2292 1200 illud
2338 1140 2589 1217 accedit,
2626 1142 2834 1201 facile
2869 1143 3064 1220 quivis

582 1226 854 1304 judicare
885 1233 1093 1302 potest.

668 1306 900 1364 XLIV.
946 1309 1002 1364 4.
1051 1306 1114 1364 Si
1143 1313 1264 1364 tota
1297 1305 1544 1380 Spiritus
1573 1304 1724 1362 actio
1755 1303 1830 1360 sit
1863 1323 1966 1380 per
1995 1301 2233 1366 verbum
2264 1320 2392 1358 eum
2425 1301 2609 1358 certis
2642 1303 3059 1361 circumstan-

584 1387 681 1445 tiis
711 1386 1102 1462 dispensatum
1129 1408 1143 1461 3
1192 1386 1321 1442 Non
1351 1384 1464 1440 alia
1493 1385 1712 1442 ratione
1746 1383 1887 1441 fient
1917 1381 2225 1440 Christiani
2254 1381 2313 1437 in
2345 1380 2639 1454 Ecclesia,
2679 1403 2891 1458 quam
2931 1385 3057 1440 Phi·

585 1467 812 1542 losophi
834 1466 891 1523 in
916 1466 1127 1524 Schola
1149 1487 1164 1539 ;
1212 1465 1332 1521 Nec
1352 1464 1502 1522 actio
1523 1464 1637 1522 Dei
1655 1472 1987 1540 peccatores
2004 1460 2411 1534 convertentis,
2434 1459 2681 1518 differet
2707 1464 2791 1520 ab
2820 1465 3055 1522 aetiam

589 1546 848 1604 Oratoris
869 1547 1131 1603 homines
1154 1544 1483 1620 eloquentia
1505 1563 1610 1602 sua
1632 1543 1707 1600 ad
1729 1562 2027 1600 assensum
2051 1541 2453 1618 pertrahentis,
2476 1540 2576 1597 vel
2606 1541 2928 1600 Doctoris
2948 1543 3053 1600 dis·

589 1626 842 1702 cipulum
873 1646 1040 1684 suum
1070 1625 1347 1683 docentis.
1439 1623 1761 1700 Utrobique
1790 1623 1942 1680 enim
1966 1622 2136 1680 datur
2163 1621 2314 1678 actio
2342 1620 2583 1677 moralis
2615 1632 2681 1679 et
2716 1623 3051 1699 objectiva,

587 1725 692 1783 per
720 1726 889 1782 quam
922 1705 1183 1763 doctrina
1210 1703 1564 1781 proponitur,
1597 1711 1656 1761 et
1699 1703 2018 1760 rationibus
2056 1701 2232 1758 variis
2260 1700 2332 1758 ad
2362 1700 2874 1777 persuadendum
2908 1702 3051 1780 εμὲ

589 1786 976 1845 confirmatur.
1045 1784 1367 1860 Utrobique
1397 1783 1842 1842 circumstantias
1864 1791 2200 1859 quaeruntur
2226 1789 2283 1838 et
2312 1788 2626 1857 captantur
2656 1782 2802 1840 sive
2836 1803 2879 1839 a
2912 1794 3049 1840 tem-

590 1886 744 1943 pore,
778 1867 900 1923 sive
931 1886 964 1922 a
993 1866 1136 1940 loce,
1171 1865 1293 1922 sive
1323 1884 1358 1920 a
1387 1872 1540 1922 statu
1569 1872 1628 1922 et
1656 1863 2031 1938 dispositione
2074 1880 2463 1938 personarum,
2495 1879 2632 1935 quae
2665 1863 2886 1938 magis
2920 1883 3050 1921 con·

592 1966 750 2022 gruae
801 1946 916 2003 sint
966 1956 1025 2003 et
1072 1953 1408 2021 opportunae
1458 1943 1533 2001 ad
1581 1943 1771 2020 operis
1820 1941 2273 2019 productionem.
2380 1940 2726 2016 Utrobique
2785 1946 3047 2001 rationes

594 2025 930 2084 deferuntur
957 2045 1072 2083 non
1102 2024 1176 2082 ad
1219 2044 1385 2081 aures
1428 2024 1683 2100 corporis
1721 2032 1962 2096 tantum,
1996 2021 2099 2079 sed
2126 2021 2200 2079 ad
2228 2020 2476 2078 animam
2506 2021 2707 2096 ipsam
2744 2042 2864 2098 per
2894 2025 3041 2080 viam

593 2105 957 2181 cognitionis,
989 2125 1105 2181 qua
1151 2103 1488 2182 praejudicia
1536 2123 1570 2161 a
1616 2111 1805 2160 mente
1835 2102 2124 2178 fugantur,
2158 2109 2216 2159 et
2257 2099 2472 2158 veritas
2515 2099 2605 2157 illi
2654 2101 3040 2179 imprimitur.

597 2185 718 2243 Nec
748 2186 842 2242 hic
873 2184 1181 2243 discrimen
1210 2184 1395 2242 facere
1431 2191 1639 2260 potest,
1672 2183 1786 2240 Vel
1828 2192 2041 2240 natura
2088 2182 2310 2256 objecti,
2343 2179 2500 2256 quod
2528 2180 2715 2256 longe
2751 2192 3039 2258 praestan-

596 2264 713 2321 tius
744 2265 818 2322 sit
845 2265 904 2321 in
936 2264 1239 2342 disciplina
1269 2265 1612 2337 Christiana,
1645 2282 1818 2338 quam
1853 2262 1912 2318 in
1956 2262 2259 2319 humanis:
2312 2258 2461 2333 Quia
2487 2278 2608 2316 non
2639 2263 2949 2336 quaeritur
2973 2262 3033 2319 de

597 2353 803 2402 natura
832 2345 1064 2421 objecti,
1096 2344 1200 2403 sed
1238 2343 1309 2402 de
1352 2343 1523 2401 modo
1566 2363 1683 2420 quo
1726 2342 2000 2418 recipitur
2040 2341 2113 2398 ab
2140 2341 2390 2413 homine,
2423 2349 2481 2397 et
2518 2340 2578 2396 in
2610 2360 2687 2397 eo
2717 2352 3034 2418 operatur:

601 2424 717 2483 Vel
747 2426 992 2482 varietas
1020 2426 1310 2482 rationum
1340 2433 1397 2482 ct
1425 2424 1792 2496 motivorum,
1824 2423 2036 2498 quibus
2063 2422 2244 2479 utitur
2277 2420 2524 2497 Spiritus
2551 2420 2610 2477 S.
2644 2421 2710 2477 in
2742 2423 2943 2480 verbo
2968 2421 3033 2478 ad

598 2503 1078 2582 persuadendum,
1112 2524 1240 2581 quae
1271 2504 1444 2580 longe
1479 2503 1594 2561 sint
1635 2502 1954 2560 efficaciora
1982 2501 2045 2558 in
2076 2501 2414 2577 EvangeliO,
2447 2518 2623 2575 quam
2656 2500 2719 2556 in
2760 2501 3027 2559 Philoso-

598 2584 752 2661 phia,
784 2584 964 2661 petita
990 2592 1131 2661 puta
1152 2584 1225 2642 ab
1248 2583 1593 2642 authoritate
1634 2583 1746 2642 Dei
1765 2582 2090 2659 loquentis:
2121 2581 2256 2658 quia
2272 2582 2385 2639 ista
2407 2588 2541 2639 sunt
2568 2599 2732 2639 mere
2769 2593 3026 2653 externa,

601 2684 728 2738 quae
760 2663 1035 2738 graduale
1065 2662 1299 2739 quidem
1328 2673 1385 2721 et
1413 2663 1768 2721 accidentale
1797 2662 2105 2721 discrimen
2140 2661 2374 2738 aliquod
2403 2660 2589 2718 facere
2617 2676 2903 2737 possunt,
2935 2660 3023 2719 sed

603 2761 716 2799 non
748 2741 1052 2798 essentiale
1098 2751 1157 2800 et
1203 2742 1551 2817 specificum,
1584 2762 1715 2799 cum
1761 2742 1967 2800 modus
2009 2741 2393 2818 persuadendi
2440 2760 2543 2817 per
2580 2741 2853 2800 rationes
2884 2742 3021 2800 idem

603 2819 910 2895 utrobique
938 2829 1206 2894 maneat;
1253 2821 1366 2878 Vel
1412 2841 1711 2878 concursus
1756 2823 2316 2896 circumstantiarum,
2347 2841 2476 2897 quae
2521 2841 2556 2877 a
2588 2821 2720 2879 Deo
2750 2842 2881 2880 non
2910 2832 3022 2881 tan·

603 2909 725 2959 tum
756 2899 1151 2975 observentur,
1185 2899 1288 2957 sed
1317 2899 1397 2957 ita
1425 2909 1556 2977 apte
1586 2899 2007 2977 dispensentur,
2039 2912 2103 2962 ut
2145 2902 2409 2960 effectum
2438 2901 2775 2959 necessario
2810 2913 2945 2979 post
2970 2921 3021 2959 se

603 2980 851 3056 trabant,
884 2980 1039 3057 quod
1069 2981 1142 3038 ab
1171 2980 1401 3038 homine
1431 2980 1554 3038 fieri
1576 2982 1793 3058 nequit,
1820 3002 1996 3059 penes
2015 3002 2183 3059 quem
2206 3001 2320 3039 non
2351 2988 2484 3038 sunt
2505 2980 2730 3056 positae,
2766 2992 2832 3040 et
2862 3004 2897 3040 a
2916 3003 3021 3059 qno

604 3081 720 3119 non
750 3061 1003 3139 pendent
1028 3085 1040 3121 ε
1089 3061 1238 3135 Quia
1263 3061 1401 3120 licet
1432 3061 1559 3134 Dei,
1594 3070 1658 3120 ut
1688 3063 1896 3120 summi
1921 3062 2185 3120 Rectoris
2204 3070 2261 3120 et
2292 3061 2543 3135 Domini,
2578 3060 2651 3117 sit
2683 3061 3021 3139 dispensare

605 3142 746 3201 istas
783 3143 1259 3217 circumstantias,
1310 3142 1579 3201 Hominis
1608 3163 1747 3200 vero
1790 3162 1887 3200 eas
1930 3150 2151 3199 tantum
2197 3143 2521 3214 observare,
2553 3148 2611 3197 et
2653 3140 2878 3200 oblatis
2907 3144 3021 3213 nti,-

609 3223 785 3283 Unde
813 3224 879 3282 fit
901 3234 1102 3282 utnon
1125 3242 1350 3300 semper
1370 3222 1729 3300 persuadeat,
1755 3222 1892 3299 quia
1917 3242 2033 3279 non
2061 3230 2252 3298 potest
2274 3239 2613 3279 concursum
2643 3220 2896 3280 istarum
2924 3224 3019 3280 cir·

607 3305 1082 3363 cumstantiarum
1104 3304 1332 3380 assequi
1361 3327 1373 3362 ε
1421 3304 1653 3361 Certum
1684 3310 1877 3360 tamen
1899 3310 1987 3360 est
2009 3321 2186 3378 quum
2209 3299 2532 3378 persuadet,
2558 3300 2618 3357 id
2640 3320 2760 3359 non
2791 3302 3019 3360 aliunde

604 3383 746 3455 fieri,
773 3403 942 3457 quam
968 3404 1042 3440 cx
1065 3403 1347 3441 concursu
1372 3384 1607 3442 istarum
1633 3382 2204 3456 circumstantiarum,
2230 3381 2439 3457 quibus
2462 3380 2672 3438 oblatis
2702 3394 3018 3458 opportune

609 3480 750 3518 usus
779 3470 884 3518 est.
970 3462 1113 3533 Quis
1142 3481 1279 3519 vero
1325 3462 1538 3520 dixerit
1583 3463 1857 3519 invictam
1907 3462 2017 3519 Dei
2066 3462 2309 3537 gratiam
2359 3481 2473 3519 non
2519 3460 2687 3517 aliter
2733 3461 2960 3520 differre
2986 3483 3015 3519 a

611 3538 784 3594 modo
834 3539 1045 3613 agendi
1091 3539 1379 3597 ordinario
1427 3542 1725 3599 hominum
1776 3540 2128 3600 infirmorum
2150 3544 2179 3599 Ρ
2262 3543 2378 3599 Cur
2425 3560 2565 3616 ergo
2614 3549 2733 3598 tam
2779 3543 3015 3601 sollicite

617 3616 864 3692 Spiritus
912 3617 970 3675 S.
1015 3617 1215 3692 gratiae
1265 3618 1494 3694 petitur,
1526 3629 1590 3678 ut
1636 3620 1760 3678 fieri
1805 3622 1967 3696 solet,
2000 3621 2225 3698 quoties
2270 3621 2528 3679 Verbum
2566 3620 2930 3696 praedicatur,
2956 3631 3015 3680 nt

613 3696 769 3753 intus
798 3696 971 3753 corda
999 3695 1268 3771 disponat
1310 3707 1367 3755 et
1409 3699 1642 3775 aperiat,
1676 3700 1811 3756 dum
1858 3701 2064 3759 Pastor
2104 3721 2269 3760 aures
2299 3701 2554 3778 corporis
2581 3701 2793 3777 pulsat,
2826 3703 2876 3759 si
2905 3712 3012 3761 tots

615 3777 740 3854 ejus
769 3777 1025 3853 operatio
1055 3776 1482 3853 dispensatione
1512 3779 2069 3839 circumstantiarum
2099 3782 2461 3840 absolvitur?
2914 3792 2921 3797 '

693 3857 893 3916 XLV.
938 3860 992 3917 5.
1042 3857 1104 3915 Si
1134 3858 1434 3915 conversio
1463 3858 1713 3918 hominis
1759 3860 1902 3935 DeO,
1934 3881 2050 3918 non
2069 3861 2305 3936 homini,
2338 3859 2721 3919 adscribenda
2751 3870 2853 3933 est,
2887 3862 3010 3938 quia

614 3959 744 3997 eum
769 3938 1058 3997 oblatione
1084 3937 1263 3996 Verbi
1292 3939 1588 4016 dispensat
1627 3940 2100 4015 circumstantias,
2127 3963 2200 4000 ex
2229 3961 2471 4018 quarum
2500 3960 2787 3998 concursu
2816 3940 3008 3999 infalli-

612 4019 748 4077 bilis
777 4028 1021 4078 eventus
1065 4019 1356 4096 sequitur;
1412 4019 1626 4094 Quidni
1669 4020 1929 4079 dicamus
1974 4022 2187 4097 pariter
2234 4023 2419 4080 Deum
2468 4040 2593 4078 esse
2637 4020 2929 4078 authorem
2954 4032 3005 4080 et

614 4119 845 4157 causam
876 4099 1028 4173 mali,
1062 4099 1198 4175 quia
1225 4120 1340 4156 non
1363 4100 1554 4158 minus
1577 4109 1734 4158 certo
1757 4092 2056 4176 dispensat
2079 4102 2323 4178 objecta,
2349 4102 2560 4177 quibus
2582 4101 2743 4176 impii
2766 4100 2836 4157 ad
2857 4103 3003 4173 vitia,

612 4187 671 4236 et
688 4187 845 4237 certa
861 4179 1033 4236 etiam
1053 4179 1211 4252 vitia,
1238 4179 1583 4255 alliciuntur,
1610 4188 1667 4237 et
1686 4179 2160 4256 circumstantias,
2183 4202 2257 4240 ex
2277 4182 2487 4258 quibus
2504 4190 2801 4257 peccatum
2824 4201 3002 4240 neces·

616 4259 766 4316 sario
788 4259 969 4317 oritur
989 4261 1018 4316 Ρ
1061 4258 1244 4316 Nemo
1267 4260 1451 4318 nescit
1469 4280 1584 4317 non
1608 4260 1731 4316 sine
1756 4259 1864 4317 Dei
1882 4261 2246 4336 providentia
2265 4272 2321 4321 et
2344 4259 2772 4336 dispensatione
2792 4262 3002 4337 speciali

614 4337 846 4413 factum,
880 4338 1036 4414 quod
1062 4338 1106 4396 J
1111 4338 1254 4396 udas
1283 4347 1536 4397 tentatus
1560 4339 1731 4397 fuerit
1753 4341 2010 4416 pecunia,
2048 4341 2089 4399 J
2094 4341 2242 4400 udaei
2274 4341 2493 4399 invidia
2522 4339 2801 4398 adversus
2828 4341 3001 4399 Chris-

614 4426 736 4476 tum
765 4418 1052 4491 commoti,
1086 4426 1144 4476 et
1188 4418 1454 4477 Herodes
1498 4439 1566 4478 ac
1616 4419 1857 4477 Pontius
1901 4420 2122 4479 Pilatus
2152 4422 2223 4479 de
2255 4422 2483 4479 Christo
2512 4420 2641 4477 neci
2670 4420 2854 4478 dando
2880 4442 3001 4480 con·

613 4498 915 4570 senserint,
948 4517 1078 4555 cum
1107 4506 1351 4555 testetur
1382 4499 1588 4558 Petrus
1618 4499 1763 4556 nihil
1804 4500 1961 4576 ipsos
1992 4500 2212 4574 fecisse,
2246 4502 2355 4558 nisi
2386 4500 2539 4578 quod
2570 4519 2778 4558 manus
2806 4512 2855 4559 et
2880 4523 3000 4561 con·

613 4576 805 4633 silium
838 4576 965 4649 Dei,
998 4576 1075 4634 id.
1127 4577 1430 4635 consilium
1484 4579 1592 4637 Dei
1640 4578 1862 4653 efficax,
1894 4589 2063 4639 antea
2111 4581 2446 4640 decreverat
2493 4579 2635 4654 fieri,
2672 4580 2790 4639 Act
2814 4582 2883 4638 iv.
2914 4586 2998 4642 28.

615 4654 736 4711 Nec
766 4655 1006 4712 dubium
1038 4664 1142 4730 est,
1191 4657 1330 4732 quin
1377 4658 1637 4717 venditio
1687 4659 1932 4736 Josephi
1978 4681 2012 4718 a
2060 4660 2346 4737 fratribus,
2380 4671 2438 4720 et
2482 4661 2609 4736 ejus
2654 4659 2911 4719 deductio
2952 4665 2999 4722 in
