3221 5200
540 330 656 389 518
1326 345 1508 386 Locus
1537 342 1795 388 nncmus
1824 345 2096 393 omarus.
2565 325 2825 405 [Quaets‘r.
2864 348 2972 388 xv.

543 487 943 562 impressione,
972 501 1078 559 per
1105 502 1284 558 quam
1317 485 1590 542 Verbum
1617 484 1686 541 fit
1712 491 1922 553 ἵμφυιω,
1951 492 2011 541 et
2038 486 2154 540 fide
2190 489 2719 557 contemperatum,
2749 486 2795 544 J
2798 506 2894 545 ac.
2928 489 2968 545 i.

543 565 637 632 21,
668 564 825 622 Heb.
856 564 932 620 iv.
963 564 1019 622 2.
1103 562 1184 621 Et·
1209 565 1412 621 fideles
1449 568 1588 621 sunt
1618 572 1875 635 ἶρριζωμίνοι
1912 573 1951 618 ἦν
1977 573 2160 634 ἀγάπῃ,
2190 560 2342 636 Eph.
2373 562 2454 619 iii.
2489 563 2579 633 17,
2610 565 2882 622 radicati
2910 567 2971 626 in

549 641 783 700 Christo
825 653 879 700 et
919 642 1239 720 confirmati
1279 642 1340 698 in
1376 645 1524 720 fide,
1558 643 1686 703 Col.
1716 642 1776 698 ii.
1807 642 1863 705 7.
1949 640 2037 697 At
2075 643 2222 698 fides
2252 647 2514 712 ηίαιιρος
2542 643 2803 700 radicem
2850 666 2968 705 non

542 722 726 791 habet,
755 720 975 780 Matth.
1006 720 1132 777 xiii.
1164 719 1258 790 21,
1288 721 1351 777 id
1379 728 1467 779 est
1494 721 1555 778 in
1584 719 1892 794 superficie
1920 719 2146 776 extima
2172 716 2387 777 animae
2405 720 2608 791 haeret,
2637 722 2871 780 scilieet
2901 725 2965 781 in

545 800 870 869 intellectu,
901 818 1020 856 non
1049 799 1126 856 ad
1156 816 1255 854 cor
1283 799 1479 872 ipsum
1514 805 1804 875 penetrat,
1849 812 1956 854 nec
1985 815 2189 854 veram
2226 796 2510 854 fiduciam
2553 799 2615 855 in
2647 798 2965 859 Christum

542 878 740 949 habet,
784 878 956 952 cujus
999 877 1061 933 vi
1105 876 1342 935 Christo
1383 879 1628 934 unimur
1666 884 1954 948 tanquam
1994 875 2184 932 fundo
2225 872 2417 932 solido
2445 883 2505 933 et
2539 877 2741 950 opimo
2769 896 2808 934 a
2836 899 2962 954 quo

543 975 786 1014 succum
813 956 951 1013 vitae
982 955 1274 1024 ducimus,
1305 954 1460 1012 Heb.
1491 956 1578 1012 iii.
1614 956 1705 1023 14,
1737 952 1908 1009 Rom.
1938 953 2020 1009 xi.
2056 953 2147 1023 17,
2178 954 2271 1009 20.

1134 1031 1213 1090 V.
1251 1033 1307 1089 4.
1345 1033 1600 1091 Ratione
1633 1031 1975 1109 Effectuum.
2016 1031 2178 1088 Nam
2198 1032 2343 1090 fides
2367 1040 2646 1105 ‹esame-5,
2677 1039 2748 1090 ut
2774 1040 2869 1090 est
2898 1035 2961 1090 in

541 1099 587 1144 4‘
626 1099 846 1201 38ῗὲἒὲ
870 1098 1012 1182 effec-
1054 1116 1214 1167 terra
1252 1117 1507 1185 petrosa,
1549 1131 1684 1186 quae
1726 1109 1993 1166 radicem·
2023 1127 2142 1166 non
2183 1110 2378 1182 habet,
2406 1110 2492 1167 ita
2516 1118 2717 1168 manet
2745 1121 2957 1184 ingen-‚5

870 1190 881 1209 '
1057 1188 1412 1262 infrugifera
1439 1198 1499 1247 et
1525 1188 1762 1257 sterilia
1792 1186 1936 1259 quia
1963 1205 2159 1243 semen
2189 1190 2389 1246 statim
2417 1196 2659 1245 enatlun
2693 1191 2955 1261 exaruit,

545 1275 646 1335 φοι,
681 1275 891 1338 ὶξηςάιαη,
922 1266 1070 1323 Luc.
1099 1266 1221 1323 viii.
1252 1268 1308 1337 6,
1344 1268 1488 1342 quia
1529 1285 1649 1324 non
1689 1266 1871 1321 habet
1910 1264 2240 1336 humorem,
2271 1285 2379 1324 nec
2419 1266 2675 1323 radicem
2715 1287 2792 1325 ex
2833 1287 2957 1342 qua

544 1344 837 1413 hauritur,
866 1361 975 1400 nec
1003 1354 1136 1406 saun
1173 1355 1252 1404 τῆς
1290 1356 1375 1414 γῆς
1416 1345 1776 1420 profundam
1816 1348 2053 1412 terram,
2084 1361 2265 1416 quam
2294 1344 2466 1401 radix
2506 1345 2631 1401 alta
2665 1347 2949 1419 postulat.

550 1421 669 1480 Sed
695 1421 841 1477 fides
869 1421 1131 1478 salvifica
1156 1421 1324 1478 ferax
1367 1429 1456 1480 est
1497 1431 1557 1481 et
1597 1419 1903 1495 frugifera,
1926 1426 1987 1476 et
2007 1420 2112 1495 qui
2141 1439 2213 1477 ea
2240 1422 2472 1495 praediti
2501 1429 2640 1479 sunt
2667 1424 2953 1481 dicuntur

544 1511 833 1634 uage-pogna
870 1508 908 1553 i·
933 1507 1141 1571 bem-237,
1158 1501 1430 1577 fructum
1452 1504 1626 1580 serre
1651 1506 1990 1567 constanter,
2020 1504 2081 1554 et
2107 1499 2349 1572 quidem
2377 1500 2699 1574 copiosum,
2732 1501 2951 1559 Matth.

545 1577 671 1635 xiii.
703 1578 741 1635 2
785 1621 797 1635 .

542 1695 572 1739 6
598 1695 807 1740 Ratione
816 1699 1017 1739 actuum
1126 1654 1244 1712 VI.
1288 1655 1343 1713 5.
1375 1656 1635 1715 Ratione
1652 1660 1907 1714 Actuum
1931 1653 2309 1712 essentialium
2335 1655 2490 1725 fidei,
2513 1661 2677 1729 puta,
2701 1659 2951 1731 notitiae,

575 1729 711 1797 'fidoi
733 1768 744 1795 ς
767 1753 911 1803 Quod
936 1766 1019 1797 no·
1059 1752 1349 1806 assensus,
1378 1745 1439 1794 et
1463 1735 1717 1792 fiduciae.
1803 1735 1971 1792 Nam
1998 1732 2054 1787 in
2085 1734 2203 1789 fide
2222 1732 2587 1806 justificante
2616 1737 2821 1795 notitia
2864 1748 2955 1797 est

605 1813 799 1864 titiam;
1050 1813 1358 1890 profunda
1385 1813 1448 1871 in
1479 1814 1600 1870 imo
1631 1814 1861 1870 haerens
1889 1812 2100 1880 corde;
2144 1809 2640 1884 experimentaIiS,
2670 1832 2791 1872 non
2820 1817 2952 1874 solo

543 1895 757 1952 auditu
785 1896 1019 1963 hausta,
1050 1894 1153 1948 sed
1181 1892 1309 1966 ipso
1338 1891 1715 1967 experientiae
1744 1909 1922 1948 sensu
1945 1889 2310 1959 confirmata,
2337 1889 2367 1946 1
2395 1888 2521 1947 Pet.
2552 1889 2610 1946 ii.
2643 1892 2698 1962 3,
2728 1892 2887 1951 Phil.
2912 1896 2949 1952 i.

543 1973 599 2044 9,
629 1974 757 2030 viva
785 1984 838 2029 et
871 1971 1154 2048 practica,
1184 1989 1305 2027 non
1345 1972 1542 2028 lucem
1569 1975 1807 2026 tantum
1834 1974 2087 2042 gestans,
2117 1967 2219 2022 sed
2248 1974 2308 2024 et
2333 1968 2609 2038 calorem,
2646 1970 2675 2026 1
2711 1970 2753 2027 J
2758 1973 2855 2029 oh.
2888 1973 2949 2031 ii.

542 2055 599 2108 4.
631 2051 748 2110 Sed
776 2050 839 2106 in
867 2049 1243 2124 temporaria,
1271 2048 1486 2105 notitia
1512 2055 1600 2105 est
1626 2046 2013 2123 superficialia
2037 2052 2097 2101 et
2126 2047 2443 2117 theoretica,
2472 2065 2606 2120 quae
2644 2049 2951 2108 hominem

1056 2126 1381 2184 doctiorem
1412 2128 1512 2183 sed
1541 2145 1665 2183 non
1693 2126 1999 2182 meliorem
2027 2124 2239 2181 reddit.
2321 2125 2611 2183 Assensus
2639 2126 2698 2182 in
2726 2127 2834 2185 illa
2862 2137 2954 2187 est

1055 2212 1250 2264 certus
1276 2211 1337 2261 et
1362 2204 1607 2273 solidus,
1636 2204 1698 2260 in
1720 2222 1840 2278 quo
1868 2209 1961 2260 est
1988 2210 2265 2274 «aneae-350:
2290 2214 2370 2262 eis
2403 2211 2622 2269 emin-e,
2656 2205 2782 2263 Col.
2807 2206 2868 2263 ii.
2894 2208 2950 2278 2,

542 2293 614 2344 ut
650 2286 714 2343 in
755 2291 848 2343 r‘es
887 2285 1210 2343 credendas
1255 2283 1482 2340 feratur
1528 2282 1759 2339 actione
1797 2280 1965 2355 quasi
2013 2280 2308 2350 intuitiva‚
2352 2283 2618 2339 absentia
2661 2291 2949 2358 tanquam

540 2365 855 2439 praesentia
883 2364 994 2421 sibi
1023 2362 1303 2431 sistendo,
1332 2367 1392 2418 et
1418 2360 1740 2417 invisibilia
1768 2368 1837 2417 ut
1862 2357 2136 2426 visibilia,
2168 2378 2290 2433 qua
2317 2361 2547 2416 ratione
2575 2360 2795 2418 dicitur
2822 2381 2949 2419 esse

545 2450 793 2502 ὖτὸετααις
820 2450 906 2497 ezr
931 2449 1241 2509 ἶλτιζομίνω,
1267 2449 1325 2497 et
1351 2453 1553 2508 ἴλιγχος
1581 2449 1668 2493 w’v
1688 2437 1752 2507 μὲ
1776 2445 2074 2508 βλιπομίνων,
2097 2436 2252 2493 Heb.
2282 2438 2362 2495 Xl.
2386 2438 2438 2495 1.
2484 2438 2601 2495 Sed
2633 2439 2691 2495 ln
2722 2448 2951 2514 tempo-

540 2520 698 2578 raria
725 2538 994 2577 assensus
1021 2525 1111 2575 est
1136 2517 1346 2574 debilis
1371 2524 1432 2573 et
1457 2516 1741 2585 lubricus,
1771 2534 1909 2573 cum
1935 2521 2221 2590 perpetua
2248 2514 2607 2573 titubatione
2634 2523 2695 2573 et
2714 2518 2950 2575 haesita-

541 2598 701 2655 tione
743 2596 1111 2669 conjunctus,
1155 2596 1314 2652 unde
1355 2595 1577 2668 absque
1618 2593 1814 2651 radice
1862 2593 2100 2663 dicitur,
2142 2599 2219 2649 et·
2248 2594 2471 2652 obortis
2518 2595 2946 2653 tentationibus

1054 2673 1228 2730 facile
1255 2671 1514 2729 concidit
1539 2678 1600 2728 et
1635 2672 2043 2746 prosternitur,
2073 2671 2291 2728 Matth.
2322 2673 2422 2729 vii.
2453 2674 2547 2742 26,
2578 2675 2673 2736 27.
2756 2673 2948 2730 Ποία-

1057 2752 1144 2806 cz’a
1172 2750 1232 2805 in
1259 2750 1375 2805 fide
1408 2749 1775 2822 justificante
1815 2756 1905 2805 est
1943 2767 2085 2805 vera
2120 2767 2190 2806 ac
2230 2749 2422 2821 realis,
2454 2760 2584 2808 orta
2612 2752 2828 2826 quippe
2869 2771 2945 2808 ex

539 2829 907 2906 penitissima
946 2828 1153 2904 gratiae
1197 2826 1310 2884 Dei
1351 2826 1687 2900 cognitione
1726 2828 1786 2884 et
1832 2845 2025 2896 sensu,
2079 2826 2109 2883 1
2161 2826 2314 2884 Tim.
2356 2828 2393 2884 i.
2437 2828 2492 2898 5,
2544 2830 2581 2884 2
2623 2829 2772 2886 Tim.
2816 2830 2853 2887 i.
2886 2830 2944 2887 5.

544 2907 622 2966 In
656 2907 1041 2981 Temporaria
1073 2923 1212 2962 vero
1239 2905 1441 2962 fucata
1467 2912 1527 2961 et
1552 2905 1719 2975 levis,
1750 2904 1813 2961 in
1842 2905 1981 2961 solis
2009 2907 2237 2961 haerens
2263 2906 2456 2978 labiis,
2486 2925 2593 2963 nec
2621 2925 2722 2963 cor
2748 2908 2945 2982 ipsum

538 2986 858 3060 attingens,
888 3004 1022 3061 quae
1050 3001 1207 3041 vana
1239 2983 1485 3059 proinde
1521 2982 1905 3058 praesumptio
1934 2990 1993 3039 et
2020 2983 2374 3040 confidentia
2399 2992 2487 3042 est
2514 2984 2731 3059 potius,
2760 3004 2945 3059 quam

538 3082 682 3122 vera
707 3065 943 3134 fiducia,
973 3063 1168 3138 qualis
1209 3063 1272 3118 in
1313 3061 1354 3118 J
1359 3079 1550 3118 uvene
1577 3061 1702 3131 illo,
1733 3061 1954 3118 Matth.
1983 3061 2129 3130 xix„
2159 3062 2640 3134 deprehenditur,
2670 3071 2729 3119 et
2756 3064 2945 3136 hypo-

537 3143 699 3201 critis
744 3143 928 3201 variis
976 3144 1051 3199 de
1078 3141 1276 3216 gratia
1304 3140 1416 3197 Dei
1458 3146 1519 3196 et
1561 3141 1753 3197 salute
1783 3146 2001 3196 temere
2037 3138 2451 3212 gloriantibus.
2534 3139 2598 3197 N
2601 3160 2665 3197 ec
2693 3142 2946 3199 obscura

538 3221 708 3292 rati0,
739 3221 1029 3295 siquidem
1058 3220 1153 3276 isti
1181 3221 1433 3276 salutem
1463 3212 1797 3292 Evangelio
1824 3217 2168 3291 promissam
2197 3218 2273 3273 ad
2315 3236 2376 3274 se
2413 3218 2708 3292 pertinere
2735 3218 2947 3293 imagi-

539 3306 776 3368 nantur,
805 3300 902 3355 vel
943 3298 1065 3355 sine
1104 3298 1232 3354 ullo
1259 3297 1668 3365 fundamentO,
1698 3296 1794 3352 vel
1822 3314 1897 3352 ex
1922 3294 2100 3364 falso3
2144 3295 2292 3350 dum
2319 3296 2540 3370 absque
2567 3297 2695 3353 ullo
2723 3296 2813 3354 sui
2841 3315 2947 3353 ex-

537 3377 755 3444 amine,
795 3377 957 3449 quod
999 3383 1067 3431 ut
1108 3376 1425 3431 molestum
1454 3373 1632 3429 nimis
1660 3391 1729 3430 ac
1756 3375 1932 3430 rebus
1973 3372 2094 3428 suis
2135 3371 2578 3430 incommodum
2613 3374 2942 3448 refugiunt,

537 3452 652 3525 ipsi
680 3453 790 3509 sibi
819 3453 999 3508 stulte
1023 3451 1408 3518 blandientes,
1432 3451 1688 3523 gratiam
1712 3450 1931 3508 Christi
1958 3449 2217 3507 fastuose
2247 3450 2360 3506 sibi
2388 3459 2684 3525 arrogant,
2708 3459 2768 3509 et
2789 3470 2945 3508 vano

538 3529 630 3584 illi
659 3529 886 3584 somnio
915 3544 1116 3583 secure
1158 3527 1543 3597 indormiunt,
1585 3546 1703 3583 non
1746 3527 2128 3602 inquirentes,
2171 3545 2279 3584 nec
2318 3530 2584 3586 volentes
2624 3530 2941 3603 inquirere,

537 3605 841 3679 quodnam
868 3605 946 3661 sit
973 3603 1414 3678 imaginationis
1452 3623 1573 3660 suae
1616 3604 2095 3675 fundamentum,
2125 3607 2285 3679 quod
2314 3606 2638 3681 aliquando
2665 3614 2879 3682 petunt
2906 3626 2945 3664 a

535 3689 825 3755 conceptu
872 3680 1025 3739 falso
1073 3683 1147 3738 de
1195 3681 1520 3738 universali
1568 3681 1685 3738 Dei
1732 3682 2150 3751 misericordia,
2180 3690 2239 3739 et
2286 3685 2481 3742 nescio
2508 3703 2630 3759 qua
2656 3685 2942 3741 facilitate

538 3759 797 3818 Foederis
826 3759 1190 3833 Evangelici‚
1233 3761 1329 3817 vel
1371 3778 1409 3816 a
1448 3759 1864 3817 communione
1892 3766 2137 3816 externa
2183 3760 2459 3819 Ecclesiae
2490 3771 2551 3819 et
2575 3763 2775 3818 cultus
2802 3762 2943 3818 reli-

533 3839 706 3914 giosi,
733 3840 830 3895 vel
859 3840 936 3897 ab
963 3839 1268 3897 honestate
1295 3840 1555 3912 quadam
1597 3838 1827 3908 morali,
1858 3837 2000 3912 quia
2040 3838 2221 3911 paulo
2261 3839 2457 3898 minus
2499 3840 2645 3896 mali
2671 3847 2811 3897 sunt
2838 3858 2944 3897 ne-

535 3916 854 3992 quissimis,
883 3918 982 3974 vel
1022 3935 1058 3973 a
1098 3916 1410 3975 securitate
1451 3918 1712 3992 quadam
1741 3916 2088 3973 dormientis
2131 3922 2191 3972 et
2231 3917 2518 3991 torpentis
2547 3917 2940 3988 conscientiae,

532 4014 717 4070 quam
758 3994 870 4052 sibi
909 3996 1145 4068 fingunt
1184 4013 1308 4053 esse
1349 4014 1553 4070 pacem
1593 4003 1655 4052 et
1689 3994 2150 4052 consolationem
2181 3992 2438 4067 Spiritus
2472 3995 2693 4066 Sancti,
2723 3996 2944 4069 quibus

533 4074 754 4149 seipsos
795 4091 1103 4148 perperam
1144 4073 1464 4148 decipiunt,
1493 4073 1664 4148 quasi
1702 4071 2053 4129 sufficientia
2090 4071 2295 4144 gratiae
2326 4071 2441 4129 Dei
2480 4072 2700 4130 indicia
2725 4072 2941 4131 forent-

537 4152 655 4208 Sed
683 4151 808 4207 veri
836 4151 1027 4207 fidelis
1053 4152 1232 4225 longe
1259 4152 1431 4208 aliter
1458 4170 1518 4208 se
1546 4156 1912 4224 comparant,
1942 4167 2016 4205 ex
2043 4148 2253 4205 intimo
2282 4150 2502 4224 quippe
2530 4150 2783 4207 miseriae
2813 4169 2940 4208 suae

530 4247 706 4286 sensu
755 4230 831 4286 ad
876 4228 1129 4302 gratiam
1177 4228 1394 4287 Christi
1437 4229 1801 4296 anhelantes,
1831 4235 1891 4283 et
1929 4227 2098 4282 illam
2126 4226 2297 4282 firma
2338 4229 2470 4297 fide,
2499 4229 2600 4285 sed
2648 4229 2945 4286 submissa

530 4325 668 4364 cum
698 4306 1038 4363 humilitate
1067 4308 1591 4380 apprehendentes,
1623 4324 1740 4362 non
1771 4312 1968 4360 tamen
2012 4305 2086 4360 de
2129 4321 2201 4360 ea
2241 4310 2525 4379 tanquam
2556 4324 2666 4363 sua
2692 4306 2942 4380 gloriari

528 4385 772 4454 audent,
815 4384 929 4440 nisi
967 4393 1101 4457 post
1140 4390 1415 4439 exactum
1457 4392 1588 4440 tum
1630 4382 1838 4456 gratiae
1898 4395 2144 4457 nemaei-n,
2189 4387 2318 4437 tum
2358 4383 2582 4457 proprii
2610 4384 2803 4441 cordis
2846 4385 2945 4441 sui

527 4479 794 4531 examen,
824 4467 884 4517 et
909 4468 1222 4535 postquam
1251 4459 1524 4533 diligenti
1552 4459 1834 4517 scrutinio
1862 4468 2022 4517 certa
2057 4468 2116 4518 et
2151 4460 2492 4518 infallibilia
2517 4462 2732 4535 gratiae
2760 4480 2946 4537 argu-

528 4546 732 4595 menta
757 4546 817 4596 et
844 4538 1052 4595 effecta
1080 4538 1139 4593 in
1169 4555 1230 4595 se
1258 4537 1770 4611 deprehenderint.

613 4614 766 4672 VII.
813 4614 946 4671 IIoe
1015 4633 1155 4671 vero
1217 4615 1580 4673 luculentius
1642 4616 2024 4673 confirmatur
2080 4636 2151 4673 ex
2215 4616 2395 4675 variis
2455 4617 2688 4673 fiduciae
2759 4616 2940 4676 istius

540 2175 715 2228 Quoad
731 2189 985 2221 assensum
1003 2190 1015 2230 ;

542 2721 718 2771 Quoad
769 2720 834 2765 fid
841 2723 1012 2766 nciam.
