3221 5200
346 375 567 422 onear.
602 356 688 438 v.]
879 430 882 433 ᾗ
1256 373 1332 412 rm
1362 373 1866 412 Jcs'rlfch'rmNss.
2648 359 2760 415 581

344 516 733 592 experientiae,
765 516 959 593 quide
987 517 1144 574 lucta
1174 515 1376 574 Carnis
1422 521 1480 573 et
1513 513 1762 590 Spiritus
1800 533 2023 592 semper
2068 523 2402 590 queruntur.
2446 518 2503 574 4.
2552 516 2613 575 Si
2643 537 2759 576 non

342 596 624 672 imputare
654 606 950 673 peccatum
980 605 1068 654 est
1096 596 1240 654 illud
1269 595 1575 671 expellere,
1606 605 1665 652 et
1694 593 1990 653 infundere
2008 597 2294 672 justitiam
2320 618 2333 669 ;
2381 597 2473 653 Ex
2495 598 2757 673 opposito

340 675 623 751 imputare
654 685 946 753 peccatum
981 677 1088 735 erit
1115 675 1415 732 infundere
1445 683 1761 751 peecatum.
1849 676 2017 749 Quod
2047 675 2253 734 falsum
2272 696 2398 735 esse
2428 697 2503 734 ex
2525 678 2753 735 Christo

340 765 516 831 patet,
550 757 642 813 eui
670 757 1013 832 imputatum
1043 765 1130 813 est
1159 764 1473 832 peccatum,
1508 754 1609 811 sed
1641 775 1753 813 non
1785 754 2055 813 infusum.

949 837 1024 893 V.
1070 835 1234 892 Licet
1262 854 1364 911 per
1392 834 1784 892 remissionem
1814 835 2033 911 pcccati
2064 834 2297 893 tollatur
2324 845 2515 894 reatus
2561 845 2756 895 actua-

360 899 546 946 F⁰¹¹t³⁸
590 901 802 947 Solutio-
865 916 948 990 lis,
994 934 1097 972 seu
1152 914 1430 988 obligatio
1487 913 1561 970 ad
1619 934 1844 989 poenam
1871 937 1884 989 ;
1956 935 2071 972 non
2137 916 2330 973 statim
2384 917 2609 975 tollitur
2663 938 2754 975 re-

518 974 654 1004 num.
864 1005 991 1052 atus
1008 995 1347 1070 potentialis,
1408 1013 1509 1050 seu
1564 995 1830 1051 meritum
1887 996 2258 1052 intrinsecum
2307 997 2545 1073 peccati,
2599 996 2756 1073 quod

342 1077 470 1136 fluit
499 1099 572 1136 ex
601 1075 826 1133 macula
855 1075 1184 1145 inhaerente,
1216 1073 1352 1149 quia
1380 1071 1640 1130 remissio
1670 1074 1729 1129 in
1759 1094 1827 1131 eo
1856 1082 2080 1132 tantum
2111 1075 2220 1132 sita
2249 1086 2353 1149 est,
2386 1086 2449 1134 ut
2477 1097 2511 1134 a
2539 1077 2580 1134 J
2587 1076 2753 1135 udice

341 1177 474 1215 reus
502 1158 777 1215 liberetur
805 1156 878 1212 ab
908 1155 1119 1213 actuali
1148 1173 1317 1230 poena
1341 1153 1446 1229 ipsi
1478 1152 1688 1226 debita,
1721 1173 1834 1210 non
1860 1172 1998 1211 vero
2028 1154 2219 1212 statim
2252 1157 2324 1213 ab
2347 1157 2503 1213 omni
2531 1157 2753 1215 vitiosi-

340 1247 479 1296 tate.
568 1235 738 1296 Unde
771 1235 986 1294 Paulus
1015 1234 1156 1292 dicit
1184 1233 1434 1309 quidem,
1469 1232 1636 1290 Rom.
1685 1233 1804 1290 viii.
1843 1237 1892 1308 l,
1923 1234 2139 1290 nullam
2171 1256 2296 1293 esse
2328 1236 2755 1295 condemnatio-

340 1337 472 1375 nem
495 1317 566 1375 iis
595 1316 695 1394 qui
724 1326 858 1374 sunt
885 1316 944 1372 in
976 1315 1221 1388 ChristO,
1255 1312 1356 1370 sed
1385 1332 1499 1369 non
1524 1312 1667 1369 nihil
1702 1332 1827 1371 esse
1858 1313 2311 1389 condemnabile,
2359 1316 2453 1374 vel
2484 1317 2752 1375 condem-

340 1398 571 1456 natione
602 1398 859 1472 dignum,
892 1395 1027 1472 quia
1055 1394 1329 1471 quamdiu
1373 1404 1565 1451 manet
1614 1404 1914 1468 peccatum
1943 1393 2001 1450 in
2051 1394 2234 1468 nobiS,
2291 1397 2510 1474 (manet
2559 1404 2751 1455 autem

334 1478 612 1555 quamdiu
635 1477 932 1555 vivimus,)
966 1475 1134 1532 datur
1156 1494 1379 1550 semper
1406 1472 1626 1549 aliquid
1648 1474 2100 1549 condemnabile,
2126 1475 2234 1532 etsi
2256 1486 2386 1534 actu
2410 1487 2644 1554 propter
2665 1478 2752 1535 in—

342 1557 727 1617 tercedentem
760 1557 1003 1632 gratiam
1027 1557 1068 1615 J
1074 1554 1258 1613 udicis
1289 1573 1394 1611 nos
1422 1573 1537 1610 non
1567 1554 1814 1630 amplius
1832 1554 2191 1614 condemnet.

419 1638 529 1696 VI.
578 1638 713 1695 Alia
735 1647 823 1695 est
845 1637 1001 1695 tectio
1025 1635 1321 1693 theoretica
1334 1644 1716 1710 peccatorum,
1741 1655 1871 1710 quae
1894 1635 2140 1710 pertinet
2161 1634 2233 1691 ad
2255 1633 2746 1710 Omniscientiam,

328 1718 503 1794 juxta
532 1738 703 1793 quam
727 1728 944 1775 certum
975 1724 1063 1774 est
1084 1715 1228 1773 nihil
1258 1715 1378 1790 tegi
1407 1734 1574 1790 posse
1617 1713 1760 1784 DeO‚
1805 1714 1917 1770 nisi
1963 1713 2119 1788 quod
2165 1714 2396 1790 penitus
2438 1715 2663 1773 deletur
2691 1726 2750 1774 et

332 1797 598 1856 aboletur
622 1821 636 1857 ε
683 1797 821 1854 Alia
838 1797 1119 1871 practica,
1152 1815 1281 1871 quae
1311 1794 1545 1868 respicit
1565 1793 1807 1868 justitiae
1827 1793 2181 1864 exercitium,
2215 1802 2272 1850 et
2301 1794 2382 1850 sic
2412 1795 2530 1870 tegi
2559 1803 2751 1871 potest

336 1877 480 1952 De0,
513 1878 668 1955 quod
697 1877 885 1934 adhuc
915 1885 1003 1933 est
1034 1875 1091 1931 in
1104 1875 1381 1949 subjectO,
1427 1871 1658 1946 quando
1690 1873 1850 1929 Deus
1878 1891 1995 1928 non
2037 1872 2197 1929 videt
2225 1871 2371 1931 illud
2399 1882 2463 1931 ut
2491 1874 2748 1931 animad-

332 1967 538 2032 vertat,
570 1958 724 2015 delet
743 1954 890 2012 illud
912 1954 983 2011 de
1005 1954 1153 2010 libro
1183 1973 1287 2010 suo
1316 1972 1387 2009 ne
1408 1951 1603 2009 veniat
1626 1950 1685 2007 in
1706 1952 2005 2010 rationem.
2093 1952 2185 2009 Ita
2213 1961 2448 2028 peccata
2476 1953 2748 2012 dicuntur

332 2037 454 2111 tegi
485 2057 675 2095 coram
709 2036 851 2108 De0,
883 2054 999 2092 non
1029 2033 1163 2110 quia
1193 2032 1454 2090 absolute
1484 2031 1782 2105 tolluntur,
1823 2039 1888 2089 ut
1915 2051 2030 2088 non
2060 2031 2192 2105 sint,
2225 2032 2328 2090 sed
2356 2033 2492 2108 quia
2520 2033 2594 2090 ad
2624 2053 2740 2110 poe·

330 2135 464 2172 nam
493 2136 607 2173 non
632 2105 994 2192 deputantu‘r.
1083 2112 1253 2171 Unde
1284 2112 1537 2187 August.
1568 2111 1628 2168 in
1676 2111 1829 2168 Psal.
1860 2112 2026 2168 xxxi.
2058 2112 2275 2169 Concil.
2299 2117 2373 2186 2.,
2423 2114 2590 2170 Tecta
2613 2133 2747 2188 erqo

317 2206 560 2271 peccata
588 2215 767 2272 quare
795 2195 940 2252 deicit
959 2196 987 2251 Ρ
1053 2195 1128 2251 Ut
1153 2214 1264 2252 non
1293 2193 1631 2251 viderentur.
1720 2192 1880 2259 Quid
1912 2192 2058 2250 enim
2106 2201 2234 2251 erat
2259 2194 2376 2251 Dei
2399 2193 2588 2252 videre
2606 2214 2742 2272 pec·

331 2285 479 2348 cata,
504 2277 617 2333 nisi
634 2276 842 2352 punire
867 2277 896 2333 Ῥ
2073 2293 2078 2299 ’

411 2356 555 2414 VII.
602 2355 881 2430 Quamvis
935 2356 1195 2415 remissio
1244 2365 1606 2434 peccatorum
1657 2356 2012 2433 exprimatur
2037 2357 2215 2416 variis
2258 2357 2581 2435 phrasibus,
2614 2378 2744 2436 quae

327 2436 539 2495 realem
570 2437 917 2495 ablationem
949 2446 1187 2513 notant;
1233 2457 1349 2495 non
1378 2438 1638 2513 sequitur
1681 2437 1889 2496 inferre
1937 2439 2172 2496 totalem
2204 2439 2426 2515 peccati
2476 2439 2742 2497 abolitio-

325 2535 459 2574 nem
484 2540 497 2591 ;
543 2518 680 2594 quia
709 2518 766 2574 in
797 2518 1131 2575 remissione
1161 2527 1249 2576 est
1277 2517 1497 2593 aliquid
1526 2518 1696 2591 reale,
1717 2539 1818 2595 per
1840 2518 1998 2576 illam
2022 2520 2233 2595 quippe
2264 2539 2398 2578 vere
2428 2528 2487 2577 et
2514 2519 2746 2578 realiter

324 2616 361 2655 a
390 2618 634 2675 persona
654 2599 876 2658 tollitur
905 2599 1186 2675 obligatio
1217 2598 1458 2657 actualis
1487 2597 1562 2656 ad
1591 2619 1837 2676 poenam,
1870 2609 1927 2658 et
1957 2600 2081 2677 ipsa
2100 2620 2286 2677 poena.
2373 2600 2598 2659 Deinde
2629 2599 2743 2659 illae

325 2679 581 2754 phrases,
614 2681 814 2757 quales
864 2689 997 2738 sunt
1048 2683 1256 2754 tollere,
1288 2683 1535 2755 auferre,
1584 2683 1786 2755 delere,
1845 2685 2138 2755 mandare,
2191 2683 2432 2756 abluere,
2483 2702 2745 2758 puryare

323 2770 576 2836 peccata,
609 2762 815 2838 partim
844 2781 947 2837 per
974 2760 1116 2818 alias
1153 2760 1530 2837 explicantur,
1577 2781 1706 2838 quae
1751 2770 1945 2820 reatus
1994 2761 2344 2820 ablationem
2395 2762 2742 2838 significant,

324 2859 441 2897 non
470 2861 607 2899 vero
637 2862 750 2899 non
802 2841 1169 2900 existentiam
1196 2842 1434 2918 peccati,
1460 2843 1667 2918 partim
1697 2864 1731 2901 a
1759 2842 2163 2900 sacrificiorum
2217 2841 2424 2901 effectu
2454 2852 2743 2919 petuntur,

325 2919 426 2994 qui
454 2930 576 2978 erat
598 2921 925 2996 propitiatio
969 2931 1027 2978 et
1070 2922 1337 2998 purgatio
1360 2924 1598 2997 peccati,
1652 2942 1768 2981 non
1816 2943 1918 2999 per
1947 2922 2317 2981 abolitionem
2357 2923 2615 2997 maculae,
2642 2922 2747 2981 sed.

322 3016 425 3073 per
454 2998 799 3056 deletionem
828 3010 1036 3072 reatuS,
1069 3009 1126 3058 et
1144 3000 1622 3059 condonationem
1652 3022 1854 3078 poenae.
2390 3013 2393 3017 ’

406 3077 588 3135 VIII.
635 3078 799 3135 Licet
820 3098 933 3135 non
958 3098 1236 3152 negemus
1254 3080 1471 3136 aboleri
1520 3082 1710 3157 reipsa
1746 3090 2045 3156 peccatum
2074 3081 2134 3136 in
2184 3080 2272 3153 iis,
2305 3080 2516 3156 quibus
2545 3081 2738 3141 remit—

323 3156 500 3232 titur3
544 3177 661 3215 non
691 3158 950 3233 sequitur
993 3157 1124 3214 ideo
1172 3158 1565 3216 remissionem
1616 3160 1798 3235 ipsam
1849 3161 2161 3217 consistere
2190 3159 2249 3215 in
2279 3160 2382 3217 tali
2411 3159 2742 3220 abolitione.

325 3236 474 3311 Quia
501 3237 602 3295 illa
630 3248 894 3296 versatur
937 3246 1160 3295 tantum
1206 3238 1358 3295 circa
1402 3248 1622 3297 reatum
1653 3239 1892 3315 peccati,
1919 3240 2040 3296 Ista
2069 3239 2222 3296 circa
2249 3238 2533 3297 maculam
2559 3263 2574 3315 3
2629 3242 2744 3300 Illa

323 3326 623 3394 peccatum
655 3318 980 3376 considerat
1008 3337 1138 3375 cum
1169 3318 1443 3375 relatione
1474 3338 1576 3377 seu
1604 3319 1957 3395 obligatione
1981 3317 2054 3376 ad
2075 3338 2323 3395 poenam,
2357 3319 2481 3377 Ista
2508 3330 2573 3379 ut
2602 3340 2742 3398 qua-

325 3396 549 3455 litatem
580 3398 841 3475 subjecto
891 3398 1302 3473 inhaerentem;
1346 3398 1459 3455 Illa
1489 3400 1660 3457 simul
1690 3407 1747 3457 et
1770 3399 1945 3456 semel
1969 3399 2280 3476 peragitur,
2317 3400 2440 3458 Ista
2467 3402 2747 3476 paulatim

324 3485 383 3536 et
413 3479 756 3537 successive.
843 3478 964 3536 Nec
992 3478 1213 3557 peccati
1242 3478 1636 3538 remissionem
1666 3500 1741 3537 ex
1763 3489 1968 3537 natura
1996 3480 2078 3537 rei
2109 3479 2299 3537 statim
2333 3481 2592 3558 sequitur
2613 3482 2742 3560 jus-

324 3557 717 3632 titiaeinfusio,
750 3566 814 3618 ut
842 3559 942 3636 qui
970 3559 1210 3617 remittit
1258 3559 1515 3618 debitum
1556 3560 1745 3635 alicui,
1798 3581 1913 3618 non
1944 3560 2138 3619 statim
2180 3580 2391 3619 novam
2439 3564 2744 3639 pecuniam

327 3638 414 3696 illi
443 3639 579 3699 dare
610 3640 782 3699 debet
806 3663 819 3715 ;
868 3641 945 3699 Et
973 3660 1078 3698 nos
1106 3640 1451 3699 remittimus
1479 3651 1716 3719 peecata
1744 3641 1890 3716 aliis,
1923 3661 2029 3699 nec
2076 3650 2378 3718 propterea
2427 3662 2500 3699 ex
2530 3642 2646 3700 illis
2675 3664 2746 3701 ca

326 3721 688 3795 expellimus.
719 3725 722 3729 ’
777 3721 915 3778 Alia
936 3721 1146 3797 quippe
1177 3730 1265 3779 est
1292 3722 1437 3779 actio
1494 3743 1622 3799 quae
1653 3722 1717 3780 fit
1746 3725 1814 3780 de
1841 3723 2033 3798 aliquo
2063 3730 2121 3779 et
2149 3723 2302 3779 circa
2348 3722 2515 3779 illum
2546 3723 2738 3796 objec-

328 3798 468 3874 tive,
501 3801 616 3858 alia
643 3821 772 3876 quae
801 3802 866 3860 fit
895 3802 951 3859 in
974 3803 1163 3877 aliquo
1194 3802 1532 3876 subjective.

935 3881 1053 3938 IX.
1102 3882 1368 3939 Secunda
1399 3882 1725 3959 Propositio
1751 3903 1765 3940 :
1811 3880 2086 3939 Remissio
2106 3882 2333 3956 peccati
2371 3882 2557 3938 totalis
2585 3890 2665 3938 est
2690 3891 2744 3939 et

329 3942 554 4046 3⁸55?ss
568 3946 641 4047 1ss
635 3948 811 4049 2322}ss
852 3962 1121 4030 absoluta,
1155 3970 1267 4017 tam
1301 3982 1501 4038 poenae,
1554 3982 1723 4038 quam
1774 3965 1967 4037 eulpoe.
2042 3960 2186 4017 Haec
2210 3961 2383 4018 etiam
2426 3970 2513 4019 est
2543 3971 2741 4019 contra

386 4036 474 4106 est’
498 4063 668 4106 totalis
712 4068 811 4106 tam
857 4040 1208 4115 pontificios,
1241 4042 1341 4116 qui
1374 4043 1797 4100 Remissionem
1819 4039 2115 4118 partialem
2148 4048 2206 4098 et
2234 4060 2350 4098 non
2378 4041 2615 4099 totalem
2645 4062 2738 4100 ur·

390 4120 560 4177 culpan,
674 4134 821 4177 quam
865 4129 1021 4196 gent,
1055 4121 1255 4196 culpae,
1290 4122 1393 4179 secl
1420 4143 1536 4181 non
1584 4141 1787 4198 poenae,
1840 4121 1936 4177 vel
1985 4140 2169 4196 poenae
2216 4130 2460 4196 aeternae,
2494 4120 2597 4180 sed
2625 4142 2741 4179 non

388 4192 560 4236 poenoe.
864 4201 1215 4276 temporalis.
1264 4204 1481 4261 Concil.
1513 4201 1672 4259 Trid.
1729 4202 1882 4259 SeSS.
1914 4199 1991 4257 vi.
2023 4220 2071 4258 c.
2114 4202 2208 4273 30,
2278 4201 2399 4259 “Si
2429 4201 2560 4278 quis
2609 4213 2740 4278 post

330 4287 624 4355 acceptam
647 4278 1137 4357 justificationem,
1170 4280 1406 4340 cuilibet
1434 4280 1722 4359 peccatori
1770 4281 2088 4357 poenitenti,
2121 4280 2201 4338 ita
2229 4280 2456 4358 culpam
2507 4283 2738 4357 remitti,

329 4367 389 4416 et
414 4370 637 4418 reatum
667 4365 894 4419 aeternae
924 4380 1108 4437 poenae
1158 4361 1337 4419 deleri
1383 4361 1610 4433 dixerit,
1644 4370 1709 4418 ut
1752 4360 1946 4418 nullus
1991 4369 2282 4420 remaneat
2309 4370 2502 4420 reatus
2557 4382 2741 4439 poenae

330 4440 663 4515 temporalis
692 4441 1078 4515 exsolvendae,
1100 4441 1197 4499 vel
1226 4441 1285 4498 in
1308 4442 1417 4500 hoc
1440 4440 1651 4512 seeu10,
1683 4440 1778 4498 vel
1806 4443 1866 4499 in
1889 4441 2097 4516 futur0,
2147 4449 2450 4518 antequam
2481 4442 2556 4499 ad
2587 4443 2740 4520 Reg-

330 4537 466 4575 num
492 4519 780 4577 C'oelorum
809 4522 1000 4581 aditus
1029 4530 1221 4599 patere
1252 4523 1449 4598 possit,
1484 4521 1812 4578 Anathema
1841 4521 1973 4579 sit.”

411 4597 496 4656 X.
542 4599 782 4660 Remitti
803 4604 1047 4680 culpam,
1074 4623 1190 4661 non
1212 4602 1450 4660 remissa
1470 4621 1657 4678 poena,
1683 4609 1771 4660 est
1798 4609 2071 4670 seara-mov,
2097 4602 2234 4678 quia
2250 4602 2409 4661 nulla
2432 4601 2597 4661 datur
2619 4623 2738 4680 poe-

329 4698 405 4736 na
434 4679 555 4738 sine
586 4680 771 4757 culpa,
804 4691 862 4741 et
908 4684 1169 4740 remissio
1226 4682 1407 4757 culpae
1464 4681 1607 4739 nihil
1665 4682 1838 4756 aliud,
1870 4701 2040 4758 quam
2095 4683 2359 4742 liberatio
2389 4702 2424 4741 a
2449 4703 2638 4761 poena.
2683 4688 2739 4744 2.
