3221 5200
1000 413 1333 458 semrom
1396 412 1893 457 nssmcaronm.
2530 400 2653 461 xvii

243 590 562 669 ipsiusque
596 589 895 671 Regnum,
935 601 1232 671 quantum
1262 592 1327 655 in
1361 592 1496 671 ipsa
1524 593 1662 665 fuit,
1698 601 1763 654 et
1794 591 1958 669 apud
1993 611 2080 666 se,
2112 599 2176 653 et
2207 592 2371 671 apud
2404 601 2653 657 exteros

242 687 641 769 promovisse,
677 695 738 751 et
770 690 1070 767 praeclaro
1107 710 1217 753 suo
1250 690 1532 768 exemplo
1586 688 1724 751 aliis
1758 689 1835 750 ad
1868 689 2027 752 idem
2072 689 2416 752 faciendum
2466 692 2655 771 praei-

240 776 453 851 visse?
543 785 904 862 Quinetiam
957 793 1229 850 testatur
1288 786 1592 867 Historia,
1647 785 2006 867 priusquam
2056 807 2345 867 magnum
2379 789 2653 852 Lutheri

241 904 463 947 nomen
496 882 561 945 in
599 883 887 946 Helvetia
937 885 1331 967 innotuisset,
1387 885 1592 947 Deum
1633 885 1765 963 jam
1815 884 1967 947 lucis
2004 905 2127 948 suae
2159 885 2425 948 coelestis
2459 887 2650 949 radiis

243 979 503 1043 Terram
535 988 800 1044 vestram
836 983 1247 1058 collustrasse,
1277 983 1553 1045 excitato
1584 982 1664 1044 ad
1692 981 1756 1044 id
1791 1002 2027 1044 summo
2060 990 2124 1046 et
2154 1003 2462 1061 nunquam
2494 984 2648 1048 satis

239 1078 494 1141 laudato
526 1079 645 1142 Dei
671 1078 830 1141 Viro
863 1081 1190 1143 Huldrico
1220 1079 1536 1163 Zm'nylz'o,
1572 1080 1677 1160 qui
1706 1079 2156 1143 ferventissimo
2192 1080 2342 1155 zelo,
2379 1090 2444 1145 et
2475 1082 2650 1145 hero-

238 1175 338 1239 ica
365 1177 550 1255 plane
574 1177 805 1240 virtute
839 1198 1057 1257 purum
1093 1176 1212 1241 Dei
1239 1177 1517 1240 Verbum
1549 1177 1860 1257 intrepide
1889 1178 2298 1257 praedicaudo,
2323 1186 2388 1241 et
2411 1179 2652 1259 impuro

241 1271 549 1337 Monacho
600 1275 1013 1339 Franciscano
1058 1277 1359 1338 Sam-soni
1387 1276 1570 1351 dicto,
1628 1274 1829 1339 Roma
1856 1276 1935 1338 ad
1968 1276 2190 1338 foedam
2227 1275 2651 1357 Indulgentia-

238 1392 373 1434 rum
427 1372 931 1435 nundinationem
980 1374 1185 1447 miss0‚
1237 1373 1505 1437 mascule
1542 1394 1608 1437 se
1642 1374 2024 1454 opponendo,
2075 1374 2298 1436 mirum
2350 1383 2650 1453 quantum

239 1470 490 1535 coelesto
538 1471 654 1533 hoc
706 1469 876 1549 Opus
910 1472 1075 1549 apud
1113 1470 1243 1533 Vos
1286 1471 1589 1533 stabilivit
1620 1478 1685 1534 et
1714 1472 2017 1552 provexit.
2139 1472 2316 1548 Quod
2371 1473 2648 1535 divinum

241 1574 621 1643 πλεονέκτημα
657 1568 925 1630 Piissimi
968 1568 1238 1648 Majores
1277 1568 1494 1631 Vestri
1526 1576 1706 1631 tanto
1739 1569 1963 1645 studio,
1999 1577 2302 1650 tantoque
2332 1591 2469 1633 cum
2505 1592 2644 1635 suc-

240 1685 417 1729 cessu
485 1673 943 1741 conservarunt,
993 1667 1057 1729 in
1107 1667 1171 1728 id
1221 1667 1408 1730 etiam
1461 1673 1869 1731 concurrente
1930 1668 2235 1730 indefessa
2288 1666 2645 1731 Venerandi

239 1762 575 1826 Ministerii
624 1763 840 1826 Vestri
897 1764 1234 1845 vigilantia,
1288 1772 1352 1828 et
1403 1764 1953 1828 Celeberrimorum
2007 1786 2076 1826 ac
2135 1764 2648 1828 Doctissimorum

239 1860 685 1942 Theologorum
723 1861 1090 1924 Vestrorum
1141 1863 1272 1924 zelo
1322 1863 1731 1943 sanctissimo,
1788 1862 1891 1941 qui
1941 1870 2074 1923 tum
2110 1862 2248 1924 viva
2296 1883 2460 1939 voce,
2513 1871 2648 1927 tum

237 1959 492 2038 scriptis
542 1959 924 2022 solidissimis
954 1961 1106 2023 nihil
1142 1961 1498 2035 omiserunt,
1537 1967 1608 2021 ut
1643 1960 1979 2022 Erroribus
2015 1960 2329 2040 quibusvis
2361 1981 2646 2041 grassan-

235 2056 406 2118 tibus
458 2062 708 2119 strenue
756 2077 821 2119 se
860 2065 1275 2138 opponereut3
1326 2078 1520 2137 usque
1570 2058 1744 2134 adeo,
1787 2065 1858 2119 ut
1895 2058 2346 2137 qualescunque
2398 2060 2646 2121 Satanae

235 2154 471 2217 fuerint
524 2161 803 2236 conatus,
864 2155 942 2217 ad
980 2154 1297 2217 Doctrinae
1350 2155 1687 2233 puritatem
1739 2155 2147 2229 inficiendam,
2201 2154 2366 2216 nulla
2418 2162 2643 2232 tamen,

238 2252 537 2330 peculiari
592 2262 657 2315 et
709 2253 920 2332 paucis
974 2273 1264 2316 concessa
1306 2252 1428 2314 Dei
1474 2253 1698 2333 gratia,
1743 2252 1838 2314 vel
1869 2251 2122 2313 minima
2160 2253 2350 2328 labeS,
2397 2253 2462 2314 in
2511 2276 2644 2317 eam

240 2348 603 2428 irrepserit3
655 2351 760 2413 sed
789 2351 1036 2432 integra
1068 2358 1134 2414 et
1166 2349 1408 2412 illibata
1438 2370 1679 2429 semper
1707 2349 2024 2425 manserit,
2062 2351 2343 2429 quodque
2377 2372 2414 2413 a.
2444 2352 2645 2415 Patri-

237 2447 355 2509 bus
386 2447 516 2509 suis
536 2448 667 2526 jam
698 2456 1062 2529 acceperant
1092 2447 1451 2529 praeclarum
1499 2446 1887 2527 Depositum,
1927 2447 2380 2529 religiosissime
2413 2469 2649 2513 summa

234 2565 374 2609 cum
409 2546 592 2610 laude
622 2557 1065 2623 conservatum,
1097 2546 1177 2609 ad
1211 2544 1344 2609 Vos
1375 2546 1562 2610 etiam
1591 2545 1858 2610 fideliter
1887 2546 2363 2611 transmiserint.

333 2644 534 2720 Quam
561 2646 803 2709 laudem
834 2653 899 2709 et
932 2646 1207 2726 gloriam,
1242 2653 1509 2708 vestram
1545 2645 1733 2708 etiam
1764 2666 1898 2709 esse
1937 2645 2239 2726 voluistis,
2274 2646 2644 2710 PROCERES

236 2742 697 2820 Ammssmx,
759 2765 881 2807 non
939 2744 1119 2807 modo
1175 2743 1687 2823 pretiosissimum
1738 2743 1854 2806 hoc
1908 2750 2181 2817 κειμήλιον
2232 2764 2360 2824 prae
2400 2747 2644 2809 caeteris

235 2841 521 2904 omnibus
575 2841 1078 2922 magnifaciendo,
1114 2842 1223 2906 sed
1282 2848 1347 2905 et
1402 2841 1898 2905 constantissime
1948 2842 2292 2918 retinendo,
2327 2844 2485 2905 fidos
2522 2844 2643 2908 Ec-

236 2939 438 3002 clesiae
496 2940 815 3020 nutritioS,
867 2940 1234 3003 fortissimos
1282 2941 1457 3002 bonae
1521 2960 1720 3003 causae
1760 2938 2077 3016 Vindices,
2137 2947 2203 3003 et
2239 2940 2644 3004 Orthodoxiae

238 3035 539 3100 Custodes
572 3038 993 3100 tenacissimos
1029 3038 1161 3101 Vos
1194 3038 1560 3118 exhibendo,
1589 3038 1743 3100 nihil
1768 3038 2077 3117 antiquius
2107 3039 2426 3114 habentes,
2464 3059 2644 3117 quam

239 3140 312 3195 nt
335 3139 659 3206 ὑποτύπωσις
680 3145 1015 3219 ὑγιαινόντων
1043 3145 1238 3219 λόγων,
1264 3143 1327 3198 et
1348 3135 1615 3214 purioris
1639 3134 1978 3208 Doctrinae,
2003 3155 2137 3212 quae
2160 3136 2460 3198 hactenus
2481 3136 2646 3198 iuter

241 3230 374 3294 Vos
428 3232 644 3314 viguit,
713 3234 1074 3314 simplicitas
1128 3234 1497 3297 intemerata
1552 3237 1966 3295 conservetur.
2069 3231 2245 3307 Quod
2303 3238 2376 3293 ut
2407 3232 2645 3296 facilius

237 3331 482 3413 assequi
536 3332 820 3412 possetis,
878 3353 998 3395 non
1058 3334 1238 3395 modo
1295 3330 1647 3394 teterrimos
1697 3330 1977 3404 ErroreS,
2014 3334 2079 3391 et
2131 3330 2324 3393 foedas
2357 3330 2643 3407 haereseS‚

237 3448 372 3508 quae
408 3450 514 3493 cor
549 3429 749 3510 ipsum
782 3429 977 3504 Fidei,
1012 3437 1079 3494 et
1142 3429 1374 3493 Salutis
1429 3429 1896 3491 fundamentum
1930 3434 2175 3516 petunt,
2212 3428 2643 3511 profligandas,

236 3533 302 3589 et
336 3526 516 3607 nigro
549 3529 726 3590 theta
751 3528 1052 3592 notandas
1089 3535 1301 3591 sancte
1328 3527 1653 3591 censuistis
1682 3548 1703 3608 ;
1758 3526 1866 3590 sed
1896 3527 2084 3589 etiam
2114 3527 2379 3591 novitias
2413 3550 2641 3610 omnes,

235 3631 301 3686 et
330 3625 689 3706 peregrinas
735 3626 1050 3690 doctrinas
1073 3647 1110 3688 a
1136 3631 1287 3707 τύπῳ
1324 3632 1562 3708 διδαχῆς
1597 3631 1780 3686 antea
1810 3624 2059 3686 traditae
2094 3625 2468 3701 recedentes,
2507 3648 2642 3706 quae

237 3721 385 3784 alibi
408 3725 623 3786 turbas
654 3724 975 3799 dederunt,
1004 3745 1043 3786 a
1074 3724 1298 3788 finibus
1332 3723 1554 3786 vestris
1585 3724 1881 3786 arcendas
1934 3722 2356 3787 laudatissimo
2391 3725 2645 3787 consilio

224 3819 580 3898 judicastis,
616 3828 687 3883 ut
720 3843 930 3886 omnes
958 3823 1171 3886 eadem
1230 3822 1584 3886 incedentes
1639 3821 1850 3902 regula
1902 3820 2065 3884 idem
2116 3822 2345 3884 sentire
2379 3829 2444 3885 et
2477 3823 2646 3901 loqui

234 3927 611 3982 assuescant.
715 3922 929 4000 Atque
990 3921 1123 3984 haec
1175 3920 1312 4001 ipsa
1361 3920 1523 3981 ratio
1564 3920 1700 3999 jam
1757 3939 2039 3982 securum
2096 3940 2195 3981 me
2247 3938 2381 3981 esse
2437 3919 2642 3997 jubet,

236 4017 719 4098 qualemcunque
752 4020 916 4082 hunc
949 4018 1220 4082 laborem
1270 4038 1470 4081 meum
1536 4038 1575 4080 a
1628 4015 2154 4079 M.M.A.A.V.V.
2207 4017 2498 4079 benevole
2533 4037 2646 4080 ex-

236 4121 481 4193 ceptum
518 4116 614 4177 iri.
717 4115 795 4178 In
831 4137 953 4196 quo
987 4117 1214 4197 quippe
1243 4117 1308 4179 id
1340 4136 1529 4177 unum
1579 4113 1730 4176 mihi
1786 4135 1914 4195 prae
1950 4115 2192 4178 caeteris
2227 4113 2535 4194 proposui,
2572 4123 2645 4176 ut

237 4210 602 4275 Doctrinam
655 4214 1101 4289 Orthodoxam,
1139 4236 1320 4295 quam
1377 4234 1455 4277 ex
1508 4212 1715 4276 Sacrae
1774 4212 2111 4292 Scripturae
2144 4211 2438 4284 fontibus,
2466 4219 2531 4274 et
2565 4233 2644 4275 ex

237 4307 750 4374 Doctissimorum
790 4311 1238 4394 Theologorum
1274 4312 1646 4376 Vestrorum
1668 4317 1734 4373 et
1761 4311 2136 4375 Nostrorum
2161 4308 2425 4372 lectione
2446 4310 2641 4387 hausi,

237 4406 501 4472 fideliter
559 4411 887 4486 traderem,
944 4431 1055 4474 nec
1115 4413 1193 4473 ab
1250 4431 1323 4474 ea
1379 4416 1678 4490 quantum
1727 4411 1861 4473 fieri
1896 4414 2127 4489 posset,
2167 4406 2271 4471 vel
2304 4406 2496 4470 latum
2531 4431 2636 4471 un·

234 4523 411 4584 guem
466 4508 856 4581 recederem3
911 4508 1004 4571 Ut
1062 4510 1155 4572 vel
1210 4510 1356 4572 hinc
1406 4515 1651 4572 constet
1708 4507 1873 4588 apud
1929 4526 2138 4569 omnes
2190 4506 2265 4570 de
2298 4527 2439 4571 vero
2472 4506 2642 4572 Doc-

235 4602 413 4666 trinae
448 4614 680 4671 nostrae
716 4627 854 4670 cum
908 4606 1143 4672 Vestra
1174 4627 1490 4672 consensu.
1592 4606 1716 4669 Sed
1771 4625 1891 4667 non
1948 4603 2173 4668 desunt
2207 4605 2342 4669 aliae
2371 4604 2642 4668 rationes

2297 4797 2328 4853 b
