3221 5200
254 378 483 430 ouresr.
516 357 606 440 v.]
1102 371 1107 374 ’
1143 375 1220 417 nn
1250 375 1501 417 scensas
1530 375 1793 418 enarre..
2055 330 2058 333 Α
2562 363 2675 419 175

258 521 322 579 ἰιι
349 540 429 594 se,
461 519 565 578 sed
594 517 1026 577 intentionaliter
1051 517 1112 575 in
1140 516 1372 577 decreto
1403 517 1531 594 Dei,
1582 517 1838 594 objective
1879 520 1940 578 in
1966 518 2444 595 promissionibus
2471 518 2672 599 Verbi,

260 610 321 660 et
338 600 454 659 fide
475 600 732 672 Petrum,
764 597 942 673 typice
968 596 1031 655 in
1056 597 1444 657 sacramentis
1471 607 1530 657 et
1562 596 1891 659 Sacrificiis.
1961 601 2020 657 4.
2053 599 2207 657 Dato
2234 617 2351 657 non
2379 619 2672 675 concesse,

261 680 442 739 verba
469 679 552 738 ita
580 697 709 738 esse
737 675 1096 754 exponenda,
1127 696 1244 735 non
1271 676 1421 754 perit
1448 678 1541 736 vis
1567 679 1911 755 argumenti,
1935 677 2074 756 quia
2092 698 2262 737 nemo
2281 686 2474 756 potest
2501 681 2675 740 scribi

261 759 323 817 in
349 759 500 818 libro
528 757 685 834 vitae,
716 756 830 815 nisi
856 756 916 813 in
946 755 1176 815 Christo
1203 765 1454 816 mactato
1483 777 1588 816 seu
1615 768 1797 817 morte
1826 759 1972 836 ejus.

866 835 1047 893 XIV.
1079 835 1312 912 Quart0,
1346 836 1496 910 Quia
1522 836 1726 897 eadem
1753 846 1843 897 est
1869 837 2177 914 utrobique
2208 837 2467 900 Condicio
2494 839 2671 900 foede-

279 904 324 950 4·
348 903 724 1008 {Jnggfflssoe
784 915 882 991 ris,
928 914 1052 974 scil.
1082 917 1251 994 fides,
1295 935 1399 993 per
1445 935 1620 992 quam
1669 918 1914 977 salutem
1961 917 2369 994 obtinuerunt;
2412 927 2572 997 patet
2612 921 2673 980 in

788 994 1141 1071 Abrahamo,
1162 995 1332 1072 cujus
1357 994 1504 1054 fides
1532 995 1608 1054 ad
1628 996 1919 1074 justitiam
1947 995 2162 1056 dicitur
2186 997 2487 1075 imputata,
2520 1000 2670 1060 Gen.

259 1097 361 1136 xv.
391 1080 446 1151 6,
498 1083 559 1135 et
604 1094 734 1152 quae
781 1074 950 1133 nobis
995 1074 1056 1132 in
1104 1075 1434 1153 exemplum
1481 1076 1837 1152 proponitur,
1892 1077 2061 1135 Rom.
2088 1076 2169 1135 iv.
2203 1080 2296 1153 11,
2340 1085 2399 1136 et
2427 1079 2560 1138 Gal.
2588 1080 2671 1139 iii.

260 1160 316 1233 6,
350 1160 405 1233 7,
437 1159 491 1233 8,
523 1156 584 1214 in
615 1153 862 1228 Davide,
895 1154 991 1213 ΡΒ.
1023 1154 1178 1213 cxvi.
1213 1157 1305 1230 10,
1356 1154 1524 1214 colla.
1571 1174 1705 1214 cum
1753 1160 1789 1215 2
1821 1157 1952 1216 Cor.
1981 1156 2060 1215 iv.
2094 1159 2187 1232 13,
2237 1157 2298 1215 in
2339 1157 2670 1235 Veteribus,

259 1255 507 1313 quorum
532 1234 679 1293 fides
706 1233 1030 1293 celebratur
1059 1233 1212 1293 Heb.
1242 1234 1324 1293 xi.
1352 1254 1457 1311 per
1484 1242 1688 1294 totum.
1791 1236 1882 1294 Eo
1909 1235 2157 1313 pertinet
2183 1236 2340 1313 quod
2363 1237 2588 1297 Habac.
2610 1239 2671 1297 ii.

258 1319 317 1392 4,
348 1315 561 1375 dicitur
586 1314 628 1373 J
635 1319 799 1372 ustus
826 1333 902 1372 ex
929 1313 1043 1372 fide
1071 1313 1289 1389 vivere,
1334 1314 1438 1374 ubi
1485 1334 1602 1373 non
1645 1322 1870 1374 tantum
1917 1315 1986 1374 fit
2028 1315 2246 1375 mentio
2271 1315 2425 1392 fidei,
2469 1317 2574 1376 sed
2613 1327 2675 1378 et

252 1394 705 1472 justificationis,
735 1413 772 1450 a
796 1392 912 1452 fide
941 1412 1251 1471 suspensae,
1286 1393 1397 1453 Ro.
1426 1393 1465 1452 i.
1499 1396 1591 1453 17.
1639 1393 1812 1454 Unde
1843 1395 2051 1454 Petrus
2078 1404 2323 1455 testatur
2351 1397 2672 1475 Prophetas

262 1474 494 1534 Christo
515 1472 907 1533 testimonium
934 1472 1252 1549 perhibere,
1282 1473 1440 1550 quod
1470 1475 1506 1507 “
1522 1473 1918 1533 remissionem
1939 1484 2305 1553 peccatorum
2332 1484 2674 1555 accepturus

260 1554 355 1630 sit,
386 1553 650 1632 quisquis
687 1552 749 1610 in
775 1552 965 1630 ipsum
994 1552 1359 1629 crediderit,”
1403 1552 1541 1613 Act.
1570 1573 1630 1614 x.
1673 1557 1771 1613 43.
1856 1554 1912 1613 N
1914 1573 1980 1613 ec
2027 1554 2219 1632 excipi
2261 1563 2453 1633 potest
2497 1556 2674 1616 fidem

261 1633 542 1694 Veterum
570 1652 697 1693 esse
726 1632 1054 1709 generalem
1082 1632 1143 1690 in
1172 1633 1381 1708 Deum,
1405 1652 1521 1692 non
1542 1633 1851 1712 specialem
1873 1633 1936 1691 in
1963 1634 2256 1694 Christum
2289 1635 2672 1714 Servatorem‚

257 1715 400 1790 quia
445 1711 792 1772 contrarium
840 1719 1000 1789 patet
1046 1732 1122 1771 ex
1168 1712 1364 1773 variis.
1451 1716 1504 1771 1.
1550 1713 1729 1772 Fides
1764 1714 1926 1773 nulla
1971 1722 2162 1791 potest
2207 1734 2334 1773 esse
2383 1716 2671 1792 salutaris,

259 1793 375 1852 nisi
402 1793 619 1852 nitatur
647 1790 896 1851 Christo.
980 1796 1038 1865 2,
1083 1792 1172 1851 De
1199 1791 1314 1851 fide
1342 1793 1551 1870 agitur,
1594 1812 1712 1869 qua
1753 1793 1942 1852 Deum
1984 1803 2362 1870 respexerunt
2387 1802 2454 1854 ut
2483 1795 2673 1855 Deum

257 1893 447 1949 suum,
474 1871 629 1931 Heb.
650 1871 751 1946 xi.,
775 1877 835 1930 et
850 1872 1060 1930 coelum
1087 1880 1153 1930 ut
1173 1871 1416 1949 patriam
1441 1894 1457 1931 ε
1500 1873 1587 1932 At
1612 1874 1724 1932 hoc
1751 1892 1868 1932 non
1896 1881 2088 1950 potest
2113 1872 2239 1931 fieri
2267 1872 2393 1933 sine
2423 1874 2671 1936 Christo.

259 1956 318 2012 3.
363 1954 455 2012 De
481 1951 596 2011 fide
624 1970 741 2028 qua
768 1950 1061 2010 Christum
1108 1951 1298 2029 ipsum
1342 1960 1691 2029 spectarunt,
1736 1961 1796 2012 et
1843 1952 2213 2030 opprobrium
2254 1954 2381 2031 ejus
2407 1955 2676 2016 omnibus

256 2031 545 2092 thesauris
571 2029 963 2109 praetulerunt,
993 2050 1052 2089 v.
1082 2034 1180 2090 26.
1229 2087 1236 2095 .
1261 2034 1319 2091 4.
1364 2031 1706 2092 Mandatum
1733 2031 1870 2093 fidei
1897 2032 1959 2090 in
2008 2031 2300 2092 Christum
2345 2053 2464 2092 non
2503 2035 2679 2096 modo

259 2112 548 2190 generale,
579 2110 683 2170 sed
711 2117 771 2169 et
798 2109 1046 2187 speciale
1073 2110 1319 2170 habetur
1343 2111 1407 2169 in
1433 2112 1568 2171 Vet.
1598 2112 1777 2188 Test.,
1809 2111 2000 2172 Exod.
2030 2112 2196 2172 xxiii.
2227 2115 2322 2188 20,
2354 2117 2452 2188 21,
2495 2115 2672 2177 Deut.

259 2191 428 2251 xviii.
463 2193 554 2267 18,
590 2192 683 2265 19,
729 2189 827 2248 Ps.
857 2188 917 2248 ii.
952 2191 1043 2264 12,
1090 2191 1171 2249 Is.
1200 2190 1303 2250 liii.
1339 2193 1390 2266 1,
1422 2193 1494 2266 53
1538 2191 1588 2250 si
1617 2211 1732 2251 non
1760 2201 1915 2252 esset
1958 2192 2160 2251 eadem
2206 2191 2353 2252 fides
2393 2194 2674 2254 Veterum

258 2291 393 2331 cum
420 2279 635 2347 nostra,
666 2270 814 2327 male
842 2268 1012 2328 nobis
1039 2269 1318 2329 imitanda
1344 2280 1775 2348 proponeretur,
1807 2271 1962 2331 Heb.
1991 2271 2094 2329 xii.
2119 2274 2169 2346 1,
2194 2275 2250 2347 2,
2284 2272 2453 2332 Rom.
2476 2273 2555 2332 iv.
2580 2277 2672 2351 12,

258 2372 371 2411 nee
399 2350 541 2411 satis
568 2349 752 2410 solide
783 2348 1001 2408 Paulus
1027 2350 1418 2426 argumentari
1444 2357 1642 2428 posset
1669 2370 1704 2409 a
1720 2350 1834 2411 fide
1858 2351 2050 2410 Patris
2077 2351 2432 2412 credentium
2461 2362 2520 2413 et
2546 2355 2676 2433 ejus

249 2430 669 2510 justificatione
696 2427 772 2489 ad
797 2436 1071 2504 nostram,
1104 2429 1237 2489 Gal.
1266 2429 1346 2489 iii.
1376 2438 1436 2489 et
1464 2430 1634 2488 Rom.
1664 2430 1744 2490 iv.

823 2507 969 2567 XV.
990 2508 1222 2585 Quint0,
1249 2509 1398 2583 Quia
1414 2509 1630 2568 eaedem
1649 2508 1801 2587 datae
1818 2517 1953 2570 sunt
1963 2509 2264 2570 nobiscum
2275 2511 2676 2588 promissiones

784 2587 1129 2681 spirituales,
1176 2609 1503 2668 quanquam
1553 2610 1706 2669 saepe
1749 2591 1857 2651 sub
1884 2590 2018 2650 velo
2044 2599 2105 2651 et
2131 2591 2342 2652 cortice
2389 2602 2675 2673 tempora-

192 2720 193 2723 ,
784 2668 926 2727 hum
951 2691 966 2728 ε
1008 2676 1168 2747 patet
1217 2673 1266 2728 l.
1298 2671 1370 2728 In
1391 2690 1595 2747 ρατιονε
1622 2671 1814 2748 quoad
1842 2671 2251 2749 promissiones
2278 2692 2354 2731 ex
2382 2672 2520 2734 Act.
2549 2675 2674 2734 xiii.

258 2751 360 2824 32,
388 2748 538 2807 vobis
558 2748 1015 2825 evanqelimmus,
1039 2749 1229 2826 inquit
1248 2749 1480 2826 Paulus,
1503 2751 1931 2827 promissionem
1942 2755 2170 2828 factam
2195 2754 2464 2813 Patribus
2474 2779 2498 2827 ,·
2518 2755 2673 2815 unde

338 2836 422 2887 tet
449 2827 836 2906 Evangelium
878 2848 915 2887 a
956 2829 1140 2889 Paulo
1181 2829 1558 2907 praedicatum
1597 2851 1716 2891 non
1743 2831 1902 2891 aliud
1929 2832 2106 2891 fuisse
2135 2853 2172 2892 a
2195 2833 2675 2910 promissionibus

254 2848 535 2966 ffltribus
563 2907 747 2982 factis,
797 2928 980 2985 eoque
1028 2908 1217 2986 magis
1260 2909 1418 2986 quod
1461 2911 1680 2970 Paulus
1720 2911 2164 2988 promissionum
2191 2932 2381 2990 praeco
2408 2913 2674 2973 fidelissi-

255 3006 393 3046 mus
418 2987 566 3045 nihil
592 2986 790 3047 docuit
830 2996 997 3047 extra
1036 3009 1106 3048 ea
1146 3009 1277 3066 quae
1321 2989 1518 3049 Moses
1546 2998 1606 3049 et
1636 2991 1940 3069 Prophetae
1969 2991 2307 3067 docuerunt,
2340 2992 2478 3052 Act.
2507 2995 2672 3054 xxvi.

256 3068 337 3125 In
363 3067 541 3143 specie
588 3066 1019 3127 benedictiones
1067 3068 1396 3146 spirituales
1443 3069 1709 3145 quaedam
1757 3069 2027 3129 fidelibus
2071 3071 2444 3130 conferuntur
2489 3072 2550 3130 in
2600 3073 2673 3133 N.

255 3147 441 3221 Test.,
472 3166 602 3223 quse
644 3148 768 3223 Jam
797 3149 1096 3224 promissas
1145 3147 1378 3207 fuerunt
1417 3156 1479 3206 et
1506 3147 1656 3207 datae
1685 3147 2039 3223 Abraham0,
2072 3148 2208 3208 Act.
2238 3149 2319 3208 iii.
2349 3153 2445 3226 25,
2477 3154 2573 3225 26,
2618 3161 2678 3212 et

256 3226 397 3287 Gal.
427 3226 508 3285 iii.
538 3228 594 3302 8,
627 3227 682 3302 9,
722 3235 789 3286 ut
815 3228 1064 3304 Spiritus
1089 3228 1151 3286 S.
1199 3226 1434 3302 donum,
1487 3227 1682 3287 Galat.
1712 3227 1792 3286 iii.
1828 3230 1920 3302 14,
1965 3228 2176 3287 Ezech.
2207 3228 2417 3288 xxxvi.
2446 3233 2542 3304 26,
2574 3234 2670 3307 27,

247 3305 597 3385 justificatio
624 3314 684 3365 et
710 3307 961 3365 remissio
977 3316 1359 3384 peccatorum,
1394 3306 1542 3366 Gen.
1573 3327 1675 3368 xv.
1707 3309 1761 3381 6,
1795 3306 1949 3366 Psal.
1978 3307 2167 3367 xxxii.
2203 3311 2253 3382 1,
2287 3308 2367 3366 Is.
2397 3309 2544 3368 xliii.
2574 3314 2672 3387 25,

252 3388 304 3448 J
306 3405 480 3444 erem.
529 3385 696 3444 xxxi.
728 3388 823 3462 33,
876 3385 1012 3445 Act.
1043 3407 1103 3446 x.
1132 3390 1229 3462 43,
1273 3387 1653 3466 sanctificatio,
1704 3387 1877 3446 Deut.
1927 3407 2072 3444 xxx.
2104 3390 2159 3462 6,
2204 3387 2417 3446 Ezech.
2463 3390 2672 3450 xxxvi.

252 3468 356 3540 26,
389 3466 485 3524 Ps.
513 3465 576 3524 li.
611 3468 702 3541 12,
748 3466 865 3525 vita
912 3475 1140 3542 esterna,
1187 3474 1312 3526 tum
1351 3486 1425 3526 ex
1459 3467 1835 3543 promissione
1865 3468 2156 3543 saederali,
2203 3468 2266 3525 in
2309 3488 2425 3545 qua
2452 3468 2672 3529 includi

254 3546 441 3605 vitam
472 3553 743 3604 :eternam
766 3554 826 3604 et
852 3546 1328 3606 resurrectionem
1355 3546 1572 3607 invicte
1600 3546 1798 3606 docuit
1827 3546 2106 3622 Christus,
2139 3547 2309 3607 Matt.
2339 3549 2504 3626 xxii„
2549 3558 2672 3609 tum

251 3645 333 3687 ex
361 3626 685 3684 Izoereditate
711 3645 840 3703 quae
869 3624 1205 3685 Abrahamo
1234 3634 1293 3685 et
1321 3626 1526 3686 semini
1552 3628 1683 3705 ejus
1710 3626 1847 3686 data
1886 3635 1993 3703 est,
2035 3645 2166 3704 quae
2205 3648 2324 3687 non
2351 3629 2466 3687 alia
2505 3637 2597 3689 est
2636 3650 2672 3689 a

252 3705 381 3765 vita
422 3713 652 3780 aeterna,
698 3705 830 3763 Gal.
860 3704 950 3763 iii.
977 3708 1069 3781 18,
1102 3706 1256 3765 Heb.
1285 3706 1367 3764 ix.
1403 3708 1495 3781 15,
1539 3727 1615 3766 ex
1643 3707 1861 3765 civitate
1907 3726 2032 3783 quoe
2073 3708 2238 3766 habet
2264 3711 2664 3786 fiandamenta,

251 3793 315 3845 et
344 3784 530 3861 patria
557 3784 777 3843 coelesti
804 3804 976 3862 quam
1006 3793 1384 3862 expectamnt
1411 3787 1632 3860 Patres,
1666 3786 1820 3845 Heb.
1850 3786 1930 3845 xi.
1965 3788 2057 3861 10,
2101 3806 2177 3845 ex
2203 3788 2326 3846 vita
2367 3808 2497 3865 quae
2535 3809 2667 3866 pro·

251 3863 505 3923 mittitur
531 3863 916 3940 credentibus,
944 3865 1058 3924 Isa.
1080 3865 1162 3923 lv.
1183 3868 1238 3941 3,
1268 3865 1405 3924 hinc
1426 3866 1469 3925 J
1471 3866 1565 3925 ob.
1588 3865 1739 3943 (xix.
1762 3864 1888 3944 25,)
1913 3866 2023 3924 scit
2040 3865 2483 3944 Redemptorem
2498 3887 2666 3927 suum

251 3944 474 4017 vivere,
508 3942 705 4001 David
745 3942 817 4002 de
859 3944 1273 4004 resurrectione
1316 3964 1422 4003 sua
1461 3952 1521 4004 et
1546 3944 1670 4004 vita
1696 3963 2004 4022 persuasus
2032 3953 2137 4019 est,
2170 3945 2267 4003 ΡΒ.
2296 3945 2437 4019 xvi„
2474 3948 2566 4022 10,
2609 3955 2669 4006 et

255 4023 404 4082 xxii.
434 4025 530 4098 26,
564 4022 792 4098 Daniel,
825 4022 953 4101 (xii.
989 4027 1040 4099 1,
1071 4023 1156 4103 2,)
1187 4024 1662 4083 resurrectionem
1690 4024 1766 4083 ad
1793 4023 1973 4082 vitam
2002 4031 2272 4082 aeternam
2301 4032 2585 4100 expectat.

338 4102 521 4161 XVI.
565 4103 698 4161 Non
745 4110 939 4179 potest
981 4103 1189 4181 excipi,
1258 4106 1310 4161 1.
1341 4103 1546 4178 Quoad
1588 4102 2000 4181 promissiones
2044 4101 2116 4160 de
2162 4102 2391 4162 Christo
2440 4103 2501 4161 in
2529 4104 2665 4164 Vet.

256 4182 436 4257 Test.,
466 4181 632 4241 datas
660 4182 894 4259 quidem
915 4182 1094 4242 fuisse
1113 4182 1401 4257 Patribus,
1422 4182 1526 4242 sed
1552 4203 1671 4242 non
1698 4202 1802 4259 pro
1826 4180 2114 4255 Patribus,
2146 4181 2251 4240 sed
2274 4202 2381 4259 pro
2396 4181 2668 4243 fidelibus

258 4260 332 4320 N.
361 4262 737 4336 Testamenti,
785 4269 852 4321 ut
898 4262 1307 4340 promissiones
1348 4262 1689 4321 Vocationis
1718 4262 1996 4321 Gentium
2023 4260 2310 4320 dabantur
2335 4261 2665 4340 Veteribus,

258 4340 362 4399 sed
405 4360 510 4418 pro
556 4340 914 4418 temporibus
953 4349 1180 4401 tantum
1229 4342 1303 4401 N.
1333 4343 1587 4402 Testam.
1671 4340 1820 4415 Quia
1860 4339 2175 4400 absurdum
2215 4349 2306 4399 est
2348 4341 2667 4419 Prophetas

257 4420 403 4479 tales
443 4420 855 4498 promissiones
903 4420 1133 4481 dedisse
1180 4421 1467 4497 fidelibus,
1519 4428 1579 4480 et
1625 4419 1828 4479 fideles
1855 4440 1955 4479 eas
1983 4419 2295 4495 audivisse,
2325 4428 2385 4480 et
2412 4422 2525 4481 sibi
2552 4442 2669 4482 non

256 4500 595 4577 applicasse,
645 4521 778 4560 cum
824 4500 1031 4561 iisdem
1077 4501 1264 4577 malis,
1315 4501 1529 4579 quibus
1555 4500 1657 4558 alii
1683 4520 1788 4578 pro
1815 4499 2027 4578 quibus
2054 4509 2456 4577 supponuntur
2480 4500 2664 4580 factae,

256 4588 665 4655 premerentur,
696 4588 755 4640 et
782 4580 985 4640 eodem
1012 4581 1252 4659 perinde
1291 4588 1528 4659 egerent
1567 4578 1840 4639 remedio·
1925 4580 2071 4639 Cum
2111 4578 2263 4639 enim
2292 4579 2368 4639 ad
2394 4582 2671 4659 populum

258 4667 509 4717 veterem
540 4660 919 4735 mitterentur,
950 4670 1016 4721 ut
1042 4681 1143 4720 eos
1170 4661 1230 4719 in
1259 4680 1420 4738 spem
1448 4658 1682 4720 venturi
1709 4659 1942 4719 Messiae
1970 4667 2030 4719 et
2057 4657 2260 4719 salutis
2285 4680 2390 4738 per
2414 4681 2547 4720 eum
2575 4682 2668 4721 ac-

256 2576 308 2624 5.
338 2576 420 2623 Ab
471 2575 742 2624 Identitate

309 2635 694 2694 promissionum.
