3221 5200
529 396 605 453 22
688 426 691 429 ¹
1442 406 1623 448 Locus
1654 407 2011 449 monemus.
2567 385 2819 467 [Qua-:sm
2849 406 2936 446 111.

530 551 797 629 etpraoei
833 549 1006 626 ipsius
1036 547 1250 608 Christi
1277 556 1336 607 et
1365 546 1798 626 Apostolorum,
1829 547 1929 626 qui
1959 567 2074 609 non
2101 567 2231 606 raro
2265 547 2568 625 jurarunt3
2612 548 2719 607 sed
2742 567 2933 607 secun·

532 636 665 691 dum
694 632 845 707 quid,
876 630 947 688 de
969 630 1314 707 juramentis
1341 629 1661 687 temerariis
1689 639 1747 687 et
1773 629 2021 695 levibus,
2051 629 2148 687 vel
2177 628 2468 704 conceptis
2494 647 2599 705 per
2624 636 2933 703 creaturas,

531 713 602 770 de
626 712 835 789 quibus
856 710 1115 767 hocloco
1144 709 1441 785 agebatur.
1513 708 1682 783 Quod
1703 709 1901 767 addita
1921 708 2188 786 exegesis
2209 708 2361 766 clare
2390 707 2622 784 evincit,
2653 727 2832 786 quum
2855 709 2936 768 ait

528 812 643 850 non
670 792 992 866 jurandum
1019 809 1133 848 esse
1159 789 1397 864 omnino,
1427 808 1536 847 nec
1572 809 1688 864 per
1713 790 1924 864 caelum,
1953 809 2062 847 nec
2092 809 2206 865 per
2234 798 2463 862 terram,
2495 787 2604 847 &a
2634 787 2713 846 id.
2743 788 2935 847 nullas

531 870 667 930 talis
705 868 1020 947 juramenti
1060 888 1362 946 perversas
1391 868 1684 944 formulas,
1716 887 1846 944 quse
1873 868 1934 926 in
1962 888 2074 928 usu
2100 876 2264 927 erant
2292 868 2446 946 apud
2474 869 2517 927 J
2521 868 2735 942 udseos,
2765 887 2932 926 usur-

527 950 750 1029 pandas
788 969 932 1024 esse,
977 969 1121 1025 quas
1162 948 1469 1025 complexu
1510 949 1766 1024 generali
1809 948 2044 1007 damnat
2070 949 2115 1007 J
2118 948 2350 1024 acobus,
2381 968 2506 1025 cap.
2537 968 2594 1006 v.
2629 952 2721 1022 12,
2753 967 2932 1024 quum

532 1030 713 1106 addit,
757 1050 862 1089 nec
890 1030 1055 1088 aliud
1093 1030 1323 1106 quodvis
1345 1031 1772 1104 juramentum.-
1812 1027 1982 1087 Alias
2025 1028 2075 1087 si
2115 1028 2308 1087 omnia
2336 1028 2569 1087 omnino
2607 1029 2937 1105 juramenta

533 1110 854 1188 proscripta
900 1109 1197 1184 voluisset,
1249 1108 1460 1166 addere
1508 1107 1820 1185 debuisset,
1870 1128 1971 1167 nec
2009 1128 2121 1184 per
2168 1111 2352 1166 Deum
2371 1130 2390 1165 :
2450 1128 2750 1186 perperam
2794 1126 2935 1184 ergo

531 1190 815 1268 particula
843 1189 1186 1248 universalis
1214 1197 1511 1266 separatur
1537 1207 1572 1246 a
1598 1189 1873 1264 speciebus
1901 1190 2220 1264 juramenti
2241 1189 2507 1264 subiectis,
2539 1188 2635 1247 vel
2663 1188 2738 1245 ad
2759 1207 2937 1263 ¹‹Jenus

532 1279 593 1330 et
631 1269 993 1328 substantiam
1033 1268 1364 1345 juramenti,
1393 1287 1510 1327 non
1558 1268 1634 1326 ad
1664 1271 1924 1344 somnam
1971 1269 2127 1327 illius
2173 1288 2208 1325 a
2257 1268 2537 1326 Matthaeo
2581 1287 2933 1345 expressam,

529 1350 792 1409 refertur.
842 1349 965 1408 Nec
987 1349 1165 1408 verba
1191 1348 1390 1407 addita
1417 1368 1451 1406 a
1474 1348 1719 1422 Christe,
1749 1348 1821 1406 sit
1844 1369 2026 1408 sermo
2051 1357 2246 1424 vester,
2271 1348 2438 1406 etiam
2458 1347 2640 1423 ctiam,
2665 1368 2776 1405 non
2802 1367 2932 1422 non,

533 1430 882 1489 contrarium
923 1428 1202 1506 probant;
1248 1428 1384 1506 quia
1423 1447 1541 1485 non
1579 1428 1837 1504 loquitur
1863 1429 2124 1487 absolute
2153 1437 2212 1486 et
2238 1427 2643 1488 universaliter
2671 1427 2935 1486 Christus

532 1509 606 1568 de
636 1509 792 1568 omni
821 1528 1099 1582 sermone,
1130 1515 1230 1566 aut
1257 1507 1330 1566 de
1369 1507 1538 1585 praxi
1567 1506 2036 1582 extraordinaria,
2068 1516 2169 1567 aut
2196 1507 2269 1566 de
2297 1508 2526 1567 casibus
2555 1507 2931 1582 necessitatis,

534 1590 585 1648 si
612 1588 845 1666 quando
872 1587 1224 1647 conscientia
1262 1585 1580 1664 purganda,
1620 1586 1919 1663 proximus
1956 1586 2270 1665 juvandus,
2315 1594 2374 1646 et
2417 1588 2603 1665 gloria
2646 1587 2758 1645 Dei
2800 1605 2933 1663 pro-

532 1662 822 1727 movenda
862 1676 967 1743 est,
1009 1667 1111 1726 sed
1153 1666 1410 1744 loquitur
1435 1666 1508 1724 de
1537 1666 1952 1726 consuetudine
1980 1674 2038 1726 et
2078 1667 2248 1744 praxi
2288 1667 2578 1726 ordinaria
2616 1667 2678 1724 in
2706 1666 2936 1725 casibus

533 1749 866 1824 levioribus,
912 1755 971 1807 et
1012 1747 1083 1806 de
1127 1746 1397 1806 familiari
1436 1745 1744 1823 colloquio,
1788 1746 1849 1804 in
1877 1766 1993 1823 quo
2022 1746 2280 1806 sufficere
2308 1747 2481 1805 debet
2510 1746 2755 1824 simplex
2783 1745 2932 1803 affir-

534 1830 711 1887 matio
741 1830 836 1887 vel
875 1828 1127 1905 negati0,
1158 1836 1218 1888 et
1255 1831 1310 1885 τὶ
1355 1830 1429 1885 m)
1473 1831 1563 1900 va),
1608 1829 1664 1884 οὖ
1703 1828 1793 1902 οὖς
1840 1827 1958 1885 Ubi
1999 1827 2109 1885 tria
2149 1827 2638 1901 commendantur,
2667 1826 2937 1885 sermonis

533 1909 874 1984 simplicitas,
906 1909 1167 1984 opposite
1196 1907 1270 1966 ad
1296 1906 1532 1983 jurandi
1561 1906 2054 1966 consuetudinem.
2105 1911 2161 1965 2.
2193 1906 2475 1985 Ejusdem
2503 1907 2726 1981 veritas,
2758 1924 2933 1983 oppo-

535 1988 643 2047 site
673 1987 748 2045 ad
773 1986 1135 2045 mendacium
1165 1995 1225 2045 et
1252 1986 1755 2063 aequivocationes.
1787 1989 1842 2044 3.
1874 1986 2022 2064 Ejus
2050 1986 2365 2045 constantia
2393 1995 2452 2046 et
2479 1986 2641 2062 fides,
2674 1984 2934 2063 opposite

534 2068 609 2126 ad
650 2067 947 2126 levitatem
985 2074 1047 2126 et
1083 2066 1544 2125 inconstantiam.
1630 2065 1835 2140 Quoad
1860 2070 1915 2123 τὶ
1944 2071 2165 2147 meaos-*ov
2192 2066 2350 2143 quod
2376 2066 2589 2125 dicitur
2615 2085 2742 2124 esse
2771 2067 2821 2123 ἐκ
2849 2072 2936 2123 τοῦ

535 2154 751 2229 ποηςοῧ,
781 2166 898 2205 non
925 2154 1118 2224 potest
1144 2145 1380 2206 extendi
1407 2145 1483 2203 ad
1510 2145 1835 2205 additiones
1861 2146 2215 2205 necessarias
2242 2153 2302 2204 et
2330 2147 2522 2224 justas
2550 2146 2610 2203 in
2644 2147 2935 2224 juramen-

532 2228 610 2286 tis
637 2227 914 2304 gravibus
942 2235 1001 2286 et
1028 2226 1104 2285 ad
1133 2226 1245 2285 Dei
1273 2225 1516 2302 gloriam
1543 2225 1643 2284 vel
1689 2225 1940 2304 proximi
1969 2227 2212 2286 salutem
2239 2234 2341 2286 aut
2367 2235 2623 2286 nostram
2649 2224 2937 2304 pcrtinen-

530 2308 706 2381 tibus,
737 2326 866 2384 quae
895 2325 930 2364 a
959 2308 1085 2365 Deo
1113 2306 1522 2385 permittuntur
1548 2314 1607 2365 et
1632 2305 2058 2384 praecipiuntur,
2090 2306 2192 2366 sed
2225 2306 2586 2366 referendum
2612 2312 2836 2364 tantum
2865 2302 2941 2362 ad

533 2386 857 2445 additiones
886 2386 1222 2464 superfluas,
1264 2405 1383 2446 non
1409 2385 1780 2462 necessarias,
1813 2396 2137 2464 pugnantes
2166 2406 2297 2446 cum
2338 2386 2440 2444 illa
2465 2385 2774 2444 verborum
2804 2384 2939 2442 sim-

531 2467 788 2546 plicitate
817 2475 876 2525 et
902 2466 1233 2541 veracitate,
1266 2485 1395 2543 quse
1421 2466 1483 2524 in
1502 2466 1850 2543 juramentis
1877 2467 2106 2526 levibus
2134 2476 2193 2526 et
2219 2464 2537 2525 temerariis
2565 2471 2889 2522 occurrunt.

615 2547 762 2606 XV.
806 2547 939 2606 Non
967 2546 1289 2624 corrigitur,
1328 2544 1431 2605 sed
1457 2544 1787 2605 vindicatur
1829 2545 2187 2623 Praeceptum
2231 2551 2459 2603 sextum
2487 2542 2560 2599 de
2600 2540 2934 2618 homicidio,

534 2628 746 2686 Matth.
775 2648 833 2686 v.
863 2630 959 2702 21,
1004 2626 1161 2703 quod
1204 2624 1480 2682 Pharisaei
1522 2624 1894 2701 explicabant
1932 2633 2157 2682 tantum
2198 2623 2271 2682 de
2317 2620 2629 2679 homicidio
2673 2627 2933 2698 externo,

533 2708 701 2784 cujus
728 2726 956 2784 poenam
986 2704 1288 2782 capitalem
1322 2702 1688 2764 statuebant:
1732 2702 1836 2761 sed
1864 2702 2128 2761 Christus
2167 2701 2314 2759 illud
2355 2699 2618 2759 extendit
2644 2698 2718 2757 ad
2759 2698 2936 2759 inter-

533 2807 640 2846 nos
669 2787 977 2845 iracundiae
1004 2793 1212 2858 motus,
1243 2791 1302 2842 et
1329 2781 1404 2840 ad
1430 2781 1687 2840 convitia
1725 2781 1787 2839 in
1815 2780 2191 2854 sermonibus,
2222 2779 2432 2857 quibus
2471 2798 2674 2857 poenas
2701 2779 2937 2856 quidem

535 2877 795 2942 aeternas,
841 2864 945 2924 sed
984 2863 1176 2941 quoad
1216 2861 1461 2939 gradum
1502 2860 1764 2918 diversas
1805 2858 2022 2934 statuit,
2066 2859 2312 2918 allusive
2360 2858 2437 2918 ad
2476 2858 2670 2918 varios
2717 2859 2936 2937 gradus

496 2967 831 3025 -poenarum
872 2943 1203 3021 capitalium
1244 2940 1398 3018 apud
1439 2941 1482 2999 J
1486 2938 1684 2998 udaeos
1722 2937 2080 3014 usitatarum,
2124 2939 2197 2998 de
2236 2938 2450 3017 quibus
2475 2938 2611 2997 vide
2641 2938 2780 2998 Loc.
2812 2939 2934 2999 IX.

535 3028 603 3102 Q.
649 3030 704 3085 4.
749 3026 857 3084 Th.
905 3027 997 3082 17.
1085 3021 1182 3080 Sic
1218 3019 1387 3079 docet
1429 3019 1694 3078 Clu-istus
1734 3019 1885 3077 male
1925 3019 2196 3098 restringi
2236 3020 2296 3077 in
2343 3019 2555 3079 Schola
2597 3018 2936 3078 Pharisai‘ca

532 3114 880 3184 praeceptum
910 3103 982 3162 de
1009 3122 1126 3160 non
1154 3099 1468 3160 occidendo
1495 3097 1571 3156 ad
1607 3098 1824 3157 caedem
1852 3098 2153 3174 actualem,
2182 3119 2253 3159 eo
2281 3099 2439 3176 quod
2474 3099 2598 3158 haec
2628 3098 2752 3157 sola
2778 3100 2931 3176 capi-

532 3187 725 3244 taliter
761 3185 1059 3261 puniretur
1097 3181 1248 3240 inter
1286 3179 1564 3253 homines,
1594 3198 1727 3237 cum
1754 3179 1928 3236 etiam
1955 3179 2301 3238 extendatur
2327 3179 2386 3237 in
2415 3179 2538 3237 foro
2567 3179 2696 3254 Dei,
2727 3179 2789 3236 in
2816 3198 2933 3254 quo

532 3285 649 3323 non
677 3273 900 3323 tantum
929 3263 1226 3335 factorum,
1258 3259 1361 3318 sed
1401 3266 1460 3318 et
1486 3257 1769 3316 dictorum
1798 3266 1857 3317 et
1884 3257 2297 3336 cogitationum
2325 3259 2473 3318 ratio
2501 3266 2589 3318 est
2616 3257 2928 3335 reddenda,

533 3344 608 3402 ad
636 3363 705 3400 ea
731 3362 860 3417 quse
888 3342 1033 3399 alias
1059 3339 1245 3416 poenis
1272 3339 1346 3396 ab
1372 3336 1704 3396 hominibus
1732 3335 1917 3414 infligi
1946 3338 2131 3396 solitis
2158 3338 2508 3397 eximuntur.

615 3421 795 3477 XVI.
842 3419 1005 3476 Licet
1043 3417 1306 3475 Christus
1342 3416 1551 3474 referat
1577 3416 1755 3474 verba
1797 3416 1992 3492 Legis,
2025 3417 2194 3475 Matt.
2224 3437 2282 3477 v.
2312 3418 2408 3491 38,
2448 3416 2522 3476 de
2549 3417 2769 3491 talimie,
2800 3436 2931 3492 quse

532 3504 751 3570 extant,
786 3495 975 3555 Exod.
1005 3494 1129 3553 xxi.
1152 3499 1249 3571 24,
1274 3498 1462 3552 oculus
1479 3515 1597 3570 pro
1618 3499 1792 3571 oculo,
1816 3498 1953 3554 dem
1969 3515 2087 3573 pro
2109 3499 2284 3571 dente,
2309 3504 2369 3554 et
2393 3496 2466 3554 iis
2487 3504 2739 3573 opponat
2767 3515 2930 3554 suam

533 3574 876 3637 sententiam
920 3574 992 3633 de
1040 3594 1153 3633 non
1198 3575 1501 3632 resistendo
1547 3578 1699 3633 malo
1714 3599 1739 3648 ;
1789 3574 1921 3633 Non
1968 3584 2271 3652 propterea
2316 3574 2418 3633 illa
2459 3575 2712 3652 corrigit,
2762 3575 2932 3651 quasi

532 3674 761 3714 omnem
789 3653 1105 3712 vindictam
1147 3653 1390 3731 simplic.
1418 3653 1598 3712 vellet
1639 3654 1906 3714 abolere:
1949 3673 2081 3712 nam
2126 3655 2250 3732 ipse
2294 3673 2410 3732 qua
2453 3654 2613 3713 Deus
2641 3653 2934 3713 ordinavit

531 3733 959 3811 Magistratum,
1003 3753 1249 3810 eumque
1297 3732 1494 3810 gladio
1534 3733 1781 3792 armavit
1821 3733 1895 3792 ad
1935 3741 2211 3792 terrorem
2259 3743 2317 3793 et
2358 3753 2587 3812 poenam
2630 3733 2932 3808 malorum,

532 3816 776 3874 Roman.
806 3813 949 3887 xiii„
980 3812 1189 3890 etipse
1232 3831 1537 3890 percussus
1580 3813 1642 3870 in
1685 3812 1983 3870 maxillam
2009 3832 2200 3888 unam,
2244 3832 2361 3871 non
2401 3812 2648 3890 praebuit
2675 3812 2932 3890 alteram,

530 3894 633 3955 sed
662 3894 815 3951 malo
841 3893 1068 3968 restitit,
1110 3892 1495 3951 innocentiam
1523 3912 1688 3951 suam
1716 3892 1949 3967 tuendo,
1980 3900 2039 3950 et
2079 3892 2421 3970 injustitiam
2450 3891 2934 3950 Adversariorum

526 3972 944 4050 redarguendO,
990 3972 1032 4031 J
1036 3973 1205 4030 ohan.
1247 3971 1412 4029 xviii.
1442 3973 1539 4044 23,
1583 3972 1742 4048 quod
1782 3980 1841 4030 et
1884 3970 2100 4030 Paulus
2147 3971 2422 4046 imitatur,
2467 3970 2602 4030 Act.
2645 3969 2812 4028 xxiii.
2858 3973 2933 4029 3:

531 4055 651 4115 Sed
693 4052 904 4112 refellit
944 4060 1168 4110 tantum
1210 4051 1465 4128 glossam
1496 4051 1935 4126 Pharisaeorum,
1967 4050 2084 4126 qui,
2116 4051 2274 4128 quod
2314 4050 2387 4109 de
2414 4049 2673 4108 vindicta
2697 4049 2935 4126 publica

526 4133 909 4211 Magistratus
938 4131 1097 4208 Lege
1127 4131 1313 4189 Mosis
1341 4130 1624 4189 sancitum
1652 4138 1792 4205 erat,
1824 4128 1900 4188 ad
1926 4129 2243 4189 vindictam
2278 4129 2564 4206 privatam
2591 4128 2932 4204 trahebant;

526 4234 563 4273 a
602 4233 718 4291 qua
756 4212 932 4288 longe
974 4228 1111 4269 suos
1152 4209 1354 4268 abesse
1382 4210 1511 4268 vult
1554 4209 1834 4284 Christus,
1877 4216 1944 4268 ut
1984 4209 2158 4268 malle
2200 4209 2449 4269 debeant
2489 4208 2771 4287 duplicari
2819 4208 2932 4266 sibi

525 4292 784 4370 injurias,
815 4301 989 4368 qnam
1032 4289 1261 4367 ipsimet
1302 4307 1401 4347 eas
1428 4287 1762 4365 vindicare3
1808 4286 1980 4363 Quod
2022 4288 2223 4348 Moses
2260 4289 2385 4366 jam
2427 4288 2705 4363 edixerat,
2738 4287 2931 4346 Levit.

523 4372 648 4430 xix.
676 4372 768 4445 18,
796 4372 832 4404 ‘⁸
855 4370 943 4428 Ne
965 4368 1316 4442 ulciscitor,”
1347 4367 1550 4444 inquit,
1585 4370 1623 4402 ‘⁴
1643 4386 1831 4444 neque
1860 4367 2002 4425 iram
2032 4376 2327 4426 asservato
2355 4366 2416 4424 in
2443 4365 2751 4445 populares
2779 4376 2927 4441 tuos,

484 4487 491 4496 -
524 4451 628 4509 sed
654 4449 864 4524 diliges
905 4448 1233 4526 proximum
1274 4454 1438 4505 tuum
1480 4447 1631 4506 sicut
1656 4447 1964 4525 teipsum,'’
1994 4446 2265 4507 nimirum
2292 4447 2430 4524 quia
2460 4449 2497 4481 ‘⁴
2520 4446 2756 4505 Domini
2784 4446 2931 4505 ultio

522 4538 581 4589 et
621 4526 922 4587 retributio
964 4529 1112 4603 est,''
1156 4535 1221 4586 ut
1261 4526 1400 4584 alibi
1441 4526 1712 4603 loquitur,
1748 4526 1920 4585 Deut.
1960 4526 2148 4584 xxxii.
2179 4528 2275 4585 35.
2361 4526 2487 4585 Lex
2515 4545 2655 4584 vero
2696 4525 2930 4583 talionis

519 4615 712 4687 potest
739 4605 927 4663 adhuc
956 4626 1061 4665 suo
1090 4627 1263 4665 sensu
1290 4607 1481 4665 locum
1523 4606 1752 4681 habere,
1797 4625 1913 4664 non
1952 4605 2192 4683 praecise
2231 4613 2289 4664 et
2331 4605 2662 4682 formaliter,
2693 4604 2796 4664 sed
2836 4623 2927 4663 ra-

518 4691 675 4750 tione
704 4683 935 4743 moralis
965 4685 1377 4744 aestimationis.
