3221 5200
316 356 544 407 Qua-mr.
577 334 752 418 xxv.]
1363 353 1444 396 m:
1473 356 1627 397 naen
1657 356 1777 397 om.
2624 346 2741 404 143

317 500 503 560 donec
544 497 776 558 Christo
820 493 1083 556 exhibito
1130 494 1466 558 succederet
1511 497 1836 557 oeconomia
1886 497 2262 578 Evangelica,
2309 520 2440 578 quae
2481 500 2739 562 adultam

366 581 687 639 ubernaret.

323 602 365 658 g
404 660 548 718 XV.
582 659 714 717 Non
742 657 929 734 magis
958 656 1045 714 illi
1073 665 1373 734 repugnat,
1398 657 1556 734 quod
1583 657 1926 717 circumcisio
1948 656 2174 719 dicatur
2188 670 2425 736 pactum
2453 671 2738 738 mter-num,

322 740 536 800 Genes.
568 738 712 796 xvii.
744 742 798 812 7,
831 747 890 795 et
919 737 1045 795 Lex
1073 736 1350 796 duratura
1376 738 1435 795 in
1470 747 1845 815 perpetuum3
1892 738 2041 812 Quia
2068 740 2414 817 intelligitur
2445 744 2737 818 perpetui-

321 829 410 878 tas
437 839 553 877 non
581 818 862 892 absoluta,
896 817 999 875 sed
1027 817 1266 875 limitata
1293 827 1352 876 et
1382 819 1699 893 periodica,
1730 819 1813 878 ita
1854 818 2175 896 designata,
2209 822 2345 897 quia
2386 822 2594 880 durare
2640 822 2740 881 de·

321 900 466 975 buit,
497 918 612 958 non
641 918 743 974 per
771 897 992 973 aliquot
1019 917 1203 955 annos
1231 905 1471 972 tantum,
1505 898 1607 956 sed
1637 908 1758 957 toto
1796 901 2131 958 oeconomias
2162 902 2439 959 Mosai'cse
2482 910 2740 979 tempore

319 1000 504 1056 usque
522 979 598 1037 ad
624 976 877 1059 διόςθυσιν,
901 977 1054 1035 Heb.
1077 977 1194 1051 vii.,
1216 976 1504 1053 quomodo
1533 978 1672 1036 alibi
1701 999 1853 1055 saepe
1878 1000 1995 1037 vox
2017 984 2140 1041 ε’»,
2168 981 2414 1039 sumitur
2439 1001 2542 1058 pro
2564 982 2743 1060 longa

322 1060 641 1134 duratione,
676 1058 778 1117 sed
805 1066 1001 1115 tamen
1028 1057 1291 1131 limitata,
1322 1065 1404 1132 ut,
1444 1060 1469 1114 1
1500 1058 1654 1116 Sam.
1686 1058 1723 1117 i.
1755 1063 1850 1133 22,
1881 1058 2097 1117 mentio
2139 1059 2206 1118 fit
2233 1061 2535 1120 ministerii
2567 1062 2739 1121 Levi-

320 1150 529 1211 tarum,
553 1147 618 1198 ut
645 1137 925 1216 perpetui,
951 1137 1108 1214 quod
1134 1136 1244 1195 fuit
1271 1145 1494 1198 tantum
1525 1141 1603 1196 50
1622 1158 1919 1213 annorum,
1945 1149 2003 1198 et
2028 1139 2217 1198 Exod.
2242 1141 2384 1216 xxi„
2411 1161 2612 1200 servus
2641 1142 2743 1220 qui

324 1240 450 1279 sese
500 1219 736 1278 domino
779 1238 885 1276 suo
930 1216 1328 1294 obstringebat
1372 1238 1555 1294 usque
1596 1218 1672 1276 ad
1700 1219 1742 1278 J
1748 1219 2036 1293 ubilseum,
2082 1217 2381 1279 dicebatur
2422 1221 2742 1281 serviturus

321 1301 492 1360 ἐπ’).
560 1299 692 1357 Dici
733 1298 908 1357 etiam
936 1305 1145 1375 potest,
1170 1298 1539 1356 caeremonias
1559 1307 1866 1376 perpetuas
1887 1298 2019 1373 dici,
2044 1318 2158 1357 non
2188 1300 2408 1359 ratione
2436 1303 2740 1378 siynorum,

321 1389 382 1439 et
409 1380 469 1438 in
499 1400 580 1453 se,
610 1379 715 1438 sed
741 1378 961 1437 ratione
991 1398 1184 1436 rerum
1210 1378 1670 1457 siqnisicatarum,
1702 1387 1761 1437 et
1788 1379 2050 1438 veritatis
2093 1380 2409 1457 spiritualis
2453 1401 2583 1459 quse
2626 1382 2744 1440 illis

321 1460 715 1534 adumbratur,
746 1478 876 1535 quse
904 1457 1106 1518 eadem
1134 1467 1329 1517 manet
1357 1458 1415 1515 in
1446 1466 1722 1517 aeternum
1747 1481 1761 1534 ;
1807 1458 1960 1517 unde
1989 1458 2350 1519 circumcisio
2380 1461 2591 1520 dicitur
2617 1471 2744 1521 rata

324 1541 386 1599 in
406 1540 654 1613 Christe,
688 1540 812 1598 Col.
842 1539 922 1614 ii.,
953 1547 1012 1597 et
1042 1539 1268 1596 Pascha
1295 1558 1499 1597 verum
1526 1539 1587 1596 in
1617 1558 1685 1596 eo
1714 1539 1882 1597 nobis
1911 1536 2097 1614 datur,
2135 1543 2163 1597 1
2192 1541 2323 1599 Cor.
2353 1561 2411 1599 v.
2445 1545 2500 1599 7.

408 1621 588 1679 XVI.
634 1620 689 1677 N
691 1639 767 1677 on
796 1626 1120 1695 repugnant
1149 1617 1397 1678 Oracula
1424 1619 1777 1696 prophetica,
1799 1638 1928 1696 quse
1950 1618 2223 1678 videntur
2242 1620 2501 1698 polliceri
2525 1631 2744 1680 restau-

324 1700 608 1760 rationem
635 1698 969 1758 oeconomiae
998 1698 1204 1775 legalis
1233 1699 1341 1758 sub
1373 1699 1591 1757 Messia
1620 1719 1751 1757 cum
1780 1698 1969 1758 reditu
2010 1698 2073 1755 in
2102 1700 2374 1777 Patriam,
2407 1709 2465 1759 et
2501 1721 2744 1759 renova-

324 1782 484 1840 tione
536 1779 977 1856 Hierosolymae,
1029 1789 1089 1837 et
1132 1778 1375 1856 Templi,
1427 1787 1492 1838 ut
1539 1779 1713 1837 Deut.
1757 1799 1904 1837 xxx.
1940 1781 2070 1853 1-5,
2119 1779 2331 1838 Ezech.
2375 1780 2606 1837 xxxvii.
2647 1784 2743 1856 24,

327 1864 425 1936 25,
457 1869 516 1919 et
543 1860 644 1936 xl„
675 1859 798 1933 xli„
825 1857 933 1917 Sec.
959 1880 973 1934 ;
1024 1859 1162 1935 quia
1188 1867 1571 1935 praeterquam
1599 1858 1759 1936 quod
1785 1858 1947 1916 varia
1975 1878 2048 1917 ex
2079 1859 2195 1918 illis
2222 1869 2466 1937 possunt
2494 1859 2568 1917 ad
2596 1860 2745 1917 redi·

326 1950 454 2000 tum
494 1961 571 1999 ex
612 1939 948 2017 captivitate
980 1938 1342 2016 Babylonica
1382 1938 1597 2015 referri,
1642 1938 1798 1998 unde
1839 1958 1956 1996 non
1997 1937 2223 2014 mirum,
2256 1939 2306 1998 si
2348 1939 2419 1997 de
2462 1949 2745 1998 restaura·

332 2022 487 2079 tione
516 2020 760 2096 Templi,
793 2019 1033 2092 Altaris,
1065 2028 1124 2077 et
1165 2026 1501 2077 caeterorum
1531 2039 1600 2076 eo
1644 2018 2055 2096 pertinentium
2096 2019 2329 2096 agitnrz
2377 2020 2439 2077 Si
2478 2019 2550 2077 de
2594 2029 2749 2078 statu

331 2099 610 2159 Ecclesiae
639 2099 748 2158 sub
778 2098 997 2157 Messia
1024 2099 1443 2175 intelliguntur,
1474 2106 1541 2157 ut
1569 2107 1789 2158 certum
1818 2107 1907 2157 est
1935 2098 2144 2157 debere
2175 2118 2243 2157 eo
2272 2119 2456 2176 usque
2491 2099 2745 2174 extendi,

328 2190 397 2240 ut
424 2180 628 2258 plenus
656 2200 853 2238 eorum
882 2198 1087 2238 sensus
1114 2178 1412 2253 habeatur,
1437 2177 1759 2238 locutiones
1787 2199 1904 2237 non
1932 2187 2067 2237 sunt
2094 2178 2169 2236 ad
2196 2179 2422 2237 literam
2451 2178 2746 2256 urgendae,

329 2260 469 2338 quia
497 2268 632 2318 sunt
661 2258 1012 2337 symbolicae,
1045 2278 1160 2316 non
1188 2257 1450 2335 proprias,
1474 2258 1685 2335 typicae
1707 2277 1822 2316 non
1852 2258 2124 2334 literales,
2150 2258 2526 2335 spiritualiter
2552 2267 2611 2317 et
2632 2279 2751 2317 non

332 2340 638 2400 carnaliter
664 2338 1022 2417 exponendae
1046 2360 1060 2413 ;
1108 2337 1292 2396 Israel
1321 2337 1746 2413 restaurandus,
1777 2358 1891 2396 non
1928 2337 2244 2396 secundum
2274 2358 2503 2397 carnem
2534 2348 2591 2398 et
2619 2339 2748 2398 lite-

332 2441 472 2495 ram,
517 2419 622 2479 sed
650 2419 966 2480 secundum
994 2418 1432 2495 promissionem
1461 2425 1520 2476 et
1548 2417 1829 2494 spiritum,
1866 2418 2034 2476 Rom.
2063 2418 2164 2492 ix„
2200 2418 2356 2477 Urbs
2385 2429 2600 2492 sancta,
2633 2438 2750 2477 non

337 2501 760 2577 Hierosolyma,
793 2499 897 2558 sed
925 2497 1229 2574 Ecclesia;
1275 2498 1480 2557 Cultus
1508 2498 1894 2573 renovandus,
1926 2517 2042 2555 non
2084 2499 2347 2573 carnalis,
2379 2499 2484 2557 sed
2518 2499 2748 2576 spiritu-

335 2581 459 2656 alis,
490 2579 830 2658 designatus
858 2588 1052 2639 tamen
1080 2598 1183 2656 pro
1213 2578 1540 2638 conditione
1564 2586 1887 2656 temporum
1915 2587 1973 2638 et
2001 2587 2173 2656 captu
2202 2579 2393 2658 gentis
2419 2599 2524 2657 per
2551 2599 2749 2638 carna-

335 2662 466 2736 lem,
498 2662 592 2720 cui
639 2659 1003 2738 potissimum
1045 2659 1205 2717 affixi
1245 2669 1409 2718 erant
1435 2659 1674 2720 Judaei:
1719 2659 2020 2734 Quomodo
2057 2659 2362 2737 Prophetae
2405 2660 2616 2718 Preces
2645 2680 2749 2718 vo-

335 2750 469 2801 cant
497 2742 766 2817 suffitum,
799 2740 1248 2799 Conversionem
1279 2740 1539 2816 gentium
1580 2758 1885 2799 ascensum
1910 2740 2397 2817 Hierosolymam,
2440 2739 2751 2800 Adoratio-

336 2841 468 2880 nem
516 2821 866 2880 oblationem
912 2820 1312 2897 thymiamitiS,
1360 2820 1763 2898 cognitionem
1796 2821 1907 2880 Dei
1956 2820 2210 2879 visiones
2260 2829 2319 2879 et
2368 2821 2607 2896 somnia,
2640 2818 2750 2879 &a

339 2902 805 2979 Quotiescunque
853 2920 994 2977 ergo
1024 2901 1329 2977 Prophetae
1376 2900 1694 2977 loquuntur
1735 2900 1807 2958 de
1850 2901 2038 2959 reditu
2069 2901 2279 2977 Populi
2312 2901 2373 2957 in
2400 2900 2662 2977 patriam,
2694 2909 2755 2959 et

337 2983 463 3059 ejus
491 2981 870 3056 restitutione,
901 2981 1012 3039 hoc
1039 2988 1232 3056 potest
1259 2979 1510 3055 intelligi
1537 2979 1747 3054 partim
1776 2979 1853 3036 ad
1877 2980 2121 3053 literam,
2151 3000 2255 3056 pro
2298 2979 2488 3039 reditu
2515 2999 2590 3038 ex
2618 3001 2751 3057 cap-

339 3062 582 3137 tivitate,
614 3062 822 3139 partim
849 3059 1095 3137 mystice
1124 3067 1181 3116 et
1211 3057 1528 3133 symbolice
1558 3057 1630 3114 de
1662 3058 1940 3115 Ecclesiae
1971 3059 2125 3117 Novi
2153 3059 2509 3117 Testamenti
2537 3060 2750 3118 consti-

337 3142 575 3216 tutione,
606 3161 735 3218 quae
763 3161 867 3218 per
893 3137 1170 3197 terminos
1198 3135 1417 3210 legales
1445 3134 1807 3192 describitur.
1893 3136 2043 3192 Nam
2081 3135 2238 3211 quod
2266 3136 2337 3193 ad
2369 3137 2593 3195 literam
2634 3158 2752 3195 non

337 3222 560 3299 possint
588 3220 925 3298 simpliciter
966 3214 1232 3289 intelligi,
1264 3233 1340 3270 ex
1368 3232 1437 3271 eo
1480 3213 1621 3270 satis
1651 3220 1828 3288 patet,
1860 3215 2017 3290 quod
2056 3216 2181 3272 haec
2224 3234 2331 3272 nec
2359 3215 2597 3291 impleta
2638 3216 2757 3275 sint

336 3302 632 3374 hactenuS,
663 3320 769 3358 nec
813 3295 1040 3373 impleri
1087 3292 1329 3371 possint,
1361 3291 1656 3351 destructo
1705 3293 1883 3351 semel
1911 3293 2170 3370 Templo,
2201 3301 2432 3352 vastata
2477 3294 2755 3354 Hieroso-

340 3381 514 3458 lyma,
540 3390 598 3440 et
625 3379 906 3455 dissipata
933 3382 1125 3452 gente.

420 3461 635 3519 XVII.
685 3459 749 3518 Si
776 3455 1050 3534 Apostoli
1077 3453 1446 3513 caeremonias
1488 3452 1871 3512 observarunt
1903 3460 2035 3532 post
2065 3451 2278 3512 Christi
2307 3461 2550 3514 mortem
2579 3461 2637 3513 et
2664 3474 2753 3515 re-

341 3541 770 3611 surrectionem,
814 3556 932 3595 non
959 3535 1216 3594 fecerunt
1251 3554 1326 3593 ex
1355 3534 1716 3609 necessitate,
1763 3534 1867 3593 sed
1904 3555 1978 3593 ex
2007 3535 2304 3611 charitate,
2343 3541 2408 3594 ut
2437 3555 2498 3594 se
2527 3556 2752 3595 accom-

339 3620 640 3679 modarent
668 3615 986 3675 infirmitati
1013 3616 1055 3674 J
1059 3615 1371 3689 udaeorum,
1415 3613 1626 3691 partim
1655 3623 1720 3673 ut
1748 3615 2119 3675 ostenderent
2152 3635 2213 3674 se
2245 3616 2392 3693 Legi
2423 3616 2608 3675 Mosis
2634 3637 2754 3675 non

340 3699 654 3771 adversari,
686 3705 751 3755 ut
778 3695 1050 3754 malevoli
1079 3695 1325 3753 Paulum
1353 3694 1613 3772 improbe
1641 3695 2155 3770 calumniabantur,
2186 3697 2396 3773 partim
2423 3705 2489 3754 ut
2508 3696 2755 3755 Judaeos

343 3779 574 3838 Christo
601 3776 1020 3848 lucrifacerent,
1058 3778 1084 3832 1
1119 3775 1248 3833 Cor.
1279 3775 1361 3833 ix.
1391 3778 1487 3850 20,
1518 3775 1728 3851 partim
1750 3785 1814 3835 ut
1847 3776 2219 3853 synagogam
2248 3776 2560 3834 honorifice
2591 3796 2751 3852 sepe-

340 3859 516 3917 lirent
547 3878 561 3915 :
605 3855 761 3933 quod
789 3856 885 3914 vel
913 3876 988 3914 ex
1016 3874 1085 3913 eo
1112 3854 1433 3913 luculenter
1461 3862 1704 3931 constat,
1728 3855 1886 3933 quod
1911 3856 2048 3914 licet
2070 3854 2296 3932 agendo
2320 3875 2451 3913 cum
2480 3854 2755 3913 fratribus

340 3936 586 3997 infirmis
611 3936 902 3995 voluerint
930 3935 1016 3994 uti
1041 3934 1229 3993 adhuc
1256 3934 1334 3992 ad
1358 3943 1586 4011 tempus
1626 3935 1998 4007 caeremoniis,
2029 3954 2128 3993 eas
2155 3942 2349 3992 tamen
2377 3934 2609 4011 quando
2639 3934 2757 3992 illis

340 4039 434 4078 res
463 4016 572 4076 fuit
609 4037 741 4076 cum
778 4013 1340 4092 Pseudo-Apostolis
1368 4023 1427 4073 et
1455 4014 1829 4072 Adversariis
1865 4013 2257 4091 pertinacibus
2295 4022 2626 4071 constanter
2666 4033 2754 4071 re-

342 4098 653 4176 pudiarint.
740 4097 956 4156 Paulus
995 4096 1096 4173 qni
1133 4095 1502 4153 Timotheum
1540 4094 1728 4153 voluit
1769 4092 2119 4167 circumcidi,
2160 4092 2296 4151 Act.
2327 4092 2450 4150 xvi.
2483 4095 2537 4169 3,
2568 4092 2756 4151 noluit

345 4188 537 4238 tamen
574 4178 877 4255 disputans
919 4185 1120 4236 contra
1161 4174 1339 4234 falsos
1380 4174 1600 4248 fratres,
1651 4173 1751 4250 qui
1793 4173 2214 4231 insidiabantur
2252 4173 2509 4231 libertati
2550 4171 2750 4250 ipsius,

346 4258 542 4317 Titum
571 4258 997 4331 circumcidere,
1024 4255 1156 4315 Gal.
1181 4255 1241 4313 ii.
1266 4258 1322 4328 3,
1346 4257 1402 4329 4,
1426 4274 1498 4312 ne
1522 4253 1686 4311 daret
1712 4253 1830 4311 illis
1859 4252 2171 4311 cavillandi
2199 4271 2415 4326 ansam,
2442 4260 2499 4311 et
2519 4253 2756 4310 Petrum

348 4337 477 4396 ideo
508 4359 707 4397 severe
736 4336 1122 4414 reprehendit,
1155 4334 1312 4412 quod
1333 4334 1681 4411 judaizaret.
1766 4332 1906 4390 Vid.
1939 4333 2097 4408 Aug.
2129 4331 2204 4389 ad
2236 4332 2437 4391 Hiero,
2469 4353 2558 4409 ep.
2595 4334 2687 4390 19.

430 4418 680 4477 XVIII.
736 4420 934 4476 Votum
963 4416 1139 4473 Pauli
1163 4415 1235 4473 de
1263 4413 1557 4473 tondendo
1586 4412 1790 4490 capite,
1825 4411 1962 4471 Act.
1991 4412 2156 4470 xviii.
2191 4414 2283 4485 18,
2320 4431 2436 4470 non
2464 4411 2573 4470 fuit
2600 4421 2761 4472 actus

351 4498 674 4573 Reliqiomte,
706 4498 871 4575 quasi
901 4495 1121 4574 aliquid
1153 4495 1280 4554 Deo
1308 4493 1668 4572 promisisset
1708 4512 1783 4551 ex
1814 4492 1974 4570 Lege
2015 4500 2290 4569 tanquam
2317 4500 2538 4569 partem
2568 4493 2758 4552 cultus

351 4578 696 4653 necessarii;
743 4576 848 4636 sed
873 4576 1182 4649 charitatis,
1214 4595 1329 4653 quo
1360 4594 1420 4633 se
1450 4571 1910 4632 accommodaret
1937 4572 2195 4650 infirmis,
2221 4572 2531 4631 ostendens
2560 4593 2621 4632 se
2644 4593 2761 4631 non

355 4676 482 4715 esse
513 4658 690 4735 Legis
717 4665 1188 4734 contemptorem,
1221 4655 1326 4715 sed
1371 4656 1405 4688 “
1429 4653 1646 4713 factum
1673 4672 1800 4712 esse
1829 4653 2097 4714 omnibus
2126 4652 2376 4729 omnia,''
2414 4656 2442 4712 1
2476 4654 2607 4713 Cor.
2638 4653 2720 4713 ix.
2746 4673 2770 4712 :2
