3221 5200
525 344 643 402 360
1387 359 1568 400 Locus
1597 359 1855 401 necinus
1883 360 2171 409 QUARTUS.
2580 335 2836 419 [Quffls‘r.
2870 355 2955 396 ιιι.

533 501 605 558 ab
653 500 855 574 officiO,
903 510 960 559 et
1003 500 1076 560 ab
1125 501 1447 560 actionibus
1476 511 1592 560 tam
1644 522 1916 579 expresse
1966 501 2257 560 describit.
2319 502 2375 557 3.
2408 499 2539 557 Non
2586 507 2781 575 posset
2822 495 2943 554 dici

535 581 798 638 Christus
832 581 1112 639 Sacerdos
1136 582 1448 640 secundum
1479 581 1735 638 ordinem
1771 581 2198 654 Melchisedeci,
2224 579 2337 637 nisi
2366 579 2440 636 ab
2468 579 2595 655 ipso
2615 577 2938 653 distingue-

533 668 705 733 retur,
738 680 842 718 nec
863 660 1323 719 Melchisedecus
1345 661 1466 737 ipse
1490 660 1794 718 duceretur
1816 681 1946 718 vere
1969 661 2119 718 Filio
2139 660 2245 719 Dei
2269 659 2641 735 ἇφυμοιομίνος,
2658 657 2809 714 Heb.
2837 656 2939 713 vii.

536 743 589 814 3,
623 740 734 797 nisi
763 760 797 797 a
827 741 1054 798 Christo
1087 749 1149 798 ut
1179 750 1353 817 typus
1395 760 1429 796 a
1458 749 1767 816 prototypo
1786 740 2056 798 differret.
2090 740 2209 797 Nec
2233 740 2389 815 quod
2410 738 2619 796 dicitur
2638 736 2853 815 ἀπάτας
2880 742 2941 794 et

532 820 732 900 ἀμίς-υς
745 819 960 878 evincit
981 840 1096 878 non
1114 819 1289 878 fuisse
1300 820 1589 878 hominem
1609 820 1926 890 mortalem,
1942 820 2077 894 quia
2098 820 2207 877 hoc
2229 839 2344 876 non
2367 818 2646 892 absolute,
2662 815 2763 874 sed
2782 835 2938 873 com·

534 908 730 976 parate
749 908 837 957 est
859 898 1316 976 intelligendum,
1338 919 1450 955 non
1472 909 1584 956 tam
1600 899 1850 974 positive,
1872 900 2033 975 quasi
2051 900 2219 956 fuerit
2237 898 2573 974 simpliciter
2593 895 2741 969 talis,
2763 914 2936 970 quam

532 980 799 1054 neqative,
831 978 967 1052 quia
995 977 1065 1035 de
1086 998 1152 1035 eo
1186 979 1480 1055 Scriptura
1509 978 1656 1053 silet,
1687 987 1753 1037 ut
1772 988 1973 1054 postea
2000 977 2239 1037 dicetur.
2286 978 2406 1036 Nec
2448 977 2563 1034 alia
2601 975 2819 1033 ratione
2849 975 2936 1031 in-

533 1056 912 1133 telligendum
925 1057 1080 1132 quod
1097 1057 1320 1132 dicitur,
1352 1058 1501 1116 Heb.
1522 1057 1624 1116 vii.
1649 1061 1702 1130 3,
1726 1078 1956 1116 manere
1975 1060 2252 1116 Sacerdos
2275 1057 2332 1113 in
2362 1064 2654 1128 aeternum,
2679 1055 2815 1130 quia
2835 1054 2935 1112 uni

535 1157 636 1195 cus
682 1136 806 1209 fuit,
831 1156 937 1194 uec
966 1156 1350 1194 successorem
1380 1137 1598 1212 habuit,
1631 1146 1689 1195 et
1706 1137 1861 1213 quod
1881 1137 2270 1195 testimonium
2299 1136 2388 1193 illi
2414 1135 2747 1212 perhibetur
2770 1137 2942 1270 ἕποά
3036 1183 3039 1186 .

533 1216 679 1288 vivit,
711 1235 830 1272 ver.
862 1217 916 1289 8,
964 1215 1100 1292 quia
1142 1216 1340 1275 Moses
1382 1236 1489 1274 nec
1543 1217 1767 1275 natales
1808 1236 1913 1274 nec
1946 1218 2166 1275 obitum
2209 1218 2336 1293 ejus
2392 1214 2669 1287 scribens,
2707 1213 2769 1270 vi
2810 1223 2939 1271 etur

535 1293 959 1371 quodammodo
1013 1314 1144 1352 eum
1187 1315 1502 1372 proponere
1557 1304 1625 1353 ut
1676 1295 2072 1370 immortalem,
2117 1303 2183 1354 ut
2223 1314 2361 1352 vera
2401 1303 2459 1352 et
2513 1292 2737 1371 proprie
2781 1293 2937 1351 dicta

538 1374 828 1432 aeternitas
856 1383 1165 1450 utcumque
1195 1374 1581 1434 adumbretur.

613 1453 697 1510 X.
747 1451 1030 1528 Secunde,
1063 1452 1186 1511 Nec
1226 1453 1300 1510 ad
1329 1473 1427 1512 eos
1456 1453 1727 1512 accedere
1771 1453 2072 1531 possimuS,
2105 1454 2204 1532 qui
2248 1461 2452 1532 putant
2494 1452 2669 1511 fuisse
2711 1453 2935 1511 Semum

538 1531 760 1590 Noachi
803 1531 1035 1607 Filium,
1056 1541 1121 1590 ut
1150 1532 1193 1591 J
1197 1531 1346 1591 udaei
1391 1533 1649 1609 plerique
1679 1543 1936 1609 censent,
1967 1542 2026 1592 et
2053 1535 2240 1592 visum
2272 1542 2361 1591 est
2388 1542 2520 1609 post
2549 1531 2933 1609 Epiphaniam

536 1611 913 1687 HieronymO,
933 1620 993 1669 et
1009 1611 1139 1669 aliis
1151 1631 1265 1669 non
1294 1613 1509 1688 paucis,
1561 1612 1709 1685 Quia
1726 1632 1838 1669 non
1863 1622 2057 1689 posset
2083 1613 2197 1671 dici
2225 1613 2455 1692 ἀνι-ἆτος,
2484 1614 2703 1692 idrag,
2732 1610 2936 1687 ἆγιναι-

536 1691 761 1764 λόγητος,
792 1710 922 1749 cum
950 1691 1078 1767 ejus
1119 1692 1475 1768 genealogia,
1508 1700 1668 1748 ortus
1709 1701 1767 1750 et
1796 1693 1987 1750 obitus
2035 1701 2152 1750 tam
2202 1705 2464 1751 accurate
2511 1699 2933 1750 recenseantur.

537 1772 658 1830 Nec
702 1771 820 1828 ulla
847 1771 992 1829 ratio
1029 1770 1151 1828 dari
1189 1781 1385 1848 posset
1427 1791 1529 1829 cur
1560 1771 1756 1829 Moses
1783 1792 1989 1829 nomen
2019 1782 2314 1830 mutasset.
2362 1771 2585 1830 Deinde
2620 1771 2789 1828 Semo
2817 1789 2935 1827 non

535 1850 710 1909 cessit
738 1851 968 1909 Canaan
991 1851 1051 1907 in
1073 1850 1485 1924 haereditatem,
1518 1850 1623 1908 sed
1646 1850 1915 1924 Canaani,
1963 1852 2110 1909 Gen.
2141 1872 2200 1909 x.
2236 1854 2327 1925 15,
2365 1854 2456 1909 19.
2503 1850 2764 1926 Denique
2788 1849 2933 1907 nihil

535 1950 836 1989 commune
878 1929 1079 1988 debuit
1126 1930 1336 1988 habere
1384 1929 1844 1988 Melchisedecus
1893 1949 2024 1987 cum
2058 1930 2320 1989 Levitico
2350 1949 2599 2006 genere3
2644 1929 2788 1987 alias
2815 1948 2933 1985 non

533 2010 725 2067 minus
767 2009 1019 2067 decimas
1067 2010 1382 2085 accepisset
1432 2009 1577 2066 Levi
1622 2009 1681 2065 in
1735 2009 1922 2083 Sem0,
1974 2030 2143 2086 quam
2194 2010 2448 2069 dedisset
2487 2009 2547 2066 iu
2579 2008 2933 2066 AbrabamO.

537 2089 658 2147 Nec
687 2088 960 2147 credibile
989 2097 1077 2146 est
1105 2109 1277 2146 avum
1306 2089 1365 2146 in
1394 2096 1601 2165 nepote
1632 2087 1885 2145 decimas
1912 2099 2296 2166 accepturum,
2319 2090 2414 2147 vel
2442 2089 2500 2145 in
2533 2088 2653 2146 Avi
2670 2087 2853 2164 patria
2873 2098 2934 2145 et

536 2169 644 2227 sub
671 2169 828 2226 illius
855 2168 1041 2226 oculis
1081 2168 1488 2227 Patriarchiam
1540 2168 1903 2244 peregrinum
1933 2167 2046 2226 dici
2075 2169 2348 2245 potuisse.
2434 2168 2589 2226 Hinc
2637 2166 2935 2243 Josephus

534 2257 593 2306 et
624 2248 792 2305 Philo
815 2248 1156 2306 sententiam
1187 2248 1354 2306 istam
1386 2267 1617 2305 suorum
1647 2248 1966 2324 gregalium
1990 2257 2182 2324 aperte
2211 2248 2495 2325 rejiciunt.

618 2327 738 2385 XI.
782 2327 977 2385 Tertia
1006 2347 1144 2403 ergo
1187 2327 1471 2386 sententia
1498 2326 1666 2384 nobis
1708 2327 1802 2384 hic
1832 2328 1953 2386 sola
1981 2326 2279 2385 retinenda
2308 2325 2552 2403 videtur,
2574 2346 2703 2403 quae
2733 2324 2935 2384 statuit

536 2407 1024 2464 Melchisedecum
1053 2427 1251 2464 verum
1282 2407 1572 2464 hominem
1600 2406 1794 2480 fuisse,
1826 2426 1900 2464 ex
1929 2407 2255 2465 hominibus
2278 2415 2482 2481 satum,
2502 2426 2695 2482 regem
2720 2405 2929 2478 Salem,

533 2487 635 2563 qui
664 2495 916 2562 tempore
943 2485 1260 2542 Abrahami
1289 2486 1451 2558 vixit,
1485 2494 1543 2544 et
1570 2486 1793 2561 regium
1839 2506 2047 2543 munus
2097 2507 2224 2544 cum
2276 2485 2615 2545 sacerdotali
2664 2485 2933 2542 obtinuit.

537 2565 797 2625 Ulterius
827 2584 964 2623 vero
1007 2584 1278 2640 quaerere,
1309 2563 1438 2641 quis
1468 2565 1564 2623 ille
1595 2564 1782 2638 fuerit,
1815 2574 1902 2623 est
1929 2566 1988 2623 in
2017 2565 2163 2624 illud
2191 2566 2493 2643 inquirere,
2526 2564 2681 2643 quod
2710 2565 2869 2622 Deus
2898 2584 2936 2621 a

534 2645 701 2702 nobis
731 2644 862 2702 sciri
891 2643 1093 2702 noluit.
1142 2645 1269 2701 Imo
1311 2645 1360 2702 si
1388 2645 1497 2702 hoc
1525 2652 1724 2702 notum
1748 2655 1900 2703 esset
1921 2655 1979 2703 et
2005 2657 2383 2723 perspectum,
2404 2655 2544 2723 typo
2572 2655 2630 2704 et
2658 2644 2936 2721 mysterio

534 2743 650 2780 non
679 2722 882 2780 fuisset
907 2722 1087 2797 locus,
1120 2723 1288 2799 cujus
1328 2723 1514 2781 omnis
1543 2723 1689 2781 ratio
1732 2723 1864 2781 inde
1902 2726 2130 2800 pendet,
2162 2726 2315 2801 quod
2361 2726 2520 2783 Deus
2560 2744 2677 2782 non
2725 2723 2938 2781 frustra

535 2802 680 2860 tanti
727 2801 834 2857 viri
885 2821 1085 2877 genus,
1144 2801 1523 2875 nativitatem,
1575 2812 1635 2860 ct
1680 2812 1919 2861 mortem
1948 2803 2238 2881 designari
2285 2805 2549 2879 noluerit,
2602 2803 2759 2881 quod
2786 2803 2937 2861 solet

537 2880 737 2939 sedulo
786 2880 929 2937 alias
959 2878 1098 2955 fieri,
1130 2881 1356 2956 quoties
1404 2882 1597 2958 agitur
1640 2880 1711 2939 de
1741 2884 2001 2958 personis
2043 2884 2306 2960 publicis,
2353 2883 2747 2943 sacerdotibus
2773 2892 2935 2959 puta,

536 2969 636 3019 aut
663 2959 915 3037 regibus.
961 2960 1012 3016 N
1017 2981 1081 3018 ec
1105 2961 1223 3018 ulla
1243 2961 1356 3018 alia
1377 2961 1522 3019 ratio
1550 2961 1712 3019 reddi
1736 2971 1941 3039 potest,
1973 2983 2075 3021 cur
2101 2963 2162 3021 id
2179 2964 2392 3022 factum
2409 2984 2525 3023 non
2553 2962 2739 3035 fuerit,
2760 2982 2934 3039 quam

551 3040 817 3118 specialis
871 3041 1129 3117 mysterii
1179 3041 1340 3115 ratio,
1373 3062 1545 3117 quam
1575 3040 1783 3118 Apost.
1807 3043 1866 3099 in
1898 3042 2082 3118 Epist.
2126 3042 2200 3100 ad
2244 3043 2525 3102 Hebraeos
2553 3042 2936 3119 prosequitur.

617 3121 771 3179 XII.
819 3119 950 3178 Hoc
979 3140 1117 3197 ergo
1139 3121 1262 3197 jam
1304 3121 1764 3197 expendendum,
1798 3130 1861 3180 ut
1889 3142 2027 3179 vera
2073 3123 2218 3180 ratio
2252 3123 2420 3182 istius
2461 3122 2660 3199 figurae
2688 3141 2934 3198 cognos-

534 3209 713 3260 catur.
796 3199 896 3257 Ad
943 3203 1110 3279 cujus
1156 3200 1452 3259 clariorem
1501 3201 1781 3275 notitiam,
1838 3201 2030 3259 Primo
2086 3202 2416 3276 videndum,
2486 3202 2626 3279 quid
2686 3200 2930 3274 Psaltes,

1058 3280 1212 3338 Psal.
1243 3300 1334 3353 cx,
1359 3290 1519 3351 et,ex
1555 3300 1624 3338 eo
1650 3280 1882 3354 Paulae,
1904 3302 2027 3357 cap.
2058 3282 2157 3339 vii.
2188 3280 2262 3338 ad
2292 3281 2446 3339 Heb.
2476 3280 2804 3356 intelligant
2831 3300 2936 3356 per

1055 3360 1195 3429 τάξιν
1212 3356 1545 3433 Muzuc-23⁰2.
1578 3360 1714 3417 Vox
1733 3377 1884 3415 *naa-r
1903 3360 2109 3436 quaein
2131 3361 2379 3419 Hebraeo
2390 3360 2651 3433 habetur,
2674 3359 2937 3417 redditur

1057 3458 1091 3494 a
1117 3439 1295 3495 Paulo
1324 3459 1427 3514 per
1452 3440 1607 3511 τάξιν,
1640 3458 1767 3513 quae
1798 3441 2066 3514 ordinem,
2104 3442 2562 3513 consuetudinem,
2608 3460 2708 3497 seu
2743 3441 2931 3497 condi·

536 3521 733 3578 tionem
763 3526 941 3589 notat,
964 3526 1027 3575 ut
1055 3516 1147 3572 hic
1189 3540 1209 3565 w
1240 3518 1314 3575 sit
1342 3517 1770 3593 paragogicum,
1802 3538 1916 3576 non
1935 3519 2186 3593 affixum,
2212 3529 2276 3577 ut
2295 3519 2519 3578 EccleS.
2549 3520 2629 3577 iii.
2659 3522 2748 3591 18,
2775 3544 2932 3579 ι-ι-επ

534 3617 661 3655 επις
720 3618 794 3654 ³³2
847 3596 1085 3654 conditio
1115 3615 1305 3654 rerum
1333 3598 1708 3654 humanarum
1726 3621 1744 3654 :
1774 3598 1854 3655 ita
1889 3599 2028 3670 τιν’ξις
2067 3602 2253 3681 Angit»,
2284 3598 2428 3658 nihil
2459 3599 2616 3657 aliud
2644 3597 2929 3672 designat,

535 3690 706 3746 quam
750 3675 1137 3733 conditionem
1181 3675 1485 3734 sacerdotii
1516 3675 1789 3749 Aaronici
1821 3677 1978 3754 Lege
2024 3681 2429 3756 praescriptam,
2470 3689 2537 3738 ut
2579 3699 2653 3735 ex
2683 3697 2802 3734 ver.
2837 3679 2929 3746 16,

536 3749 845 3829 colligitur,
878 3755 977 3813 ubi
1007 3755 1162 3831 quod
1191 3755 1419 3813 dixerat
1444 3757 1585 3813 κατὰ
1607 3756 1689 3816 τὸν
1715 3756 1854 3827 τιν’ξιν
1891 3758 2297 3834 interpretatur
2337 3762 2393 3816 οὗ
2416 3761 2555 3816 κατὰ
2584 3757 2717 3831 νόμον
2745 3758 2928 3819 ina-³13<

534 3836 787 3911 mamis,
811 3837 1109 3894 secundum
1140 3839 1310 3912 leyem
1338 3836 1598 3893 mandati
1631 3839 1894 3911 carnalis,
1927 3850 1983 3896 et
2012 3840 2165 3914 quod
2195 3838 2360 3913 dixit,
2384 3864 2524 3896 ιιιιτιι
2560 3839 2698 3908 τάξιν
2726 3848 2930 3910 Maxe-

535 3909 677 3985 aiau,
698 3915 938 3991 exponit
948 3918 1087 3973 κατὰ
1103 3913 1304 3992 δύναμιν
1323 3916 1444 3993 ζωῆς
1464 3914 1791 3976 memnone
1816 3920 2113 3975 secundum
2127 3920 2236 3976 vim
2256 3919 2382 3976 vitae
2404 3918 2801 3976 indissolubilis.
2839 3918 2933 3972 Ita

531 3992 673 4049 nibil
719 3994 877 4053 aliud
905 4004 1154 4071 notatur,
1190 4016 1362 4074 quam
1391 3996 1644 4056 conditio
1674 3996 1975 4055 sacerdotii
2009 3997 2530 4070 Melchisedeciani,
2576 4006 2634 4055 et
2661 3995 2932 4054 conveni-

532 4072 688 4129 entia
716 4092 782 4131 ac
812 4075 1144 4150 similitudo,
1176 4097 1304 4153 quae
1335 4075 1546 4133 Christi
1575 4075 1907 4134 Sacerdotio
1936 4077 2042 4134 bac
2072 4077 2130 4133 in
2166 4086 2325 4153 parte
2354 4076 2657 4135 intercedit
2684 4095 2825 4145 cum,
2841 4094 2931 4147 ec,

534 4160 600 4209 ut
631 4150 840 4228 Apost.
872 4174 992 4213 ver.
1028 4159 1118 4229 15,
1152 4155 1422 4232 exprimit
1449 4159 1586 4212 κατὰ
1615 4160 1695 4218 τὸν
1723 4155 1985 4229 ὁμοιότητα
2012 4159 2312 4213 secundum
2340 4156 2771 4214 similitudinem.

528 4267 1015 4317 Christuscanel-
1136 4235 1326 4293 XIII.
1375 4234 1702 4293 Similitudo
1731 4246 1923 4293 autem
1951 4236 2061 4292 ista
2090 4236 2146 4291 in
2178 4236 2351 4293 variis
2380 4237 2610 4311 ponitur
2638 4235 2712 4293 ab
2742 4235 2935 4311 Apos-

591 4327 841 4374 chisedeoo
900 4344 1014 4374 con·
1055 4314 1210 4372 tolo:
1260 4318 1311 4371 l.
1340 4313 1411 4371 In
1439 4314 1699 4387 Nomine,
1747 4314 1882 4389 quia
1930 4315 2245 4373 vocabatur
2294 4315 2752 4373 Melchisedecus
2798 4315 2931 4371 Rex

594 4386 768 4430 'eust-⁴
957 4456 967 4468 ·
1059 4392 1266 4466 Salem,
1293 4392 1465 4468 quod,
1489 4393 1797 4469 interprete
1823 4394 2124 4468 Apostolo,
2151 4394 2436 4470 significat
2454 4396 2662 4469 Reqem
2675 4394 2930 4469 justitioe,

589 4442 631 4486 1'
654 4444 713 4488 1¹²
747 4446 967 4560 “mmm''
1054 4481 1112 4529 et
1129 4473 1526 4547 Reqempaeis,
1559 4472 1709 4529 Heb.
1736 4471 1831 4529 vii.
1864 4478 1917 4546 2,
1943 4474 2099 4549 quod
2121 4484 2426 4550 utrumque
2451 4474 2680 4531 Christo
2700 4475 2933 4550 proprie

531 4555 818 4621 convenit,
876 4549 977 4625 qui
1031 4559 1119 4607 est
1171 4552 1390 4609 Jehova
1426 4552 1654 4626 justitia
1707 4560 1919 4627 nostra,
1980 4564 2038 4611 et
2106 4555 2375 4628 Princeps
2423 4554 2605 4628 pacis.
2730 4556 2786 4611 2.
2858 4553 2935 4610 In

529 4626 759 4699 oriqine,
792 4626 928 4700 quia
977 4627 1437 4688 Melchisedecus
1485 4630 1652 4688 nobis
1682 4629 2024 4690 describitur
2062 4653 2095 4690 a
2125 4634 2307 4705 Mose,
2340 4641 2404 4692 ut
2431 4633 2663 4713 ἀπάτας,
2707 4632 2929 4713 elec-ing,

554 3339 685 3389 Quid
748 3341 814 3384 sit
868 3341 992 3397 ταξις

594 3404 949 3450 Melchisedech
