3221 5200
538 331 654 388 466
1360 341 1543 383 Locus
1573 339 1834 380 uncinus
1862 338 2133 387 Quix'rus.
2594 318 2879 402 [Quffis’r.
2913 341 3003 382 iv.

556 477 852 564 Spiritum,
886 483 1043 562 quod
1069 502 1172 561 per
1200 503 1266 542 os
1293 482 1421 560 ejus
1449 501 1567 541 non
1595 489 1747 556 ante,
1778 500 1885 539 nec
1924 489 2073 557 post,
2105 480 2206 540 sed
2236 481 2407 540 simul
2436 482 2677 540 auribus
2707 483 3005 559 loquitur.

550 565 966 625 Praedicatione
995 584 1133 640 ergo
1157 563 1373 642 jacitur
1401 582 1594 622 semen
1619 584 1633 636 3
1685 570 1751 619 ut
1778 570 1969 620 autem
1999 561 2222 619 radices
2263 569 2418 638 agat,
2469 571 2535 620 ut
2579 565 2905 638 germinet,
2936 574 3005 622 ut

554 645 876 720 fructificet,
911 645 1020 703 Dei
1055 645 1303 721 Spiritus
1329 646 1486 702 intus
1508 642 1701 716 facit,'’
1721 639 1829 699 ἀρ.
1916 641 1994 699 Et
2011 642 2183 718 paulo
2201 652 2349 719 post,
2397 645 2433 674 “
2456 642 2713 701 Tantum
2738 644 3001 702 retinea-

554 747 683 785 mus
713 726 871 784 illam
902 745 1075 802 quam
1105 724 1381 783 describit
1413 723 1630 780 Paulus
1659 741 1882 779 arcanae
1936 721 2185 797 Spiritus
2230 722 2579 797 operationis
2629 730 2689 780 et
2730 735 3001 782 externae

556 806 984 886 praedicationis
1013 804 1466 881 colligationem,
1512 811 1570 861 et
1597 802 1812 859 erimus
1842 801 1997 858 omni
2027 801 2364 860 difficultate
2394 801 2717 878 expediti.'’
2810 804 2898 862 Et
2924 804 3001 861 ad

557 888 660 946 lib.
690 887 770 944 vi.
817 907 873 963 p.
914 889 1051 958 275,
1103 892 1411 961 postquam
1461 882 1660 939 retulit
1710 881 1957 958 qualiter
1984 882 2164 939 vellet
2194 882 2439 958 Pighius
2470 883 2661 940 Deum
2691 883 2999 941 homiuem

561 975 901 1026 convertere
935 964 1247 1022 “bonitate
1278 972 1335 1021 et
1363 961 1643 1040 patientia
1670 981 1791 1035 sua,
1822 981 1939 1018 non
1968 962 2162 1020 statim
2189 981 2297 1019 nos
2324 961 2636 1038 puniendo,
2662 963 2772 1020 sed
2801 963 3002 1022 dando

564 1056 795 1122 tempus
824 1053 882 1103 et
909 1045 1099 1102 locum
1124 1043 1510 1120 poeniteutiae:
1554 1041 1744 1101 adhuc
1766 1041 1963 1099 multis
1992 1041 2215 1114 mediis,
2237 1051 2294 1099 et
2323 1041 2746 1112 occasionibus,
2780 1045 2997 1103 exhor·

568 1124 901 1199 tationibus,
951 1123 1260 1195 beneficiis,
1307 1130 1365 1180 et
1408 1121 1657 1197 flagellis
1686 1120 1760 1178 ad
1789 1120 2030 1178 eandem
2060 1141 2159 1179 eos
2187 1120 2572 1197 provocando,
2621 1122 3000 1182 sollicitando

564 1213 622 1264 et
652 1203 1058 1278 stimuland0,”
1117 1202 1366 1280 subjicit,
1402 1204 1435 1233 “
1461 1202 1578 1258 Hic
1605 1220 1746 1259 vero
1768 1209 1923 1260 totus
1946 1210 2003 1260 et
2020 1201 2247 1278 integer
2276 1201 2550 1277 Pelagius
2573 1221 2680 1260 sua
2703 1202 2764 1259 in
2784 1205 3000 1261 coelum

567 1284 872 1360 sacrilegia
901 1283 1135 1342 evomit.
1221 1283 1483 1340 Externa
1510 1280 1664 1338 enim
1694 1289 1916 1340 tautum
1940 1280 2130 1338 media
2146 1281 2327 1359 ponit,
2346 1281 2559 1358 quibus
2586 1282 2803 1341 invitat
2838 1285 3003 1342 Deus

570 1364 852 1438 homiues,
885 1372 1057 1439 atque
1078 1362 1170 1420 his
1192 1361 1436 1419 includit
1464 1369 1645 1419 totam
1676 1360 2070 1418 conversionis
2092 1362 2371 1438 gratiam3
2415 1361 2487 1419 de
2511 1361 2787 1421 interiore
2806 1364 3004 1421 cordis

571 1452 748 1516 motu,
780 1443 852 1501 de
882 1443 1253 1500 renovatione
1281 1441 1529 1517 Spiritus
1550 1441 1731 1500 altum
1761 1441 2109 1514 silentium,''
2142 1438 2250 1499 ὅτε.

655 1523 976 1580 XXVIII.
1023 1522 1244 1596 Quibus
1274 1522 1355 1579 ita
1381 1520 1603 1597 positis,
1642 1520 1705 1578 Si
1736 1521 1860 1597 jam
1891 1520 2194 1595 Quaeritur,
2227 1520 2326 1578 An
2354 1528 2562 1597 praeter
2601 1522 2859 1597 gratiam
2905 1524 3004 1580 ob-

568 1603 865 1680 jectivam,
898 1611 956 1661 et
982 1602 1310 1674 mediatam,
1341 1620 1456 1677 qua
1498 1601 1746 1677 Spiritus
1774 1620 1877 1677 per
1906 1600 2163 1658 Verbum
2193 1620 2535 1678 quacunque
2565 1604 3006 1677 opportunitate

571 1683 963 1761 praedicatum,
994 1692 1052 1742 et
1073 1681 1511 1758 quibuscunque
1534 1680 1979 1739 circumstantiis
1997 1689 2056 1739 et
2077 1680 2441 1738 adminiculis
2472 1681 2772 1757 stipatum,
2804 1684 3005 1758 agitin

573 1774 813 1839 mentes,
845 1763 1170 1839 requiratur
1196 1761 1311 1819 alia
1340 1761 1526 1837 gratia
1568 1760 1891 1837 subjectiva
1919 1768 1977 1818 et
2005 1760 2353 1834 immediata,
2399 1780 2514 1836 qua
2556 1761 2905 1820 immediate
2946 1763 3007 1820 in

574 1844 733 1920 ipsas
760 1844 1063 1902 facultates
1091 1850 1358 1918 operetur
1387 1840 1461 1898 ad
1489 1859 1587 1897 eas
1617 1840 1692 1898 ad
1722 1841 2030 1898 salutarem
2059 1838 2242 1898 Verbi
2271 1840 2660 1917 receptionem
2689 1842 3010 1919 disponen-

577 1924 700 1997 daS,
733 1932 791 1982 et
819 1924 985 2000 cujus
1013 1921 1266 1981 efficacia
1284 1920 1585 1978 conversio
1604 1920 1929 1978 necessario
1959 1929 2017 1978 et
2044 1919 2427 1977 infallibiliter
2446 1921 2851 1996 producatur?
2897 1923 3013 1980 Re·

579 2003 929 2080 spondemus
951 2001 1307 2074 affirmative,
1333 2009 1398 2058 ut
1418 1999 1682 2057 Ecclesia
1691 1999 1817 2077 jam
1834 1999 1973 2057 olim
1995 2009 2196 2058 contra
2218 1999 2583 2076 Pelagianos,
2605 2009 2667 2059 et
2687 2002 3014 2060 novissime

578 2092 778 2143 contra
807 2083 1285 2141 Remonstrantes
1314 2079 1579 2137 saucivit.

579 2203 753 2247 Gratia
785 2202 1064 2246 immediata
1187 2160 1446 2218 XXIX.
1494 2158 1772 2217 Rationes
1802 2167 1952 2233 sunt,
2000 2159 2212 2233 Prim0,
2245 2159 2394 2233 Quia
2447 2159 2558 2217 hoc
2596 2159 2822 2219 evincit
2868 2162 3015 2221 Cor·-

676 2263 898 2312 robatur;
939 2260 1063 2305 1.E1
1104 2241 1381 2316 ruptionis
1410 2249 1463 2298 et
1507 2240 1857 2315 Impotentiae
1894 2259 2008 2314 per
2042 2247 2337 2314 peccatum
2385 2240 2608 2298 invectoe
2658 2243 3015 2316 maynitudo.

641 2275 850 2390 {ominis
865 2332 1064 2376 corrup-
1108 2321 1255 2378 Nam
1287 2320 1335 2378 si
1365 2340 1502 2378 vera
1531 2327 1682 2392 sunt,
1714 2338 1843 2394 quae
1874 2319 2045 2377 toties
2079 2319 2376 2395 Scriptura
2396 2318 2574 2377 tradit
2595 2319 2669 2378 de
2685 2321 3019 2380 miserrima

642 2384 789 2422 ‘¹⁰⁰⁶'
1106 2408 1471 2478 peccatorum
1496 2399 1841 2474 conditione,
1874 2406 1932 2458 et
1953 2399 2119 2457 totali
2148 2419 2214 2457 ac
2243 2399 2510 2457 absoluta
2539 2399 2614 2457 ad
2642 2400 2867 2458 bonum
2910 2403 3015 2460 im·

584 2483 858 2561 potentia,
904 2500 1082 2558 quum
1126 2501 1226 2538 eos
1268 2500 1384 2537 non
1425 2479 1598 2537 modo
1646 2498 1832 2555 aegros
1861 2487 1919 2537 et
1947 2478 2220 2550 infirmos,
2263 2478 2366 2536 sed
2405 2488 2653 2537 mortuos
2684 2481 3020 2556 inpeccatis

587 2572 773 2638 vocat,
807 2561 958 2639 Eph.
990 2561 1049 2618 ii.
1087 2563 1137 2635 1,
1170 2564 1241 2635 23
1279 2560 1483 2633 Caecos,
1526 2559 1643 2617 imo
1671 2559 1828 2636 ipsas
1871 2561 2138 2634 tenebras,
2172 2558 2321 2636 Eph.
2352 2559 2431 2618 iv.
2467 2561 2558 2633 18,
2591 2568 2648 2618 et
2676 2579 2734 2618 v.
2768 2564 2845 2636 83
2892 2564 3016 2621 cmi·

585 2646 775 2717 males,
797 2642 897 2717 qui
920 2660 1031 2698 non
1049 2641 1294 2715 capiant,
1319 2660 1418 2698 nec
1439 2660 1642 2714 capere
1649 2640 1883 2714 possint,
1907 2659 2031 2716 quae
2050 2650 2179 2697 sunt
2194 2640 2442 2715 Spiritus
2460 2641 2592 2713 Dei,
2613 2645 2640 2697 1
2665 2641 2799 2699 Cor.
2820 2643 2882 2700 ii.
2911 2646 3015 2717 143

579 2723 804 2798 peccati
826 2739 1030 2792 servos,
1063 2720 1105 2777 J
1109 2719 1202 2777 oh.
1234 2719 1355 2776 viii.
1387 2722 1482 2791 34,
1517 2719 1685 2776 Rom.
1717 2718 1795 2775 vi.
1831 2722 1939 2795 193
1986 2720 2102 2778 Dei
2126 2720 2389 2793 inimicos,
2411 2720 2534 2778 Col.
2564 2720 2604 2778 i.
2635 2724 2708 2778 21
2733 2742 2747 2795 ;
2774 2724 2878 2797 qui
2904 2744 3016 2781 non

587 2803 752 2859 modo
779 2819 891 2857 non
937 2798 1301 2872 subjiciantur
1327 2798 1474 2873 Leqi
1523 2798 1653 2870 Dei,
1683 2800 1787 2856 sed
1810 2800 1909 2873 qui
1932 2820 2000 2857 ne
2020 2800 2239 2876 possint
2280 2800 2517 2875 quidem,
2572 2800 2742 2858 Rom.
2776 2802 2905 2859 viii.
2938 2807 2973 2860 7
2997 2826 3012 2876 ;

588 2900 705 2939 uno
733 2879 931 2954 verbe,
961 2878 1061 2955 qui
1084 2878 1224 2935 nihil
1236 2879 1458 2954 possint
1476 2898 1549 2935 ex
1563 2879 1755 2953 seipsis
1767 2882 1853 2936 vel
1878 2881 2141 2954 coqitare,
2161 2883 2249 2938 vel
2250 2883 2453 2954 facere
2474 2881 2617 2954 boni,
2647 2880 2691 2938 J
2695 2881 2792 2939 oh.
2824 2902 2931 2939 xv.
2963 2886 3016 2958 5,

590 2968 649 3020 et
677 2964 713 3018 2
746 2960 876 3017 Cor.
901 2959 979 3017 iii.
1012 2961 1047 3017 5
1069 2980 1084 3032 ς
1144 2957 1444 3033 Quomodo
1490 2967 1641 3015 stare
1669 2967 1860 3034 potest
1886 2959 2243 3036 hypothesis,
2288 2979 2418 3036 quae
2447 2960 2649 3018 statuit
2676 2960 2751 3018 ad
2773 2981 3021 3021 conver·

588 3040 828 3101 tendum
867 3039 1176 3114 hominem,
1209 3038 1357 3097 nihil
1398 3037 1558 3097 aliud
1585 3038 1817 3114 requiri,
1848 3059 2021 3116 quam
2051 3039 2325 3097 moralem
2355 3040 2679 3098 suasionem
2709 3048 2768 3098 et
2799 3041 3017 3117 objecti

592 3121 938 3198 Evangelici
956 3119 1403 3198 propositionem
1424 3119 1723 3177 commode
1745 3128 1803 3177 et
1825 3127 2144 3195 opportune
2171 3118 2381 3178 factam
2399 3122 2427 3178 Ρ
2508 3120 2595 3178 At
2617 3120 2665 3177 si
2682 3120 2831 3177 nihil
2855 3122 3019 3180 aliud

591 3202 903 3279 requiritur
930 3200 1006 3259 ad
1034 3200 1348 3258 sanandam
1378 3199 1627 3257 animam
1651 3221 1667 3274 3
1714 3199 2016 3273 Quomodo
2045 3198 2256 3257 dicitur
2282 3200 2357 3256 ad
2384 3199 2599 3258 bonum
2628 3200 2801 3276 plane
2832 3200 3015 3278 impo-

591 3291 738 3357 tens,
771 3282 887 3340 imo
915 3284 1183 3339 mortua?
1267 3279 1409 3353 Quis
1439 3280 1562 3337 sola
1590 3279 1820 3357 objecti,
1865 3278 2021 3354 quod
2062 3279 2356 3337 moraliter
2382 3287 2605 3338 tantum
2635 3288 2694 3337 et
2722 3280 3017 3356 objectis-e

592 3362 733 3439 agit,
765 3360 1173 3438 propositione,
1226 3359 1598 3436 quantumvis
1641 3367 1958 3435 opportune
1996 3356 2165 3433 facta,
2209 3368 2497 3419 mortuum
2527 3359 2794 3418 suscitari
2844 3381 3015 3437 posse

594 3439 946 3499 crediderit?
988 3439 1131 3512 Quis
1159 3459 1275 3496 non
1305 3447 1504 3496 contra
1545 3446 1824 3514 agnoscat
1866 3438 2267 3496 necessitatem
2296 3439 2513 3498 Gratiae
2542 3439 2790 3516 alicujus
2828 3442 3016 3499 omni·

596 3518 866 3596 potentis,
899 3536 1028 3592 quse
1050 3537 1258 3574 novam
1281 3517 1367 3573 illi
1385 3517 1583 3592 vitam,
1604 3537 1903 3594 novasque
1922 3517 1995 3575 ad
2018 3517 2366 3576 credendum
2396 3528 2453 3577 et
2482 3519 2838 3596 operandum
2862 3522 3020 3579 vires

597 3595 902 3656 infundat?
945 3596 1023 3653 Et
1049 3604 1116 3653 ut
1143 3595 1217 3652 ad
1245 3595 1529 3653 visionem
1571 3596 1915 3655 eliciendam
1958 3598 2018 3654 iu
2061 3618 2230 3674 caecO,
2277 3609 2335 3659 et
2381 3600 2519 3657 vitae
2562 3600 2907 3658 exercitium
2958 3601 3021 3659 in

599 3683 842 3751 mortu0,
875 3695 991 3733 non
1021 3674 1230 3737 sufficit
1257 3674 1505 3751 simplex
1533 3675 1745 3752 objecti
1787 3677 2120 3755 propositio,
2152 3677 2256 3736 sed
2283 3679 2905 3757 requiritur‘imprimis
2933 3680 3018 3738 fa·

599 3755 832 3816 cultatis
861 3756 1063 3814 visivae
1094 3775 1223 3831 quse
1269 3762 1536 3832 corrupta
1565 3764 1654 3814 est
1680 3757 2037 3832 restauratio,
2070 3765 2129 3815 et
2156 3757 2292 3816 vitae
2320 3779 2423 3836 per
2450 3766 2693 3817 mortem
2736 3760 3019 3819 extincta

600 3836 884 3912 redditio;
931 3836 1025 3895 Ita
1053 3836 1127 3894 ad
1165 3834 1449 3893 visionem
1479 3835 1834 3912 spiritualem
1864 3837 2016 3910 fidei,
2041 3857 2158 3896 non
2187 3838 2396 3897 sufficit
2425 3839 2702 3897 doctrinae
2731 3840 2791 3897 in
2814 3840 3022 3898 Verbo

597 3917 892 3991 revelatio,
924 3916 1035 3975 nisi
1066 3917 1222 3976 intus
1245 3915 1487 3974 facultas
1516 3924 1785 3992 corrupta
1808 3924 2055 3990 sanetur,
2088 3927 2147 3977 et
2174 3917 2249 3975 ad
2278 3919 2567 3996 objectum
2617 3919 3019 3996 recipiendum

599 3998 955 4075 disponatur.
1041 3997 1163 4055 Nec
1206 3996 1346 4055 satis
1388 4006 1476 4055 est
1517 3996 1592 4054 ad
1633 3996 2106 4055 resurrectionem
2135 3999 2345 4057 mortui
2382 3998 2580 4056 valido
2608 3998 2859 4057 clamore
2888 4020 3023 4058 eum

597 4087 665 4137 ut
692 4077 810 4136 alto
840 4076 1090 4153 sopitum
1121 4095 1320 4134 somno
1350 4076 1621 4149 excitare,
1643 4076 1754 4134 nisi
1777 4096 1905 4134 cum
1936 4085 2176 4134 externa
2203 4098 2346 4136 voce
2376 4079 2467 4137 vis
2496 4078 2721 4137 interna
2751 4088 2810 4137 et
2830 4080 3021 4137 omni·

600 4166 807 4236 potens
835 4156 1096 4232 addatur,
1128 4176 1257 4233 quae
1286 4156 1373 4214 illi
1402 4156 1582 4214 vitam
1600 4156 1883 4215 restituat.
1971 4156 2183 4215 Fateor
2204 4157 2513 4216 discrimen
2530 4158 2681 4217 inter
2697 4159 3023 4217 caecitatem

601 4248 660 4297 et
707 4245 950 4296 mortem
993 4237 1347 4314 spiritualem
1377 4244 1436 4295 et
1463 4256 1793 4313 corpoream
1822 4235 1882 4292 iu
1911 4256 1979 4293 eo
2009 4256 2322 4313 occurrere,
2367 4239 2526 4315 quod
2552 4240 2612 4296 iu
2640 4239 2754 4298 ista
2782 4239 3020 4315 quidem

598 4316 844 4375 facultas
873 4316 1063 4375 visiva
1096 4324 1154 4375 et
1193 4316 1390 4375 vitalis
1417 4316 1648 4393 penitus
1676 4316 1753 4374 sit
1773 4315 1982 4391 ablata,
2029 4317 2131 4375 sed
2178 4338 2281 4394 per
2307 4326 2606 4395 peccatum
2636 4327 2863 4376 tantum
2892 4338 3021 4377 cor·

601 4405 773 4474 rupta
801 4396 892 4471 sit,
924 4416 1040 4455 nou
1069 4416 1208 4455 vero
1251 4396 1508 4454 extincta
1548 4395 1793 4455 facultas
1821 4395 2135 4455 rationalis.
2224 4398 2340 4457 Sed
2367 4399 2479 4456 hoc
2504 4418 2622 4456 non
2651 4399 2846 4457 obstat
2874 4419 3022 4475 quo·

602 4476 794 4534 miuus
821 4475 1126 4551 utrobique
1155 4476 1494 4552 impotentia
1516 4476 1591 4534 sit
1609 4475 1980 4551 invincibilis,
2009 4476 2090 4535 ita
2110 4484 2176 4536 ut
2191 4478 2364 4535 homo
2386 4497 2501 4535 non
2519 4478 2693 4536 modo
2715 4498 2833 4536 uon
2854 4478 3024 4551 velit,

604 4556 708 4613 sed
725 4575 795 4614 ue
824 4555 1009 4632 possit
1035 4554 1268 4631 quidem
1298 4555 1467 4630 velle,
1498 4555 1635 4632 quia
1674 4556 1812 4614 licet
1838 4557 2096 4633 potentia
2125 4558 2404 4616 naturalis
2432 4558 2797 4635 intelligendi
2826 4567 2889 4618 et
2917 4578 3024 4617 vo·

601 4634 758 4693 lendi
787 4634 848 4694 in
875 4634 1107 4694 homine
1134 4633 1400 4713 supersit,
1432 4634 1665 4695 habitus
1706 4644 1897 4696 tamen
1939 4655 2043 4697 seu
2083 4637 2386 4717 dispositio
2414 4638 2651 4698 moralis
2672 4639 2821 4699 bene
2848 4638 3026 4699 intel-
