3221 5200
340 362 568 411 QUAEsT.
598 340 738 419 xm]
1045 356 1120 395 ns
1150 354 1380 396 ort-1010
1409 353 1644 396 cnmsrt
1673 354 2060 396 Menum-omo.
2639 338 2755 395 389

342 514 433 564 est
451 512 509 563 et
522 499 882 581 gravissima,
907 497 1055 574 legis
1076 497 1257 575 ipsius
1273 497 1518 578 navigan,
1540 496 1673 556 Gal.
1699 496 1779 555 iii.
1801 500 1888 556 13.
1917 497 2179 572 Denique
2203 495 2253 554 si
2277 493 2437 553 Deus
2475 494 2757 571 potuisset

341 595 641 661 acceptare
684 598 1083 658 quamcunque
1129 577 1594 651 satisfactionem,
1628 577 1771 634 nihil
1811 597 1956 654 opus
1985 577 2204 650 fuisset,
2235 583 2300 633 ut
2333 575 2442 632 Dei
2479 575 2665 634 Filius
2694 595 2754 633 se

342 682 678 740 sponsorem
701 662 943 732 sisteret,
965 668 1024 716 et
1043 657 1216 716 tantis
1239 657 1587 715 cruciatibus
1607 666 1665 716 et
1687 658 1856 715 morti
1887 657 2187 715 dirissimae
2217 655 2623 732 subjiceretur:
2653 675 2755 732 po-

340 744 548 802 tuisset
576 741 728 800 enim
762 741 885 796 Deo
914 757 1016 815 per
1035 738 1300 812 quemvis
1322 737 1498 794 alium
1526 737 1817 794 hominem
1841 736 2123 795 satisfieri.

949 817 1164 874 XVII.
1210 816 1394 874 Aliud
1421 825 1511 875 est
1527 818 1663 892 pati
1676 837 1793 892 pro
1815 814 2417 874 Ecclesiaredimenda
2437 835 2541 891 per
2589 816 2754 874 satis·

404 890 587 989 Fmg'tes
621 888 764 932 Solu·
866 897 1132 955 factionis
1159 896 1405 972 pretium
1429 918 1444 971 3
1491 897 1675 955 Aliud
1703 916 1806 973 pro
1834 916 1903 955 ea
1930 894 2282 968 aedificanda,
2314 896 2680 971 consolanda,
2702 904 2760 954 et

509 960 690 991 ¹⁰⁰¹¹¹¹¹⁵
868 976 1274 1051 confirmanda,
1304 995 1408 1052 per
1419 976 1755 1034 constantiae
1773 984 1832 1034 et
1853 975 2193 1034 obedientiae
2216 975 2561 1051 exemplum.
2608 975 2758 1034 Pau·

337 1059 431 1118 lus
461 1060 601 1117 dicit
629 1078 690 1116 se
718 1058 838 1135 pati
866 1077 970 1134 pro
1002 1056 1280 1130 Ecclesia,
1311 1056 1407 1113 vel
1434 1077 1537 1133 pro
1568 1057 1818 1132 Corpore
1848 1056 2078 1131 Christi,
2112 1055 2233 1113 Col.
2263 1055 2300 1112 i.
2325 1059 2420 1129 24,
2442 1075 2556 1113 non
2575 1056 2759 1132 primo

300 1144 315 1154 ⁸
339 1159 528 1212 sensu,
560 1158 675 1215 quo
703 1147 880 1215 negat
908 1136 1045 1193 alibi
1075 1155 1401 1212 quenquam
1431 1145 1640 1212 praeter
1667 1136 1853 1193 solum
1884 1136 2174 1193 Christum
2216 1155 2320 1211 pro
2368 1135 2535 1192 nobis
2583 1135 2760 1194 fuisse

339 1219 695 1290 crucifixum,
732 1221 760 1275 1
809 1218 937 1274 Cor.
967 1217 1006 1273 i.
1042 1218 1132 1289 13,
1186 1214 1288 1273 sed
1309 1216 1628 1291 posteriori,
1653 1223 1718 1274 ut
1765 1216 1888 1292 ipse
1933 1216 2356 1292 interpretatur,
2390 1218 2426 1273 2
2472 1215 2600 1274 Cor.
2632 1217 2668 1274 i.
2701 1219 2755 1290 6,

341 1305 458 1379 {ing
507 1304 589 1363 τῖς
634 1301 763 1372 ὑμῶν
811 1298 1184 1376 vagantum-05,
1233 1302 1292 1353 et
1339 1298 1375 1353 2
1419 1296 1567 1353 Tim.
1613 1295 1671 1354 ii.
1707 1299 1781 1354 10
1830 1295 1970 1354 dicit
2014 1314 2076 1353 se
2119 1296 2239 1373 pati
2288 1295 2480 1353 omnia
2517 1306 2762 1371 propter

336 1381 579 1452 Eiectos,
612 1397 727 1436 non
756 1377 831 1435 ad
859 1397 957 1434 eos
985 1374 1351 1434 redimendos
1379 1394 1414 1432 a
1440 1375 1627 1452 poenis
1655 1374 2084 1452 temporalibus,
2109 1375 2210 1433 sed
2231 1383 2296 1434 ut
2317 1376 2636 1433 confirmati
2656 1396 2760 1435 suo

337 1459 605 1534 exemplo
634 1458 932 1515 obtineant
961 1456 1205 1514 salutem
1232 1474 1336 1531 per
1366 1455 1675 1529 Christum,
1707 1455 1863 1531 quod
1892 1455 2144 1513 Thomas
2172 1455 2232 1512 in
2262 1457 2316 1513 3.
2348 1475 2403 1531 q.
2434 1458 2529 1530 48,
2563 1464 2667 1514 art.
2700 1460 2755 1532 5,

336 1538 427 1595 ad.
453 1541 504 1595 1.
528 1538 672 1596 bene
691 1536 978 1611 observat,
1003 1538 1037 1568 ‘⁴
1060 1534 1366 1593 Passiones
1392 1534 1733 1592 Sanctorum
1752 1534 2058 1611 proficiunt
2078 1534 2372 1609 Ecclesiae,
2391 1555 2504 1592 non
2525 1535 2756 1611 quidem

338 1638 440 1694 per
466 1617 701 1675 modum
728 1615 1156 1692 redemptionis,
1191 1614 1293 1673 sed
1321 1634 1424 1691 per
1450 1614 1683 1672 modum
1714 1614 1963 1691 exempli
1993 1622 2052 1673 et
2080 1614 2557 1672 exhortationiS.”

420 1697 670 1754 XVIII.
714 1697 1011 1754 Passiones
1037 1695 1262 1768 Christi,
1295 1714 1534 1770 quarum
1565 1695 1839 1771 reliquias
1869 1695 2086 1752 Paulus
2108 1694 2308 1752 debuit
2334 1700 2521 1752 ἀντ-ινα
2535 1704 2756 1775 raugam,

339 1777 575 1834 vicissim
596 1778 843 1852 implere,
877 1775 999 1833 Col.
1031 1776 1067 1833 i.
1099 1778 1194 1848 24,
1218 1794 1330 1832 non
1356 1783 1491 1832 sunt
1515 1775 1823 1832 Passiones
1841 1774 2172 1851 personales
2197 1773 2409 1832 Christi
2458 1777 2755 1849 naturaliS,

338 1856 441 1915 sed
466 1857 773 1914 Passiones
806 1856 1019 1915 Christi
1044 1854 1269 1929 mystici,
1302 1853 1378 1912 id.
1414 1853 1682 1929 Corporis
1711 1855 1836 1930 ejus
1865 1873 1967 1912 seu
1997 1853 2292 1927 Ecclesiae,
2324 1873 2452 1929 quae
2476 1853 2548 1910 ad
2579 1854 2760 1912 instar

338 1936 551 1994 Christi
581 1936 953 2012 imponuntur
982 1933 1231 1992 ferendae
1261 1933 1508 2009 singulis
1535 1932 1810 1990 membris
1839 1953 1943 2010 pro
1971 1942 2132 2009 parte
2162 1952 2281 2007 sua,
2314 1942 2372 1991 et
2393 1953 2521 2009 quae
2574 1934 2757 1993 Paulo

334 2016 395 2073 in
422 2016 753 2093 particulari
782 2016 1089 2091 assignatae
1120 2022 1283 2071 erant
1311 2033 1345 2069 a
1376 2013 1518 2087 Dee,
1550 2032 1696 2088 quas
1723 2012 1854 2071 ideo
1883 2033 1944 2072 se
1993 2012 2247 2070 vicissim
2299 2032 2401 2070 scu
2446 2033 2549 2089 pro
2596 2021 2758 2089 parte

335 2115 441 2153 sua
470 2095 707 2171 implere
731 2095 888 2169 dicit,
919 2094 1185 2152 alacriter
1214 2091 1495 2168 gestando
1525 2101 1745 2168 partem
1776 2093 1978 2166 erucis,
2011 2112 2139 2168 quse
2187 2092 2293 2168 ipsi
2343 2112 2377 2148 a
2427 2092 2655 2151 Christo
2684 2093 2758 2152 ad

336 2174 633 2233 ferendum
663 2182 786 2233 erat
811 2174 1097 2251 imposita.
1186 2173 1281 2231 Sic
1316 2173 1568 2230 Christus
1591 2192 1742 2247 saepe
1770 2191 1874 2249 pro
1899 2172 2148 2248 Corpore
2191 2192 2296 2229 suo
2338 2172 2585 2248 ponitur,
2620 2172 2756 2231 Act.

339 2254 418 2311 ix.
450 2258 505 2328 4,
538 2264 596 2313 et
630 2257 658 2311 1
693 2255 822 2312 Cor.
854 2254 955 2311 xii.
993 2256 1083 2328 12,
1136 2260 1194 2310 et
1237 2252 1534 2309 Passiones
1566 2252 1791 2326 Christi,
1845 2251 2180 2311 afflictiones
2227 2251 2484 2309 fidelium
2536 2261 2754 2327 notant,

339 2338 373 2390 2
396 2333 526 2391 Cor.
556 2333 594 2392 i.
627 2336 681 2409 5,
705 2332 858 2391 Heb.
883 2333 963 2390 xi.
987 2335 1082 2407 26,
1103 2352 1218 2389 non
1240 2332 1412 2390 modo
1433 2330 1652 2389 ratione
1671 2332 1960 2407 principii,
1993 2331 2129 2408 quia
2159 2331 2420 2389 Christus
2449 2351 2546 2389 eas
2576 2332 2756 2409 impo-

335 2413 438 2487 nit,
471 2421 528 2471 et
558 2413 631 2470 ad
660 2433 892 2471 easnos
914 2419 1101 2487 vocat,
1127 2421 1191 2469 ut
1221 2430 1520 2488 supremus
1571 2411 1964 2488 Agonotheta,
1999 2412 2116 2469 Act
2146 2410 2226 2468 ix.
2262 2413 2351 2484 16,
2385 2419 2442 2469 et
2475 2415 2503 2469 1
2540 2412 2664 2471 Pet.
2696 2412 2756 2471 ii.

336 2496 431 2567 21,
466 2493 615 2551 Phil.
647 2493 684 2551 i.
717 2495 812 2568 29,
842 2512 958 2551 non
988 2492 1158 2550 modo
1187 2492 1405 2550 ratione
1462 2493 1667 2565 objecti,
1720 2491 1856 2567 quia
1903 2499 2135 2568 propter
2183 2490 2475 2548 Christum
2525 2499 2590 2553 et,
2630 2492 2757 2568 ejus

336 2572 725 2650 Evangelium
755 2573 1140 2651 imponuntur,
1175 2572 1275 2630 scd
1305 2580 1362 2631 et
1390 2572 1609 2629 ratione
1639 2572 2048 2647 communiente,
2082 2590 2210 2647 quae
2259 2570 2427 2629 nobis
2455 2571 2759 2632 intercedit

334 2673 466 2712 eum
497 2654 743 2729 Christo,
769 2655 904 2730 quia
925 2662 990 2711 ut
1038 2673 1215 2710 unum
1244 2652 1414 2710 fimus
1456 2672 1587 2709 cum
1640 2652 1890 2724 Christe,
1932 2653 2012 2710 ita
2060 2652 2212 2709 bona
2262 2659 2320 2709 et
2364 2651 2516 2708 mala
2561 2662 2759 2711 nostra

332 2741 468 2792 sunt
496 2734 663 2792 nobis
692 2733 1018 2793 eommunia
1042 2755 1055 2790 ε
1087 2732 1349 2790 Christus
1377 2731 1547 2789 malis
1574 2733 1788 2791 nostris
1817 2731 2077 2805 afficitur,
2122 2751 2238 2788 non
2267 2732 2457 2789 minus
2501 2752 2568 2789 ac
2619 2733 2755 2809 suiS,

331 2823 389 2871 et
417 2833 524 2870 nos
552 2834 827 2872 vocamur
868 2814 943 2871 ad
970 2811 1428 2890 participandum
1458 2812 1825 2888 passionibus
1866 2813 2010 2890 ejus,
2060 2820 2124 2870 ut
2171 2811 2257 2868 illi
2307 2810 2627 2870 conformes
2655 2813 2756 2870 fia-

338 2911 467 2949 mus
496 2893 555 2948 in
586 2913 753 2951 cruce
782 2893 1117 2969 priusquam
1147 2891 1206 2947 in
1237 2891 1437 2968 gloria,
1476 2892 1643 2949 Rom.
1675 2892 1795 2949 viii.
1831 2894 1923 2950 18.

412 2971 603 3028 XIX.
649 2971 832 3029 Aliud
854 2979 942 3028 est
968 2978 1205 3046 peecata
1233 2990 1338 3028 sua
1365 2970 1644 3028 redimere
1672 2991 1811 3027 vera
1867 2971 2274 3044 satisfactione,
2325 2969 2509 3028 Aliud
2558 2991 2754 3028 eorum

331 3069 560 3107 cursum
590 3049 927 3125 abrumpere
957 3069 1060 3124 per
1100 3068 1272 3123 opera
1312 3049 1665 3124 poenitentiae
1714 3057 1772 3106 ct
1819 3049 2131 3107 charitatis.
2217 3049 2426 3106 Daniel
2470 3051 2756 3125 posterius

332 3129 442 3185 hoe
486 3128 689 3185 suadet
737 3126 1268 3198 Nebuehadnezari,
1295 3147 1343 3183 e.
1375 3126 1453 3183 iv.
1484 3131 1579 3200 27,
1632 3146 1748 3183 non
1793 3127 1997 3203 prius:
2039 3133 2094 3183 τὶ
2136 3145 2223 3200 νυ
2278 3128 2462 3202 primo
2511 3148 2626 3185 non
2669 3137 2758 3188 est

328 3208 620 3280 redimere,
667 3206 769 3265 sed
817 3208 1166 3280 abrumpere,
1198 3207 1538 3279 abstrahere,
1590 3214 1762 3280 atque
1808 3205 1942 3262 inde
1992 3206 2266 3263 liberare:
2355 3205 2571 3264 Suadet
2615 3227 2754 3283 ergo

332 3287 481 3363 Regi
509 3288 647 3344 vitae
678 3285 1131 3343 immutationem
1162 3294 1219 3343 et
1246 3284 1661 3361 poenitentiam,
1693 3293 1758 3342 ut
1785 3284 2026 3361 injurias
2056 3293 2113 3343 et
2140 3285 2539 3362 oppressiones
2563 3285 2753 3345 illatas

331 3366 710 3425 beneficentia
736 3366 1024 3439 resarciat,
1057 3373 1115 3423 et
1142 3373 1506 3442 peccatorum
1537 3384 1765 3422 cursum
1797 3365 2115 3441 abrumpat,
2147 3375 2213 3423 ut
2234 3365 2440 3422 melius
2465 3365 2547 3422 illi
2571 3366 2661 3440 sit,
2695 3376 2752 3426 et

324 3447 581 3505 obtineat
603 3446 1027 3522 exemptionem
1056 3465 1090 3501 a
1119 3444 1303 3521 poenis
1332 3463 1461 3519 quae
1491 3444 1575 3501 illi
1619 3453 1852 3521 propter
1880 3445 2096 3503 scelera
2126 3466 2230 3503 sua
2271 3445 2661 3519 imminebant,
2695 3456 2753 3505 et

324 3527 485 3603 pacis
515 3547 633 3584 suae
676 3525 1180 3597 continuationem,
1212 3526 1264 3581 si
1270 3528 1431 3599 sorte
1459 3525 1941 3600 eritprolonyatio
1965 3525 2387 3602 tranquillitatis
2406 3545 2538 3583 stcae.
2624 3527 2750 3600 Quo

327 3605 625 3664 referenda
654 3615 788 3665 sunt
814 3606 944 3663 loca
972 3605 1147 3676 varia,
1176 3605 1233 3661 in
1262 3604 1476 3681 quibus
1496 3605 1835 3679 poenitentr‘ae
1862 3606 2215 3681 promittitur
2260 3606 2522 3664 remissio
2549 3627 2753 3684 pecea-

325 3694 531 3759 torum,
563 3706 678 3744 non
706 3697 771 3744 ut
801 3706 987 3743 causae
1017 3685 1338 3757 meritoriae,
1371 3685 1466 3742 vel
1496 3704 1681 3761 poenae
1726 3684 2137 3762 satisfactorias,
2187 3685 2290 3744 sed
2338 3693 2404 3743 ut
2451 3685 2753 3745 conditioni

327 3784 588 3824 annexae.

408 3844 561 3902 XX.
607 3844 790 3902 Aliud
818 3854 905 3904 est
932 3845 1092 3921 loqui
1121 3844 1192 3902 de
1221 3844 1408 3921 poenis
1436 3845 1664 3920 proprie
1694 3844 1863 3902 dietis
1893 3854 1950 3902 ct
1980 3844 2391 3917 satisfactoriiS‚
2424 3864 2552 3920 quae
2576 3866 2609 3901 a
2637 3846 2682 3903 J
2686 3866 2749 3903 u-

323 3922 451 3980 dice
479 3922 820 3998 infliguntur
847 3925 920 3982 ad
940 3925 1184 4000 justitiae
1217 3923 1669 3982 satisfactionem
1696 3946 1709 3996 ;
1767 3925 1947 3982 Aliud
1979 3925 2048 3981 de
2098 3924 2285 3999 poenis
2335 3923 2661 3999 impropriis
2690 3934 2750 3982 et

322 4002 708 4079 castigatoriis
738 4023 839 4060 seu
869 4003 1323 4061 medicinalibus.
1412 4004 1540 4059 Non
1571 4023 1853 4078 negamus
1880 4003 2148 4059 fidelibus
2176 4022 2376 4078 poenas
2426 4002 2566 4059 istas
2595 4023 2747 4079 saepe

322 4083 556 4161 imponi,
579 4103 693 4140 non
713 4103 747 4139 a
768 4083 893 4141 Deo
916 4083 958 4141 J
963 4083 1146 4156 udice,
1170 4082 1272 4140 sed
1290 4103 1324 4139 a
1355 4083 1479 4140 Deo
1512 4084 1700 4154 Patre,
1735 4101 1850 4137 non
1879 4102 1952 4138 ex
1973 4080 2122 4155 odio,
2155 4080 2256 4138 sed
2285 4101 2359 4138 ex
2389 4101 2598 4154 amore,
2630 4103 2746 4140 non

318 4163 393 4221 ad
410 4163 743 4238 vindictam,
770 4162 873 4220 sed
900 4162 975 4219 ad
997 4162 1355 4236 medicinam,
1378 4182 1493 4219 non
1515 4162 1590 4218 ad
1613 4160 2075 4232 destructionem,
2102 4160 2204 4218 sed
2222 4159 2297 4217 ad
2317 4161 2744 4221 correctionem.

319 4245 472 4301 Hine
485 4243 775 4319 Cyprian.‚
809 4241 956 4299 “Ad
967 4241 1075 4299 hoc
1087 4241 1319 4318 corripit
1332 4241 1615 4300 Dominus
1626 4248 1691 4298 ut
1719 4239 2000 4314 emendet,
2026 4239 2100 4297 ad
2120 4239 2228 4297 hoe
2248 4241 2514 4299 emendat
2541 4250 2606 4300 ut
2628 4262 2746 4299 ser-

318 4324 474 4381 vet.'’
497 4323 701 4381 Thom.
717 4323 864 4398 iii.q.
891 4324 985 4396 69,
1014 4321 1220 4379 “Ante
1243 4321 1636 4378 remissionem
1651 4327 1784 4376 sunt
1803 4319 2084 4396 supplicia
2100 4328 2481 4395 peccatorum,
2497 4329 2627 4396 post
2655 4342 2741 4378 re·

317 4402 648 4459 missionem
679 4403 991 4461 certamina
1031 4408 1089 4459 et
1118 4400 1558 4459 exercitationes
1601 4400 2002 4458 Sanctorum.'’
2051 4400 2127 4456 Et
2157 4399 2384 4475 AuguS.
2437 4399 2743 4458 discrimen

318 4481 468 4538 inter
498 4502 698 4557 poenas
727 4482 1031 4558 impiorum
1052 4489 1110 4538 et
1127 4480 1536 4555 castigationes
1563 4479 1789 4554 piorum
1820 4479 2032 4554 optime
2056 4479 2308 4555 exponit,
2338 4479 2426 4536 De
2458 4480 2582 4537 Civ.
2613 4480 2741 4539 Dei.

314 4559 416 4617 lib.
446 4558 483 4615 i.
514 4581 638 4637 cap.
667 4561 807 4635 viii„
836 4561 1224 4636 “Quicunque
1252 4559 1390 4616 boni
1417 4559 1667 4634 malique
1696 4557 1910 4634 pariter
1936 4557 2130 4616 afflicti
2159 4568 2308 4632 sunt,
2342 4578 2454 4615 non
2481 4559 2608 4617 ideo
2633 4560 2743 4637 ipsi

317 4638 572 4698 distincti
599 4659 711 4697 non
731 4648 881 4713 sunt,
896 4639 1373 4716 quiadistinctum
1389 4658 1502 4695 non
1526 4647 1615 4696 est
1637 4637 1792 4714 quod
1816 4637 2042 4714 utrique
2066 4638 2318 4716 perpessi
2351 4647 2511 4698 sunt:
2549 4651 2740 4699 manet
