3221 5200
482 354 599 412 438
1268 366 1452 407 Locus
1482 367 1740 407 memus
1768 367 2058 415 Quam-us.
2446 346 2693 428 [QUAEST.
2723 365 2908 406 xvur.

490 510 627 568 olim
657 508 871 565 factum
912 528 948 565 a
977 506 1351 580 Nestorianis,
1383 507 1481 582 qui
1514 507 1806 565 Christum
1856 508 1971 565 alia
1998 506 2330 565 adoratione
2373 526 2489 582 qua
2536 506 2742 579 Deum,
2783 506 2905 562 alia

490 609 605 665 qua
625 588 934 661 hominem,
956 606 1015 644 se
1040 586 1302 644 venerari
1329 586 1780 661 profitebantur;
1827 588 1905 645 Et
1926 596 1991 645 ut
2007 589 2073 644 fit
2102 607 2136 644 a
2167 586 2504 658 Pontificiis,
2535 586 2635 661 qui
2667 586 2907 665 λιτςιίειο

496 667 714 726 Deitati
743 667 1062 739 reddentes,
1125 663 1464 746 ὑπιςὸουλιίαυ
1505 666 1868 724 Humanitati
1914 666 2191 739 tribuunt,
2243 673 2417 741 atque
2446 666 2527 722 ita
2569 666 2728 723 cultu
2756 665 2906 723 infe-

491 749 640 806 riore
670 747 855 822 ipsum
878 746 1091 818 colunt,
1123 765 1293 821 quam
1318 746 1576 820 Crucem,
1609 746 1702 803 cui
1725 746 1952 826 λειτςιίαι
1980 745 2175 803 deberi
2204 744 2570 820 pertendunt.

576 826 790 883 XVII.
862 826 961 883 Ad
1007 826 1434 901 Argumentum
1485 825 1938 898 Socinianorum,
2027 827 2062 856 “
2087 824 2426 899 Quicunque
2471 824 2741 881 adoratur
2784 842 2908 898 qua

493 905 803 978 Mediator,
843 925 960 963 non
988 913 1077 961 est
1125 923 1384 961 summus
1414 905 1614 962 Deus:
1669 905 1785 962 Sed
1814 904 2076 963 Christus
2117 903 2390 961 adoratur
2416 923 2532 979 qua
2574 902 2904 961 Mediator:

498 985 657 1061 Ergo
705 1005 821 1041 non
869 992 959 1041 est
1004 1003 1260 1041 summus
1312 984 1530 1056 DeuS,”
1589 984 2106 1059 quomodocunque
2149 982 2578 1058 respondeatur,
2630 982 2752 1039 sive
2797 1001 2909 1057 per

494 1063 861 1139 negationem
928 1062 1188 1138 Majoris,
1247 1061 1403 1137 quod
1467 1063 1830 1138 pertendunt,
1888 1063 1988 1138 qui
2049 1062 2257 1120 volunt
2327 1061 2617 1119 Christum
2674 1060 2906 1118 adorari

494 1162 609 1218 qua
640 1142 1037 1216 Mediatorem,
1124 1141 1246 1199 sive
1277 1161 1378 1217 per
1424 1141 1669 1199 Minoris
1698 1142 2123 1216 inficiationem,
2153 1141 2309 1217 quod
2354 1141 2454 1197 alii
2489 1140 2727 1215 volunt,
2786 1149 2907 1198 stat

496 1222 722 1279 illibata
755 1220 1017 1278 doctrina
1060 1220 1396 1278 Divinitatis
1441 1221 1672 1279 Christi.
1758 1222 1907 1279 Nam
1950 1221 2050 1297 qui
2090 1229 2307 1297 negant
2347 1219 2574 1277 adorari
2615 1239 2730 1295 qua
2773 1220 2904 1277 Me-

498 1301 776 1359 diatorem
826 1308 1089 1375 respectu
1141 1299 1343 1372 Officii,
1401 1299 1642 1357 firmiter
1689 1309 1882 1358 tamen
1924 1307 2158 1358 tuentur
2203 1318 2506 1376 personam
2564 1298 2908 1357 Mediatoris

498 1399 722 1455 semper
749 1378 1098 1436 adorandam
1127 1398 1253 1435 esse
1281 1388 1545 1453 respectu
1576 1380 1811 1437 Naturae
1864 1379 2109 1453 Divinae,
2155 1399 2258 1437 seu
2286 1386 2568 1454 quatenus
2596 1386 2685 1436 est
2723 1375 2944 1448 Δι’·γος.δ

500 1457 621 1515 Nec
663 1460 853 1515 minus
897 1457 1077 1515 solide
1107 1458 1205 1514 alii
1234 1457 1307 1514 ad
1340 1458 1622 1533 Majorem
1660 1467 1959 1534 reponunt,
2021 1458 2271 1516 Tantum
2302 1458 2520 1532 abesse,
2552 1466 2617 1515 ut
2661 1477 2736 1515 ex
2763 1457 2904 1515 ado-

496 1538 717 1595 ratione
749 1537 960 1595 Christi
1002 1536 1340 1594 Mediatoris
1370 1537 1678 1614 colligatur
1723 1538 2013 1596 Christum
2061 1558 2177 1595 non
2226 1556 2352 1595 esse
2382 1556 2666 1594 summum
2692 1537 2902 1611 Deum,

496 1617 637 1692 quin
666 1616 857 1691 potius
905 1616 1119 1673 invicte
1148 1615 1523 1673 concludatur
1565 1637 1695 1674 eum
1725 1637 1851 1675 esse
1879 1637 2078 1674 verum
2126 1625 2184 1675 et
2212 1625 2487 1674 veternum
2534 1617 2738 1689 Deum,
2770 1636 2906 1674 cum

498 1715 689 1753 merus
718 1697 890 1753 homo
922 1695 1209 1752 Mediator
1235 1704 1431 1753 noster
1458 1715 1584 1753 esse
1614 1716 1727 1753 non
1757 1696 2024 1773 potuerit,
2057 1696 2159 1754 sed
2187 1695 2450 1754 debuerit
2478 1715 2604 1753 esse
2635 1696 2811 1753 Deus.

579 1775 830 1832 XVIII.
877 1775 1008 1832 Non
1037 1783 1155 1831 tam
1185 1774 1417 1832 solliciti
1446 1794 1571 1833 esse
1602 1775 1879 1833 debemus
1922 1775 1992 1832 de
2023 1774 2299 1832 relatione
2330 1775 2437 1832 sub
2466 1794 2581 1850 qua
2610 1774 2905 1833 Christum

497 1853 735 1911 adorare
785 1854 1113 1927 debeamuS,
1158 1873 1329 1929 quam
1375 1861 1439 1911 ut
1486 1854 1677 1930 reipsa
1703 1874 1833 1912 eum
1876 1855 2088 1913 devota
2130 1853 2304 1911 animi
2335 1853 2734 1927 submissione,
2764 1874 2908 1912 vera

495 1933 627 2005 fide,
680 1942 737 1991 et
786 1932 1073 1991 constanti
1142 1932 1485 2006 obedientia,
1543 1942 1609 1991 ut
1666 1934 1881 1992 Filium
1937 1943 2212 1992 aeternum
2267 1933 2395 2006 Dei,
2458 1933 2904 2009 Redemptorem

499 2022 775 2085 nostrum,
817 2031 997 2088 usque
1043 2012 1117 2068 ad
1166 2021 1486 2069 extremum
1517 2013 1654 2071 vitae
1701 2013 1946 2072 halitum
1987 2012 2267 2089 perpetim
2306 2011 2579 2087 colamus,
2627 2021 2686 2070 et
2729 2032 2905 2072 vene-

499 2111 707 2149 remur.

578 2171 767 2228 XIX.
814 2169 997 2227 Aliud
1019 2178 1108 2228 est
1135 2170 1353 2227 cultum
1383 2169 1579 2227 deberi
1606 2170 1826 2228 nomini
1866 2172 1910 2230 J
1913 2191 2016 2229 esu
2031 2171 2362 2245 formaliter
2389 2169 2766 2245 considerato,
2795 2191 2906 2248 pro

497 2269 640 2307 voce
691 2250 846 2325 ipsa3
894 2249 1078 2307 Aliud
1118 2250 1502 2323 materialiter,
1550 2270 1655 2326 pro
1700 2251 1954 2309 Persona
1981 2250 2084 2308 tali
2111 2249 2342 2307 nomine
2387 2249 2726 2325 significata,
2757 2270 2905 2326 quo-

498 2328 670 2386 modo
710 2348 860 2404 saepe
906 2348 1113 2386 nomen
1146 2329 1256 2385 Dei
1290 2349 1393 2404 pro
1425 2330 1551 2387 Deo
1595 2330 1847 2406 ponitur.
1932 2330 2122 2404 Quum
2154 2329 2370 2387 Paulus
2398 2330 2495 2401 ait,
2531 2329 2680 2386 Phil.
2711 2330 2770 2387 ii.
2805 2333 2901 2405 10,

500 2408 773 2465 “Datum
828 2428 953 2465 esse
1016 2408 1244 2465 Christo
1294 2428 1503 2466 nomen
1549 2429 1722 2485 supra
1763 2430 1929 2467 omne
1971 2429 2197 2483 nomen,
2245 2418 2311 2467 ut
2360 2408 2418 2466 in
2468 2409 2697 2466 nomine
2752 2410 2907 2469 Jesu

497 2486 762 2544 flectatur
808 2507 975 2544 omne
1020 2488 1231 2562 genu,'’
1275 2507 1391 2545 non
1439 2489 1614 2546 sumit
1658 2508 1864 2547 nomen
1894 2489 2069 2565 priori
2100 2508 2289 2563 sensu,
2335 2487 2437 2546 sed
2475 2488 2793 2564 posteriori,
2836 2498 2906 2548 ut

496 2574 654 2642 patet
696 2586 770 2624 ex
811 2566 956 2624 locis
998 2565 1306 2642 parallelis,
1354 2566 1469 2625 Isa.
1513 2567 1637 2625 xlv.
1668 2571 1762 2642 23,
1815 2576 1873 2626 et
1921 2568 2092 2628 Rom.
2137 2567 2258 2626 xiv.
2313 2570 2404 2641 ll,
2455 2566 2557 2625 ubi
2612 2567 2904 2644 objectum

498 2645 920 2720 genuflexionis
955 2646 1165 2703 dicitur
1192 2646 1441 2720 Jehova,
1494 2654 1552 2703 et
1603 2647 1859 2704 Persona
1888 2648 2012 2723 ipsa
2057 2648 2288 2722 Christi,
2318 2668 2434 2706 non
2479 2667 2689 2706 nomen
2736 2650 2906 2724 ejus:

480 2726 741 2800 flectetur
782 2743 975 2780 coram
1023 2746 1109 2781 me
1156 2745 1314 2782 omne
1336 2745 1500 2799 yenu.
1588 2725 1760 2784 Unde
1810 2746 1925 2784 non
1974 2736 2129 2785 caret
2178 2726 2598 2803 superstitione,
2642 2727 2798 2802 quod
2838 2728 2910 2786 fit

495 2823 530 2860 a
580 2802 913 2875 Pontificiis,
965 2803 1064 2878 qui
1120 2803 1193 2859 ad
1247 2803 1624 2878 prolationem
1666 2805 1916 2863 nominis
1970 2807 2118 2865 Jesu
2161 2815 2333 2883 eaput
2359 2805 2622 2882 aperiunt
2662 2816 2720 2864 et
2747 2827 2911 2882 genu

495 2881 750 2954 flectunt,
796 2901 912 3019 ιιὲἰιι
956 2890 1145 2940 tamen
1184 2882 1397 2942 auditis
1423 2883 1754 2944 nominibus
1794 2886 1926 2962 Dei,
1957 2894 2014 2944 et
2047 2887 2272 2963 Christi,
2303 2906 2419 2944 non
2446 2885 2637 2943 minus
2666 2886 2906 2963 sanctie,

496 2970 555 3020 et
575 2981 825 3020 veneran
891 2981 936 3020 S.
