3221 5200
548 350 664 408 538
1366 359 1548 400 Locus
1576 358 1837 399 Dscmus
1866 357 2138 407 cumr-ue.
2547 335 2862 418 [QUAEST.
2900 361 3053 401 ΧΠ.

540 524 673 563 cum
728 500 932 560 timore
974 509 1032 559 et
1081 486 1342 575 tremore,
1388 499 1686 559 confidunt
1736 499 1926 557 Deum
1968 518 2095 557 esse
2123 498 2224 576 qui
2250 505 2525 576 operatur
2551 499 2725 558 velle
2780 509 2860 559 et
2892 522 3045 578 per·

544 584 734 656 ficere,
780 590 838 639 et
882 581 982 658 qui
1010 581 1167 658 quod
1196 581 1370 657 coepit
1396 580 1609 638 bonum
1643 599 1788 656 opus
1818 579 2067 656 gratiose
2096 579 2335 656 perficit.
2423 577 2518 635 Ita
2545 598 2905 656 perperam
2956 603 3043 640 ex

545 664 654 721 hac
684 661 945 719 doctrina
984 661 1233 720 lieentiae
1262 669 1321 718 et
1361 659 1674 736 impietatis
1716 658 1944 718 occasio
1991 658 2311 731 deducitur,
2369 677 2551 734 quum
2602 659 2692 717 sit
2722 668 3041 716 hebem-

546 742 783 818 flagitiis
811 741 1129 818 indulgere,
1175 748 1234 798 et
1260 740 1470 797 habere
1514 738 1759 815 gratiam
1787 738 2228 816 perseverantiae
2257 736 2630 796 effectricem.
2728 740 2896 798 Imo
2920 743 3034 817 qui

546 823 722 880 habet
748 822 898 879 hanc
928 831 1086 898 spem
1113 818 1378 896 purificat
1407 819 1677 895 seipsum,
1727 821 1756 875 1
1789 818 1929 877 Joh.
1978 817 2060 875 iii.
2108 821 2162 891 3,
2214 825 2273 875 et
2315 837 2421 894 pro
2466 826 2630 876 certo
2687 820 2826 876 sibi
2880 841 3028 896 per-

546 902 786 962 suadere
815 901 987 959 debet
1014 899 1299 956 neminem
1330 897 1452 956 sine
1496 897 1797 956 sanctitate
1825 897 2087 956 visurum
2134 898 2339 971 Deum,
2373 905 2431 955 et
2456 916 2575 954 non
2603 898 2809 955 aliam
2848 901 3026 956 viam

547 1002 722 1059 quam
769 981 1042 1057 pietatem
1092 978 1217 1035 dari
1265 977 1339 1034 ad
1384 977 1804 1054 assequendam
1831 978 2030 1035 vitam.
2116 977 2292 1036 Nulla
2339 996 2480 1053 ergo
2535 977 2659 1033 alia
2704 981 3023 1036 securitas

549 1082 625 1119 ex
654 1058 996 1119 certitudine
1024 1056 1466 1134 perseverantiae
1494 1056 1555 1114 in
1582 1057 1814 1114 homine
1843 1057 2041 1129 oritur,
2072 1076 2244 1132 quam
2271 1056 2603 1132 spiritualia
2636 1076 2787 1132 quae
2824 1079 3018 1116 usum

549 1140 869 1197 mediorum
918 1156 1035 1195 non
1079 1137 1353 1210 excludit,
1391 1136 1495 1195 sed
1544 1135 1833 1214 supponit,
1884 1144 1943 1194 et
1989 1138 2253 1194 timorem
2298 1155 2414 1193 non
2456 1134 2845 1210 diffidentiae,
2906 1137 3017 1196 sed

550 1215 972 1290 sollicitudinis,
1003 1223 1062 1274 et
1095 1217 1270 1275 studii
1299 1216 1373 1274 ad
1401 1225 1759 1275 constantem
1797 1216 2040 1274 istorum
2082 1216 2399 1274 mediorum
2444 1234 2633 1289 usum,
2671 1217 2738 1272 in
2769 1218 3014 1274 animis

549 1297 763 1356 nostris
796 1296 1114 1370 ingenerat.

630 1375 950 1434 XXXVI.
995 1375 1134 1432 Alia
1161 1383 1249 1433 est
1275 1375 1506 1451 justitia
1532 1375 1731 1452 primae
1772 1373 2149 1433 institutionis
2189 1374 2251 1431 iu
2271 1380 2513 1449 natura3
2547 1373 2696 1430 Alia
2741 1377 3007 1435 restitu-

548 1456 725 1514 tionis
752 1456 810 1511 in
841 1454 1044 1530 gratia.
1090 1454 1189 1512 Ab
1230 1454 1333 1511 illa
1372 1455 1561 1531 potuit
1589 1455 1855 1513 Adamus
1884 1452 2144 1528 deficere,
2177 1454 2311 1529 quia
2339 1453 2447 1512 fuit
2469 1453 2780 1512 mutabilis
2808 1478 2828 1530 ;
2879 1456 3004 1514 Sed

548 1554 665 1593 non
707 1553 1013 1611 possumus
1041 1534 1114 1591 ab
1143 1534 1270 1608 ista,
1302 1554 1431 1610 quae
1459 1542 1548 1593 est
1589 1533 1964 1592 immutabilis
1991 1541 2050 1591 et
2078 1543 2447 1600 ἁμιημελητος.

631 1613 987 1672 XXXVII.
1033 1612 1224 1673 Locus
1253 1614 1424 1673 Ezec.
1471 1613 1637 1671 xviii.
1694 1617 1790 1686 24,
1837 1613 1959 1671 “Si
2003 1613 2276 1670 averterit
2325 1630 2386 1670 se
2430 1613 2627 1689 justus
2668 1631 2709 1669 a
2740 1613 3001 1689 justitia

550 1715 670 1771 sua,
703 1703 761 1753 et
789 1693 987 1753 fecerit
1013 1692 1393 1771 iniquitatem,
1425 1713 1623 1751 omnes
1643 1692 1887 1770 justitiae
1916 1692 2043 1769 ejus
2069 1711 2214 1769 quas
2241 1690 2377 1749 fecit
2403 1711 2521 1748 non
2550 1711 2996 1751 commemora·

548 1777 808 1849 buntur3
854 1781 1087 1850 propter
1133 1773 1495 1849 iniquitatem
1541 1793 1703 1830 suam
1746 1791 1919 1848 quam
1973 1771 2109 1829 fecit
2151 1771 2483 1844 morietur‚’'
2529 1791 2646 1828 non
2693 1771 2847 1831 facit
2878 1795 2994 1850 pro

551 1854 867 1933 Apostasia
925 1853 1285 1911 Sanctorum.
1334 1856 1386 1911 1.
1438 1853 1586 1926 Quia
1613 1852 1828 1910 locutio
1850 1859 1939 1909 est
1959 1850 2348 1927 hypothetica,
2378 1870 2495 1908 non
2517 1851 2812 1924 absoluta,
2850 1862 2991 1909 :etia

552 1953 691 2009 pvm,
736 1954 860 1992 cum
885 1953 944 1990 se
971 1933 1239 1991 averterit
1248 1934 1452 2006 justae,
1484 1930 1545 1988 id
1572 1940 1678 2006 est,
1708 1932 1761 1988 si
1782 1951 1841 1989 se
1880 1939 2140 1988 avertat:
2184 1929 2399 1988 Notum
2448 1938 2641 1988 autem
2686 1940 2785 1990 est
2839 1953 2991 1990 con-

550 2012 827 2071 ditionem
857 2013 1003 2069 nihil
1030 2032 1241 2089 ponere
1270 2012 1332 2069 in
1359 2031 1504 2085 esse,
1536 2010 1638 2069 sed
1667 2011 2083 2069 connexionem
2137 2018 2362 2068 tantum
2388 2010 2782 2068 necessariam
2812 2021 2989 2070 ante-

552 2092 809 2151 cedentis
854 2112 985 2150 cum
1034 2101 1420 2168 consequente
1468 2099 1688 2150 notare.
1774 2090 1897 2148 Nec
1927 2089 1974 2147 si
2002 2088 2358 2165 possibilitas
2399 2089 2595 2165 aliqua
2623 2089 2989 2150 defectionis

548 2179 846 2230 notaretur
873 2192 907 2230 a
948 2179 1110 2248 parte
1150 2171 1416 2246 hominia,
1461 2190 1639 2247 quum
1667 2169 1727 2227 in
1756 2189 1929 2227 sensu
1957 2169 2145 2226 diviso
2174 2177 2481 2246 spectatur,
2526 2169 2723 2228 statim
2773 2170 2990 2229 inferri

549 2260 740 2327 potest
759 2251 1112 2328 possibilitas
1132 2252 1193 2308 in
1216 2271 1387 2310 sensu
1410 2250 1729 2327 composito
1751 2270 1784 2307 a
1800 2258 1961 2326 parte
1980 2249 2180 2325 gratiae
2206 2248 2334 2325 Dei,
2356 2256 2413 2306 et
2433 2249 2627 2325 quoad
2649 2259 2940 2308 eventum
2968 2274 2983 2325 ;

550 2331 688 2407 quia
714 2332 870 2408 quod
899 2331 1172 2408 possibile
1215 2338 1302 2390 est
1344 2340 1608 2408 respectu
1650 2349 1838 2388 causae
1886 2328 2165 2406 proximae
2219 2337 2278 2386 et
2305 2329 2572 2405 cognitae,
2601 2329 2981 2405 impossibile

550 2419 639 2469 est
666 2412 886 2469 ratione
934 2419 1168 2469 remotas
1217 2421 1275 2469 et
1301 2412 1559 2485 occultae,
1589 2430 1720 2486 quae
1762 2416 1850 2467 est
1893 2409 1954 2465 in
1999 2409 2246 2466 Decreto
2278 2408 2407 2465 Dei.
2492 2408 2609 2466 Hic
2625 2418 2844 2483 autem,
2874 2411 2982 2484 ubi

539 2490 713 2549 -Deus
740 2489 1070 2549 hominibus
1111 2489 1360 2548 officium
1401 2489 1722 2567 praescribit
1763 2497 1821 2547 et
1859 2488 2276 2564 Legislatorem
2305 2488 2444 2564 agit,
2474 2507 2592 2545 non
2619 2508 2761 2545 vero
2792 2509 2979 2547 even-

547 2576 644 2628 tus
672 2589 862 2628 rerum
891 2590 926 2628 a
954 2589 1015 2629 se
1044 2568 1305 2628 decretos
1346 2569 1545 2647 aperit,
1577 2577 1850 2646 tanquam
1894 2568 2179 2626 Dominus
2206 2568 2424 2643 mundi,
2475 2576 2535 2626 et
2585 2568 2981 2645 Dispensator

548 2649 831 2705 bonorum
860 2656 919 2706 et
954 2649 1251 2722 malorum,
1303 2668 1421 2706 non
1465 2649 1625 2707 aliud
1672 2648 1937 2723 intendit,
1988 2667 2160 2724 quam
2203 2648 2435 2724 regulas
2483 2647 2600 2706 illis
2641 2647 2821 2705 officii
2876 2650 2974 2707 sui

548 2726 791 2800 tradere,
823 2736 880 2784 et
908 2727 1144 2803 praemia
1170 2727 1267 2785 vel
1295 2747 1512 2803 poenas,
1557 2747 1687 2804 quae
1716 2748 1794 2786 ex
1821 2728 2187 2804 praestatione
2215 2729 2311 2785 vel
2360 2727 2630 2805 neglectu
2659 2728 2793 2804 ejus
2822 2728 2970 2804 ipsis

550 2804 899 2881 impendent,
932 2805 1240 2879 declarare,
1273 2806 1395 2864 sine
1423 2807 1544 2864 ullo
1594 2807 1669 2864 ad
1710 2808 2150 2883 possibilitatem
2192 2808 2288 2865 vel
2326 2806 2855 2884 impossibilitatem
2881 2809 2967 2865 rei

550 2893 833 2961 respectu.
918 2888 974 2942 2.
1020 2884 1169 2958 Quia
1196 2885 1388 2961 agitur
1423 2885 1506 2943 ibi
1534 2884 1605 2944 de
1644 2886 1889 2945 ‚Iustitia
1919 2887 2121 2964 Legali
2165 2896 2222 2946 et
2251 2887 2521 2964 Operum,
2551 2906 2667 2944 non
2698 2886 2770 2945 de
2820 2887 2863 2945 J
2869 2907 2965 2946 us-

550 2965 682 3024 titia
712 2964 1070 3043 Evangeliea
1096 2973 1155 3024 et
1184 2965 1389 3042 Fidei3
1440 2965 1675 3025 Scilicet
1719 2967 2010 3043 Propheta
2050 2967 2125 3025 ad
2151 2967 2442 3026 hominem
2490 2966 2763 3042 loquitur,
2797 2975 2858 3024 et
2884 2986 2964 3024 ex

548 3055 739 3105 mente
769 3066 965 3104 eorum
994 3066 1139 3123 quos
1167 3046 1262 3105 hic
1284 3046 1606 3123 compellat,
1640 3046 1740 3123 qui
1769 3054 1833 3104 ut
1860 3055 2026 3104 erant
2052 3047 2161 3105 sub
2192 3047 2366 3124 Lege,
2397 3046 2643 3123 legalem
2666 3046 2962 3123 justitiam

551 3127 920 3186 sectabantur
967 3147 1042 3186 ex
1073 3128 1250 3205 Lege,
1302 3135 1360 3185 et
1414 3147 1490 3185 ex
1538 3127 1808 3204 operibus
1838 3126 2017 3203 Legis
2063 3126 2370 3202 justificari
2411 3126 2703 3184 volebant.
2776 3126 2965 3203 Cujus

549 3207 759 3265 erroris
786 3207 1099 3267 vanitatem
1122 3217 1187 3267 ut
1215 3207 1451 3284 detegat
1474 3207 1775 3280 Dominu3‚
1821 3213 1878 3263 et
1901 3206 2070 3264 simul
2091 3206 2379 3283 justitiam
2410 3205 2796 3263 Providentiae
2840 3225 2962 3264 suae

476 3282 489 3293 '
550 3286 829 3346 adversus
857 3308 1053 3346 eorum
1082 3287 1399 3346 calumnias
1415 3294 1662 3360 tueatur,
1693 3285 1834 3344 dicit
1862 3286 1904 3344 J
1907 3285 2166 3344 ustitiam
2186 3287 2335 3364 justi
2360 3285 2506 3343 nihil
2550 3284 2637 3342 illi
2664 3284 2956 3361 prodesse,

546 3366 660 3422 nisi
702 3365 778 3423 sit
825 3375 1096 3424 constans
1124 3375 1182 3425 et
1222 3375 1532 3443 perpetua;
1563 3365 1707 3423 alias
1750 3365 1799 3423 si
1827 3384 1888 3423 se
1923 3362 2118 3442 justus
2147 3374 2385 3439 avertat,
2431 3365 2624 3423 omnia
2651 3384 2825 3440 opera
2854 3384 2959 3423 sua

547 3442 933 3519 praecedentia
957 3444 1170 3503 frustra
1197 3464 1341 3519 esse,
1391 3446 1729 3503 moriturum
1762 3464 1888 3502 esse
1932 3445 1992 3502 in
2033 3444 2335 3521 iniquitate
2380 3464 2500 3520 sua,
2539 3444 2695 3521 quod
2738 3463 2870 3502 cum
2896 3444 2956 3502 in

550 3520 755 3596 seipsis
768 3521 1306 3596 animadverterent,
1320 3523 1527 3581 mirum
1551 3524 1661 3582 sibi
1674 3524 1858 3582 videri
1878 3544 1993 3582 non
2006 3524 2231 3600 debere,
2248 3525 2293 3583 si
2314 3544 2513 3602 poenas
2540 3544 2576 3582 a
2597 3523 2825 3600 justitia
2846 3524 2950 3583 Dei

549 3597 798 3655 inflictas
809 3598 1147 3658 sustineant.
1170 3600 1331 3659 Talis
1351 3611 1543 3660 autem
1559 3604 1805 3679 justitia,
1820 3623 1980 3681 aqua
2000 3604 2130 3681 quis
2148 3604 2358 3678 deficit,
2378 3605 2516 3663 licet
2531 3624 2649 3661 non
2670 3603 2746 3661 sit
2766 3602 2953 3662 fucata

548 3685 608 3736 et
647 3678 1019 3754 hypocritica,
1064 3687 1124 3738 et
1150 3687 1375 3738 tantum
1419 3682 1613 3758 quoad
1639 3691 1938 3742 externam
1966 3684 2232 3760 speciem,
2265 3684 2368 3743 sed
2395 3704 2533 3742 vera
2561 3683 2734 3743 etiam
2763 3683 2821 3740 in
2848 3703 2947 3741 suo

549 3778 794 3836 genere;
838 3777 953 3816 non
982 3769 1172 3837 potest
1183 3767 1374 3819 tamen
1398 3761 1618 3819 censeri
1641 3762 1908 3822 salutaris
1944 3772 2004 3822 et
2031 3762 2281 3838 vivifica,
2332 3784 2461 3840 quae
2496 3765 2620 3822 Deo
2648 3771 2811 3840 grata
2838 3763 2944 3837 sit;

549 3839 687 3916 quia
715 3859 790 3897 ex
838 3839 1156 3899 defectione
1185 3841 1413 3900 vanitas
1456 3842 1583 3918 ejus
1631 3841 2072 3902 demonstratur.
2158 3845 2282 3902 Nec
2326 3845 2375 3902 si
2416 3845 2580 3920 justo
2607 3841 2947 3920 promittitur

549 3920 688 3994 vita,
736 3920 995 3996 sequitur
1019 3920 1306 3997 justitiam
1353 3922 1423 3980 de
1453 3942 1568 3999 qua
1616 3921 1872 3998 loquitur
1912 3942 2038 3982 esse
2066 3924 2410 4001 perfectam3
2443 3923 2581 3999 quia
2608 3922 2946 4001 promittitur

549 3999 673 4057 vita
692 4000 854 4076 justo
882 4002 1290 4077 perseveranti,
1335 4001 1397 4059 id
1444 4009 1548 4076 est,
1599 4002 1759 4079 juste
1797 4002 2010 4079 agenti,
2062 4023 2178 4061 non
2227 4004 2744 4080 quomodocunque
2786 4010 2945 4078 prout

541 4080 738 4155 justus
766 4100 800 4137 a
840 4080 1071 4156 justitia
1098 4101 1203 4139 sua
1230 4081 1503 4140 deficiens
1545 4101 1672 4139 eam
1701 4091 1948 4157 exercet,
1980 4082 2082 4140 sed
2127 4083 2364 4157 sincere,
2396 4102 2473 4141 ex
2493 4083 2703 4158 anim0,
2735 4092 2792 4140 ct
2816 4100 2941 4138 con·

551 4167 784 4234 stanter,
822 4162 848 4217 1
884 4159 1032 4218 Tim.
1055 4161 1094 4219 i.
1126 4165 1180 4234 5,
1214 4162 1422 4220 Matth.
1454 4161 1600 4219 xxii.
1633 4164 1729 4221 37.

629 4239 1020 4297 XXXVIII.
1063 4237 1107 4298 J
1110 4241 1254 4298 udas
1281 4261 1398 4299 non
1425 4241 1652 4316 dicitur,
1684 4242 1725 4300 J
1731 4241 1824 4300 oh.
1847 4241 1990 4298 xvii.
2019 4244 2110 4317 12,
2156 4242 2331 4301 fuisse
2370 4262 2443 4299 ex
2472 4260 2712 4300 numero
2741 4260 2938 4314 eorum,

547 4319 647 4394 qui
676 4319 796 4376 dati
823 4327 988 4377 erant
1016 4319 1245 4378 Christo
1267 4320 1552 4395 servandi,
1585 4320 1721 4397 quia
1753 4322 1874 4397 jam
1906 4329 2027 4379 erat
2057 4329 2141 4383 υἱὸς
2167 4332 2420 4396 ἀπωλείας,
2433 4321 2938 4400 filiusperditiomls,

547 4397 605 4454 id
636 4407 740 4471 est,
771 4406 893 4456 tum
923 4399 1360 4475 perditissimus,
1392 4408 1565 4476 atque
1610 4400 1756 4459 adeo
1784 4399 2105 4476 perditione
2140 4401 2369 4477 dignus,
2418 4402 2518 4477 qui
2563 4421 2690 4459 eam
2720 4398 2942 4458 erimine

548 4496 652 4534 suo
696 4478 756 4534 in
806 4498 867 4535 se
916 4478 1236 4551 accersivit,
1289 4487 1411 4537 tum
1460 4480 1771 4556 perditioni
1818 4487 1877 4538 et
1904 4479 2085 4538 exitio
2134 4479 2456 4539 destinatus
2483 4501 2552 4539 ac
2580 4481 2825 4539 devotus
2871 4480 2940 4538 ab

547 4563 758 4612 aeterno
790 4557 952 4632 justo
984 4558 1093 4615 Dei
1129 4557 1368 4634 judici0,
1401 4557 1537 4617 Act.
1566 4560 1605 4618 i.
1642 4563 1733 4632 16,
1764 4568 1822 4618 et
1849 4579 1973 4636 cap.
1993 4560 2070 4618 iv.
2102 4564 2198 4634 27,
2230 4563 2326 4635 28,
2358 4560 2457 4636 qui
2486 4561 2618 4619 ideo
2646 4559 2941 4637 opponitur

545 4632 682 4691 filiis
716 4635 824 4693 Dei
854 4636 1087 4711 Electis,
1120 4638 1218 4714 qui
1269 4637 1388 4695 dati
1428 4647 1560 4697 sunt
1590 4639 1820 4698 Christo
1850 4640 2137 4699 servandi.
2224 4641 2429 4717 Itaque
2468 4649 2568 4709 ιὲμῆ
2609 4660 2725 4698 non
2748 4639 2837 4697 hic
2861 4649 2938 4698 est
