<?xml version="1.0" encoding="UTF-8"?>
<!DOCTYPE html PUBLIC "-//W3C//DTD XHTML 1.0 Transitional//EN"
    "http://www.w3.org/TR/xhtml1/DTD/xhtml1-transitional.dtd">
<html xmlns="http://www.w3.org/1999/xhtml" xml:lang="en" lang="en">
 <head>
  <title>
</title>
<meta http-equiv="Content-Type" content="text/html;charset=utf-8" />
  <meta name='ocr-system' content='tesseract 3.04.00' />
  <meta name='ocr-capabilities' content='ocr_page ocr_carea ocr_par ocr_line ocrx_word'/>
</head>
<body>
  <div class='ocr_page' id='page_1' title='image "./institutiotheol01turrgoog_0411.png"; bbox 0 0 3221 5200; ppageno 0'>
   <div class='ocr_carea' id='block_1_1' title="bbox 306 347 2729 429">
    <p class='ocr_par' dir='ltr' id='par_1_1' title="bbox 306 347 2729 429">
     <span class='ocr_line' id='line_1_1' title="bbox 306 347 2729 429; baseline 0.003 -22"><span class='ocrx_word' id='word_1_1' title='bbox 306 366 525 415; x_wconf 70' lang='lat' dir='ltr'><strong>QuAEs&#39;r.</strong></span> <span class='ocrx_word' id='word_1_2' title='bbox 556 347 672 429; x_wconf 59' lang='lat' dir='ltr'><strong>xa]</strong></span> <span class='ocrx_word' id='word_1_3' title='bbox 1020 368 1099 406; x_wconf 79' lang='lat' dir='ltr'><strong>m:</strong></span> <span class='ocrx_word' id='word_1_4' title='bbox 1128 367 1361 407; x_wconf 74' lang='lat' dir='ltr'><strong>ormmo</strong></span> <span class='ocrx_word' id='word_1_5' title='bbox 1391 367 1627 408; x_wconf 76' lang='lat' dir='ltr'><strong>cnms&#39;rl</strong></span> <span class='ocrx_word' id='word_1_6' title='bbox 1658 367 2043 409; x_wconf 73' lang='lat' dir='ltr'><strong>MscrA&#39;roruo·</strong></span> <span class='ocrx_word' id='word_1_7' title='bbox 2612 357 2729 414; x_wconf 84' lang='lat'><strong>383</strong></span> 
     </span>
    </p>
   </div>
   <div class='ocr_carea' id='block_1_2' title="bbox 305 506 2756 4750">
    <p class='ocr_par' dir='ltr' id='par_1_2' title="bbox 305 506 2751 2751">
     <span class='ocr_line' id='line_1_2' title="bbox 306 506 2737 588; baseline 0.002 -21"><span class='ocrx_word' id='word_1_8' title='bbox 306 506 668 588; x_wconf 64' lang='grc' dir='ltr'><strong>ἁςιζοδίκιιοι</strong></span> <span class='ocrx_word' id='word_1_9' title='bbox 690 509 1073 585; x_wconf 83' lang='lat' dir='ltr'><strong>Evangelium</strong></span> <span class='ocrx_word' id='word_1_10' title='bbox 1088 510 1261 587; x_wconf 85' lang='lat' dir='ltr'><strong>juxta</strong></span> <span class='ocrx_word' id='word_1_11' title='bbox 1280 510 1524 568; x_wconf 61' lang='grc' dir='ltr'><strong>ἐπιείκειαν</strong></span> <span class='ocrx_word' id='word_1_12' title='bbox 1550 518 1846 586; x_wconf 86' lang='lat' dir='ltr'><strong>paternam</strong></span> <span class='ocrx_word' id='word_1_13' title='bbox 1878 510 2131 569; x_wconf 78' lang='lat' dir='ltr'><strong>admittit</strong></span> <span class='ocrx_word' id='word_1_14' title='bbox 2161 510 2645 587; x_wconf 79' lang='lat' dir='ltr'><strong>substitutionem,</strong></span> <span class='ocrx_word' id='word_1_15' title='bbox 2672 522 2737 571; x_wconf 89' lang='lat' dir='ltr'><strong>ut</strong></span> 
     </span>
     <span class='ocr_line' id='line_1_3' title="bbox 305 590 2737 671; baseline 0.002 -25"><span class='ocrx_word' id='word_1_16' title='bbox 305 599 477 647; x_wconf 85' lang='lat' dir='ltr'><strong>antea</strong></span> <span class='ocrx_word' id='word_1_17' title='bbox 505 590 740 665; x_wconf 87' lang='lat' dir='ltr'><strong>dictum,</strong></span> <span class='ocrx_word' id='word_1_18' title='bbox 773 600 832 648; x_wconf 89' lang='lat' dir='ltr'><strong>et</strong></span> <span class='ocrx_word' id='word_1_19' title='bbox 853 590 936 647; x_wconf 92' lang='lat' dir='ltr'><strong>illi</strong></span> <span class='ocrx_word' id='word_1_20' title='bbox 967 590 1106 648; x_wconf 85' lang='lat' dir='ltr'><strong>satis</strong></span> <span class='ocrx_word' id='word_1_21' title='bbox 1135 599 1222 648; x_wconf 88' lang='lat' dir='ltr'><strong>est</strong></span> <span class='ocrx_word' id='word_1_22' title='bbox 1265 600 1562 667; x_wconf 87' lang='lat' dir='ltr'><strong>peccatum</strong></span> <span class='ocrx_word' id='word_1_23' title='bbox 1614 590 1821 667; x_wconf 83' lang='lat' dir='ltr'><strong>puniri,</strong></span> <span class='ocrx_word' id='word_1_24' title='bbox 1874 590 1983 649; x_wconf 89' lang='lat' dir='ltr'><strong>etsi</strong></span> <span class='ocrx_word' id='word_1_25' title='bbox 2030 601 2300 667; x_wconf 88' lang='lat' dir='ltr'><strong>peccator</strong></span> <span class='ocrx_word' id='word_1_26' title='bbox 2347 612 2461 649; x_wconf 90' lang='lat' dir='ltr'><strong>non</strong></span> <span class='ocrx_word' id='word_1_27' title='bbox 2513 613 2737 671; x_wconf 82' lang='lat' dir='ltr'><strong>semper</strong></span> 
     </span>
     <span class='ocr_line' id='line_1_4' title="bbox 349 669 597 729; baseline 0.012 -3"><span class='ocrx_word' id='word_1_28' title='bbox 349 669 597 729; x_wconf 88' lang='lat' dir='ltr'><strong>uniatur.</strong></span> 
     </span>
     <span class='ocr_line' id='line_1_5' title="bbox 308 690 2738 826; baseline 0.002 -21"><span class='ocrx_word' id='word_1_29' title='bbox 308 690 345 746; x_wconf 80' lang='lat' dir='ltr'>p</span> <span class='ocrx_word' id='word_1_30' title='bbox 919 749 1177 808; x_wconf 86' lang='lat' dir='ltr'>XXIII.</span> <span class='ocrx_word' id='word_1_31' title='bbox 1228 752 1502 826; x_wconf 85' lang='lat' dir='ltr'><strong>Septimo,</strong></span> <span class='ocrx_word' id='word_1_32' title='bbox 1539 750 1785 808; x_wconf 77' lang='lat' dir='ltr'><strong>Asse&#39;rta</strong></span> <span class='ocrx_word' id='word_1_33' title='bbox 1818 749 2239 824; x_wconf 75' lang='lat' dir='ltr'><strong>Satissact-ione,</strong></span> <span class='ocrx_word' id='word_1_34' title='bbox 2291 751 2498 808; x_wconf 90' lang='lat' dir='ltr'><strong>mirum</strong></span> <span class='ocrx_word' id='word_1_35' title='bbox 2529 751 2587 808; x_wconf 90' lang='lat' dir='ltr'><strong>in</strong></span> <span class='ocrx_word' id='word_1_36' title='bbox 2617 773 2738 811; x_wconf 90' lang='lat' dir='ltr'><strong>mo-</strong></span> 
     </span>
     <span class='ocr_line' id='line_1_6' title="bbox 338 811 2736 918; baseline 0.002 -33"><span class='ocrx_word' id='word_1_37' title='bbox 338 811 380 858; x_wconf 78' lang='lat'><strong>7·</strong></span> <span class='ocrx_word' id='word_1_38' title='bbox 402 814 773 918; x_wconf 43' lang='lat' dir='ltr'><strong>Abltffffliffflti‘</strong></span> <span class='ocrx_word' id='word_1_39' title='bbox 837 829 975 888; x_wconf 88' lang='lat' dir='ltr'><strong>dum</strong></span> <span class='ocrx_word' id='word_1_40' title='bbox 1023 830 1341 888; x_wconf 88' lang='lat' dir='ltr'><strong>illustratur</strong></span> <span class='ocrx_word' id='word_1_41' title='bbox 1374 831 1794 906; x_wconf 71' lang='lat' dir='ltr'><strong>Misem&#39;cordia,</strong></span> <span class='ocrx_word' id='word_1_42' title='bbox 1840 849 1969 905; x_wconf 84' lang='lat' dir='ltr'><strong>quae</strong></span> <span class='ocrx_word' id='word_1_43' title='bbox 2008 839 2170 888; x_wconf 86' lang='lat' dir='ltr'><strong>tanta</strong></span> <span class='ocrx_word' id='word_1_44' title='bbox 2218 831 2342 904; x_wconf 85' lang='lat' dir='ltr'><strong>fuit,</strong></span> <span class='ocrx_word' id='word_1_45' title='bbox 2395 840 2460 888; x_wconf 88' lang='lat' dir='ltr'><strong>ut</strong></span> <span class='ocrx_word' id='word_1_46' title='bbox 2504 834 2736 909; x_wconf 90' lang='lat' dir='ltr'><strong>proprio</strong></span> 
     </span>
     <span class='ocr_line' id='line_1_7' title="bbox 645 906 2738 988; baseline 0.003 -22"><span class='ocrx_word' id='word_1_47' title='bbox 645 906 656 917; x_wconf 82' lang='grc'>’</span> <span class='ocrx_word' id='word_1_48' title='bbox 834 910 987 966; x_wconf 90' lang='lat' dir='ltr'><strong>Filio</strong></span> <span class='ocrx_word' id='word_1_49' title='bbox 1029 930 1144 967; x_wconf 91' lang='lat' dir='ltr'><strong>non</strong></span> <span class='ocrx_word' id='word_1_50' title='bbox 1189 910 1523 986; x_wconf 80' lang='lat' dir='ltr'><strong>pepercerit,</strong></span> <span class='ocrx_word' id='word_1_51' title='bbox 1555 919 1621 969; x_wconf 88' lang='lat' dir='ltr'><strong>ut</strong></span> <span class='ocrx_word' id='word_1_52' title='bbox 1649 911 1817 968; x_wconf 89' lang='lat' dir='ltr'><strong>nobis</strong></span> <span class='ocrx_word' id='word_1_53' title='bbox 1847 918 2143 987; x_wconf 76' lang='lat' dir='ltr'><strong>parceret:</strong></span> <span class='ocrx_word' id='word_1_54' title='bbox 2186 911 2438 984; x_wconf 78' lang='lat' dir='ltr'><strong>Justitia,</strong></span> <span class='ocrx_word' id='word_1_55' title='bbox 2497 932 2625 988; x_wconf 67' lang='lat' dir='ltr'><strong>quae</strong></span> <span class='ocrx_word' id='word_1_56' title='bbox 2672 924 2738 974; x_wconf 89' lang='lat' dir='ltr'><strong>ut</strong></span> 
     </span>
     <span class='ocr_line' id='line_1_8' title="bbox 308 984 2738 1068; baseline 0.003 -26"><span class='ocrx_word' id='word_1_57' title='bbox 308 984 532 1044; x_wconf 87' lang='lat' dir='ltr'><strong>illibata</strong></span> <span class='ocrx_word' id='word_1_58' title='bbox 559 997 832 1063; x_wconf 88' lang='lat' dir='ltr'><strong>maneret,</strong></span> <span class='ocrx_word' id='word_1_59' title='bbox 880 990 1219 1066; x_wconf 86' lang='lat' dir='ltr'><strong>sanguinem</strong></span> <span class='ocrx_word' id='word_1_60' title='bbox 1265 992 1451 1067; x_wconf 89' lang='lat' dir='ltr'><strong>ipsum</strong></span> <span class='ocrx_word' id='word_1_61' title='bbox 1503 991 1638 1048; x_wconf 85' lang='lat' dir='ltr'><strong>Filii</strong></span> <span class='ocrx_word' id='word_1_62' title='bbox 1686 991 1797 1049; x_wconf 91' lang='lat' dir='ltr'><strong>Dei</strong></span> <span class='ocrx_word' id='word_1_63' title='bbox 1842 991 2007 1067; x_wconf 89' lang='lat' dir='ltr'><strong>petiit</strong></span> <span class='ocrx_word' id='word_1_64' title='bbox 2033 1012 2047 1049; x_wconf 89' lang='lat'><strong>:</strong></span> <span class='ocrx_word' id='word_1_65' title='bbox 2118 992 2429 1066; x_wconf 79' lang='lat' dir='ltr'><strong>Sapientia,</strong></span> <span class='ocrx_word' id='word_1_66' title='bbox 2479 1011 2606 1068; x_wconf 68' lang='lat' dir='ltr'><strong>quae</strong></span> <span class='ocrx_word' id='word_1_67' title='bbox 2636 994 2738 1050; x_wconf 89' lang='lat' dir='ltr'><strong>ad-</strong></span> 
     </span>
     <span class='ocr_line' id='line_1_9' title="bbox 309 1065 2736 1159; baseline 0.004 -38"><span class='ocrx_word' id='word_1_68' title='bbox 309 1065 630 1125; x_wconf 81' lang='lat' dir='ltr'><strong>mirabilem</strong></span> <span class='ocrx_word' id='word_1_69' title='bbox 661 1069 939 1127; x_wconf 86' lang='lat' dir='ltr'><strong>rationem</strong></span> <span class='ocrx_word' id='word_1_70' title='bbox 971 1071 1191 1128; x_wconf 83' lang='lat' dir='ltr'><strong>invenit</strong></span> <span class='ocrx_word' id='word_1_71' title='bbox 1210 1071 1661 1159; x_wconf 53' lang='lat' dir='ltr'><strong>misericordiw</strong></span> <span class='ocrx_word' id='word_1_72' title='bbox 1681 1091 1808 1129; x_wconf 88' lang='lat' dir='ltr'><strong>cum</strong></span> <span class='ocrx_word' id='word_1_73' title='bbox 1822 1071 2053 1147; x_wconf 89' lang='lat' dir='ltr'><strong>justitia</strong></span> <span class='ocrx_word' id='word_1_74' title='bbox 2074 1071 2418 1128; x_wconf 89' lang='lat' dir='ltr'><strong>conciliandi</strong></span> <span class='ocrx_word' id='word_1_75' title='bbox 2443 1081 2500 1129; x_wconf 89' lang='lat' dir='ltr'><strong>et</strong></span> <span class='ocrx_word' id='word_1_76' title='bbox 2521 1072 2736 1131; x_wconf 89' lang='lat' dir='ltr'><strong>nodum</strong></span> 
     </span>
     <span class='ocr_line' id='line_1_10' title="bbox 309 1145 2738 1229; baseline 0.004 -28"><span class='ocrx_word' id='word_1_77' title='bbox 309 1145 458 1203; x_wconf 84' lang='lat' dir='ltr'><strong>alius</strong></span> <span class='ocrx_word' id='word_1_78' title='bbox 486 1146 854 1206; x_wconf 85' lang='lat' dir='ltr'><strong>insolubilem</strong></span> <span class='ocrx_word' id='word_1_79' title='bbox 884 1150 1167 1225; x_wconf 90' lang='lat' dir='ltr'><strong>solvendi,</strong></span> <span class='ocrx_word' id='word_1_80' title='bbox 1199 1151 1606 1227; x_wconf 81' lang='lat' dir='ltr'><strong>tranquillatur</strong></span> <span class='ocrx_word' id='word_1_81' title='bbox 1635 1151 2003 1225; x_wconf 88' lang='lat' dir='ltr'><strong>conscientia,</strong></span> <span class='ocrx_word' id='word_1_82' title='bbox 2036 1170 2205 1208; x_wconf 90' lang='lat' dir='ltr'><strong>sensu</strong></span> <span class='ocrx_word' id='word_1_83' title='bbox 2235 1151 2455 1228; x_wconf 88' lang='lat' dir='ltr'><strong>peccati</strong></span> <span class='ocrx_word' id='word_1_84' title='bbox 2501 1161 2559 1210; x_wconf 92' lang='lat' dir='ltr'><strong>et</strong></span> <span class='ocrx_word' id='word_1_85' title='bbox 2581 1154 2738 1229; x_wconf 90' lang='lat' dir='ltr'><strong>judi-</strong></span> 
     </span>
     <span class='ocr_line' id='line_1_11' title="bbox 312 1224 2738 1308; baseline 0.003 -25"><span class='ocrx_word' id='word_1_86' title='bbox 312 1224 389 1283; x_wconf 89' lang='lat' dir='ltr'><strong>cii</strong></span> <span class='ocrx_word' id='word_1_87' title='bbox 416 1245 482 1283; x_wconf 91' lang='lat' dir='ltr'><strong>ac</strong></span> <span class='ocrx_word' id='word_1_88' title='bbox 512 1227 933 1288; x_wconf 79' lang='lat' dir='ltr'><strong>maledictionis</strong></span> <span class='ocrx_word' id='word_1_89' title='bbox 962 1229 1175 1288; x_wconf 83' lang='lat' dir='ltr'><strong>divinoe</strong></span> <span class='ocrx_word' id='word_1_90' title='bbox 1204 1231 1419 1289; x_wconf 86' lang='lat' dir='ltr'><strong>territa.</strong></span> <span class='ocrx_word' id='word_1_91' title='bbox 1466 1231 1694 1307; x_wconf 80' lang='lat' dir='ltr'><strong>Negata</strong></span> <span class='ocrx_word' id='word_1_92' title='bbox 1723 1251 1879 1305; x_wconf 81' lang='lat' dir='ltr'><strong>vem,</strong></span> <span class='ocrx_word' id='word_1_93' title='bbox 1911 1241 2291 1307; x_wconf 77' lang='lat' dir='ltr'><strong>praeterquam</strong></span> <span class='ocrx_word' id='word_1_94' title='bbox 2322 1231 2480 1308; x_wconf 90' lang='lat' dir='ltr'><strong>quod</strong></span> <span class='ocrx_word' id='word_1_95' title='bbox 2521 1234 2738 1291; x_wconf 74' lang='lat' dir='ltr'><strong>Veritas</strong></span> 
     </span>
     <span class='ocr_line' id='line_1_12' title="bbox 316 1305 2739 1388; baseline 0.004 -27"><span class='ocrx_word' id='word_1_96' title='bbox 316 1305 442 1381; x_wconf 88' lang='lat' dir='ltr'><strong>ipsa</strong></span> <span class='ocrx_word' id='word_1_97' title='bbox 474 1306 601 1380; x_wconf 89' lang='lat' dir='ltr'><strong>Dei,</strong></span> <span class='ocrx_word' id='word_1_98' title='bbox 634 1308 735 1384; x_wconf 89' lang='lat' dir='ltr'><strong>qui</strong></span> <span class='ocrx_word' id='word_1_99' title='bbox 763 1309 935 1367; x_wconf 87' lang='lat' dir='ltr'><strong>toties</strong></span> <span class='ocrx_word' id='word_1_100' title='bbox 977 1320 1217 1369; x_wconf 88' lang='lat' dir='ltr'><strong>mortem</strong></span> <span class='ocrx_word' id='word_1_101' title='bbox 1249 1318 1307 1369; x_wconf 89' lang='lat' dir='ltr'><strong>ct</strong></span> <span class='ocrx_word' id='word_1_102' title='bbox 1345 1310 1810 1369; x_wconf 84' lang='lat' dir='ltr'><strong>maledictionem</strong></span> <span class='ocrx_word' id='word_1_103' title='bbox 1859 1311 2260 1387; x_wconf 87' lang='lat' dir='ltr'><strong>peccatoribus</strong></span> <span class='ocrx_word' id='word_1_104' title='bbox 2306 1311 2632 1388; x_wconf 85' lang='lat' dir='ltr'><strong>intentavit,</strong></span> <span class='ocrx_word' id='word_1_105' title='bbox 2681 1314 2739 1371; x_wconf 91' lang='lat' dir='ltr'><strong>in</strong></span> 
     </span>
     <span class='ocr_line' id='line_1_13' title="bbox 314 1384 2738 1468; baseline 0.004 -26"><span class='ocrx_word' id='word_1_106' title='bbox 314 1384 552 1444; x_wconf 90' lang='lat' dir='ltr'><strong>dubium</strong></span> <span class='ocrx_word' id='word_1_107' title='bbox 582 1397 839 1463; x_wconf 85' lang='lat' dir='ltr'><strong>vocatur,</strong></span> <span class='ocrx_word' id='word_1_108' title='bbox 872 1398 930 1448; x_wconf 86' lang='lat' dir='ltr'><strong>et</strong></span> <span class='ocrx_word' id='word_1_109' title='bbox 946 1392 1183 1448; x_wconf 65' lang='lat' dir='ltr'><strong>Justitia</strong></span> <span class='ocrx_word' id='word_1_110' title='bbox 1210 1391 1336 1468; x_wconf 88' lang='lat' dir='ltr'><strong>ipsa</strong></span> <span class='ocrx_word' id='word_1_111' title='bbox 1363 1411 1479 1449; x_wconf 91' lang='lat' dir='ltr'><strong>non</strong></span> <span class='ocrx_word' id='word_1_112' title='bbox 1508 1411 1710 1467; x_wconf 87' lang='lat' dir='ltr'><strong>parum</strong></span> <span class='ocrx_word' id='word_1_113' title='bbox 1741 1391 2117 1467; x_wconf 81' lang='lat' dir='ltr'><strong>obscuratur3</strong></span> <span class='ocrx_word' id='word_1_114' title='bbox 2163 1399 2227 1449; x_wconf 94' lang='lat' dir='ltr'><strong>ut</strong></span> <span class='ocrx_word' id='word_1_115' title='bbox 2255 1412 2384 1468; x_wconf 85' lang='lat' dir='ltr'><strong>quae</strong></span> <span class='ocrx_word' id='word_1_116' title='bbox 2414 1412 2570 1450; x_wconf 89' lang='lat' dir='ltr'><strong>reum</strong></span> <span class='ocrx_word' id='word_1_117' title='bbox 2605 1414 2738 1451; x_wconf 84' lang='lat' dir='ltr'><strong>con-</strong></span> 
     </span>
     <span class='ocr_line' id='line_1_14' title="bbox 315 1464 2741 1549; baseline 0.004 -27"><span class='ocrx_word' id='word_1_118' title='bbox 315 1464 550 1541; x_wconf 81' lang='lat' dir='ltr'><strong>victum,</strong></span> <span class='ocrx_word' id='word_1_119' title='bbox 575 1467 859 1545; x_wconf 88' lang='lat' dir='ltr'><strong>impunito</strong></span> <span class='ocrx_word' id='word_1_120' title='bbox 888 1481 1141 1546; x_wconf 72' lang='lat' dir='ltr'><strong>peccam,</strong></span> <span class='ocrx_word' id='word_1_121' title='bbox 1176 1492 1287 1529; x_wconf 92' lang='lat' dir='ltr'><strong>non</strong></span> <span class='ocrx_word' id='word_1_122' title='bbox 1310 1471 1592 1548; x_wconf 85' lang='lat' dir='ltr'><strong>justificet</strong></span> <span class='ocrx_word' id='word_1_123' title='bbox 1623 1470 1810 1545; x_wconf 87' lang='lat' dir='ltr'><strong>mod0‚</strong></span> <span class='ocrx_word' id='word_1_124' title='bbox 1844 1471 1945 1529; x_wconf 87' lang='lat' dir='ltr'><strong>sed</strong></span> <span class='ocrx_word' id='word_1_125' title='bbox 1974 1471 2224 1548; x_wconf 79' lang='lat' dir='ltr'><strong>praemiis</strong></span> <span class='ocrx_word' id='word_1_126' title='bbox 2254 1472 2426 1529; x_wconf 81' lang='lat' dir='ltr'><strong>etiam</strong></span> <span class='ocrx_word' id='word_1_127' title='bbox 2456 1474 2741 1549; x_wconf 85' lang='lat' dir='ltr'><strong>amplissi-</strong></span> 
     </span>
     <span class='ocr_line' id='line_1_15' title="bbox 311 1545 2745 1629; baseline 0.005 -28"><span class='ocrx_word' id='word_1_128' title='bbox 311 1545 422 1602; x_wconf 85' lang='lat' dir='ltr'><strong>mis</strong></span> <span class='ocrx_word' id='word_1_129' title='bbox 451 1546 627 1606; x_wconf 89' lang='lat' dir='ltr'><strong>donet</strong></span> <span class='ocrx_word' id='word_1_130' title='bbox 651 1571 665 1608; x_wconf 72' lang='grc' dir='ltr'>ι</span> <span class='ocrx_word' id='word_1_131' title='bbox 710 1548 841 1607; x_wconf 89' lang='lat' dir='ltr'><strong>Non</strong></span> <span class='ocrx_word' id='word_1_132' title='bbox 863 1570 1048 1626; x_wconf 89' lang='lat' dir='ltr'><strong>pauca</strong></span> <span class='ocrx_word' id='word_1_133' title='bbox 1075 1560 1393 1627; x_wconf 89' lang='lat' dir='ltr'><strong>sequuntur</strong></span> <span class='ocrx_word' id='word_1_134' title='bbox 1423 1549 1714 1610; x_wconf 86' lang='lat' dir='ltr'><strong>Absurda.</strong></span> <span class='ocrx_word' id='word_1_135' title='bbox 1805 1556 1854 1609; x_wconf 91' lang='lat' dir='ltr'><strong>l.</strong></span> <span class='ocrx_word' id='word_1_136' title='bbox 1901 1550 2395 1628; x_wconf 59' lang='lat' dir='ltr'><strong>Apostolorum‘et</strong></span> <span class='ocrx_word' id='word_1_137' title='bbox 2419 1552 2745 1629; x_wconf 83' lang='lat' dir='ltr'><strong>Martyrum</strong></span> 
     </span>
     <span class='ocr_line' id='line_1_16' title="bbox 313 1627 2742 1709; baseline 0.004 -27"><span class='ocrx_word' id='word_1_138' title='bbox 313 1627 485 1684; x_wconf 89' lang='lat' dir='ltr'><strong>morti</strong></span> <span class='ocrx_word' id='word_1_139' title='bbox 515 1648 630 1685; x_wconf 90' lang='lat' dir='ltr'><strong>non</strong></span> <span class='ocrx_word' id='word_1_140' title='bbox 658 1629 850 1688; x_wconf 89' lang='lat' dir='ltr'><strong>minus</strong></span> <span class='ocrx_word' id='word_1_141' title='bbox 877 1650 1047 1707; x_wconf 89' lang='lat' dir='ltr'><strong>posse</strong></span> <span class='ocrx_word' id='word_1_142' title='bbox 1076 1632 1251 1690; x_wconf 91' lang='lat' dir='ltr'><strong>tribui</strong></span> <span class='ocrx_word' id='word_1_143' title='bbox 1282 1632 1758 1708; x_wconf 86' lang='lat' dir='ltr'><strong>Redemptionem</strong></span> <span class='ocrx_word' id='word_1_144' title='bbox 1789 1640 2061 1705; x_wconf 85' lang='lat' dir='ltr'><strong>nostram,</strong></span> <span class='ocrx_word' id='word_1_145' title='bbox 2094 1652 2266 1708; x_wconf 87' lang='lat' dir='ltr'><strong>quam</strong></span> <span class='ocrx_word' id='word_1_146' title='bbox 2295 1632 2465 1690; x_wconf 89' lang='lat' dir='ltr'><strong>morti</strong></span> <span class='ocrx_word' id='word_1_147' title='bbox 2510 1634 2742 1709; x_wconf 78' lang='lat' dir='ltr'><strong>Christi,</strong></span> 
     </span>
     <span class='ocr_line' id='line_1_17' title="bbox 317 1705 2748 1790; baseline 0.004 -28"><span class='ocrx_word' id='word_1_148' title='bbox 317 1705 602 1782; x_wconf 85' lang='lat' dir='ltr'><strong>siquidem</strong></span> <span class='ocrx_word' id='word_1_149' title='bbox 631 1717 689 1767; x_wconf 92' lang='lat' dir='ltr'><strong>et</strong></span> <span class='ocrx_word' id='word_1_150' title='bbox 717 1709 804 1766; x_wconf 91' lang='lat' dir='ltr'><strong>illi</strong></span> <span class='ocrx_word' id='word_1_151' title='bbox 833 1711 1114 1786; x_wconf 85' lang='lat' dir='ltr'><strong>sanguine</strong></span> <span class='ocrx_word' id='word_1_152' title='bbox 1145 1732 1249 1769; x_wconf 88' lang='lat' dir='ltr'><strong>suo</strong></span> <span class='ocrx_word' id='word_1_153' title='bbox 1280 1711 1597 1770; x_wconf 86' lang='lat' dir='ltr'><strong>doctrinam</strong></span> <span class='ocrx_word' id='word_1_154' title='bbox 1625 1712 1934 1788; x_wconf 84' lang='lat' dir='ltr'><strong>Evangelii</strong></span> <span class='ocrx_word' id='word_1_155' title='bbox 1954 1712 2378 1786; x_wconf 85' lang='lat' dir='ltr'><strong>confirmarunt,</strong></span> <span class='ocrx_word' id='word_1_156' title='bbox 2405 1721 2462 1771; x_wconf 89' lang='lat' dir='ltr'><strong>et</strong></span> <span class='ocrx_word' id='word_1_157' title='bbox 2480 1715 2748 1790; x_wconf 85' lang='lat' dir='ltr'><strong>exempla</strong></span> 
     </span>
     <span class='ocr_line' id='line_1_18' title="bbox 315 1786 2745 1862; baseline 0.004 -19"><span class='ocrx_word' id='word_1_158' title='bbox 315 1786 609 1862; x_wconf 80' lang='lat' dir='ltr'><strong>patientiae</strong></span> <span class='ocrx_word' id='word_1_159' title='bbox 652 1797 710 1847; x_wconf 88' lang='lat' dir='ltr'><strong>et</strong></span> <span class='ocrx_word' id='word_1_160' title='bbox 737 1789 1081 1849; x_wconf 75' lang='lat' dir='ltr'><strong>obedientiae</strong></span> <span class='ocrx_word' id='word_1_161' title='bbox 1111 1791 1324 1850; x_wconf 88' lang='lat' dir='ltr'><strong>eximia</strong></span> <span class='ocrx_word' id='word_1_162' title='bbox 1351 1792 1519 1849; x_wconf 88' lang='lat' dir='ltr'><strong>nobis</strong></span> <span class='ocrx_word' id='word_1_163' title='bbox 1548 1791 1849 1850; x_wconf 87' lang='lat' dir='ltr'><strong>dederunt.</strong></span> <span class='ocrx_word' id='word_1_164' title='bbox 1935 1796 1991 1850; x_wconf 84' lang='lat'><strong>2.</strong></span> <span class='ocrx_word' id='word_1_165' title='bbox 2037 1791 2325 1849; x_wconf 83' lang='lat' dir='ltr'><strong>Christum</strong></span> <span class='ocrx_word' id='word_1_166' title='bbox 2356 1811 2463 1849; x_wconf 88' lang='lat' dir='ltr'><strong>nos</strong></span> <span class='ocrx_word' id='word_1_167' title='bbox 2483 1812 2745 1852; x_wconf 87' lang='lat' dir='ltr'><strong>servasse</strong></span> 
     </span>
     <span class='ocr_line' id='line_1_19' title="bbox 317 1867 2745 1948; baseline 0.002 -24"><span class='ocrx_word' id='word_1_168' title='bbox 317 1867 509 1943; x_wconf 87' lang='lat' dir='ltr'><strong>potius</strong></span> <span class='ocrx_word' id='word_1_169' title='bbox 538 1868 662 1926; x_wconf 88' lang='lat' dir='ltr'><strong>vita</strong></span> <span class='ocrx_word' id='word_1_170' title='bbox 689 1878 747 1928; x_wconf 89' lang='lat' dir='ltr'><strong>et</strong></span> <span class='ocrx_word' id='word_1_171' title='bbox 776 1870 1084 1944; x_wconf 76' lang='lat' dir='ltr'><strong>miraculiS,</strong></span> <span class='ocrx_word' id='word_1_172' title='bbox 1117 1891 1289 1947; x_wconf 87' lang='lat' dir='ltr'><strong>quam</strong></span> <span class='ocrx_word' id='word_1_173' title='bbox 1318 1880 1500 1930; x_wconf 85' lang='lat' dir='ltr'><strong>morte</strong></span> <span class='ocrx_word' id='word_1_174' title='bbox 1525 1893 1538 1945; x_wconf 84' lang='lat'>3</span> <span class='ocrx_word' id='word_1_175' title='bbox 1584 1892 1715 1929; x_wconf 89' lang='lat' dir='ltr'><strong>cum</strong></span> <span class='ocrx_word' id='word_1_176' title='bbox 1745 1871 2094 1948; x_wconf 85' lang='lat' dir='ltr'><strong>praeconium</strong></span> <span class='ocrx_word' id='word_1_177' title='bbox 2138 1871 2431 1946; x_wconf 85' lang='lat' dir='ltr'><strong>doctrinae,</strong></span> <span class='ocrx_word' id='word_1_178' title='bbox 2463 1879 2521 1929; x_wconf 91' lang='lat' dir='ltr'><strong>et</strong></span> <span class='ocrx_word' id='word_1_179' title='bbox 2549 1892 2745 1930; x_wconf 88' lang='lat' dir='ltr'><strong>exem-</strong></span> 
     </span>
     <span class='ocr_line' id='line_1_20' title="bbox 319 1947 2746 2026; baseline 0.003 -22"><span class='ocrx_word' id='word_1_180' title='bbox 319 1947 479 2023; x_wconf 91' lang='lat' dir='ltr'><strong>plum</strong></span> <span class='ocrx_word' id='word_1_181' title='bbox 508 1948 645 2007; x_wconf 82' lang='lat' dir='ltr'><strong>vitae</strong></span> <span class='ocrx_word' id='word_1_182' title='bbox 672 1950 848 2026; x_wconf 88' lang='lat' dir='ltr'><strong>longe</strong></span> <span class='ocrx_word' id='word_1_183' title='bbox 879 1950 1162 2009; x_wconf 84' lang='lat' dir='ltr'><strong>illustrius</strong></span> <span class='ocrx_word' id='word_1_184' title='bbox 1191 1951 1380 2009; x_wconf 88' lang='lat' dir='ltr'><strong>suerit.</strong></span> <span class='ocrx_word' id='word_1_185' title='bbox 1441 1954 1496 2009; x_wconf 89' lang='lat'><strong>3.</strong></span> <span class='ocrx_word' id='word_1_186' title='bbox 1543 1952 1808 2009; x_wconf 87' lang='lat' dir='ltr'><strong>Officium</strong></span> <span class='ocrx_word' id='word_1_187' title='bbox 1843 1950 2208 2009; x_wconf 68' lang='lat' dir='ltr'><strong>Sacerdotale</strong></span> <span class='ocrx_word' id='word_1_188' title='bbox 2239 1951 2298 2008; x_wconf 90' lang='lat' dir='ltr'><strong>in</strong></span> <span class='ocrx_word' id='word_1_189' title='bbox 2326 1950 2493 2009; x_wconf 87' lang='lat' dir='ltr'><strong>terris</strong></span> <span class='ocrx_word' id='word_1_190' title='bbox 2523 1951 2665 2026; x_wconf 89' lang='lat' dir='ltr'><strong>tolli,</strong></span> <span class='ocrx_word' id='word_1_191' title='bbox 2687 1962 2746 2012; x_wconf 87' lang='lat' dir='ltr'><strong>et</strong></span> 
     </span>
     <span class='ocr_line' id='line_1_21' title="bbox 321 2026 2748 2108; baseline 0.003 -24"><span class='ocrx_word' id='word_1_192' title='bbox 321 2026 595 2085; x_wconf 86' lang='lat' dir='ltr'><strong>confundi</strong></span> <span class='ocrx_word' id='word_1_193' title='bbox 643 2049 774 2087; x_wconf 88' lang='lat' dir='ltr'><strong>cum</strong></span> <span class='ocrx_word' id='word_1_194' title='bbox 824 2030 1169 2107; x_wconf 87' lang='lat' dir='ltr'><strong>Prophetico</strong></span> <span class='ocrx_word' id='word_1_195' title='bbox 1218 2040 1276 2090; x_wconf 91' lang='lat' dir='ltr'><strong>et</strong></span> <span class='ocrx_word' id='word_1_196' title='bbox 1316 2031 1521 2108; x_wconf 79' lang='lat' dir='ltr'><strong>Regio.</strong></span> <span class='ocrx_word' id='word_1_197' title='bbox 1565 2035 1623 2088; x_wconf 87' lang='lat'><strong>4.</strong></span> <span class='ocrx_word' id='word_1_198' title='bbox 1669 2032 1902 2089; x_wconf 85' lang='lat' dir='ltr'><strong>Fideles</strong></span> <span class='ocrx_word' id='word_1_199' title='bbox 1939 2031 2075 2089; x_wconf 89' lang='lat' dir='ltr'><strong>Vet.</strong></span> <span class='ocrx_word' id='word_1_200' title='bbox 2121 2030 2277 2089; x_wconf 87' lang='lat' dir='ltr'><strong>Test.</strong></span> <span class='ocrx_word' id='word_1_201' title='bbox 2321 2050 2435 2088; x_wconf 90' lang='lat' dir='ltr'><strong>non</strong></span> <span class='ocrx_word' id='word_1_202' title='bbox 2487 2042 2748 2092; x_wconf 87' lang='lat' dir='ltr'><strong>servatos</strong></span> 
     </span>
     <span class='ocr_line' id='line_1_22' title="bbox 320 2106 2746 2189; baseline 0.003 -26"><span class='ocrx_word' id='word_1_203' title='bbox 320 2106 496 2165; x_wconf 90' lang='lat' dir='ltr'><strong>fuisse</strong></span> <span class='ocrx_word' id='word_1_204' title='bbox 525 2129 629 2184; x_wconf 90' lang='lat' dir='ltr'><strong>per</strong></span> <span class='ocrx_word' id='word_1_205' title='bbox 657 2110 965 2184; x_wconf 87' lang='lat' dir='ltr'><strong>Christum,</strong></span> <span class='ocrx_word' id='word_1_206' title='bbox 997 2111 1072 2169; x_wconf 89' lang='lat' dir='ltr'><strong>ad</strong></span> <span class='ocrx_word' id='word_1_207' title='bbox 1100 2131 1246 2187; x_wconf 89' lang='lat' dir='ltr'><strong>quos</strong></span> <span class='ocrx_word' id='word_1_208' title='bbox 1273 2120 1415 2188; x_wconf 88' lang='lat' dir='ltr'><strong>puta</strong></span> <span class='ocrx_word' id='word_1_209' title='bbox 1455 2113 1722 2188; x_wconf 84' lang='lat' dir='ltr'><strong>exempla</strong></span> <span class='ocrx_word' id='word_1_210' title='bbox 1771 2112 2048 2170; x_wconf 88' lang='lat' dir='ltr'><strong>virtutum</strong></span> <span class='ocrx_word' id='word_1_211' title='bbox 2099 2112 2240 2189; x_wconf 81' lang='lat' dir='ltr'><strong>ejuS‚</strong></span> <span class='ocrx_word' id='word_1_212' title='bbox 2291 2119 2352 2169; x_wconf 90' lang='lat' dir='ltr'><strong>et</strong></span> <span class='ocrx_word' id='word_1_213' title='bbox 2395 2112 2746 2187; x_wconf 79' lang='lat' dir='ltr'><strong>praeconium</strong></span> 
     </span>
     <span class='ocr_line' id='line_1_23' title="bbox 321 2186 1172 2267; baseline 0.007 -23"><span class='ocrx_word' id='word_1_214' title='bbox 321 2186 598 2246; x_wconf 79' lang='lat' dir='ltr'><strong>doctrinae</strong></span> <span class='ocrx_word' id='word_1_215' title='bbox 628 2209 741 2247; x_wconf 92' lang='lat' dir='ltr'><strong>non</strong></span> <span class='ocrx_word' id='word_1_216' title='bbox 770 2200 1172 2267; x_wconf 84' lang='lat' dir='ltr'><strong>pervenerunt.</strong></span> 
     </span>
     <span class='ocr_line' id='line_1_24' title="bbox 931 2270 2745 2345; baseline 0.002 -18"><span class='ocrx_word' id='word_1_217' title='bbox 931 2271 1181 2329; x_wconf 87' lang='lat' dir='ltr'>XXIV.</span> <span class='ocrx_word' id='word_1_218' title='bbox 1228 2270 1507 2345; x_wconf 87' lang='lat' dir='ltr'><strong>Quamvis</strong></span> <span class='ocrx_word' id='word_1_219' title='bbox 1548 2290 1669 2328; x_wconf 84' lang='lat' dir='ltr'><strong>vox</strong></span> <span class='ocrx_word' id='word_1_220' title='bbox 1719 2270 2131 2344; x_wconf 59' lang='grc' dir='ltr'><strong>Βαίιζςίαειὶοηιζς</strong></span> <span class='ocrx_word' id='word_1_221' title='bbox 2174 2290 2448 2345; x_wconf 81' lang='lat' dir='ltr'><strong>expresse</strong></span> <span class='ocrx_word' id='word_1_222' title='bbox 2498 2278 2557 2328; x_wconf 89' lang='lat' dir='ltr'><strong>et</strong></span> <span class='ocrx_word' id='word_1_223' title='bbox 2597 2277 2745 2330; x_wconf 65' lang='grc' dir='ltr'><strong><em>ἀυτο-</em></strong></span> 
     </span>
     <span class='ocr_line' id='line_1_25' title="bbox 372 2326 2750 2431; baseline 0.002 -23"><span class='ocrx_word' id='word_1_224' title='bbox 372 2326 758 2431; x_wconf 51' lang='grc' dir='ltr'><strong>Ἑωὲξζῃζῖῗω·</strong></span> <span class='ocrx_word' id='word_1_225' title='bbox 863 2354 986 2423; x_wconf 67' lang='grc' dir='ltr'><strong>λοξαὶ</strong></span> <span class='ocrx_word' id='word_1_226' title='bbox 1016 2371 1130 2409; x_wconf 90' lang='lat' dir='ltr'><strong>non</strong></span> <span class='ocrx_word' id='word_1_227' title='bbox 1169 2359 1431 2409; x_wconf 89' lang='lat' dir='ltr'><strong>occurrat</strong></span> <span class='ocrx_word' id='word_1_228' title='bbox 1457 2350 1516 2406; x_wconf 92' lang='lat' dir='ltr'><strong>in</strong></span> <span class='ocrx_word' id='word_1_229' title='bbox 1551 2350 1864 2426; x_wconf 86' lang='lat' dir='ltr'><strong>Scriptura,</strong></span> <span class='ocrx_word' id='word_1_230' title='bbox 1892 2350 2100 2408; x_wconf 87' lang='lat' dir='ltr'><strong>sufficit</strong></span> <span class='ocrx_word' id='word_1_231' title='bbox 2144 2360 2208 2408; x_wconf 91' lang='lat' dir='ltr'><strong>ut</strong></span> <span class='ocrx_word' id='word_1_232' title='bbox 2250 2351 2664 2427; x_wconf 77' lang='lat' dir='ltr'><strong>aequivalenter</strong></span> <span class='ocrx_word' id='word_1_233' title='bbox 2692 2361 2750 2412; x_wconf 85' lang='lat' dir='ltr'><strong>et</strong></span> 
     </span>
     <span class='ocr_line' id='line_1_26' title="bbox 863 2429 2747 2508; baseline 0.001 -20"><span class='ocrx_word' id='word_1_234' title='bbox 863 2431 1141 2508; x_wconf 89' lang='lat' dir='ltr'><strong>implicite</strong></span> <span class='ocrx_word' id='word_1_235' title='bbox 1171 2430 1547 2505; x_wconf 88' lang='lat' dir='ltr'><strong>contineatur,</strong></span> <span class='ocrx_word' id='word_1_236' title='bbox 1582 2431 1690 2489; x_wconf 90' lang='lat' dir='ltr'><strong>sub</strong></span> <span class='ocrx_word' id='word_1_237' title='bbox 1720 2429 1849 2488; x_wconf 90' lang='lat' dir='ltr'><strong>aliis</strong></span> <span class='ocrx_word' id='word_1_238' title='bbox 1899 2430 2158 2503; x_wconf 85' lang='lat' dir='ltr'><strong>vocibus,</strong></span> <span class='ocrx_word' id='word_1_239' title='bbox 2211 2451 2340 2506; x_wconf 78' lang='lat' dir='ltr'><strong>quae</strong></span> <span class='ocrx_word' id='word_1_240' title='bbox 2383 2432 2481 2489; x_wconf 79' lang='lat' dir='ltr'><strong>vel</strong></span> <span class='ocrx_word' id='word_1_241' title='bbox 2522 2431 2747 2490; x_wconf 89' lang='lat' dir='ltr'><strong>nullum</strong></span> 
     </span>
     <span class='ocr_line' id='line_1_27' title="bbox 327 2510 2744 2587; baseline 0.002 -21"><span class='ocrx_word' id='word_1_242' title='bbox 327 2528 560 2567; x_wconf 88' lang='lat' dir='ltr'><strong>sensum</strong></span> <span class='ocrx_word' id='word_1_243' title='bbox 598 2510 830 2586; x_wconf 88' lang='lat' dir='ltr'><strong>habent,</strong></span> <span class='ocrx_word' id='word_1_244' title='bbox 883 2512 977 2569; x_wconf 91' lang='lat' dir='ltr'><strong>vel</strong></span> <span class='ocrx_word' id='word_1_245' title='bbox 1028 2511 1477 2571; x_wconf 85' lang='lat' dir='ltr'><strong>satisfactionem</strong></span> <span class='ocrx_word' id='word_1_246' title='bbox 1518 2531 1715 2569; x_wconf 86' lang='lat' dir='ltr'><strong>veram</strong></span> <span class='ocrx_word' id='word_1_247' title='bbox 1762 2519 1821 2568; x_wconf 88' lang='lat' dir='ltr'><strong>et</strong></span> <span class='ocrx_word' id='word_1_248' title='bbox 1868 2510 2095 2587; x_wconf 89' lang='lat' dir='ltr'><strong>proprie</strong></span> <span class='ocrx_word' id='word_1_249' title='bbox 2146 2510 2357 2568; x_wconf 86' lang='lat' dir='ltr'><strong>dictam</strong></span> <span class='ocrx_word' id='word_1_250' title='bbox 2415 2512 2744 2587; x_wconf 84' lang='lat' dir='ltr'><strong>important,</strong></span> 
     </span>
     <span class='ocr_line' id='line_1_28' title="bbox 326 2590 2751 2675; baseline 0.002 -27"><span class='ocrx_word' id='word_1_251' title='bbox 326 2590 526 2664; x_wconf 79' lang='lat' dir='ltr'><strong>quales</strong></span> <span class='ocrx_word' id='word_1_252' title='bbox 556 2600 690 2650; x_wconf 78' lang='lat' dir='ltr'><strong>sunt</strong></span> <span class='ocrx_word' id='word_1_253' title='bbox 718 2590 1076 2674; x_wconf 65' lang='grc' dir='ltr'><strong>εἰπολῦτςυσις,</strong></span> <span class='ocrx_word' id='word_1_254' title='bbox 1108 2594 1404 2675; x_wconf 61' lang='lat' dir='ltr'><strong>nitriam-gon,</strong></span> <span class='ocrx_word' id='word_1_255' title='bbox 1436 2594 1670 2669; x_wconf 61' lang='grc' dir='ltr'><strong>ἕλεα-μσς,</strong></span> <span class='ocrx_word' id='word_1_256' title='bbox 1707 2595 1844 2667; x_wconf 61' lang='lat' dir='ltr'><strong>riuis,</strong></span> <span class='ocrx_word' id='word_1_257' title='bbox 1886 2618 2107 2672; x_wconf 55' lang='grc' dir='ltr'><strong>κατ-ειμι,</strong></span> <span class='ocrx_word' id='word_1_258' title='bbox 2150 2592 2327 2668; x_wconf 61' lang='grc' dir='ltr'><strong>θυσίαι,</strong></span> <span class='ocrx_word' id='word_1_259' title='bbox 2373 2595 2646 2674; x_wconf 52' lang='lat' dir='ltr'><strong>stempock,</strong></span> <span class='ocrx_word' id='word_1_260' title='bbox 2692 2603 2751 2653; x_wconf 75' lang='lat' dir='ltr'><strong>et</strong></span> 
     </span>
     <span class='ocr_line' id='line_1_29' title="bbox 327 2671 1275 2751; baseline 0.005 -23"><span class='ocrx_word' id='word_1_261' title='bbox 327 2671 463 2730; x_wconf 90' lang='lat' dir='ltr'><strong>sim.</strong></span> <span class='ocrx_word' id='word_1_262' title='bbox 494 2671 566 2730; x_wconf 90' lang='lat' dir='ltr'><strong>de</strong></span> <span class='ocrx_word' id='word_1_263' title='bbox 595 2672 808 2748; x_wconf 89' lang='lat' dir='ltr'><strong>quibus</strong></span> <span class='ocrx_word' id='word_1_264' title='bbox 837 2693 1011 2751; x_wconf 87' lang='lat' dir='ltr'><strong>supra</strong></span> <span class='ocrx_word' id='word_1_265' title='bbox 1038 2674 1275 2733; x_wconf 89' lang='lat' dir='ltr'><strong>dictum.</strong></span> 
     </span>
    </p>

    <p class='ocr_par' dir='ltr' id='par_1_3' title="bbox 325 2752 2755 3629">
     <span class='ocr_line' id='line_1_30' title="bbox 409 2752 2747 2833; baseline 0.002 -24"><span class='ocrx_word' id='word_1_266' title='bbox 409 2752 623 2811; x_wconf 90' lang='lat' dir='ltr'>XXV.</span> <span class='ocrx_word' id='word_1_267' title='bbox 672 2752 754 2812; x_wconf 93' lang='lat' dir='ltr'><strong>Ut</strong></span> <span class='ocrx_word' id='word_1_268' title='bbox 784 2754 1048 2813; x_wconf 88' lang='lat' dir='ltr'><strong>Christus</strong></span> <span class='ocrx_word' id='word_1_269' title='bbox 1077 2754 1365 2833; x_wconf 89' lang='lat' dir='ltr'><strong>duplicem</strong></span> <span class='ocrx_word' id='word_1_270' title='bbox 1395 2755 1553 2830; x_wconf 66' lang='lat' dir='ltr'><strong>oxion</strong></span> <span class='ocrx_word' id='word_1_271' title='bbox 1602 2754 1891 2832; x_wconf 82' lang='lat' dir='ltr'><strong>praecipue</strong></span> <span class='ocrx_word' id='word_1_272' title='bbox 1933 2752 2122 2811; x_wconf 91' lang='lat' dir='ltr'><strong>induit</strong></span> <span class='ocrx_word' id='word_1_273' title='bbox 2162 2760 2429 2830; x_wconf 88' lang='lat' dir='ltr'><strong>respectu</strong></span> <span class='ocrx_word' id='word_1_274' title='bbox 2473 2754 2747 2830; x_wconf 86' lang='lat' dir='ltr'><strong>fidelium,</strong></span> 
     </span>
     <span class='ocr_line' id='line_1_31' title="bbox 339 2833 2750 2912; baseline 0.002 -23"><span class='ocrx_word' id='word_1_275' title='bbox 339 2833 515 2890; x_wconf 81' lang='lat' dir='ltr'><strong>Vadis</strong></span> <span class='ocrx_word' id='word_1_276' title='bbox 543 2842 597 2889; x_wconf 83' lang='lat' dir='ltr'><strong>et</strong></span> <span class='ocrx_word' id='word_1_277' title='bbox 621 2833 940 2910; x_wconf 80' lang='lat' dir='ltr'><strong>Sponsoris,</strong></span> <span class='ocrx_word' id='word_1_278' title='bbox 972 2834 1072 2911; x_wconf 89' lang='lat' dir='ltr'><strong>qui</strong></span> <span class='ocrx_word' id='word_1_279' title='bbox 1101 2856 1205 2912; x_wconf 89' lang='lat' dir='ltr'><strong>pro</strong></span> <span class='ocrx_word' id='word_1_280' title='bbox 1247 2836 1390 2912; x_wconf 87' lang='lat' dir='ltr'><strong>ipsis</strong></span> <span class='ocrx_word' id='word_1_281' title='bbox 1421 2836 1646 2893; x_wconf 84' lang='lat' dir='ltr'><strong>solvere</strong></span> <span class='ocrx_word' id='word_1_282' title='bbox 1676 2835 1892 2908; x_wconf 89' lang='lat' dir='ltr'><strong>debuit,</strong></span> <span class='ocrx_word' id='word_1_283' title='bbox 1926 2841 1982 2892; x_wconf 89' lang='lat' dir='ltr'><strong>et</strong></span> <span class='ocrx_word' id='word_1_284' title='bbox 2016 2835 2232 2910; x_wconf 77' lang='lat' dir='ltr'><strong>Capitis</strong></span> <span class='ocrx_word' id='word_1_285' title='bbox 2275 2842 2333 2892; x_wconf 93' lang='lat' dir='ltr'><strong>et</strong></span> <span class='ocrx_word' id='word_1_286' title='bbox 2360 2836 2611 2909; x_wconf 80' lang='lat' dir='ltr'><strong>Domini,</strong></span> <span class='ocrx_word' id='word_1_287' title='bbox 2649 2837 2750 2911; x_wconf 90' lang='lat' dir='ltr'><strong>qui</strong></span> 
     </span>
     <span class='ocr_line' id='line_1_32' title="bbox 327 2911 2748 2992; baseline 0.001 -23"><span class='ocrx_word' id='word_1_288' title='bbox 327 2912 390 2969; x_wconf 89' lang='lat' dir='ltr'><strong>in</strong></span> <span class='ocrx_word' id='word_1_289' title='bbox 433 2911 574 2987; x_wconf 84' lang='lat' dir='ltr'><strong>ipsis</strong></span> <span class='ocrx_word' id='word_1_290' title='bbox 603 2915 823 2987; x_wconf 87' lang='lat' dir='ltr'><strong>operari</strong></span> <span class='ocrx_word' id='word_1_291' title='bbox 853 2915 1055 2989; x_wconf 88' lang='lat' dir='ltr'><strong>voluit,</strong></span> <span class='ocrx_word' id='word_1_292' title='bbox 1092 2916 1309 2992; x_wconf 84' lang='lat' dir='ltr'><strong>Spiritu</strong></span> <span class='ocrx_word' id='word_1_293' title='bbox 1340 2936 1444 2973; x_wconf 89' lang='lat' dir='ltr'><strong>suo</strong></span> <span class='ocrx_word' id='word_1_294' title='bbox 1475 2935 1573 2973; x_wconf 89' lang='lat' dir='ltr'><strong>eos</strong></span> <span class='ocrx_word' id='word_1_295' title='bbox 1623 2914 1932 2972; x_wconf 85' lang='lat' dir='ltr'><strong>animando</strong></span> <span class='ocrx_word' id='word_1_296' title='bbox 1982 2922 2040 2972; x_wconf 90' lang='lat' dir='ltr'><strong>ct</strong></span> <span class='ocrx_word' id='word_1_297' title='bbox 2081 2914 2378 2989; x_wconf 84' lang='lat' dir='ltr'><strong>regendo:</strong></span> <span class='ocrx_word' id='word_1_298' title='bbox 2425 2914 2518 2972; x_wconf 81' lang='lat' dir='ltr'><strong>Ita</strong></span> <span class='ocrx_word' id='word_1_299' title='bbox 2567 2916 2748 2991; x_wconf 88' lang='lat' dir='ltr'><strong>gemi-</strong></span> 
     </span>
     <span class='ocr_line' id='line_1_33' title="bbox 328 2990 2752 3071; baseline 0.002 -24"><span class='ocrx_word' id='word_1_300' title='bbox 328 3010 469 3048; x_wconf 88' lang='lat' dir='ltr'><strong>num</strong></span> <span class='ocrx_word' id='word_1_301' title='bbox 497 2990 668 3048; x_wconf 89' lang='lat' dir='ltr'><strong>finem</strong></span> <span class='ocrx_word' id='word_1_302' title='bbox 693 2991 753 3047; x_wconf 90' lang='lat' dir='ltr'><strong>in</strong></span> <span class='ocrx_word' id='word_1_303' title='bbox 781 3002 964 3051; x_wconf 89' lang='lat' dir='ltr'><strong>morte</strong></span> <span class='ocrx_word' id='word_1_304' title='bbox 993 3003 1052 3052; x_wconf 88' lang='lat' dir='ltr'><strong>et</strong></span> <span class='ocrx_word' id='word_1_305' title='bbox 1079 2996 1444 3071; x_wconf 84' lang='lat' dir='ltr'><strong>passionibus</strong></span> <span class='ocrx_word' id='word_1_306' title='bbox 1474 2995 1580 3051; x_wconf 89' lang='lat' dir='ltr'><strong>sibi</strong></span> <span class='ocrx_word' id='word_1_307' title='bbox 1613 2994 1928 3070; x_wconf 87' lang='lat' dir='ltr'><strong>proposuit,</strong></span> <span class='ocrx_word' id='word_1_308' title='bbox 1959 2993 2224 3068; x_wconf 86' lang='lat' dir='ltr'><strong>primum,</strong></span> <span class='ocrx_word' id='word_1_309' title='bbox 2249 3002 2314 3050; x_wconf 89' lang='lat' dir='ltr'><strong>ut</strong></span> <span class='ocrx_word' id='word_1_310' title='bbox 2335 2996 2752 3069; x_wconf 77' lang='lat' dir='ltr'><strong>Redemplionis</strong></span> 
     </span>
     <span class='ocr_line' id='line_1_34' title="bbox 325 3070 2751 3147; baseline 0.003 -22"><span class='ocrx_word' id='word_1_311' title='bbox 325 3070 571 3146; x_wconf 79' lang='lat' dir='ltr'><strong>pretium</strong></span> <span class='ocrx_word' id='word_1_312' title='bbox 598 3089 700 3144; x_wconf 91' lang='lat' dir='ltr'><strong>pro</strong></span> <span class='ocrx_word' id='word_1_313' title='bbox 730 3071 897 3128; x_wconf 89' lang='lat' dir='ltr'><strong>nobis</strong></span> <span class='ocrx_word' id='word_1_314' title='bbox 920 3072 1162 3147; x_wconf 86' lang='lat' dir='ltr'><strong>justitiae</strong></span> <span class='ocrx_word' id='word_1_315' title='bbox 1193 3074 1405 3131; x_wconf 76' lang='lat' dir='ltr'><strong>divinae</strong></span> <span class='ocrx_word' id='word_1_316' title='bbox 1437 3073 1703 3145; x_wconf 87' lang='lat' dir='ltr'><strong>solveret,</strong></span> <span class='ocrx_word' id='word_1_317' title='bbox 1736 3073 1980 3130; x_wconf 88' lang='lat' dir='ltr'><strong>alterum</strong></span> <span class='ocrx_word' id='word_1_318' title='bbox 2004 3080 2067 3128; x_wconf 89' lang='lat' dir='ltr'><strong>ut</strong></span> <span class='ocrx_word' id='word_1_319' title='bbox 2089 3072 2410 3129; x_wconf 73' lang='lat' dir='ltr'><strong>imitationis</strong></span> <span class='ocrx_word' id='word_1_320' title='bbox 2437 3078 2751 3147; x_wconf 60' lang='lat' dir='ltr'><strong>exemplum</strong></span> 
     </span>
     <span class='ocr_line' id='line_1_35' title="bbox 332 3148 2749 3228; baseline 0.002 -23"><span class='ocrx_word' id='word_1_321' title='bbox 332 3149 631 3227; x_wconf 77' lang='lat' dir='ltr'><strong>praeberet,</strong></span> <span class='ocrx_word' id='word_1_322' title='bbox 664 3148 737 3206; x_wconf 88' lang='lat' dir='ltr'><strong>ad</strong></span> <span class='ocrx_word' id='word_1_323' title='bbox 768 3151 1062 3225; x_wconf 86' lang='lat' dir='ltr'><strong>sequenda</strong></span> <span class='ocrx_word' id='word_1_324' title='bbox 1085 3154 1213 3228; x_wconf 86' lang='lat' dir='ltr'><strong>ejus</strong></span> <span class='ocrx_word' id='word_1_325' title='bbox 1232 3151 1499 3226; x_wconf 85' lang='lat' dir='ltr'><strong>vestigia.</strong></span> <span class='ocrx_word' id='word_1_326' title='bbox 1547 3151 1703 3208; x_wconf 87' lang='lat' dir='ltr'><strong>Hinc</strong></span> <span class='ocrx_word' id='word_1_327' title='bbox 1731 3150 2031 3225; x_wconf 86' lang='lat' dir='ltr'><strong>passiones</strong></span> <span class='ocrx_word' id='word_1_328' title='bbox 2060 3150 2185 3226; x_wconf 90' lang='lat' dir='ltr'><strong>ejus</strong></span> <span class='ocrx_word' id='word_1_329' title='bbox 2216 3152 2461 3226; x_wconf 84' lang='lat' dir='ltr'><strong>spectari</strong></span> <span class='ocrx_word' id='word_1_330' title='bbox 2490 3163 2749 3227; x_wconf 82' lang='lat' dir='ltr'><strong>possunt,</strong></span> 
     </span>
     <span class='ocr_line' id='line_1_36' title="bbox 332 3228 2755 3306; baseline 0.001 -20"><span class='ocrx_word' id='word_1_331' title='bbox 332 3229 427 3287; x_wconf 88' lang='lat' dir='ltr'><strong>vel</strong></span> <span class='ocrx_word' id='word_1_332' title='bbox 471 3237 536 3286; x_wconf 87' lang='lat' dir='ltr'><strong>ut</strong></span> <span class='ocrx_word' id='word_1_333' title='bbox 570 3229 977 3304; x_wconf 65' lang='lat' dir='ltr'><strong>satisfactoriae,</strong></span> <span class='ocrx_word' id='word_1_334' title='bbox 1009 3231 1105 3289; x_wconf 87' lang='lat' dir='ltr'><strong>vel</strong></span> <span class='ocrx_word' id='word_1_335' title='bbox 1150 3240 1217 3289; x_wconf 88' lang='lat' dir='ltr'><strong>ut</strong></span> <span class='ocrx_word' id='word_1_336' title='bbox 1244 3233 1614 3306; x_wconf 71' lang='lat' dir='ltr'><strong>exemplares.</strong></span> <span class='ocrx_word' id='word_1_337' title='bbox 1661 3230 1826 3287; x_wconf 86' lang='lat' dir='ltr'><strong>Licet</strong></span> <span class='ocrx_word' id='word_1_338' title='bbox 1855 3248 1994 3304; x_wconf 87' lang='lat' dir='ltr'><strong>ergo</strong></span> <span class='ocrx_word' id='word_1_339' title='bbox 2040 3228 2207 3285; x_wconf 91' lang='lat' dir='ltr'><strong>nobis</strong></span> <span class='ocrx_word' id='word_1_340' title='bbox 2255 3239 2649 3305; x_wconf 87' lang='lat' dir='ltr'><strong>proponantur</strong></span> <span class='ocrx_word' id='word_1_341' title='bbox 2692 3233 2755 3288; x_wconf 89' lang='lat' dir='ltr'><strong>in</strong></span> 
     </span>
     <span class='ocr_line' id='line_1_37' title="bbox 334 3307 2751 3387; baseline 0 -19"><span class='ocrx_word' id='word_1_342' title='bbox 334 3308 681 3386; x_wconf 83' lang='lat' dir='ltr'><strong>exemplum,</strong></span> <span class='ocrx_word' id='word_1_343' title='bbox 728 3313 754 3367; x_wconf 94' lang='lat'>1</span> <span class='ocrx_word' id='word_1_344' title='bbox 805 3310 931 3368; x_wconf 90' lang='lat' dir='ltr'><strong>Pet.</strong></span> <span class='ocrx_word' id='word_1_345' title='bbox 973 3310 1030 3368; x_wconf 90' lang='lat' dir='ltr'><strong>ii.</strong></span> <span class='ocrx_word' id='word_1_346' title='bbox 1064 3314 1159 3387; x_wconf 81' lang='lat'><strong>21,</strong></span> <span class='ocrx_word' id='word_1_347' title='bbox 1187 3319 1246 3370; x_wconf 86' lang='lat' dir='ltr'><strong>et</strong></span> <span class='ocrx_word' id='word_1_348' title='bbox 1273 3331 1427 3368; x_wconf 91' lang='lat' dir='ltr'><strong>mors</strong></span> <span class='ocrx_word' id='word_1_349' title='bbox 1458 3309 1676 3368; x_wconf 84' lang='lat' dir='ltr'><strong>Christi</strong></span> <span class='ocrx_word' id='word_1_350' title='bbox 1702 3329 1806 3386; x_wconf 92' lang='lat' dir='ltr'><strong>pro</strong></span> <span class='ocrx_word' id='word_1_351' title='bbox 1835 3308 2004 3366; x_wconf 87' lang='lat' dir='ltr'><strong>nobis</strong></span> <span class='ocrx_word' id='word_1_352' title='bbox 2035 3307 2361 3366; x_wconf 87' lang='lat' dir='ltr'><strong>conseratur</strong></span> <span class='ocrx_word' id='word_1_353' title='bbox 2389 3329 2520 3366; x_wconf 88' lang='lat' dir='ltr'><strong>cum</strong></span> <span class='ocrx_word' id='word_1_354' title='bbox 2549 3319 2751 3385; x_wconf 89' lang='lat' dir='ltr'><strong>morte,</strong></span> 
     </span>
     <span class='ocr_line' id='line_1_38' title="bbox 333 3388 2752 3468; baseline 0.001 -21"><span class='ocrx_word' id='word_1_355' title='bbox 333 3410 507 3467; x_wconf 89' lang='lat' dir='ltr'><strong>quam</strong></span> <span class='ocrx_word' id='word_1_356' title='bbox 536 3389 657 3467; x_wconf 87' lang='lat' dir='ltr'><strong>pati</strong></span> <span class='ocrx_word' id='word_1_357' title='bbox 687 3390 980 3464; x_wconf 79' lang='lat' dir='ltr'><strong>debemuS,</strong></span> <span class='ocrx_word' id='word_1_358' title='bbox 1017 3392 1143 3449; x_wconf 89' lang='lat' dir='ltr'><strong>Deo</strong></span> <span class='ocrx_word' id='word_1_359' title='bbox 1198 3392 1279 3450; x_wconf 88' lang='lat' dir='ltr'><strong>ita</strong></span> <span class='ocrx_word' id='word_1_360' title='bbox 1317 3390 1577 3468; x_wconf 87' lang='lat' dir='ltr'><strong>jubente,</strong></span> <span class='ocrx_word' id='word_1_361' title='bbox 1632 3409 1736 3466; x_wconf 90' lang='lat' dir='ltr'><strong>pro</strong></span> <span class='ocrx_word' id='word_1_362' title='bbox 1782 3388 2071 3463; x_wconf 89' lang='lat' dir='ltr'><strong>fratribus,</strong></span> <span class='ocrx_word' id='word_1_363' title='bbox 2111 3392 2138 3445; x_wconf 91' lang='lat'>1</span> <span class='ocrx_word' id='word_1_364' title='bbox 2172 3389 2312 3447; x_wconf 85' lang='lat' dir='ltr'><strong>Joh.</strong></span> <span class='ocrx_word' id='word_1_365' title='bbox 2344 3389 2423 3447; x_wconf 91' lang='lat' dir='ltr'><strong>iii.</strong></span> <span class='ocrx_word' id='word_1_366' title='bbox 2460 3392 2551 3465; x_wconf 87' lang='lat'><strong>16,</strong></span> <span class='ocrx_word' id='word_1_367' title='bbox 2619 3391 2752 3449; x_wconf 85' lang='lat' dir='ltr'><strong>Non</strong></span> 
     </span>
     <span class='ocr_line' id='line_1_39' title="bbox 334 3468 2753 3547; baseline 0 -18"><span class='ocrx_word' id='word_1_368' title='bbox 334 3471 596 3547; x_wconf 85' lang='lat' dir='ltr'><strong>sequitur</strong></span> <span class='ocrx_word' id='word_1_369' title='bbox 624 3469 681 3527; x_wconf 89' lang='lat' dir='ltr'><strong>in</strong></span> <span class='ocrx_word' id='word_1_370' title='bbox 710 3479 894 3529; x_wconf 90' lang='lat' dir='ltr'><strong>morte</strong></span> <span class='ocrx_word' id='word_1_371' title='bbox 929 3471 1056 3546; x_wconf 87' lang='lat' dir='ltr'><strong>ejus</strong></span> <span class='ocrx_word' id='word_1_372' title='bbox 1085 3492 1200 3530; x_wconf 90' lang='lat' dir='ltr'><strong>non</strong></span> <span class='ocrx_word' id='word_1_373' title='bbox 1240 3472 1416 3530; x_wconf 90' lang='lat' dir='ltr'><strong>fuisse</strong></span> <span class='ocrx_word' id='word_1_374' title='bbox 1446 3489 1644 3528; x_wconf 87' lang='lat' dir='ltr'><strong>veram</strong></span> <span class='ocrx_word' id='word_1_375' title='bbox 1675 3468 2142 3543; x_wconf 85' lang='lat' dir='ltr'><strong>satisfactionem,</strong></span> <span class='ocrx_word' id='word_1_376' title='bbox 2176 3469 2312 3545; x_wconf 87' lang='lat' dir='ltr'><strong>quia</strong></span> <span class='ocrx_word' id='word_1_377' title='bbox 2337 3469 2550 3547; x_wconf 89' lang='lat' dir='ltr'><strong>positio</strong></span> <span class='ocrx_word' id='word_1_378' title='bbox 2579 3471 2753 3530; x_wconf 89' lang='lat' dir='ltr'><strong>unius</strong></span> 
     </span>
     <span class='ocr_line' id='line_1_40' title="bbox 334 3551 1579 3629; baseline 0 -21"><span class='ocrx_word' id='word_1_379' title='bbox 334 3551 467 3610; x_wconf 87' lang='lat' dir='ltr'><strong>finis</strong></span> <span class='ocrx_word' id='word_1_380' title='bbox 496 3571 613 3609; x_wconf 89' lang='lat' dir='ltr'><strong>non</strong></span> <span class='ocrx_word' id='word_1_381' title='bbox 641 3551 919 3625; x_wconf 84' lang='lat' dir='ltr'><strong>excludit,</strong></span> <span class='ocrx_word' id='word_1_382' title='bbox 951 3551 1066 3609; x_wconf 91' lang='lat' dir='ltr'><strong>imo</strong></span> <span class='ocrx_word' id='word_1_383' title='bbox 1090 3552 1363 3629; x_wconf 89' lang='lat' dir='ltr'><strong>supponit</strong></span> <span class='ocrx_word' id='word_1_384' title='bbox 1383 3551 1579 3608; x_wconf 87' lang='lat' dir='ltr'><strong>alium.</strong></span> 
     </span>
    </p>

    <p class='ocr_par' dir='ltr' id='par_1_4' title="bbox 335 3628 2756 4430">
     <span class='ocr_line' id='line_1_41' title="bbox 418 3628 2750 3709; baseline 0 -20"><span class='ocrx_word' id='word_1_385' title='bbox 418 3631 668 3690; x_wconf 86' lang='lat' dir='ltr'>XXVI.</span> <span class='ocrx_word' id='word_1_386' title='bbox 714 3631 899 3689; x_wconf 89' lang='lat' dir='ltr'><strong>Aliud</strong></span> <span class='ocrx_word' id='word_1_387' title='bbox 928 3642 1017 3690; x_wconf 88' lang='lat' dir='ltr'><strong>est</strong></span> <span class='ocrx_word' id='word_1_388' title='bbox 1045 3633 1205 3709; x_wconf 86' lang='lat' dir='ltr'><strong>loqui</strong></span> <span class='ocrx_word' id='word_1_389' title='bbox 1236 3632 1307 3690; x_wconf 91' lang='lat' dir='ltr'><strong>de</strong></span> <span class='ocrx_word' id='word_1_390' title='bbox 1339 3630 1728 3690; x_wconf 83' lang='lat' dir='ltr'><strong>satisfactione</strong></span> <span class='ocrx_word' id='word_1_391' title='bbox 1756 3638 1816 3689; x_wconf 87' lang='lat' dir='ltr'><strong>et</strong></span> <span class='ocrx_word' id='word_1_392' title='bbox 1844 3628 2129 3689; x_wconf 88' lang='lat' dir='ltr'><strong>solutione</strong></span> <span class='ocrx_word' id='word_1_393' title='bbox 2171 3631 2418 3708; x_wconf 86' lang='lat' dir='ltr'><strong>propria,</strong></span> <span class='ocrx_word' id='word_1_394' title='bbox 2465 3629 2649 3689; x_wconf 89' lang='lat' dir='ltr'><strong>Aliud</strong></span> <span class='ocrx_word' id='word_1_395' title='bbox 2678 3632 2750 3691; x_wconf 88' lang='lat' dir='ltr'><strong>de</strong></span> 
     </span>
     <span class='ocr_line' id='line_1_42' title="bbox 335 3711 2753 3788; baseline 0 -19"><span class='ocrx_word' id='word_1_396' title='bbox 335 3711 525 3770; x_wconf 87' lang='lat' dir='ltr'><strong>aliena</strong></span> <span class='ocrx_word' id='word_1_397' title='bbox 553 3720 611 3770; x_wconf 84' lang='lat' dir='ltr'><strong>ct</strong></span> <span class='ocrx_word' id='word_1_398' title='bbox 639 3712 871 3770; x_wconf 86' lang='lat' dir='ltr'><strong>vicaria.</strong></span> <span class='ocrx_word' id='word_1_399' title='bbox 945 3712 1057 3770; x_wconf 88' lang='lat' dir='ltr'><strong>Illa</strong></span> <span class='ocrx_word' id='word_1_400' title='bbox 1112 3712 1265 3771; x_wconf 90' lang='lat' dir='ltr'><strong>tollit</strong></span> <span class='ocrx_word' id='word_1_401' title='bbox 1320 3731 1548 3769; x_wconf 86' lang='lat' dir='ltr'><strong>omnem</strong></span> <span class='ocrx_word' id='word_1_402' title='bbox 1589 3711 1986 3769; x_wconf 89' lang='lat' dir='ltr'><strong>remissionem</strong></span> <span class='ocrx_word' id='word_1_403' title='bbox 2037 3719 2095 3769; x_wconf 91' lang='lat' dir='ltr'><strong>et</strong></span> <span class='ocrx_word' id='word_1_404' title='bbox 2124 3711 2386 3788; x_wconf 84' lang='lat' dir='ltr'><strong>gratiam.</strong></span> <span class='ocrx_word' id='word_1_405' title='bbox 2470 3712 2586 3770; x_wconf 86' lang='lat' dir='ltr'><strong>Sed</strong></span> <span class='ocrx_word' id='word_1_406' title='bbox 2641 3712 2753 3771; x_wconf 88' lang='lat' dir='ltr'><strong>ista</strong></span> 
     </span>
     <span class='ocr_line' id='line_1_43' title="bbox 337 3791 2751 3868; baseline 0 -20"><span class='ocrx_word' id='word_1_407' title='bbox 337 3812 453 3848; x_wconf 90' lang='lat' dir='ltr'><strong>non</strong></span> <span class='ocrx_word' id='word_1_408' title='bbox 482 3792 638 3864; x_wconf 89' lang='lat' dir='ltr'><strong>item,</strong></span> <span class='ocrx_word' id='word_1_409' title='bbox 671 3800 729 3850; x_wconf 90' lang='lat' dir='ltr'><strong>et</strong></span> <span class='ocrx_word' id='word_1_410' title='bbox 758 3792 838 3850; x_wconf 90' lang='lat' dir='ltr'><strong>sic</strong></span> <span class='ocrx_word' id='word_1_411' title='bbox 866 3800 1059 3868; x_wconf 90' lang='lat' dir='ltr'><strong>potest</strong></span> <span class='ocrx_word' id='word_1_412' title='bbox 1081 3792 1395 3851; x_wconf 87' lang='lat' dir='ltr'><strong>satisfactio</strong></span> <span class='ocrx_word' id='word_1_413' title='bbox 1416 3811 1543 3849; x_wconf 91' lang='lat' dir='ltr'><strong>cum</strong></span> <span class='ocrx_word' id='word_1_414' title='bbox 1569 3792 1757 3868; x_wconf 88' lang='lat' dir='ltr'><strong>gratia</strong></span> <span class='ocrx_word' id='word_1_415' title='bbox 1775 3791 2105 3864; x_wconf 86' lang='lat' dir='ltr'><strong>consistere,</strong></span> <span class='ocrx_word' id='word_1_416' title='bbox 2131 3799 2196 3849; x_wconf 90' lang='lat' dir='ltr'><strong>ut</strong></span> <span class='ocrx_word' id='word_1_417' title='bbox 2224 3792 2410 3867; x_wconf 86' lang='lat' dir='ltr'><strong>gratia</strong></span> <span class='ocrx_word' id='word_1_418' title='bbox 2432 3792 2533 3850; x_wconf 87' lang='lat' dir='ltr'><strong>fiat</strong></span> <span class='ocrx_word' id='word_1_419' title='bbox 2561 3792 2751 3866; x_wconf 86' lang='lat' dir='ltr'><strong>alicui,</strong></span> 
     </span>
     <span class='ocr_line' id='line_1_44' title="bbox 338 3870 2755 3950; baseline 0 -22"><span class='ocrx_word' id='word_1_420' title='bbox 338 3870 475 3928; x_wconf 86' lang='lat' dir='ltr'><strong>dum</strong></span> <span class='ocrx_word' id='word_1_421' title='bbox 507 3872 821 3930; x_wconf 82' lang='lat' dir='ltr'><strong>satisfactio</strong></span> <span class='ocrx_word' id='word_1_422' title='bbox 850 3873 923 3931; x_wconf 88' lang='lat' dir='ltr'><strong>ab</strong></span> <span class='ocrx_word' id='word_1_423' title='bbox 952 3872 1066 3929; x_wconf 85' lang='lat' dir='ltr'><strong>alio</strong></span> <span class='ocrx_word' id='word_1_424' title='bbox 1095 3872 1367 3950; x_wconf 83' lang='lat' dir='ltr'><strong>exigitur.</strong></span> <span class='ocrx_word' id='word_1_425' title='bbox 1416 3872 1507 3929; x_wconf 87' lang='lat' dir='ltr'><strong>Ita</strong></span> <span class='ocrx_word' id='word_1_426' title='bbox 1543 3871 1776 3948; x_wconf 90' lang='lat' dir='ltr'><strong>quando</strong></span> <span class='ocrx_word' id='word_1_427' title='bbox 1813 3872 1889 3929; x_wconf 87' lang='lat' dir='ltr'><strong>ad</strong></span> <span class='ocrx_word' id='word_1_428' title='bbox 1918 3870 2071 3929; x_wconf 90' lang='lat' dir='ltr'><strong>idem</strong></span> <span class='ocrx_word' id='word_1_429' title='bbox 2114 3871 2438 3929; x_wconf 90' lang='lat' dir='ltr'><strong>referuntur</strong></span> <span class='ocrx_word' id='word_1_430' title='bbox 2492 3871 2755 3929; x_wconf 89' lang='lat' dir='ltr'><strong>remissio</strong></span> 
     </span>
     <span class='ocr_line' id='line_1_45' title="bbox 339 3950 2755 4028; baseline -0 -19"><span class='ocrx_word' id='word_1_431' title='bbox 339 3959 398 4009; x_wconf 87' lang='lat' dir='ltr'><strong>et</strong></span> <span class='ocrx_word' id='word_1_432' title='bbox 426 3950 760 4025; x_wconf 83' lang='lat' dir='ltr'><strong>satisfactio,</strong></span> <span class='ocrx_word' id='word_1_433' title='bbox 793 3962 927 4011; x_wconf 89' lang='lat' dir='ltr'><strong>sunt</strong></span> <span class='ocrx_word' id='word_1_434' title='bbox 953 3951 1242 4025; x_wconf 67' lang='grc' dir='ltr'><strong>ασῦστατοι,</strong></span> <span class='ocrx_word' id='word_1_435' title='bbox 1275 3952 1378 4010; x_wconf 88' lang='lat' dir='ltr'><strong>sed</strong></span> <span class='ocrx_word' id='word_1_436' title='bbox 1405 3953 1637 4028; x_wconf 87' lang='lat' dir='ltr'><strong>quando</strong></span> <span class='ocrx_word' id='word_1_437' title='bbox 1665 3951 1740 4009; x_wconf 87' lang='lat' dir='ltr'><strong>ad</strong></span> <span class='ocrx_word' id='word_1_438' title='bbox 1769 3951 2015 4024; x_wconf 87' lang='lat' dir='ltr'><strong>diversa,</strong></span> <span class='ocrx_word' id='word_1_439' title='bbox 2046 3970 2163 4007; x_wconf 91' lang='lat' dir='ltr'><strong>non</strong></span> <span class='ocrx_word' id='word_1_440' title='bbox 2190 3951 2347 4008; x_wconf 87' lang='lat' dir='ltr'><strong>item.</strong></span> <span class='ocrx_word' id='word_1_441' title='bbox 2426 3950 2755 4009; x_wconf 81' lang='lat' dir='ltr'><strong>Satisfactio</strong></span> 
     </span>
     <span class='ocr_line' id='line_1_46' title="bbox 343 4029 2751 4108; baseline -0 -19"><span class='ocrx_word' id='word_1_442' title='bbox 343 4033 531 4090; x_wconf 89' lang='lat' dir='ltr'><strong>Deum</strong></span> <span class='ocrx_word' id='word_1_443' title='bbox 563 4031 738 4089; x_wconf 88' lang='lat' dir='ltr'><strong>habet</strong></span> <span class='ocrx_word' id='word_1_444' title='bbox 766 4052 868 4108; x_wconf 89' lang='lat' dir='ltr'><strong>pro</strong></span> <span class='ocrx_word' id='word_1_445' title='bbox 897 4033 1159 4107; x_wconf 82' lang='lat' dir='ltr'><strong>termine,</strong></span> <span class='ocrx_word' id='word_1_446' title='bbox 1195 4032 1482 4091; x_wconf 88' lang='lat' dir='ltr'><strong>Remissio</strong></span> <span class='ocrx_word' id='word_1_447' title='bbox 1531 4032 1811 4105; x_wconf 88' lang='lat' dir='ltr'><strong>homines,</strong></span> <span class='ocrx_word' id='word_1_448' title='bbox 1855 4030 2060 4088; x_wconf 89' lang='lat' dir='ltr'><strong>satisfit</strong></span> <span class='ocrx_word' id='word_1_449' title='bbox 2105 4030 2218 4088; x_wconf 90' lang='lat' dir='ltr'><strong>Dei</strong></span> <span class='ocrx_word' id='word_1_450' title='bbox 2259 4029 2519 4106; x_wconf 88' lang='lat' dir='ltr'><strong>justitiae,</strong></span> <span class='ocrx_word' id='word_1_451' title='bbox 2579 4039 2751 4106; x_wconf 88' lang='lat' dir='ltr'><strong>atque</strong></span> 
     </span>
     <span class='ocr_line' id='line_1_47' title="bbox 337 4108 2752 4190; baseline -0 -21"><span class='ocrx_word' id='word_1_452' title='bbox 337 4112 469 4171; x_wconf 91' lang='lat' dir='ltr'><strong>ideo</strong></span> <span class='ocrx_word' id='word_1_453' title='bbox 511 4112 822 4170; x_wconf 88' lang='lat' dir='ltr'><strong>remittitur</strong></span> <span class='ocrx_word' id='word_1_454' title='bbox 851 4112 1031 4188; x_wconf 87' lang='lat' dir='ltr'><strong>gratis</strong></span> <span class='ocrx_word' id='word_1_455' title='bbox 1073 4123 1370 4190; x_wconf 87' lang='lat' dir='ltr'><strong>peccatum</strong></span> <span class='ocrx_word' id='word_1_456' title='bbox 1410 4112 1715 4190; x_wconf 89' lang='lat' dir='ltr'><strong>peccatori.</strong></span> <span class='ocrx_word' id='word_1_457' title='bbox 1761 4111 1855 4169; x_wconf 88' lang='lat' dir='ltr'><strong>Ita</strong></span> <span class='ocrx_word' id='word_1_458' title='bbox 1894 4108 2123 4186; x_wconf 88' lang='lat' dir='ltr'><strong>justitia</strong></span> <span class='ocrx_word' id='word_1_459' title='bbox 2152 4117 2210 4167; x_wconf 86' lang='lat' dir='ltr'><strong>et</strong></span> <span class='ocrx_word' id='word_1_460' title='bbox 2257 4109 2649 4167; x_wconf 88' lang='lat' dir='ltr'><strong>misericordia</strong></span> <span class='ocrx_word' id='word_1_461' title='bbox 2692 4130 2752 4168; x_wconf 87' lang='lat' dir='ltr'><strong>se</strong></span> 
     </span>
     <span class='ocr_line' id='line_1_48' title="bbox 342 4189 2754 4269; baseline -0.001 -20"><span class='ocrx_word' id='word_1_462' title='bbox 342 4192 592 4251; x_wconf 85' lang='lat' dir='ltr'><strong>invicem</strong></span> <span class='ocrx_word' id='word_1_463' title='bbox 623 4192 974 4266; x_wconf 89' lang='lat' dir='ltr'><strong>osculantur,</strong></span> <span class='ocrx_word' id='word_1_464' title='bbox 1007 4192 1143 4251; x_wconf 92' lang='lat' dir='ltr'><strong>dum</strong></span> <span class='ocrx_word' id='word_1_465' title='bbox 1175 4193 1275 4251; x_wconf 86' lang='lat' dir='ltr'><strong>illa</strong></span> <span class='ocrx_word' id='word_1_466' title='bbox 1302 4193 1363 4251; x_wconf 91' lang='lat' dir='ltr'><strong>in</strong></span> <span class='ocrx_word' id='word_1_467' title='bbox 1404 4201 1705 4269; x_wconf 88' lang='lat' dir='ltr'><strong>peccatum</strong></span> <span class='ocrx_word' id='word_1_468' title='bbox 1735 4190 2004 4264; x_wconf 87' lang='lat' dir='ltr'><strong>exeritur,</strong></span> <span class='ocrx_word' id='word_1_469' title='bbox 2038 4189 2150 4247; x_wconf 87' lang='lat' dir='ltr'><strong>ista</strong></span> <span class='ocrx_word' id='word_1_470' title='bbox 2183 4190 2242 4245; x_wconf 90' lang='lat' dir='ltr'><strong>in</strong></span> <span class='ocrx_word' id='word_1_471' title='bbox 2271 4198 2601 4265; x_wconf 87' lang='lat' dir='ltr'><strong>peccatores</strong></span> <span class='ocrx_word' id='word_1_472' title='bbox 2650 4209 2754 4248; x_wconf 88' lang='lat' dir='ltr'><strong>ex-</strong></span> 
     </span>
     <span class='ocr_line' id='line_1_49' title="bbox 343 4268 2756 4350; baseline -0.001 -19"><span class='ocrx_word' id='word_1_473' title='bbox 343 4281 602 4348; x_wconf 79' lang='lat' dir='ltr'><strong>ercetur3</strong></span> <span class='ocrx_word' id='word_1_474' title='bbox 635 4272 889 4350; x_wconf 88' lang='lat' dir='ltr'><strong>gratuita</strong></span> <span class='ocrx_word' id='word_1_475' title='bbox 918 4279 1006 4331; x_wconf 89' lang='lat' dir='ltr'><strong>est</strong></span> <span class='ocrx_word' id='word_1_476' title='bbox 1034 4274 1295 4332; x_wconf 85' lang='lat' dir='ltr'><strong>remissio</strong></span> <span class='ocrx_word' id='word_1_477' title='bbox 1326 4281 1593 4350; x_wconf 86' lang='lat' dir='ltr'><strong>respectu</strong></span> <span class='ocrx_word' id='word_1_478' title='bbox 1610 4270 1812 4343; x_wconf 87' lang='lat' dir='ltr'><strong>nostri,</strong></span> <span class='ocrx_word' id='word_1_479' title='bbox 1843 4268 1979 4345; x_wconf 88' lang='lat' dir='ltr'><strong>quia</strong></span> <span class='ocrx_word' id='word_1_480' title='bbox 2001 4269 2164 4345; x_wconf 89' lang='lat' dir='ltr'><strong>justa</strong></span> <span class='ocrx_word' id='word_1_481' title='bbox 2192 4269 2506 4329; x_wconf 85' lang='lat' dir='ltr'><strong>satisfactio</strong></span> <span class='ocrx_word' id='word_1_482' title='bbox 2550 4279 2756 4328; x_wconf 82' lang='lat' dir='ltr'><strong>exacta</strong></span> 
     </span>
     <span class='ocr_line' id='line_1_50' title="bbox 340 4349 2448 4430; baseline -0.002 -19"><span class='ocrx_word' id='word_1_483' title='bbox 340 4361 428 4411; x_wconf 88' lang='lat' dir='ltr'><strong>est</strong></span> <span class='ocrx_word' id='word_1_484' title='bbox 455 4373 490 4410; x_wconf 87' lang='lat' dir='ltr'><strong>a</strong></span> <span class='ocrx_word' id='word_1_485' title='bbox 508 4353 693 4427; x_wconf 90' lang='lat' dir='ltr'><strong>Vade,</strong></span> <span class='ocrx_word' id='word_1_486' title='bbox 725 4353 871 4411; x_wconf 90' lang='lat' dir='ltr'><strong>nihil</strong></span> <span class='ocrx_word' id='word_1_487' title='bbox 900 4373 935 4410; x_wconf 89' lang='lat' dir='ltr'><strong>a</strong></span> <span class='ocrx_word' id='word_1_488' title='bbox 963 4353 1130 4412; x_wconf 88' lang='lat' dir='ltr'><strong>nobis</strong></span> <span class='ocrx_word' id='word_1_489' title='bbox 1160 4354 1430 4430; x_wconf 84' lang='lat' dir='ltr'><strong>exigitur,</strong></span> <span class='ocrx_word' id='word_1_490' title='bbox 1463 4352 1599 4430; x_wconf 91' lang='lat' dir='ltr'><strong>quia</strong></span> <span class='ocrx_word' id='word_1_491' title='bbox 1644 4349 1901 4428; x_wconf 88' lang='lat' dir='ltr'><strong>plenaria</strong></span> <span class='ocrx_word' id='word_1_492' title='bbox 1931 4349 2141 4408; x_wconf 91' lang='lat' dir='ltr'><strong>solutio</strong></span> <span class='ocrx_word' id='word_1_493' title='bbox 2164 4350 2315 4408; x_wconf 87' lang='lat' dir='ltr'><strong>facta</strong></span> <span class='ocrx_word' id='word_1_494' title='bbox 2343 4357 2448 4407; x_wconf 89' lang='lat' dir='ltr'><strong>est.</strong></span> 
     </span>
    </p>

    <p class='ocr_par' dir='ltr' id='par_1_5' title="bbox 343 4429 2756 4750">
     <span class='ocr_line' id='line_1_51' title="bbox 424 4429 2753 4507; baseline 0 -18"><span class='ocrx_word' id='word_1_495' title='bbox 424 4432 711 4492; x_wconf 91' lang='lat' dir='ltr'>XXVII.</span> <span class='ocrx_word' id='word_1_496' title='bbox 760 4433 823 4491; x_wconf 88' lang='lat' dir='ltr'><strong>Si</strong></span> <span class='ocrx_word' id='word_1_497' title='bbox 853 4433 1116 4492; x_wconf 88' lang='lat' dir='ltr'><strong>Christus</strong></span> <span class='ocrx_word' id='word_1_498' title='bbox 1168 4433 1463 4507; x_wconf 87' lang='lat' dir='ltr'><strong>satisfecit,</strong></span> <span class='ocrx_word' id='word_1_499' title='bbox 1512 4451 1629 4492; x_wconf 89' lang='lat' dir='ltr'><strong>non</strong></span> <span class='ocrx_word' id='word_1_500' title='bbox 1658 4430 1851 4489; x_wconf 85' lang='lat' dir='ltr'><strong>statim</strong></span> <span class='ocrx_word' id='word_1_501' title='bbox 1902 4429 2178 4489; x_wconf 83' lang='lat' dir='ltr'><strong>satisfecit</strong></span> <span class='ocrx_word' id='word_1_502' title='bbox 2222 4429 2472 4506; x_wconf 89' lang='lat' dir='ltr'><strong>sibiipsi</strong></span> <span class='ocrx_word' id='word_1_503' title='bbox 2515 4430 2753 4507; x_wconf 85' lang='lat' dir='ltr'><strong>praecise</strong></span> 
     </span>
     <span class='ocr_line' id='line_1_52' title="bbox 343 4508 2754 4590; baseline -0.001 -21"><span class='ocrx_word' id='word_1_504' title='bbox 343 4511 635 4587; x_wconf 89' lang='lat' dir='ltr'><strong>loquendo</strong></span> <span class='ocrx_word' id='word_1_505' title='bbox 663 4521 729 4571; x_wconf 90' lang='lat' dir='ltr'><strong>ut</strong></span> <span class='ocrx_word' id='word_1_506' title='bbox 759 4514 1005 4590; x_wconf 79' lang='lat' dir='ltr'><strong>Christo,</strong></span> <span class='ocrx_word' id='word_1_507' title='bbox 1032 4515 1135 4572; x_wconf 87' lang='lat' dir='ltr'><strong>sed</strong></span> <span class='ocrx_word' id='word_1_508' title='bbox 1162 4523 1227 4573; x_wconf 89' lang='lat' dir='ltr'><strong>ut</strong></span> <span class='ocrx_word' id='word_1_509' title='bbox 1259 4514 1402 4588; x_wconf 88' lang='lat' dir='ltr'><strong>De0,</strong></span> <span class='ocrx_word' id='word_1_510' title='bbox 1434 4521 1492 4570; x_wconf 88' lang='lat' dir='ltr'><strong>et</strong></span> <span class='ocrx_word' id='word_1_511' title='bbox 1523 4509 1634 4568; x_wconf 91' lang='lat' dir='ltr'><strong>Dei</strong></span> <span class='ocrx_word' id='word_1_512' title='bbox 1665 4510 1816 4568; x_wconf 90' lang='lat' dir='ltr'><strong>Filio</strong></span> <span class='ocrx_word' id='word_1_513' title='bbox 1841 4533 1854 4570; x_wconf 72' lang='grc' dir='ltr'>ε</span> <span class='ocrx_word' id='word_1_514' title='bbox 1901 4510 2032 4568; x_wconf 92' lang='lat' dir='ltr'><strong>Non</strong></span> <span class='ocrx_word' id='word_1_515' title='bbox 2060 4530 2198 4586; x_wconf 90' lang='lat' dir='ltr'><strong>ergo</strong></span> <span class='ocrx_word' id='word_1_516' title='bbox 2248 4508 2418 4585; x_wconf 90' lang='lat' dir='ltr'><strong>idem,</strong></span> <span class='ocrx_word' id='word_1_517' title='bbox 2450 4518 2509 4569; x_wconf 87' lang='lat' dir='ltr'><strong>et</strong></span> <span class='ocrx_word' id='word_1_518' title='bbox 2551 4530 2754 4568; x_wconf 88' lang='lat' dir='ltr'><strong>secun·</strong></span> 
     </span>
     <span class='ocr_line' id='line_1_53' title="bbox 344 4590 2754 4670; baseline 0 -22"><span class='ocrx_word' id='word_1_519' title='bbox 344 4590 483 4650; x_wconf 90' lang='lat' dir='ltr'><strong>dum</strong></span> <span class='ocrx_word' id='word_1_520' title='bbox 518 4590 668 4649; x_wconf 89' lang='lat' dir='ltr'><strong>idem</strong></span> <span class='ocrx_word' id='word_1_521' title='bbox 704 4593 803 4652; x_wconf 89' lang='lat' dir='ltr'><strong>dat</strong></span> <span class='ocrx_word' id='word_1_522' title='bbox 846 4602 904 4652; x_wconf 89' lang='lat' dir='ltr'><strong>et</strong></span> <span class='ocrx_word' id='word_1_523' title='bbox 946 4594 1153 4670; x_wconf 89' lang='lat' dir='ltr'><strong>accipit</strong></span> <span class='ocrx_word' id='word_1_524' title='bbox 1184 4593 1527 4653; x_wconf 87' lang='lat' dir='ltr'><strong>solutionem</strong></span> <span class='ocrx_word' id='word_1_525' title='bbox 1558 4614 1571 4668; x_wconf 76' lang='lat'><em>3</em></span> <span class='ocrx_word' id='word_1_526' title='bbox 1618 4590 1719 4649; x_wconf 88' lang='lat' dir='ltr'><strong>dat</strong></span> <span class='ocrx_word' id='word_1_527' title='bbox 1755 4610 1899 4666; x_wconf 89' lang='lat' dir='ltr'><strong>eam,</strong></span> <span class='ocrx_word' id='word_1_528' title='bbox 1931 4599 1995 4649; x_wconf 90' lang='lat' dir='ltr'><strong>ut</strong></span> <span class='ocrx_word' id='word_1_529' title='bbox 2020 4592 2341 4670; x_wconf 57' lang='grc' dir='ltr'><strong>Βιάνορα-ος,</strong></span> <span class='ocrx_word' id='word_1_530' title='bbox 2372 4591 2581 4669; x_wconf 85' lang='lat' dir='ltr'><strong>accipit</strong></span> <span class='ocrx_word' id='word_1_531' title='bbox 2609 4611 2754 4666; x_wconf 86' lang='lat' dir='ltr'><strong>cam,</strong></span> 
     </span>
     <span class='ocr_line' id='line_1_54' title="bbox 346 4670 2756 4750; baseline 0.001 -20"><span class='ocrx_word' id='word_1_532' title='bbox 346 4679 412 4730; x_wconf 88' lang='lat' dir='ltr'><strong>ut</strong></span> <span class='ocrx_word' id='word_1_533' title='bbox 438 4670 617 4745; x_wconf 72' lang='grc' dir='ltr'><strong><em>Λόγος,</em></strong></span> <span class='ocrx_word' id='word_1_534' title='bbox 649 4672 749 4730; x_wconf 90' lang='lat' dir='ltr'><strong>dat</strong></span> <span class='ocrx_word' id='word_1_535' title='bbox 776 4693 921 4750; x_wconf 86' lang='lat' dir='ltr'><strong>eam,</strong></span> <span class='ocrx_word' id='word_1_536' title='bbox 959 4683 1025 4733; x_wconf 90' lang='lat' dir='ltr'><strong>ut</strong></span> <span class='ocrx_word' id='word_1_537' title='bbox 1055 4674 1361 4747; x_wconf 89' lang='lat' dir='ltr'><strong>Mediator,</strong></span> <span class='ocrx_word' id='word_1_538' title='bbox 1393 4671 1602 4749; x_wconf 88' lang='lat' dir='ltr'><strong>accipit</strong></span> <span class='ocrx_word' id='word_1_539' title='bbox 1631 4691 1757 4730; x_wconf 88' lang='lat' dir='ltr'><strong>eam</strong></span> <span class='ocrx_word' id='word_1_540' title='bbox 1798 4680 1865 4731; x_wconf 89' lang='lat' dir='ltr'><strong>ut</strong></span> <span class='ocrx_word' id='word_1_541' title='bbox 1890 4672 1934 4731; x_wconf 85' lang='lat' dir='ltr'><strong>J</strong></span> <span class='ocrx_word' id='word_1_542' title='bbox 1937 4670 2111 4730; x_wconf 87' lang='lat' dir='ltr'><strong>udex.</strong></span> <span class='ocrx_word' id='word_1_543' title='bbox 2164 4672 2295 4729; x_wconf 90' lang='lat' dir='ltr'><strong>Non</strong></span> <span class='ocrx_word' id='word_1_544' title='bbox 2324 4672 2636 4731; x_wconf 86' lang='lat' dir='ltr'><strong>absurdum</strong></span> <span class='ocrx_word' id='word_1_545' title='bbox 2666 4683 2756 4732; x_wconf 87' lang='lat' dir='ltr'><strong>est</strong></span> 
     </span>
    </p>
   </div>
  </div>
 </body>
</html>
