3221 5200
1488 388 1598 444 641

1277 1085 1796 1212 INDEX

506 1319 847 1398 RERUM
910 1323 1024 1399 ET
1083 1325 1637 1406 VERBORUM
1703 1327 2535 1432 MEMORABILIUM‚

1187 1537 1325 1585 QUAE
1372 1541 1471 1581 mc
1515 1542 1887 1587 OCCUBRUNT.

1586 1718 1786 1729 m

737 1826 912 1885 Prior
938 1848 1215 1889 numerus
1237 1836 1543 1911 payinam‚
1573 1841 1873 1915 posterior
1903 1841 2102 1898 thesim
2128 1848 2318 1900 notat.

873 1985 934 2043 A

310 2136 390 2185 Ab
477 2138 576 2186 atio
620 2141 779 2189 nostri
820 2148 1073 2207 praecepta
1102 2144 1204 2194 fuit
1236 2146 1291 2194 in
1324 2148 1495 2199 Veteri

489 2208 787 2266 estamento,
902 2210 981 2266 20,
1007 2207 1102 2257 Th.
1122 2213 1168 2269 8,
1194 2215 1246 2258 et
1268 2214 1347 2272 26,
1373 2218 1410 2262 t.
1434 2216 1496 2263 30

306 2263 523 2315 Abrakoe
535 2282 707 2316 semen
725 2270 1030 2333 promissum
1045 2273 1297 2335 quodnam
1312 2275 1496 2326 fuerit?

370 2394 674 2458 magnitudo
696 2395 812 2446 fidei
836 2399 948 2462 ejus
971 2399 1025 2447 iu
1049 2398 1302 2451 oblatione
1330 2377 1460 2465 ivilii,

370 2523 620 2583 quomodo
673 2523 800 2574 ides
854 2526 929 2575 illi
992 2527 1244 2593 imputata
1298 2532 1366 2580 sit
1431 2534 1495 2582 ad

439 2586 709 2638 «Iustitiam
727 2589 752 2638 Ῥ
874 2628 887 2641 .
1086 2630 1098 2642 .
1230 2598 1341 2655 590,
1368 2602 1405 2646 t.
1434 2602 1495 2649 10

367 2649 580 2700 Abrahae
600 2653 743 2702 sinus
766 2655 889 2718 quid
913 2656 1017 2706 sit?
1084 2696 1096 2707 .
1262 2664 1373 2722 227,
1399 2667 1436 2711 t.
1462 2666 1493 2713 5

303 2713 610 2765 Abstinentia
652 2733 685 2766 a
729 2721 980 2784 sanguine
1020 2728 1073 2771 et
1103 2723 1347 2774 suffocato
1390 2741 1492 2776 non

432 2780 530 2828 fuit
545 2781 679 2844 juris
702 2785 949 2849 perpetui,
1084 2824 1096 2837 .
1233 2793 1340 2849 144,
1365 2796 1403 2839 t.
1429 2795 1493 2841 20

292 2841 432 2895 Ἀδης
458 2859 559 2892 vox
583 2846 704 2908 quid
732 2848 1027 2912 significet?
1084 2888 1096 2900 .
1262 2857 1373 2914 318,
1397 2861 1436 2904 t.
1461 2859 1490 2905 3

299 2905 509 2968 Adeptio
522 2924 639 2971 pars
654 2911 690 2958 J
694 2912 1066 2976 ustificationis,
1148 2920 1260 2977 577,
1282 2922 1318 2967 t.
1339 2923 1379 2980 l,
1399 2922 1489 2969 8ιο.

362 2969 484 3031 quid
539 2972 620 3031 sit,
662 2979 714 3022 et
763 2978 1011 3037 quomodo
1058 2982 1329 3030 conveniat
1374 2997 1492 3032 cum

426 3032 713 3099 Adoptione
737 3036 978 3095 humana,
995 3046 1048 3089 et
1071 3045 1319 3104 quomodo
1341 3044 1406 3094 ab
1431 3062 1492 3095 ea

426 3097 666 3147 differat?
864 3138 876 3150 .
1074 3140 1088 3154 .
1196 3109 1306 3167 586,
1332 3114 1369 3156 t.
1397 3112 1441 3167 3,
1457 3114 1487 3158 4

359 3159 455 3208 ado
492 3162 563 3210 tio
595 3163 707 3225 jam
744 3164 864 3213 data
900 3165 999 3215 fuit
1034 3166 1269 3218 fidelibus
1292 3171 1345 3218 in
1373 3173 1485 3221 Vet.

475 3234 651 3277 estam.
866 3265 878 3277 .
1078 3268 1091 3280 .
1255 3238 1366 3294 587,
1393 3240 1429 3283 t.
1457 3239 1486 3285 6

298 3288 538 3337 Adoratio
574 3306 808 3353 quasnam
847 3292 1019 3343 debita
1058 3294 1259 3345 Christo
1296 3298 1486 3347 Media-

425 3353 563 3401 tori?
650 3391 662 3403 .
861 3392 877 3407 .
1030 3362 1142 3420 434,
1168 3364 1205 3409 t.
1234 3366 1276 3421 1,
1301 3367 1354 3410 et
1385 3379 1479 3426 seq.

293 3414 746 3479 AEquz'vocationum
770 3420 1011 3486 Magistri
1034 3424 1244 3486 quinam
1267 3426 1406 3475 fuere
1423 3427 1448 3475 ⁴?

1283 3493 1363 3550 64,
1387 3497 1424 3539 t.
1448 3495 1481 3540 4

358 3550 532 3594 utrum
599 3547 1110 3610 AEquivocationibus
1188 3558 1241 3602 et
1307 3555 1480 3604 Reser-

424 3610 717 3661 vationibus
740 3613 1050 3665 mentalibus
1081 3616 1134 3664 in
1157 3616 1194 3666 J
1197 3620 1479 3669 uramentis

420 3675 498 3722 uti
523 3674 676 3725 liceat
692 3676 717 3724 '2
873 3716 885 3728 .
1040 3683 1119 3737 63,
1143 3696 1306 3746 usque
1328 3684 1392 3732 ad
1417 3686 1478 3735 68

292 3735 441 3786 AErae
502 3739 789 3791 C'Imbtianoe
854 3743 1094 3807 dignitas,
1160 3751 1214 3795 et
1280 3749 1481 3810 quando

422 3805 668 3866 coeperit?
1101 3846 1114 3858 .
1182 3813 1294 3867 294,
1322 3818 1358 3862 t.
1387 3818 1429 3874 1,
1450 3817 1477 3861 2

289 3864 588 3926 Afflictiones
620 3867 854 3918 fidelibus
892 3886 993 3919 non
1018 3881 1139 3921 sunt
1176 3889 1338 3937 poenae
1372 3892 1482 3940 pec-

420 3929 523 3978 eati
547 3932 760 3995 proprie,
781 3934 869 3982 sed
892 3934 1283 3999 Castigationes,

290 4056 465 4105 Altare
497 4056 684 4121 duplex
724 4058 1147 4124 holocaustorum,
1173 4070 1226 4113 et
1265 4065 1480 4128 suffitus,

422 4121 544 4184 quid
578 4122 987 4186 significaverit?
1072 4163 1085 4176 .
1222 4132 1329 4189 137,
1357 4136 1393 4179 t.
1420 4135 1477 4181 31

290 4184 447 4234 Amor
465 4186 563 4235 Dei
585 4201 678 4235 cur
700 4187 901 4238 dicatur
922 4190 1141 4254 primum
1160 4198 1213 4241 et
1235 4207 1481 4258 magnum

420 4250 759 4300 mandatum?
854 4289 867 4302 .
1069 4292 1081 4305 .
1280 4261 1360 4319 34,
1386 4264 1423 4308 t.
1450 4263 1481 4310 8

359 4328 452 4362 eur
475 4315 633 4363 Amor
656 4316 883 4366 Proximi
916 4318 1115 4369 dicatur
1135 4320 1211 4369 illi
1247 4321 1450 4397 simile?

290 4439 575 4503 Anyelorum
601 4444 854 4495 Mediator
876 4446 1110 4497 Christus
1133 4465 1234 4498 non
1257 4456 1351 4510 est,
1416 4387 1480 4436 ὠ·

355 4571 599 4631 quomodo
641 4572 829 4638 Angeli
896 4574 950 4624 in
1017 4516 1370 4642 Legssifflt’fssss
1390 4517 1483 4629 &323

421 4632 709 4697 habuerint,
1224 4645 1331 4703 199,
1358 4649 1395 4693 t.
1420 4646 1485 4694 26

291 4696 352 4744 de
402 4697 542 4745 Anno
573 4697 753 4750 Natali
781 4677 970 4753 Chi-isti
1008 4678 1275 4756 sententiaa
1305 4709 1485 4770 variae3
1551 4708 1686 4770 Quid
1709 4710 1778 4760 sit
1802 4711 1910 4761 Lex
1935 4709 2320 4761 Caeroenonialis?

375 4781 523 4821 PARS
552 4782 616 4821 11.

1695 1997 1916 2060 Quinam
1982 1998 2325 2061 Characteres,
2372 2016 2464 2052 cur
2528 2001 2751 2067 Spiritus

1694 2062 1911 2113 Sanctus
1934 2062 2061 2112 nihil
2083 2063 2302 2130 speciale
2325 2064 2387 2116 de
2410 2080 2468 2114 eo
2490 2067 2677 2115 dixerit
2693 2069 2718 2116 ⁴?

1627 2205 1694 2237 an
1734 2191 1925 2240 ineidat
1947 2192 2001 2241 in
2025 2196 2088 2243 25
2112 2192 2372 2256 Decemb.,
2407 2133 2573 2243 {3533
2593 2134 2751 2244 3315(ss

1691 2255 1941 2318 Septemb.
1958 2257 1983 2305 ⁴?
2051 2293 2063 2306 .
2409 2261 2520 2320 296,
2540 2264 2577 2307 t.
2594 2262 2640 2320 8,
2660 2261 2749 2309 διο.

1562 2318 1810 2381 Αροεταεω
1863 2327 1917 2369 et
1983 2321 2278 2371 Desertores
2343 2336 2446 2371 non
2511 2328 2634 2371 sunt
2688 2324 2750 2373 de

1692 2383 1939 2433 Ecclesia.
2123 2423 2135 2433 .
2334 2422 2347 2434 .
2481 2389 2592 2448 533,
2622 2393 2659 2435 t.
2685 2390 2746 2436 27

1562 2446 1699 2494 Arca
1721 2447 1936 2496 Foederals
1958 2449 2080 2512 quid
2103 2448 2408 2513 significarit
2424 2450 2449 2499 ?
2487 2454 2596 2511 137,
2621 2457 2658 2499 t.
2683 2455 2748 2502 30

1562 2510 1776 2559 Articuli
1812 2512 1943 2574 fidei
1975 2528 2078 2577 qua
2109 2513 2414 2563 certitudine
2435 2515 2570 2564 credi
2606 2514 2749 2565 debe·

1561 2581 1789 2689 Amen-sang
1799 2576 2012 2690 PChristi
2067 2615 2204 2692 facta
2256 2643 2357 2693 fuit
2409 2581 2748 2709 Ροῗὸῗῆεξὶιιῖιιι

1689 2704 1901 2755 localem
1915 2706 1940 2754 ?
2126 2742 2140 2756 .
2339 2711 2449 2767 321,
2469 2713 2507 2756 t.
2531 2714 2574 2766 1,
2592 2713 2638 2770 2,
2654 2712 2745 2760 8ιο.

1559 2768 1795 2819 Assensus
1812 2770 2144 2822 Theoreticus
2165 2776 2218 2821 et
2238 2772 2495 2837 practicus
2517 2773 2649 2834 fidei,

1560 2898 1793 2948 Avantta'
1750 2898 1762 2910 “
1815 2899 1978 2950 vetita
2000 2899 2099 2949 fuit
2121 2900 2216 2950 sub
2236 2901 2350 2951 Vet.
2376 2840 2571 2950 ’[εέἓῆ
2592 2844 2629 2887 ι’
2656 2842 2700 2899 δ’
2719 2844 2746 2887 ⁷

1558 3025 1781 3075 Aurwlae
1802 3027 1924 3089 quid
1947 3026 2052 3076 sint
2073 3027 2209 3091 apud
2241 2968 2553 3086 Ponfifigiffi',
2582 2969 2617 3014 t·
2641 2968 2689 3026 5⁹
2716 2970 2747 3018 6

1621 3150 1935 3214 rejiciuntur,
2166 3188 2179 3200 .
2482 3094 2596 3213 6:33:
2618 3097 2659 3205 lt.
2680 3096 2745 3207 ἓξ)

1557 3216 1831 3281 Αὑτοχιιςίιι
1899 3214 2274 3265 Gravissimum
2339 3222 2619 3281 peecatum,
2690 3226 2743 3269 et

1683 3279 1873 3340 quare?
1973 3314 1986 3327 .
2186 3315 2198 3328 .
2400 3284 2508 3341 102,
2525 3288 2561 3329 t.
2580 3286 2658 3344 22,
2677 3287 2740 3333 23

1552 3343 1828 3409 Aba-exue&
1863 3341 2134 3403 samsonis,
2161 3342 2433 3403 Eleazaris,

2071 3410 2146 3468 14,
2163 3413 2199 3456 t.
2220 3411 2299 3468 23,
2319 3414 2371 3456 et
2392 3411 2500 3470 103,
2520 3414 2557 3456 t.
2578 3412 2656 3471 24,
2676 3413 2739 3462 25

1612 3485 1678 3519 an
1719 3470 1914 3519 factum
1952 3483 2126 3519 eorum
2170 3472 2259 3535 qui
2304 3487 2357 3520 se
2413 3472 2566 3521 simul
2622 3489 2742 3524 cum

1675 3533 1893 3583 navibus
1915 3534 2123 3585 incenso
2173 3536 2348 3586 ulvere
2371 3536 2516 3601 pyrio
2539 3537 2741 3598 tollunt,

1675 3599 1834 3664 possit
1850 3600 2084 3650 excusari
2106 3617 2137 3650 a
2185 3602 2481 3668 αὖτοχιιςίᾳῖ
2498 3605 2607 3665 103,
2623 3610 2660 3653 t.
2681 3607 2744 3653 26

2107 3774 2158 3831 Β

1547 3928 1828 3993 Baptismus
1883 3928 2180 3994 Symbolum
2235 3931 2271 3980 J
2275 3930 2635 3982 ustifieatiouis
2686 3940 2739 3983 et

1678 3994 2123 4054 Sanctificationis,
2270 4031 2283 4044 .
2481 3999 2591 4058 612,
2617 4002 2654 4046 t.
2674 4001 2739 4047 20

1549 4058 1632 4105 An
1651 4056 1782 4106 Belli
1801 4057 1902 4107 Jus
1924 4058 2145 4107 vetitum
2168 4057 2237 4107 sit
2259 4069 2507 4184 praeoegg:
2524 4062 2736 4184 {egita}

1550 4184 1701 4233 Vocis
1726 4196 1875 4234 τ-νῆιι
1902 4186 2143 4250 Etymon,
2364 4223 2377 4235 .
2515 4191 2621 4249 151,
2647 4194 2685 4238 t.
2705 4193 2733 4237 2

1548 4247 1811 4297 Betlelcemi
1832 4264 1925 4298 cur
1947 4256 2101 4298 natus
2127 4249 2195 4299 sit
2213 4249 2446 4301 Christus
2462 4252 2486 4300 ?
2522 4255 2632 4312 255,
2654 4259 2690 4302 t.
2708 4257 2738 4304 6

1552 4311 1870 4362 Beduaiditoe
1923 4313 2172 4377 quomodo
2225 4316 2659 4379 reprehendantur
2706 4332 2738 4365 a

1679 4376 1917 4427 Christo?
2050 4413 2064 4427 .
2475 4383 2587 4439 490,
2612 4386 2648 4430 t.
2671 4384 2735 4431 29

2110 4552 2157 4612 C

2521 4718 2626 4776 129,
2647 4721 2683 4764 t.
2704 4719 2735 4764 4

2398 4779 2435 4836 2
2467 4796 2495 4836 s
