3221 5200
561 356 678 417 432
1365 381 1547 423 Locus
1577 380 1835 423 naeuius
1863 381 2150 433 omarus.
2534 360 2783 441 [Quaesr.
2815 377 2967 420 xvn.

559 515 909 593 Lagidarum
940 516 1263 579 Alexandri
1292 541 1686 581 successorum
1717 522 2002 600 Regnum,
2034 521 2106 581 de
2135 542 2249 599 quo
2277 520 2426 579 inter
2453 540 2552 579 eos
2579 540 2697 579 non
2724 528 2970 580 constat.

560 595 789 654 Dicitur
815 617 953 656 vero
982 618 1097 657 non
1127 601 1523 679 dissipandum
1550 602 1613 659 in
1641 610 1936 677 aetemum,
1969 604 2229 679 opposite
2278 599 2352 658 ad
2402 601 2609 678 Regna
2655 600 2967 676 mundana,

559 694 689 751 quae
718 677 1112 755 cujuscunque
1143 681 1258 739 sint
1286 693 1503 740 naturae
1532 683 1628 740 vel
1659 681 1977 758 dignitatis,
2009 702 2138 758 quae
2156 701 2259 759 per
2278 700 2499 755 aurum,
2521 689 2841 757 argentum,
2867 700 2967 753 aes,

558 763 617 812 et
644 754 873 831 ferrum,
906 757 982 816 id.
1004 761 1237 818 metalla
1265 761 1479 820 diversi
1506 763 1678 839 pretii
1706 770 1763 820 et
1791 761 2004 819 valoris
2027 761 2457 834 adumbrantur,
2479 759 2789 819 evertenda
2812 768 2966 835 sunt,

559 833 684 891 sive
713 836 773 891 vi
802 845 1059 913 externa,
1091 841 1214 898 sive
1243 840 1533 900 intestinis
1562 840 1818 899 dissidiis
1846 849 1904 899 et
1932 841 2161 919 propria
2189 839 2518 917 fragilitate,
2550 859 2663 915 qua
2690 848 2969 915 negatum

557 922 648 971 est
675 914 847 975 rebus
873 919 1116 976 terrenis
1145 930 1296 978 stare
1325 920 1424 978 diu
1456 944 1470 980 ε
1555 921 1673 979 Sed
1699 920 1809 978 hoe
1839 920 1952 978 tale
1980 930 2085 994 est,
2118 929 2182 979 ut
2208 940 2315 978 nec
2363 919 2436 977 ab
2485 920 2828 991 extrinsecO,
2858 938 2969 977 nec

556 993 630 1050 ab
660 993 968 1053 intrinseco
998 997 1216 1057 destrui
1243 999 1442 1076 possit,
1474 1008 1674 1078 utpote
1702 1001 1974 1058 seda-m·
2003 1010 2060 1059 et
2088 1002 2404 1073 immotum,
2435 999 2585 1056 Heb.
2609 999 2710 1056 xii.
2743 1000 2838 1056 28.

846 1135 855 1146 ,
1158 1079 1302 1137 VII.
1347 1080 1559 1155 TertiO,
1593 1080 1742 1155 Quia
1769 1081 1945 1138 variae
1973 1081 2295 1139 functiones
2325 1078 2655 1136 Mediatorii
2703 1078 2968 1136 Muneris

554 1130 599 1175 3.
609 1131 1036 1236 Efiggffissffssffim
1081 1167 1372 1236 perpetuae
1403 1168 1538 1218 sunt
1563 1159 1800 1218 futurae:
1835 1163 1886 1218 1.
1919 1159 2122 1234 Quoad
2150 1159 2536 1236 Prophetiam,
2562 1158 2698 1234 quia
2718 1158 2777 1215 in
2800 1166 2965 1215 aeter-

1081 1258 1218 1295 num
1249 1238 1460 1297 dicitur
1479 1240 1680 1297 beatos
1708 1239 2148 1315 illuminaturus,
2182 1239 2402 1297 Civitas
2429 1256 2545 1294 non
2590 1237 2787 1314 egebit
2831 1238 2967 1295 Sole

553 1321 613 1373 et
642 1315 823 1391 Luna,
855 1317 993 1393 quia
1016 1320 1052 1350 “
1076 1319 1347 1394 splendor
1377 1319 1612 1376 Domini
1641 1319 1989 1377 illuminabit
2016 1339 2159 1392 eam,
2191 1328 2249 1377 et
2297 1317 2509 1394 Agnus
2537 1317 2647 1376 erit
2673 1318 2799 1394 ejus
2828 1337 2963 1374 can-

554 1394 744 1469 dela,''
778 1395 964 1473 Apoc.
995 1398 1119 1457 xxi.
1150 1402 1245 1473 22,
1277 1402 1372 1473 23,
1405 1406 1462 1457 et
1491 1398 1703 1475 Agnus
1725 1407 1993 1474 pasturus
2022 1397 2232 1457 dicitur
2259 1417 2359 1456 eos
2404 1405 2461 1455 et
2508 1396 2859 1455 deducturus
2886 1396 2962 1454 ad

552 1475 723 1533 vivos
750 1475 940 1534 fontes
965 1497 1261 1554 aquarum,
1286 1478 1471 1555 Apoc.
1503 1478 1602 1536 vii.
1640 1482 1731 1535 17.
1779 1482 1835 1535 2.
1869 1477 2072 1552 Quoad
2100 1477 2490 1536 Sacerdotium
2517 1496 2620 1554 per
2641 1477 2844 1553 jugem
2871 1495 2961 1534 re·

550 1556 1049 1630 praesentationem
1084 1557 1360 1616 Sacrificii
1390 1558 1495 1631 sui,
1538 1577 1644 1615 ceu
1693 1557 2047 1616 fundamenti
2097 1557 2296 1634 gloriae
2334 1576 2450 1633 qua
2494 1556 2796 1633 potiemur,
2841 1575 2960 1614 non

551 1641 774 1692 tantum
804 1637 1218 1712 comparandae,
1253 1637 1355 1695 sed
1383 1637 1554 1696 etiam
1583 1637 1644 1693 in
1673 1645 1947 1695 aeternum
1997 1636 2424 1707 conservandae,
2456 1636 2594 1711 quia
2634 1655 2727 1695 res
2757 1634 2962 1694 iisdem

549 1712 756 1772 mediis
785 1723 843 1773 et
870 1716 1189 1775 rationibus
1217 1725 1646 1790 conservantur,
1678 1716 1888 1793 quibus
1917 1717 2306 1793 acquiruntur.
2394 1715 2566 1776 Unde
2587 1723 2828 1774 vocatur
2858 1716 2960 1774 Sa-

550 1793 867 1851 cerdotium
895 1793 1240 1876 ἇπαςᾶςατοι,
1277 1796 1428 1855 Heb.
1448 1797 1549 1854 vii.
1574 1799 1670 1853 24.
1729 1799 1784 1855 3.
1817 1796 2020 1871 Quoad
2043 1797 2317 1872 Regnum,
2342 1796 2480 1871 quia
2499 1802 2843 1871 regnaturus
2871 1804 2962 1854 est

549 1892 775 1948 semper
793 1873 851 1930 in
876 1875 1195 1934 Ecclesiam
1240 1885 1512 1952 tanquam
1545 1876 1732 1952 Caput
1774 1886 1832 1934 et
1877 1877 2136 1952 Sponsus
2179 1876 2305 1952 ejus
2347 1894 2448 1951 per
2492 1875 2781 1934 Unionem
2810 1872 2960 1932 aad·

547 1966 709 2025 λυτον,
742 1973 858 2011 non
885 1955 1085 2031 utique
1115 1975 1231 2031 qua
1261 1956 1421 2013 Deus
1450 1964 1692 2031 tantum,
1725 1954 1827 2013 sed
1855 1956 2027 2014 etiam
2078 1975 2192 2031 qua
2237 1953 2537 2013 Mediator.
2624 1952 2796 2012 Unde
2840 1954 2959 2012 dis-

547 2032 726 2090 tincte
754 2035 1012 2108 Reynum
1041 2037 1160 2092 Dei
1183 2045 1236 2093 et
1266 2036 1479 2094 Christi
1504 2035 1856 2112 proponitur,
1889 2034 2075 2111 Apoc.
2106 2035 2188 2091 xi.
2217 2038 2308 2107 15,
2357 2042 2416 2091 et
2445 2034 2546 2091 xii.
2582 2036 2673 2107 10,
2719 2042 2777 2091 et
2821 2054 2957 2092 con·

545 2113 850 2170 summatio
879 2114 1227 2174 matrimonii
1254 2115 1593 2192 proponitur
1621 2115 1680 2172 in
1709 2114 1924 2190 nuptiis
1948 2114 2108 2191 Agni
2139 2133 2268 2171 cum
2299 2113 2579 2186 Ecclesia,
2614 2112 2799 2189 Apoc.
2830 2114 2958 2172 xix.

546 2194 600 2264 7,
621 2192 777 2267 quod
796 2212 925 2250 cum
949 2192 1157 2253 debeat
1185 2214 1310 2253 esse
1340 2202 1612 2253 aeternum
1636 2204 1692 2252 et
1720 2194 2136 2266 indissolubile,
2162 2194 2538 2251 aeternitatem
2563 2193 2735 2250 etiam
2755 2212 2949 2268 opera·

545 2269 718 2328 tionis
763 2279 822 2330 et
865 2266 1159 2332 relatio'iiis
1189 2274 1403 2333 Christi
1434 2273 1790 2349 Mediatoris,
1825 2282 1888 2331 ut
1921 2274 2129 2351 Sponsi
2158 2292 2297 2350 erga
2327 2271 2646 2330 Ecclesiam
2675 2280 2741 2331 ut
2772 2272 2954 2348 Spon-

544 2368 664 2407 sam
696 2352 985 2428 supponit.

540 2455 583 2501 4.
603 2455 677 2499 Ex
698 2457 893 2501 vinculo
910 2472 1020 2503 uos-
1143 2433 1324 2492 VIII.
1370 2434 1603 2508 Quart0‚
1672 2433 1820 2507 Quia
1881 2434 2145 2493 Christus
2193 2440 2282 2491 est
2324 2432 2619 2490 vinculum
2664 2442 2954 2509 perpetua».

599 2516 1016 2561 tranunioniscum
1060 2523 1272 2572 nostras
1301 2513 1719 2571 communionis
1747 2532 1877 2570 cum
1909 2513 2052 2571 Deo.
2099 2513 2242 2571 Cum
2271 2512 2424 2570 enim
2452 2532 2558 2570 nec
2576 2531 2678 2587 per
2699 2531 2759 2569 se
2783 2511 2952 2569 Crea-

596 2572 713 2617 Deo.
1062 2602 1191 2651 tura
1217 2592 1293 2651 ad
1314 2593 1501 2651 Deum
1524 2592 1797 2652 accedere
1827 2593 2025 2668 possit,
2050 2593 2226 2651 necin
2256 2593 2383 2669 ejus
2405 2591 2802 2650 communione
2823 2611 2953 2667 per-

540 2678 728 2743 stare;
777 2671 1026 2729 Necesse
1056 2681 1160 2747 est,
1192 2679 1257 2729 ut
1284 2672 1768 2748 quemadmodum
1796 2691 1897 2746 per
1927 2673 2217 2731 Christum
2248 2672 2423 2730 semel
2453 2671 2527 2728 ad
2552 2672 2737 2729 Deum
2757 2689 2953 2728 acces-

540 2749 653 2823 sit;
702 2749 795 2806 Ita
820 2769 923 2825 per
951 2751 1197 2808 eundem
1227 2751 1467 2826 ejusque
1497 2751 1556 2807 vi
1585 2759 1645 2808 et
1667 2750 1919 2808 efficacia
1947 2750 2032 2807 illi
2060 2752 2119 2809 in
2150 2760 2425 2810 aeternum
2455 2751 2759 2808 adhaereat.
2825 2749 2953 2809 Nec

539 2827 771 2886 aliunde
802 2829 1057 2887 membra
1086 2830 1353 2905 Corporis
1384 2830 1596 2888 Christi
1627 2830 1856 2905 mystici
1885 2831 2064 2887 vitam
2094 2840 2153 2889 et
2181 2831 2422 2906 gloriam
2444 2831 2672 2888 haurire
2689 2839 2952 2907 possunt,

541 2926 714 2977 quam
742 2907 815 2964 ab
844 2906 1070 2968 influxu
1101 2909 1336 2985 Capitis,
1368 2909 1462 2967 cui
1490 2909 1549 2965 in
1579 2918 1854 2967 aeternum
1885 2910 2045 2968 unita
2073 2910 2287 2968 debent
2315 2930 2562 2968 manere.
2609 2910 2730 2967 Nec
2758 2909 2955 2968 obstat

538 2986 694 3063 quod
724 2986 1357 3066 diciturJDeusficturus
1385 2990 1574 3047 omnia
1603 2990 1660 3048 in
1689 2990 1953 3064 omnibus,
1985 2992 2013 3047 1
2039 2991 2166 3047 Cor.
2198 3010 2298 3048 xv.
2328 2992 2424 3065 28,
2450 2990 2586 3065 quia
2607 2989 2717 3047 hoc
2738 2989 2951 3047 intelli·

538 3067 789 3144 gendum
820 3077 1085 3146 respectu
1113 3068 1430 3128 mediorum
1461 3077 1846 3144 externorum,
1879 3089 2007 3145 quae
2057 3070 2115 3126 in
2164 3070 2272 3126 hac
2316 3070 2439 3127 vita
2482 3068 2760 3142 obtinent,
2811 3077 2955 3145 puta

540 3147 738 3220 Verbi,
775 3148 1290 3223 Sacramentorum,
1323 3158 1382 3208 et
1410 3150 1578 3208 simil.
1610 3149 1820 3226 quibus
1849 3149 1929 3223 fit,
1962 3157 2027 3207 ut
2058 3150 2241 3207 Deum
2274 3149 2334 3205 in
2365 3148 2598 3225 speculo
2641 3156 2864 3206 tantum
2895 3157 2954 3208 et

539 3228 846 3304 aenigmate
877 3229 1197 3304 videamus,
1229 3230 1430 3306 illique
1473 3250 1575 3305 per
1623 3229 1796 3288 fidem
1846 3229 2239 3286 adhaereamus
2263 3250 2276 3303 3
2321 3237 2387 3286 ut
2435 3229 2708 3286 innuatur
2758 3227 2950 3285 Deum

538 3307 866 3365 immediate
896 3316 953 3366 et
981 3329 1083 3385 per
1111 3329 1172 3368 se
1201 3329 1307 3366 nos
1336 3309 1711 3368 beatitudinis
1741 3329 1859 3367 suae
1908 3308 2215 3386 participes
2264 3308 2430 3383 plene
2481 3307 2762 3364 facturum
2787 3329 2801 3380 ;
2848 3306 2954 3365 sed

536 3406 651 3521 3011
681 3386 976 3445 exclusive
1006 3388 1080 3445 ad
1110 3389 1401 3447 Christum
1431 3389 1620 3465 Caput
1648 3388 1942 3463 Ecclesiae,
1987 3408 2021 3445 a
2065 3407 2179 3463 quo
2229 3387 2421 3444 omnia
2462 3387 2521 3443 in
2566 3386 2750 3462 ipsam
2797 3386 2952 3445 bona

581 3465 892 3522 erivantur.

1142 3547 1260 3604 IX.
1306 3547 1494 3620 Quum
1527 3548 1790 3605 Christus
1819 3546 2030 3606 dicitur
2058 3566 2320 3606 sessurus
2348 3546 2421 3603 ad
2451 3546 2715 3604 dextram
2740 3545 2947 3619 Patris,

1060 3624 1242 3683 donec
1267 3627 1438 3684 Pater
1459 3626 1715 3702 posuerit
1732 3627 1995 3685 inimicos
2024 3627 2083 3684 in
2113 3627 2426 3684 scabellum
2455 3624 2666 3702 pedum
2695 3644 2947 3701 suorum,

1062 3704 1215 3762 Psal.
1246 3724 1338 3762 cx.
1373 3710 1424 3780 1,
1457 3705 1770 3763 affirmatur
1796 3704 2028 3780 quidem
2058 3706 2374 3764 dominium
2405 3705 2616 3765 Christi
2663 3713 2784 3764 toto
2812 3705 2950 3763 vitae

537 3785 711 3862 hujus
739 3792 1011 3862 tempore,
1036 3803 1151 3859 quo
1179 3803 1420 3861 regnare
1448 3784 1621 3843 debet
1658 3785 1806 3844 inter
1826 3786 2055 3860 hostes;
2101 3785 2204 3844 sed
2244 3805 2361 3843 non
2388 3793 2634 3862 negatur
2663 3784 2950 3843 aeternitas

536 3865 700 3942 regni
729 3865 854 3942 ejus
884 3864 941 3922 in
972 3864 1166 3922 seculo
1184 3863 1392 3923 futuro.
1484 3865 1580 3924 Sic
1610 3885 1760 3942 saepe
1789 3866 1848 3922 in
1883 3866 2177 3942 Scriptura
2195 3866 2490 3942 particulas
2513 3865 2637 3922 istae
2666 3889 2716 3927 *a
2745 3891 2823 3939 -.5,
2844 3870 2949 3940 ἅχ-

538 3973 607 4027 ςις
618 3942 675 4004 οὗ
688 3946 782 4003 vel
802 3942 884 4010 ἱύς
903 3942 961 4004 οὗ
984 3947 1171 4020 donec,
1186 3966 1356 4020 usque
1378 3948 1525 4020 dum,
1541 3945 2088 4022 adstruuntquidem
2103 3954 2328 4021 tempus
2345 3963 2614 4021 praesens,
2628 3953 2727 4002 aut
2744 3953 2949 4019 praete-

536 4028 727 4100 ritum,
760 4024 832 4083 de
861 4045 976 4101 quo
1003 4032 1227 4101 poterat
1256 4025 1389 4082 oriri
1411 4024 1696 4084 dubitatio
1720 4048 1734 4100 3
1757 4025 1858 4084 sed
1878 4046 1992 4084 non
2021 4035 2237 4101 negant
2258 4032 2316 4083 et
2337 4023 2656 4083 excludunt
2672 4023 2947 4081 futurum.

541 4106 654 4180 Sic,
690 4105 897 4163 Matth.
922 4104 1128 4161 xxviii.
1159 4108 1253 4180 20,
1286 4104 1497 4163 dicitur
1519 4105 1782 4163 Christus
1805 4103 2481 4180 futuruscumdiscipulis
2497 4123 2682 4179 usque
2711 4103 2785 4160 ad
2806 4122 2944 4160 con·

536 4185 975 4244 summationem
1004 4184 1343 4259 seculorum,
1376 4194 1438 4243 ut
1466 4205 1565 4242 eos
1594 4193 1781 4242 certos
1810 4184 2013 4242 reddat
2040 4184 2111 4242 de
2140 4184 2445 4260 praesentia
2481 4203 2587 4242 sua
2634 4184 2695 4240 in
2743 4181 2952 4241 mediis

536 4265 805 4343 perieulis
834 4272 891 4322 et
920 4264 1342 4339 certaminibuS,
1376 4264 1476 4323 scd
1506 4284 1622 4323 non
1651 4264 1725 4321 ad
1753 4264 2172 4322 excludendam
2202 4264 2661 4322 communionem
2712 4263 2839 4339 ejus
2889 4264 2951 4319 in

535 4354 830 4404 aetcrnum.
877 4343 1040 4400 Idem
1070 4351 1157 4401 est
1186 4362 1406 4419 sensus,
1440 4344 1587 4402 Gen.
1619 4343 1826 4401 xxviii.
1862 4347 1953 4416 15,
1985 4352 2043 4402 et
2094 4342 2247 4400 Psal.
2300 4343 2499 4400 cxxiii.
2531 4347 2585 4401 2.
2631 4341 2780 4416 Quia
2808 4362 2951 4419 ergo

452 4475 463 4486 .
534 4425 773 4484 dubium
831 4423 1075 4480 suboriri
1129 4431 1369 4499 poterat,
1441 4422 1731 4499 quomodo
1790 4422 2052 4480 Christus
2123 4442 2363 4498 regnum
2431 4422 2689 4480 obtinere
2752 4431 2955 4497 posset

533 4506 682 4564 inter
709 4509 795 4560 tot
823 4502 1074 4559 hostium
1104 4501 1430 4576 molimina3
1501 4502 1748 4578 Spiritus
1783 4503 1840 4559 S.
1871 4501 2039 4559 fidem
2092 4512 2344 4560 nostram
2397 4503 2505 4560 hac
2533 4501 2593 4559 in
2621 4509 2783 4577 parte
2813 4521 2949 4560 con·

535 4585 759 4641 firmare
788 4581 989 4654 voluit,
1022 4601 1133 4638 non
1159 4590 1368 4657 negata
1395 4590 1587 4639 tamen
1616 4582 1777 4658 regni
1809 4583 1934 4658 ejus
1963 4582 2022 4638 in
2051 4590 2326 4640 aeternum
2357 4582 2675 4641 duratione.

616 4661 698 4716 X.
742 4662 1016 4732 Regnum,
1048 4661 1201 4733 quod
1235 4661 1487 4719 Christus
1507 4660 1718 4719 dicitur
1746 4662 2058 4721 traditurus
2087 4665 2214 4720 Deo
2242 4672 2294 4720 et
2321 4663 2504 4736 Patri,
2557 4661 2617 4719 id
2665 4669 2770 4734 est,
2822 4660 2952 4719 Deo

600 3602 784 3646 Fontes
833 3599 977 3646 Solu-

668 3660 873 3702 tlonum.
