3221 5200
533 329 651 386 258
1344 340 1526 381 Locus
1556 339 1815 380 uncinus
1844 339 2113 379 'rem-ms.
2607 318 2858 402 [Quaesr.
2890 347 2955 386 ιι.

535 486 858 546 ordinarius
886 484 1047 544 vocis
1076 483 1136 541 in
1170 483 1465 561 Scriptura
1492 483 1551 542 in
1572 503 1677 559 sex
1699 481 1828 540 aliis
1844 481 1990 540 locis
2011 480 2072 538 in
2093 480 2305 556 quibus
2322 481 2592 558 occurrit,
2617 483 2768 543 Gen.
2792 487 2958 548 xxiv.

536 572 633 642 43,
680 568 844 627 Cant.
875 565 912 625 i.
944 570 999 640 3,
1031 574 1089 623 et
1118 563 1196 622 vi.
1240 567 1295 639 8,
1342 564 1531 622 Exod.
1561 563 1621 622 ii.
1653 566 1707 636 8,
1776 561 1929 621 Psal.
1974 560 2162 619 lxviii.
2207 563 2304 635 25,
2347 570 2407 620 et
2451 562 2624 623 Prov.
2669 586 2816 627 xxx.
2864 571 2957 628 19.

540 649 611 706 In
653 668 768 725 quo
810 655 1099 724 postremo
1141 645 1269 703 loco
1312 645 1523 703 frustra
1562 643 1761 702 Jndaei
1802 642 2152 720 pertendunt
2191 651 2436 700 scortum
2478 643 2791 723 designari,
2822 649 2961 725 quia

534 729 768 788 additur
795 727 1007 802 statim,
1038 736 1345 803 postquam
1366 724 1584 784 dictum
1614 733 1705 783 est
1731 725 1881 782 viam
1909 723 2022 782 viri
2044 726 2216 782 snb„
2240 743 2356 781 esse
2375 726 2775 802 absconditam,
2807 732 2846 761 ‘⁶
2864 730 2954 789 Si-

532 812 680 868 milis
707 818 788 867 est
811 809 907 867 via
933 809 1181 865 mulieris
1208 805 1543 880 adulterae,''
1588 825 1704 882 qua
1743 813 1882 864 nota
1910 803 2304 863 similitudinis
2345 804 2607 865 adhibita
2634 809 2959 869 ostenditur

534 889 972 949 similitudinem
1000 886 1203 962 notari,
1249 906 1366 944 nou
1394 886 1788 960 identitatem.;
1838 886 2055 944 Sensus
2083 893 2174 943 est
2200 885 2358 942 viam
2399 885 2511 944 viri
2551 887 2628 945 ad
2669 888 2956 966 virginem

530 970 931 1030 absconditam
960 988 1104 1041 esse,
1136 967 1407 1026 nimirum
1435 976 1589 1026 artes
1619 965 1832 1042 quibus
1872 965 2138 1024 homines
2185 965 2444 1042 virgines
2488 966 2599 1025 sibi
2643 970 2953 1030 conciliare

534 1051 787 1124 student,
834 1049 958 1108 sive
1000 1048 1076 1106 ad
1114 1049 1422 1106 honestum
1463 1046 1908 1120 matrimonium,
1954 1047 2079 1104 sive
2121 1045 2197 1103 ad
2223 1046 2663 1124 corruptionem.
2749 1050 2954 1111 Potest

534 1132 708 1190 etiam
736 1130 905 1206 virgo
934 1130 1035 1187 illa
1063 1128 1258 1186 vocari
1285 1132 1689 1203 antecedenter,
1719 1147 1848 1204 quae
1877 1127 2011 1186 talis
2040 1135 2162 1185 erat
2190 1135 2340 1202 ante,
2371 1147 2488 1185 non
2515 1140 2949 1206 consequenter,

535 1211 632 1270 vel
659 1209 956 1283 δοξαστικῦς
999 1217 1057 1268 et
1083 1212 1467 1288 συγχωςητικὸς
1508 1229 1584 1267 ex
1625 1207 1912 1285 opinione,
1945 1207 2070 1266 sive
2111 1207 2269 1286 quod
2309 1208 2444 1266 talis
2471 1208 2794 1286 haberetur,
2825 1211 2952 1272 sive

534 1293 693 1369 quod
722 1292 855 1350 talis
884 1290 1084 1348 haberi
1110 1287 1322 1364 vellet3
1368 1289 1526 1366 quod
1553 1289 1648 1347 hic
1669 1289 1860 1347 locum
1888 1307 2006 1346 non
2033 1296 2223 1365 potest
2250 1288 2481 1348 habere.

618 1372 808 1430 XIII.
854 1370 1158 1447 Virginem
1187 1379 1379 1427 autem
1411 1369 1656 1427 Mariam
1678 1369 1872 1444 fuisse,
1904 1388 2034 1445 quae
2061 1369 2269 1427 Jesum
2290 1377 2552 1428 nostrum
2572 1369 2813 1448 peperit,
2833 1391 2951 1431 non

534 1453 708 1511 modo
731 1451 970 1510 historia
1000 1450 1358 1527 Evangelica
1386 1458 1648 1523 testatur,
1674 1449 1776 1507 sed
1805 1457 1864 1508 et
1891 1449 2044 1507 fama
2071 1448 2197 1526 ipsa
2224 1449 2498 1526 loquitur.
2585 1451 2734 1509 Nam
2761 1451 2814 1510 si
2840 1452 2952 1511 hoe

535 1553 737 1592 verum
780 1553 896 1590 non
938 1530 1061 1605 fuit,
1087 1532 1187 1608 qui
1229 1530 1353 1588 fieri
1380 1531 1583 1608 potuit,
1615 1537 1681 1588 ut
1710 1529 1896 1607 Virgo
1923 1549 2045 1602 rem
2073 1537 2293 1588 tantam
2321 1538 2380 1589 et
2406 1538 2525 1589 tam
2551 1530 2950 1592 incredibilem

534 1613 888 1688 mentiretur,
920 1620 980 1671 et
1020 1619 1083 1669 ιιι
1113 1611 1400 1688 Apostoli,
1432 1611 1532 1687 qui
1575 1610 1742 1669 facile
1786 1610 2053 1669 falsitatis
2092 1610 2360 1669 convinci
2387 1620 2669 1688 poterant,
2699 1613 2952 1672 boetem

534 1694 809 1753 audacter
856 1712 1172 1771 proponere
1218 1692 1513 1765 auderent,
1542 1691 1772 1750 nemine
1817 1691 2208 1750 reclamante?
2293 1692 2356 1750 Si
2400 1711 2539 1750 vero
2579 1692 2638 1749 in
2664 1693 2951 1752 adulterio

534 1774 893 1851 deprehensa
937 1781 1041 1848 est,
1088 1781 1152 1831 ιιι
1180 1773 1223 1832 J
1226 1772 1375 1830 udaei
1421 1771 1687 1830 nonnulli
1717 1771 2063 1830 recentiores
2090 1772 2510 1849 blasphemant,
2544 1773 2661 1832 Cur
2686 1773 2774 1831 illi
2801 1793 2949 1833 nun·

534 1875 708 1931 quam
738 1875 773 1912 a
804 1853 1111 1912 Pharisaeis
1133 1862 1192 1911 et
1223 1853 1441 1912 Scribis
1467 1853 1578 1911 hoc
1606 1860 1696 1911 est
1723 1852 2133 1929 exprobratum
2154 1855 2182 1910 P
2265 1851 2479 1926 Quidni
2506 1871 2580 1911 ex
2604 1853 2763 1929 Lege
2786 1853 2860 1912 lis
2888 1854 2951 1911 in

534 1935 696 1993 illam
738 1935 1021 1994 intentata
1062 1943 1166 2009 est,
1212 1943 1271 1992 et
1312 1933 1656 2011 supplicium
1686 1933 1999 2007 decretum,
2032 1941 2097 1992 ut
2123 1932 2229 1990 filii
2256 1932 2409 1991 fama
2436 1952 2539 2010 per
2564 1934 2765 1991 matris
2793 1933 2949 1992 latus

534 2016 939 2075 confoderetur
957 2037 972 2092 ;
998 2014 1102 2073 sed
1122 2023 1414 2091 superstes
1436 2013 1609 2072 fuerit
1628 2013 1750 2072 filio
1774 2032 1897 2087 su0,
1911 2013 2139 2071 nemine
2162 2013 2222 2070 in
2233 2013 2412 2072 vitam
2436 2012 2563 2089 ejus
2584 2012 2954 2089 inquirente?

614 2136 764 2180 secun
771 2137 832 2179 da
896 2135 989 2179 De-
1142 2095 1322 2152 XIV.
1371 2094 1638 2153 Secunda
1668 2094 2096 2152 Demonstratio
2139 2093 2352 2171 petitur
2392 2113 2427 2150 a
2458 2093 2713 2153 Cm’teriis
2740 2095 2948 2152 Perso—

533 2199 891 2239 monstmuoex
912 2194 1019 2239 Ori·
1060 2195 1149 2233 me
1195 2184 1254 2234 ct
1281 2176 1491 2233 Status.
1543 2178 1594 2232 l.
1641 2174 1919 2232 Messiam
1965 2174 2154 2232 Deum
2191 2173 2465 2248 futurum,
2495 2194 2611 2231 non
2654 2173 2828 2234 modo
2869 2194 2951 2233 ex

534 2254 668 2326 tyriis
711 2255 936 2320 Personae
968 2255 1020 2298 et
1065 2255 1345 2330 OraculiS,
1377 2276 1507 2332 quae
1545 2254 1633 2312 illi
1669 2274 1880 2312 nomen
1915 2254 2024 2313 hoc
2045 2254 2326 2329 tribuunt,
2358 2254 2461 2313 sed
2488 2263 2547 2314 et
2572 2274 2650 2313 ex
2677 2255 2951 2332 operibus

536 2313 704 2356 status
737 2312 962 2364 ³¹⁰⁸⁵¹ae³
1064 2336 1296 2410 divinis,
1323 2356 1453 2412 quae
1481 2334 1812 2413 peragenda
1837 2335 2042 2393 habuit
2075 2334 2150 2393 ad
2178 2355 2326 2412 opus
2344 2334 2783 2412 Redemptionis
2810 2355 2948 2395 exe·-

534 2417 846 2494 quendum,
873 2425 1029 2476 certo
1068 2417 1378 2493 colligitur.
1465 2418 1550 2474 At
1594 2416 1805 2475 Jesum
1853 2414 2054 2473 Mariae
2085 2415 2320 2489 Filium,
2352 2423 2411 2474 et
2470 2415 2583 2474 Dei
2629 2415 2845 2474 Filium
2890 2425 2951 2476 et

536 2498 728 2556 Deum
781 2497 959 2555 fuisse
1016 2496 1252 2554 indubie
1300 2496 1593 2572 probatur,
1642 2505 1765 2555 tum
1800 2516 1876 2554 ex
1930 2494 2200 2572 operibus
2254 2495 2431 2553 variis
2479 2496 2694 2554 divinis
2749 2497 2824 2555 ab
2875 2516 2950 2555 ee

533 2577 717 2651 factiS,
762 2586 828 2637 ut
871 2577 1018 2636 infra
1060 2576 1408 2647 ostendetur,
1439 2586 1563 2635 tum
1608 2596 1685 2635 ex
1724 2575 1938 2635 Christi
1978 2575 2159 2654 ipsius
2205 2576 2551 2652 testimonie,
2598 2576 2700 2654 qui
2747 2596 2815 2637 se
2859 2584 2948 2637 to-

534 2658 644 2716 ties
677 2657 788 2715 Dei
832 2658 1047 2715 Filium
1090 2656 1445 2732 praedicavit.
1531 2657 1609 2714 Et
1652 2655 1701 2714 si
1742 2656 1889 2714 falso
1930 2656 2041 2714 hoc
2070 2655 2183 2713 sibi
2209 2656 2580 2729 vindicasset,
2613 2659 2715 2715 An
2741 2666 2950 2736 putan-

533 2738 672 2794 dum
696 2738 900 2810 Deum,
925 2737 1265 2795 acerrimum
1294 2736 1493 2811 gloriae
1523 2756 1643 2793 suae
1665 2735 1971 2811 vindicem,
1992 2756 2294 2813 passurum
2317 2736 2495 2795 fuisse
2518 2737 2762 2813 gloriam
2785 2758 2949 2797 suam

534 2817 700 2875 alteri
730 2817 935 2875 tradi?
1017 2816 1233 2873 Annon
1276 2824 1496 2874 tantum
1542 2815 1748 2891 sceluS,
1780 2835 1894 2892 quo
1936 2815 2161 2874 nullum
2198 2816 2388 2893 majus
2424 2836 2552 2876 esse
2580 2819 2786 2895 potuit,
2817 2839 2947 2895 gra-

534 2897 595 2955 vi
637 2896 832 2973 aliquo
874 2896 1156 2974 supplicio
1197 2896 1425 2955 ulturus
1468 2895 1673 2954 fuisset
1698 2899 1727 2954 Ρ
1811 2896 1874 2954 Si
1917 2896 2185 2973 Angelus
2227 2896 2372 2955 adeo
2415 2897 2672 2974 graviter
2711 2900 2950 2976 punitus

534 2986 624 3036 est
665 2986 898 3055 propter
938 2977 1262 3036 affectatam
1307 2976 1418 3035 Dei
1461 2975 1871 3053 aequalitatem,
1915 2976 2058 3054 quid
2098 2976 2313 3036 factum
2355 2977 2560 3037 fuisset
2603 2979 2952 3057 Usurpatori

531 3058 619 3115 illi
648 3067 706 3117 et
737 3058 978 3136 Raptori
1019 3066 1239 3116 naturae
1268 3056 1450 3135 ipsius
1480 3056 1821 3116 Divinitatis
1847 3061 1876 3116 ¹?
1959 3057 2045 3116 At
2081 3058 2124 3117 J
2128 3077 2261 3117 esus
2288 3078 2405 3117 non
2433 3058 2606 3118 modo
2633 3080 2751 3117 non
2778 3060 2948 3137 puni—

533 3148 628 3198 tus
670 3138 780 3198 fuit
806 3160 840 3197 a
872 3140 1016 3214 Deo,
1061 3138 1164 3197 scd
1207 3158 1431 3197 summa
1472 3137 1659 3215 gloria
1699 3147 1758 3197 et
1797 3138 2099 3214 majestate
2128 3147 2451 3213 coronatus,
2482 3139 2584 3217 qui
2610 3139 2776 3199 brevi
2803 3149 2947 3199 tem-

530 3219 689 3297 poris
719 3220 903 3298 spatio
933 3229 1119 3280 totum
1147 3220 1345 3278 orbem
1367 3218 1631 3278 doctrina
1659 3238 1764 3277 sua
1783 3218 2045 3297 replevit,
2066 3227 2125 3279 et
2146 3219 2607 3297 potentissimum
2631 3220 2948 3297 Imperium

534 3302 739 3359 erexit.

613 3381 759 3439 XV.
824 3386 880 3439 2.
927 3380 1175 3439 Messias
1220 3379 1564 3438 describitur
1618 3386 1685 3437 ut
1733 3377 1947 3455 triplici
2000 3399 2237 3439 munere
2279 3380 2667 3454 instruendus,
2718 3400 2835 3457 qua
2872 3382 2946 3441 de

531 3479 707 3517 causa
747 3459 1054 3537 ungendus
1097 3459 1309 3518 dicitur
1337 3460 1486 3516 Dan.
1519 3459 1598 3517 ix.
1631 3463 1708 3516 24
1742 3480 1756 3517 :
1802 3459 2147 3535 Prophetico
2190 3480 2266 3517 ex
2296 3460 2470 3520 Deut.
2500 3460 2665 3519 xviii.
2700 3464 2792 3537 15,
2826 3463 2943 3522 Isa.

530 3538 636 3597 lxi.
687 3542 737 3613 l,
784 3543 859 3615 2;
910 3539 1262 3597 Sacerdotali
1294 3558 1367 3596 ex
1400 3538 1554 3596 Psal.
1585 3558 1714 3612 cx.;
1763 3538 1951 3615 Regio
1979 3558 2055 3596 ex
2105 3539 2260 3598 Psal.
2306 3539 2366 3598 ii.
2414 3543 2468 3617 6,
2519 3549 2580 3600 et
2626 3541 2749 3601 xlv,
2781 3545 2837 3616 6,
2887 3548 2942 3616 7,

531 3618 708 3677 Zach.
759 3619 837 3676 vi.
895 3622 985 3690 12,
1033 3621 1126 3677 13.
1212 3619 1345 3676 Hoc
1393 3626 1584 3676 autem
1631 3617 1691 3674 in
1730 3618 1880 3677 Jesu
1925 3627 2119 3677 nostro
2165 3619 2466 3697 impletum
2498 3621 2802 3697 cernimus,
2842 3622 2945 3701 qui

529 3697 780 3756 officium
812 3698 1116 3774 Prophetae
1134 3698 1195 3755 in
1212 3697 1500 3775 praeconio
1522 3696 1850 3775 Evangelii,
1878 3697 2207 3757 Sacerdotis
2235 3700 2295 3756 in
2314 3700 2403 3759 sui
2425 3700 2607 3778 ipsius
2625 3702 2939 3779 oblatione,

530 3787 589 3837 et
618 3779 800 3855 Regis
828 3779 889 3836 in
920 3778 1110 3854 Regni
1141 3778 1393 3837 coelestis
1422 3776 1709 3836 erectione
1739 3777 1993 3854 perfecit,
2026 3787 2090 3837 ut
2118 3799 2223 3837 suo
2251 3779 2379 3838 loco
2409 3782 2763 3858 probabitur.

611 3859 791 3918 XVI.
837 3863 893 3919 3.
938 3862 1131 3918 Status
1171 3862 1383 3935 duplex
1425 3858 1513 3916 illi
1553 3858 1899 3935 assignatur,
1931 3859 2151 3936 primus
2178 3860 2521 3920 humilitatis
2550 3871 2608 3922 et
2633 3863 2940 3940 passionis,

526 3959 644 4017 quo
672 3940 817 4000 mori
847 3940 1081 4013 debuit;
1128 3939 1416 3999 secundus
1445 3939 1816 3998 exaltationis
1844 3948 1903 3998 et
1930 3939 2148 4016 gloriae,
2180 3961 2295 4017 quo
2324 3961 2622 4020 resurgere
2649 3951 2712 4003 et
2738 3944 2799 4001 in
2827 3964 2941 4003 cce·

526 4020 648 4079 lum
676 4021 987 4080 ascendere
1018 4021 1181 4079 illum
1212 4020 1482 4097 oportuit,
1515 4028 1580 4079 ut
1608 4028 1836 4079 constat
1864 4040 1939 4079 ex
1971 4020 2124 4080 Psal.
2156 4020 2300 4078 xxii.
2332 4031 2390 4081 et
2418 4043 2511 4081 cx.
2556 4024 2733 4081 Zach.
2769 4024 2851 4082 ix.
2884 4027 2942 4084 9.

529 4101 646 4160 Isa.
676 4101 778 4160 liii.
807 4102 880 4160 Id
907 4102 1097 4179 ipsum
1115 4110 1306 4160 autem
1338 4101 1398 4159 in
1426 4101 1467 4160 J
1472 4121 1576 4159 esu
1606 4101 1905 4159 Nazareno
1935 4100 2247 4176 observari,
2280 4121 2355 4160 ex
2399 4102 2640 4161 historia
2669 4103 2940 4180 Evange-

523 4181 636 4240 lica
679 4191 854 4259 patet,
879 4203 1009 4259 quae
1048 4184 1346 4260 passiones
1385 4182 1511 4258 ejus
1552 4189 1610 4239 et
1650 4180 1894 4257 gloriam
1923 4180 2216 4257 describit,
2253 4182 2479 4240 Statum
2509 4181 2938 4259 exinanitionis,

521 4260 582 4318 in
612 4283 727 4341 quo
756 4262 830 4320 ad
849 4272 1091 4321 mortem
1119 4282 1304 4340 usque
1336 4261 1522 4320 crucis
1552 4280 1678 4319 sese
1710 4260 1956 4335 demisit,
1979 4269 2037 4319 et
2070 4263 2296 4320 Statum
2325 4261 2714 4336 exaltationis,
2745 4262 2804 4320 in
2823 4283 2942 4341 quo

518 4361 595 4399 ex
638 4342 880 4401 mortuis
921 4342 1233 4402 suscitatus
1275 4342 1525 4401 obtinuit
1566 4360 1778 4398 nomen
1820 4360 1994 4417 supra
2035 4361 2204 4401 omne
2232 4361 2458 4415 nomen,
2489 4349 2549 4400 et
2575 4342 2839 4402 consedit
2864 4345 2942 4404 ad

522 4421 787 4481 dextram
820 4423 1148 4500 Majestatis
1191 4423 1250 4481 in
1291 4422 1556 4495 excelsis,
1590 4420 1742 4479 Phil.
1773 4420 1832 4479 ii.
1878 4424 1932 4495 6,
1966 4425 2020 4494 7,
2053 4424 2107 4495 8,
2140 4424 2196 4497 9,
2230 4421 2382 4480 Heb.
2413 4421 2451 4481 i.
2483 4424 2539 4481 3.
2569 4423 2726 4500 quod
2755 4423 2942 4484 fusius

518 4511 711 4577 potest
752 4503 978 4562 ostendi
1021 4502 1214 4579 quoad
1247 4523 1447 4561 omnes
1476 4500 1939 4560 circumstantias
1966 4503 2300 4578 passionum
2330 4509 2389 4560 et
2416 4502 2617 4580 gloriae
2646 4503 2706 4562 in
2736 4504 2939 4565 Veteri

519 4580 892 4719 desmbnendo
913 4583 987 4641 de
1010 4583 1230 4643 Messia
1277 4582 1599 4661 praedictas,
1626 4602 1756 4658 quse
1785 4580 1844 4639 in
1873 4582 1916 4641 J
1919 4601 2022 4641 esu
2052 4582 2160 4643 sub
2192 4583 2360 4643 Novo
2389 4593 2656 4646 accurate
2685 4585 2938 4665 impletae

562 4680 694 4737 epre
740 4682 811 4721 en
859 4672 1047 4722 untur.
