<?xml version="1.0" encoding="UTF-8"?>
<!DOCTYPE html PUBLIC "-//W3C//DTD XHTML 1.0 Transitional//EN"
    "http://www.w3.org/TR/xhtml1/DTD/xhtml1-transitional.dtd">
<html xmlns="http://www.w3.org/1999/xhtml" xml:lang="en" lang="en">
 <head>
  <title>
</title>
<meta http-equiv="Content-Type" content="text/html;charset=utf-8" />
  <meta name='ocr-system' content='tesseract 3.04.00' />
  <meta name='ocr-capabilities' content='ocr_page ocr_carea ocr_par ocr_line ocrx_word'/>
</head>
<body>
  <div class='ocr_page' id='page_1' title='image "./institutiotheol01turrgoog_0506.png"; bbox 0 0 3221 5200; ppageno 0'>
   <div class='ocr_carea' id='block_1_1' title="bbox 455 305 2884 387">
    <p class='ocr_par' dir='ltr' id='par_1_1' title="bbox 455 305 2884 387">
     <span class='ocr_line' id='line_1_1' title="bbox 455 305 2884 387; baseline -0.001 -20"><span class='ocrx_word' id='word_1_1' title='bbox 455 309 573 375; x_wconf 79' lang='lat'>478</span> <span class='ocrx_word' id='word_1_2' title='bbox 1352 325 1541 366; x_wconf 75' lang='lat' dir='ltr'>Locus</span> <span class='ocrx_word' id='word_1_3' title='bbox 1571 325 1837 368; x_wconf 72' lang='lat' dir='ltr'>oremus</span> <span class='ocrx_word' id='word_1_4' title='bbox 1866 325 2150 371; x_wconf 62' lang='lat' dir='ltr'>nummus,</span> <span class='ocrx_word' id='word_1_5' title='bbox 2535 305 2794 387; x_wconf 72' lang='lat' dir='ltr'>[ouAEsr.</span> <span class='ocrx_word' id='word_1_6' title='bbox 2825 326 2884 369; x_wconf 79' lang='lat' dir='ltr'>v.</span> 
     </span>
    </p>
   </div>
   <div class='ocr_carea' id='block_1_2' title="bbox 431 466 2881 4677">
    <p class='ocr_par' dir='ltr' id='par_1_2' title="bbox 450 466 2881 1617">
     <span class='ocr_line' id='line_1_2' title="bbox 455 466 2881 543; baseline 0 -20"><span class='ocrx_word' id='word_1_7' title='bbox 455 471 837 542; x_wconf 86' lang='lat' dir='ltr'>perducatur,</span> <span class='ocrx_word' id='word_1_8' title='bbox 863 469 959 525; x_wconf 82' lang='lat' dir='ltr'>vel</span> <span class='ocrx_word' id='word_1_9' title='bbox 981 468 1211 526; x_wconf 79' lang='lat' dir='ltr'>externi</span> <span class='ocrx_word' id='word_1_10' title='bbox 1234 467 1338 541; x_wconf 92' lang='lat' dir='ltr'>qui</span> <span class='ocrx_word' id='word_1_11' title='bbox 1366 467 1441 523; x_wconf 89' lang='lat' dir='ltr'>ab</span> <span class='ocrx_word' id='word_1_12' title='bbox 1468 466 1711 523; x_wconf 90' lang='lat' dir='ltr'>homine</span> <span class='ocrx_word' id='word_1_13' title='bbox 1734 466 1859 524; x_wconf 90' lang='lat' dir='ltr'>fieri</span> <span class='ocrx_word' id='word_1_14' title='bbox 1880 473 2146 542; x_wconf 80' lang='lat' dir='ltr'><strong>possunt,</strong></span> <span class='ocrx_word' id='word_1_15' title='bbox 2170 466 2377 540; x_wconf 88' lang='lat' dir='ltr'>quales</span> <span class='ocrx_word' id='word_1_16' title='bbox 2399 473 2541 524; x_wconf 90' lang='lat' dir='ltr'>sunt</span> <span class='ocrx_word' id='word_1_17' title='bbox 2561 467 2881 543; x_wconf 85' lang='lat' dir='ltr'>Templum</span> 
     </span>
     <span class='ocr_line' id='line_1_3' title="bbox 456 544 2877 618; baseline -0 -16"><span class='ocrx_word' id='word_1_18' title='bbox 456 547 639 616; x_wconf 87' lang='lat' dir='ltr'>adire,</span> <span class='ocrx_word' id='word_1_19' title='bbox 674 546 945 603; x_wconf 81' lang='lat' dir='ltr'>Verbum</span> <span class='ocrx_word' id='word_1_20' title='bbox 974 546 1183 603; x_wconf 88' lang='lat' dir='ltr'>audire</span> <span class='ocrx_word' id='word_1_21' title='bbox 1212 553 1273 602; x_wconf 92' lang='lat' dir='ltr'>et</span> <span class='ocrx_word' id='word_1_22' title='bbox 1298 545 1447 613; x_wconf 60' lang='lat' dir='ltr'>sina,</span> <span class='ocrx_word' id='word_1_23' title='bbox 1472 547 1568 601; x_wconf 86' lang='lat' dir='ltr'>vel</span> <span class='ocrx_word' id='word_1_24' title='bbox 1609 545 1846 615; x_wconf 89' lang='lat' dir='ltr'>interni,</span> <span class='ocrx_word' id='word_1_25' title='bbox 1890 545 1994 618; x_wconf 92' lang='lat' dir='ltr'>qui</span> <span class='ocrx_word' id='word_1_26' title='bbox 2024 563 2062 601; x_wconf 87' lang='lat' dir='ltr'>a</span> <span class='ocrx_word' id='word_1_27' title='bbox 2086 544 2281 617; x_wconf 87' lang='lat' dir='ltr'>gratia</span> <span class='ocrx_word' id='word_1_28' title='bbox 2308 545 2487 601; x_wconf 88' lang='lat' dir='ltr'>etiam</span> <span class='ocrx_word' id='word_1_29' title='bbox 2514 545 2577 602; x_wconf 94' lang='lat' dir='ltr'>in</span> <span class='ocrx_word' id='word_1_30' title='bbox 2605 548 2877 603; x_wconf 91' lang='lat' dir='ltr'>nondum</span> 
     </span>
     <span class='ocr_line' id='line_1_4' title="bbox 457 623 2881 698; baseline -0 -17"><span class='ocrx_word' id='word_1_31' title='bbox 457 643 876 681; x_wconf 86' lang='lat' dir='ltr'>conversorum</span> <span class='ocrx_word' id='word_1_32' title='bbox 905 625 1182 681; x_wconf 84' lang='lat' dir='ltr'><strong>cordibus</strong></span> <span class='ocrx_word' id='word_1_33' title='bbox 1212 624 1525 692; x_wconf 84' lang='lat' dir='ltr'>excitatur,</span> <span class='ocrx_word' id='word_1_34' title='bbox 1550 626 1757 696; x_wconf 87' lang='lat' dir='ltr'>quales</span> <span class='ocrx_word' id='word_1_35' title='bbox 1785 631 1926 680; x_wconf 89' lang='lat' dir='ltr'>sunt</span> <span class='ocrx_word' id='word_1_36' title='bbox 1951 623 2138 678; x_wconf 82' lang='lat' dir='ltr'>Verbi</span> <span class='ocrx_word' id='word_1_37' title='bbox 2179 623 2467 697; x_wconf 81' lang='lat' dir='ltr'>propositi</span> <span class='ocrx_word' id='word_1_38' title='bbox 2516 624 2770 698; x_wconf 75' lang='lat' dir='ltr'>receptio</span> <span class='ocrx_word' id='word_1_39' title='bbox 2819 631 2881 680; x_wconf 90' lang='lat' dir='ltr'>et</span> 
     </span>
     <span class='ocr_line' id='line_1_5' title="bbox 455 700 2876 777; baseline -0.002 -17"><span class='ocrx_word' id='word_1_40' title='bbox 455 703 864 777; x_wconf 80' lang='lat' dir='ltr'>apprehensiO,</span> <span class='ocrx_word' id='word_1_41' title='bbox 889 702 1103 760; x_wconf 89' lang='lat' dir='ltr'>notitia</span> <span class='ocrx_word' id='word_1_42' title='bbox 1124 700 1450 758; x_wconf 84' lang='lat' dir='ltr'>voluntatis</span> <span class='ocrx_word' id='word_1_43' title='bbox 1473 701 1710 772; x_wconf 75' lang='lat' dir='ltr'>divinae,</span> <span class='ocrx_word' id='word_1_44' title='bbox 1735 720 1939 758; x_wconf 88' lang='lat' dir='ltr'>sensus</span> <span class='ocrx_word' id='word_1_45' title='bbox 1965 700 2181 774; x_wconf 88' lang='lat' dir='ltr'>aliquis</span> <span class='ocrx_word' id='word_1_46' title='bbox 2203 701 2444 774; x_wconf 89' lang='lat' dir='ltr'>peccati,</span> <span class='ocrx_word' id='word_1_47' title='bbox 2470 702 2648 758; x_wconf 90' lang='lat' dir='ltr'>timor</span> <span class='ocrx_word' id='word_1_48' title='bbox 2668 720 2876 776; x_wconf 83' lang='lat' dir='ltr'>poenae,</span> 
     </span>
     <span class='ocr_line' id='line_1_6' title="bbox 454 779 2878 854; baseline -0.001 -16"><span class='ocrx_word' id='word_1_49' title='bbox 454 789 516 838; x_wconf 91' lang='lat' dir='ltr'>et</span> <span class='ocrx_word' id='word_1_50' title='bbox 543 781 902 838; x_wconf 88' lang='lat' dir='ltr'>desiderium</span> <span class='ocrx_word' id='word_1_51' title='bbox 938 780 1202 854; x_wconf 83' lang='lat' dir='ltr'>aliquale</span> <span class='ocrx_word' id='word_1_52' title='bbox 1243 779 1609 836; x_wconf 77' lang='lat' dir='ltr'>liberationis</span> <span class='ocrx_word' id='word_1_53' title='bbox 1639 802 1652 837; x_wconf 73' lang='grc' dir='ltr'><strong><em>ε</em></strong></span> <span class='ocrx_word' id='word_1_54' title='bbox 1711 779 1828 837; x_wconf 87' lang='lat' dir='ltr'>Sed</span> <span class='ocrx_word' id='word_1_55' title='bbox 1856 779 2164 853; x_wconf 86' lang='lat' dir='ltr'>quaeritur,</span> <span class='ocrx_word' id='word_1_56' title='bbox 2196 779 2298 835; x_wconf 87' lang='lat' dir='ltr'>An</span> <span class='ocrx_word' id='word_1_57' title='bbox 2348 779 2410 834; x_wconf 91' lang='lat' dir='ltr'>in</span> <span class='ocrx_word' id='word_1_58' title='bbox 2459 779 2586 854; x_wconf 91' lang='lat' dir='ltr'>ipso</span> <span class='ocrx_word' id='word_1_59' title='bbox 2634 798 2878 837; x_wconf 85' lang='lat' dir='ltr'>conver-</span> 
     </span>
     <span class='ocr_line' id='line_1_7' title="bbox 454 857 2876 933; baseline -0 -17"><span class='ocrx_word' id='word_1_60' title='bbox 454 859 638 916; x_wconf 89' lang='lat' dir='ltr'>sionis</span> <span class='ocrx_word' id='word_1_61' title='bbox 668 866 987 926; x_wconf 90' lang='lat' dir='ltr'>momento,</span> <span class='ocrx_word' id='word_1_62' title='bbox 1038 864 1098 914; x_wconf 90' lang='lat' dir='ltr'>et</span> <span class='ocrx_word' id='word_1_63' title='bbox 1145 859 1345 930; x_wconf 87' lang='lat' dir='ltr'>quoad</span> <span class='ocrx_word' id='word_1_64' title='bbox 1389 858 1617 933; x_wconf 74' lang='lat' dir='ltr'>qradus</span> <span class='ocrx_word' id='word_1_65' title='bbox 1644 859 1747 928; x_wconf 80' lang='lat' dir='ltr'>rei,</span> <span class='ocrx_word' id='word_1_66' title='bbox 1776 859 1958 914; x_wconf 91' lang='lat' dir='ltr'>homo</span> <span class='ocrx_word' id='word_1_67' title='bbox 2002 857 2219 914; x_wconf 90' lang='lat' dir='ltr'>habeat</span> <span class='ocrx_word' id='word_1_68' title='bbox 2260 857 2489 931; x_wconf 89' lang='lat' dir='ltr'>aliquid</span> <span class='ocrx_word' id='word_1_69' title='bbox 2532 876 2608 916; x_wconf 85' lang='lat' dir='ltr'>ex</span> <span class='ocrx_word' id='word_1_70' title='bbox 2648 877 2711 915; x_wconf 88' lang='lat' dir='ltr'>se</span> <span class='ocrx_word' id='word_1_71' title='bbox 2753 877 2876 932; x_wconf 93' lang='lat' dir='ltr'>quo</span> 
     </span>
     <span class='ocr_line' id='line_1_8' title="bbox 456 935 2875 1011; baseline -0 -17"><span class='ocrx_word' id='word_1_72' title='bbox 456 945 804 1010; x_wconf 84' lang='lat' dir='ltr'>cooperetur</span> <span class='ocrx_word' id='word_1_73' title='bbox 840 936 1049 1008; x_wconf 86' lang='lat' dir='ltr'>gratiae</span> <span class='ocrx_word' id='word_1_74' title='bbox 1079 937 1313 1005; x_wconf 84' lang='lat' dir='ltr'>efficaci,</span> <span class='ocrx_word' id='word_1_75' title='bbox 1345 936 1427 994; x_wconf 90' lang='lat' dir='ltr'>ita</span> <span class='ocrx_word' id='word_1_76' title='bbox 1457 944 1528 992; x_wconf 93' lang='lat' dir='ltr'>ut</span> <span class='ocrx_word' id='word_1_77' title='bbox 1554 955 1705 1011; x_wconf 91' lang='lat' dir='ltr'>opus</span> <span class='ocrx_word' id='word_1_78' title='bbox 1731 955 1852 992; x_wconf 91' lang='lat' dir='ltr'>non</span> <span class='ocrx_word' id='word_1_79' title='bbox 1881 935 2090 1009; x_wconf 78' lang='lat' dir='ltr'>gratiae</span> <span class='ocrx_word' id='word_1_80' title='bbox 2132 941 2384 1004; x_wconf 84' lang='lat' dir='ltr'>tantum,</span> <span class='ocrx_word' id='word_1_81' title='bbox 2434 937 2536 991; x_wconf 91' lang='lat' dir='ltr'>sed</span> <span class='ocrx_word' id='word_1_82' title='bbox 2585 944 2645 993; x_wconf 91' lang='lat' dir='ltr'>et</span> <span class='ocrx_word' id='word_1_83' title='bbox 2686 936 2875 993; x_wconf 88' lang='lat' dir='ltr'>libero</span> 
     </span>
     <span class='ocr_line' id='line_1_9' title="bbox 454 1011 2878 1089; baseline 0 -18"><span class='ocrx_word' id='word_1_84' title='bbox 454 1016 698 1071; x_wconf 86' lang='lat' dir='ltr'>arbitrio</span> <span class='ocrx_word' id='word_1_85' title='bbox 741 1033 778 1069; x_wconf 90' lang='lat' dir='ltr'>a</span> <span class='ocrx_word' id='word_1_86' title='bbox 818 1015 1012 1087; x_wconf 86' lang='lat' dir='ltr'>gratia</span> <span class='ocrx_word' id='word_1_87' title='bbox 1052 1015 1308 1072; x_wconf 83' lang='lat' dir='ltr'>excitato</span> <span class='ocrx_word' id='word_1_88' title='bbox 1352 1014 1533 1071; x_wconf 89' lang='lat' dir='ltr'>tribui</span> <span class='ocrx_word' id='word_1_89' title='bbox 1581 1015 1799 1089; x_wconf 89' lang='lat' dir='ltr'>possit;</span> <span class='ocrx_word' id='word_1_90' title='bbox 1852 1015 2015 1088; x_wconf 93' lang='lat' dir='ltr'>quod</span> <span class='ocrx_word' id='word_1_91' title='bbox 2084 1013 2380 1070; x_wconf 87' lang='lat' dir='ltr'>affirmant</span> <span class='ocrx_word' id='word_1_92' title='bbox 2450 1011 2764 1084; x_wconf 87' lang='lat' dir='ltr'>Pontificii,</span> <span class='ocrx_word' id='word_1_93' title='bbox 2816 1023 2878 1072; x_wconf 89' lang='lat' dir='ltr'>et</span> 
     </span>
     <span class='ocr_line' id='line_1_10' title="bbox 453 1090 2875 1166; baseline 0 -18"><span class='ocrx_word' id='word_1_94' title='bbox 453 1093 649 1149; x_wconf 82' lang='lat' dir='ltr'>caeteri</span> <span class='ocrx_word' id='word_1_95' title='bbox 707 1090 1261 1164; x_wconf 87' lang='lat' dir='ltr'>Pelagianizantes;</span> <span class='ocrx_word' id='word_1_96' title='bbox 1322 1091 1455 1149; x_wconf 88' lang='lat' dir='ltr'>Nos</span> <span class='ocrx_word' id='word_1_97' title='bbox 1508 1110 1799 1166; x_wconf 86' lang='lat' dir='ltr'>negamus</span> <span class='ocrx_word' id='word_1_98' title='bbox 1854 1110 1992 1149; x_wconf 90' lang='lat' dir='ltr'>cum</span> <span class='ocrx_word' id='word_1_99' title='bbox 2044 1090 2425 1161; x_wconf 84' lang='lat' dir='ltr'>Orthodoxis‚</span> <span class='ocrx_word' id='word_1_100' title='bbox 2481 1093 2585 1165; x_wconf 89' lang='lat' dir='ltr'>qui</span> <span class='ocrx_word' id='word_1_101' title='bbox 2640 1094 2875 1150; x_wconf 86' lang='lat' dir='ltr'>nullam</span> 
     </span>
     <span class='ocr_line' id='line_1_11' title="bbox 453 1169 2874 1245; baseline 0 -17"><span class='ocrx_word' id='word_1_102' title='bbox 453 1188 692 1228; x_wconf 86' lang='lat' dir='ltr'>causam</span> <span class='ocrx_word' id='word_1_103' title='bbox 737 1170 1085 1227; x_wconf 86' lang='lat' dir='ltr'>efficientem</span> <span class='ocrx_word' id='word_1_104' title='bbox 1127 1169 1369 1244; x_wconf 88' lang='lat' dir='ltr'>proprie</span> <span class='ocrx_word' id='word_1_105' title='bbox 1414 1171 1495 1227; x_wconf 88' lang='lat' dir='ltr'>sic</span> <span class='ocrx_word' id='word_1_106' title='bbox 1538 1172 1760 1227; x_wconf 88' lang='lat' dir='ltr'>dictam</span> <span class='ocrx_word' id='word_1_107' title='bbox 1808 1176 2159 1243; x_wconf 86' lang='lat' dir='ltr'>agnoscunt,</span> <span class='ocrx_word' id='word_1_108' title='bbox 2198 1188 2382 1243; x_wconf 89' lang='lat' dir='ltr'>quam</span> <span class='ocrx_word' id='word_1_109' title='bbox 2431 1169 2630 1228; x_wconf 88' lang='lat' dir='ltr'>Deum</span> <span class='ocrx_word' id='word_1_110' title='bbox 2676 1171 2874 1245; x_wconf 87' lang='lat' dir='ltr'>ipsum</span> 
     </span>
     <span class='ocr_line' id='line_1_12' title="bbox 452 1247 2871 1324; baseline 0 -20"><span class='ocrx_word' id='word_1_111' title='bbox 452 1255 919 1322; x_wconf 83' lang='lat' dir='ltr'>regenerantem,</span> <span class='ocrx_word' id='word_1_112' title='bbox 949 1248 1070 1305; x_wconf 84' lang='lat' dir='ltr'>sive</span> <span class='ocrx_word' id='word_1_113' title='bbox 1114 1249 1405 1323; x_wconf 88' lang='lat' dir='ltr'>Spiritum</span> <span class='ocrx_word' id='word_1_114' title='bbox 1445 1249 1952 1322; x_wconf 87' lang='lat' dir='ltr'>regenerationis;</span> <span class='ocrx_word' id='word_1_115' title='bbox 1996 1247 2324 1304; x_wconf 87' lang='lat' dir='ltr'>Hominem</span> <span class='ocrx_word' id='word_1_116' title='bbox 2351 1265 2489 1306; x_wconf 87' lang='lat' dir='ltr'>vero</span> <span class='ocrx_word' id='word_1_117' title='bbox 2522 1268 2871 1324; x_wconf 87' lang='lat' dir='ltr'>regeneran-</span> 
     </span>
     <span class='ocr_line' id='line_1_13' title="bbox 452 1325 2871 1400; baseline 0.001 -18"><span class='ocrx_word' id='word_1_118' title='bbox 452 1328 600 1383; x_wconf 90' lang='lat' dir='ltr'>dum</span> <span class='ocrx_word' id='word_1_119' title='bbox 629 1326 858 1383; x_wconf 84' lang='lat' dir='ltr'>faciunt</span> <span class='ocrx_word' id='word_1_120' title='bbox 886 1326 1223 1399; x_wconf 89' lang='lat' dir='ltr'>subjectum</span> <span class='ocrx_word' id='word_1_121' title='bbox 1263 1345 1423 1383; x_wconf 88' lang='lat' dir='ltr'>mere</span> <span class='ocrx_word' id='word_1_122' title='bbox 1465 1327 1767 1399; x_wconf 81' lang='lat' dir='ltr'>passivum</span> <span class='ocrx_word' id='word_1_123' title='bbox 1819 1325 2073 1400; x_wconf 85' lang='lat' dir='ltr'>Spiritus</span> <span class='ocrx_word' id='word_1_124' title='bbox 2114 1327 2532 1400; x_wconf 83' lang='lat' dir='ltr'>regenerantis,</span> <span class='ocrx_word' id='word_1_125' title='bbox 2582 1334 2642 1385; x_wconf 88' lang='lat' dir='ltr'>et</span> <span class='ocrx_word' id='word_1_126' title='bbox 2689 1346 2871 1384; x_wconf 85' lang='lat' dir='ltr'>nova-</span> 
     </span>
     <span class='ocr_line' id='line_1_14' title="bbox 453 1403 2872 1480; baseline 0.001 -20"><span class='ocrx_word' id='word_1_127' title='bbox 453 1422 588 1460; x_wconf 91' lang='lat' dir='ltr'>rum</span> <span class='ocrx_word' id='word_1_128' title='bbox 625 1404 1005 1478; x_wconf 82' lang='lat' dir='ltr'>qualitatum,</span> <span class='ocrx_word' id='word_1_129' title='bbox 1030 1424 1165 1479; x_wconf 85' lang='lat' dir='ltr'>quae</span> <span class='ocrx_word' id='word_1_130' title='bbox 1195 1406 1272 1462; x_wconf 90' lang='lat' dir='ltr'>ab</span> <span class='ocrx_word' id='word_1_131' title='bbox 1301 1405 1428 1480; x_wconf 90' lang='lat' dir='ltr'>ipso</span> <span class='ocrx_word' id='word_1_132' title='bbox 1458 1404 1896 1474; x_wconf 79' lang='lat' dir='ltr'>infunduntur3</span> <span class='ocrx_word' id='word_1_133' title='bbox 1951 1403 2244 1470; x_wconf 84' lang='lat' dir='ltr'>Quamvis</span> <span class='ocrx_word' id='word_1_134' title='bbox 2273 1411 2478 1478; x_wconf 87' lang='lat' dir='ltr'>postea</span> <span class='ocrx_word' id='word_1_135' title='bbox 2506 1405 2720 1462; x_wconf 87' lang='lat' dir='ltr'>infusis</span> <span class='ocrx_word' id='word_1_136' title='bbox 2739 1407 2872 1479; x_wconf 90' lang='lat' dir='ltr'>jam</span> 
     </span>
     <span class='ocr_line' id='line_1_15' title="bbox 451 1481 2873 1557; baseline 0.001 -19"><span class='ocrx_word' id='word_1_137' title='bbox 451 1483 622 1539; x_wconf 89' lang='lat' dir='ltr'>novis</span> <span class='ocrx_word' id='word_1_138' title='bbox 650 1482 1056 1557; x_wconf 76' lang='lat' dir='ltr'>qualitatibuS,</span> <span class='ocrx_word' id='word_1_139' title='bbox 1089 1501 1148 1539; x_wconf 88' lang='lat' dir='ltr'>se</span> <span class='ocrx_word' id='word_1_140' title='bbox 1177 1483 1394 1539; x_wconf 90' lang='lat' dir='ltr'>habeat</span> <span class='ocrx_word' id='word_1_141' title='bbox 1424 1489 1492 1538; x_wconf 91' lang='lat' dir='ltr'>ut</span> <span class='ocrx_word' id='word_1_142' title='bbox 1517 1482 1981 1539; x_wconf 86' lang='lat' dir='ltr'>instrumentum</span> <span class='ocrx_word' id='word_1_143' title='bbox 2024 1481 2289 1538; x_wconf 88' lang='lat' dir='ltr'>activum</span> <span class='ocrx_word' id='word_1_144' title='bbox 2329 1481 2585 1540; x_wconf 87' lang='lat' dir='ltr'>liberum</span> <span class='ocrx_word' id='word_1_145' title='bbox 2625 1502 2873 1540; x_wconf 88' lang='lat' dir='ltr'>suarum</span> 
     </span>
     <span class='ocr_line' id='line_1_16' title="bbox 450 1561 770 1617; baseline -0.006 0"><span class='ocrx_word' id='word_1_146' title='bbox 450 1561 770 1617; x_wconf 84' lang='lat' dir='ltr'>actionum.</span> 
     </span>
    </p>

    <p class='ocr_par' dir='ltr' id='par_1_3' title="bbox 441 1637 2869 2242">
     <span class='ocr_line' id='line_1_17' title="bbox 532 1637 2868 1715; baseline -0.001 -19"><span class='ocrx_word' id='word_1_147' title='bbox 532 1638 609 1696; x_wconf 92' lang='lat' dir='ltr'>V.</span> <span class='ocrx_word' id='word_1_148' title='bbox 657 1637 973 1707; x_wconf 85' lang='lat' dir='ltr'>Sociniani,</span> <span class='ocrx_word' id='word_1_149' title='bbox 1004 1638 1110 1713; x_wconf 89' lang='lat' dir='ltr'>qui</span> <span class='ocrx_word' id='word_1_150' title='bbox 1137 1657 1273 1696; x_wconf 90' lang='lat' dir='ltr'>cum</span> <span class='ocrx_word' id='word_1_151' title='bbox 1304 1637 1547 1711; x_wconf 77' lang='lat' dir='ltr'>Pelagio</span> <span class='ocrx_word' id='word_1_152' title='bbox 1576 1645 1883 1712; x_wconf 87' lang='lat' dir='ltr'>peceatum</span> <span class='ocrx_word' id='word_1_153' title='bbox 1926 1638 2170 1712; x_wconf 88' lang='lat' dir='ltr'>originis</span> <span class='ocrx_word' id='word_1_154' title='bbox 2211 1638 2447 1712; x_wconf 89' lang='lat' dir='ltr'>impura</span> <span class='ocrx_word' id='word_1_155' title='bbox 2487 1639 2868 1715; x_wconf 87' lang='lat' dir='ltr'>generatione</span> 
     </span>
     <span class='ocr_line' id='line_1_18' title="bbox 448 1715 2869 1791; baseline 0 -20"><span class='ocrx_word' id='word_1_156' title='bbox 448 1715 511 1772; x_wconf 89' lang='lat' dir='ltr'>in</span> <span class='ocrx_word' id='word_1_157' title='bbox 554 1735 662 1774; x_wconf 91' lang='lat' dir='ltr'>nos</span> <span class='ocrx_word' id='word_1_158' title='bbox 701 1725 1099 1791; x_wconf 88' lang='lat' dir='ltr'>propagatum</span> <span class='ocrx_word' id='word_1_159' title='bbox 1140 1725 1381 1791; x_wconf 88' lang='lat' dir='ltr'>negant,</span> <span class='ocrx_word' id='word_1_160' title='bbox 1424 1724 1483 1772; x_wconf 88' lang='lat' dir='ltr'>et</span> <span class='ocrx_word' id='word_1_161' title='bbox 1525 1716 1810 1791; x_wconf 89' lang='lat' dir='ltr'>quicquid</span> <span class='ocrx_word' id='word_1_162' title='bbox 1853 1716 1982 1774; x_wconf 83' lang='lat' dir='ltr'>vitii</span> <span class='ocrx_word' id='word_1_163' title='bbox 2024 1724 2131 1774; x_wconf 89' lang='lat' dir='ltr'>aut</span> <span class='ocrx_word' id='word_1_164' title='bbox 2170 1716 2323 1773; x_wconf 89' lang='lat' dir='ltr'>labis</span> <span class='ocrx_word' id='word_1_165' title='bbox 2369 1720 2541 1776; x_wconf 89' lang='lat' dir='ltr'>nobis</span> <span class='ocrx_word' id='word_1_166' title='bbox 2587 1719 2756 1788; x_wconf 90' lang='lat' dir='ltr'>inest,</span> <span class='ocrx_word' id='word_1_167' title='bbox 2804 1717 2869 1773; x_wconf 90' lang='lat' dir='ltr'>id</span> 
     </span>
     <span class='ocr_line' id='line_1_19' title="bbox 448 1795 2868 1870; baseline 0 -19"><span class='ocrx_word' id='word_1_168' title='bbox 448 1795 666 1851; x_wconf 85' lang='lat' dir='ltr'>crebris</span> <span class='ocrx_word' id='word_1_169' title='bbox 707 1795 932 1868; x_wconf 87' lang='lat' dir='ltr'>peceati</span> <span class='ocrx_word' id='word_1_170' title='bbox 973 1796 1219 1865; x_wconf 88' lang='lat' dir='ltr'>actibus,</span> <span class='ocrx_word' id='word_1_171' title='bbox 1263 1802 1323 1852; x_wconf 88' lang='lat' dir='ltr'>et</span> <span class='ocrx_word' id='word_1_172' title='bbox 1362 1795 1648 1870; x_wconf 87' lang='lat' dir='ltr'>peccandi</span> <span class='ocrx_word' id='word_1_173' title='bbox 1697 1796 1962 1869; x_wconf 86' lang='lat' dir='ltr'>quadam</span> <span class='ocrx_word' id='word_1_174' title='bbox 2010 1795 2438 1853; x_wconf 89' lang='lat' dir='ltr'>consuetudine</span> <span class='ocrx_word' id='word_1_175' title='bbox 2501 1805 2868 1854; x_wconf 86' lang='lat' dir='ltr'>contractum</span> 
     </span>
     <span class='ocr_line' id='line_1_20' title="bbox 445 1872 2869 1948; baseline 0 -18"><span class='ocrx_word' id='word_1_176' title='bbox 445 1879 734 1941; x_wconf 88' lang='lat' dir='ltr'>asserunt,</span> <span class='ocrx_word' id='word_1_177' title='bbox 766 1872 1304 1947; x_wconf 85' lang='lat' dir='ltr'>Regenerationem</span> <span class='ocrx_word' id='word_1_178' title='bbox 1345 1893 1466 1931; x_wconf 89' lang='lat' dir='ltr'>non</span> <span class='ocrx_word' id='word_1_179' title='bbox 1509 1873 1692 1931; x_wconf 86' lang='lat' dir='ltr'>aliam</span> <span class='ocrx_word' id='word_1_180' title='bbox 1733 1880 2083 1948; x_wconf 84' lang='lat' dir='ltr'>agnoscunt,</span> <span class='ocrx_word' id='word_1_181' title='bbox 2113 1891 2295 1947; x_wconf 89' lang='lat' dir='ltr'>quam</span> <span class='ocrx_word' id='word_1_182' title='bbox 2324 1892 2522 1947; x_wconf 83' lang='lat' dir='ltr'>pravae</span> <span class='ocrx_word' id='word_1_183' title='bbox 2553 1882 2869 1931; x_wconf 87' lang='lat' dir='ltr'>consuetu-</span> 
     </span>
     <span class='ocr_line' id='line_1_21' title="bbox 444 1950 2868 2022; baseline 0.001 -16"><span class='ocrx_word' id='word_1_184' title='bbox 444 1951 601 2007; x_wconf 87' lang='lat' dir='ltr'>dinis</span> <span class='ocrx_word' id='word_1_185' title='bbox 662 1959 721 2007; x_wconf 90' lang='lat' dir='ltr'>et</span> <span class='ocrx_word' id='word_1_186' title='bbox 782 1951 920 2007; x_wconf 88' lang='lat' dir='ltr'>vitae</span> <span class='ocrx_word' id='word_1_187' title='bbox 983 1952 1393 2022; x_wconf 84' lang='lat' dir='ltr'>mutationem,</span> <span class='ocrx_word' id='word_1_188' title='bbox 1437 1959 1497 2009; x_wconf 90' lang='lat' dir='ltr'>et</span> <span class='ocrx_word' id='word_1_189' title='bbox 1557 1952 1887 2009; x_wconf 85' lang='lat' dir='ltr'>secundum</span> <span class='ocrx_word' id='word_1_190' title='bbox 1943 1951 2275 2009; x_wconf 84' lang='lat' dir='ltr'>doctrinam</span> <span class='ocrx_word' id='word_1_191' title='bbox 2323 1950 2541 2011; x_wconf 86' lang='lat' dir='ltr'>Christi</span> <span class='ocrx_word' id='word_1_192' title='bbox 2584 1952 2868 2009; x_wconf 89' lang='lat' dir='ltr'>reforma-</span> 
     </span>
     <span class='ocr_line' id='line_1_22' title="bbox 441 2027 2861 2104; baseline 0.001 -20"><span class='ocrx_word' id='word_1_193' title='bbox 441 2028 682 2099; x_wconf 84' lang='lat' dir='ltr'>tionem,</span> <span class='ocrx_word' id='word_1_194' title='bbox 713 2035 891 2104; x_wconf 89' lang='lat' dir='ltr'>prout</span> <span class='ocrx_word' id='word_1_195' title='bbox 920 2048 1052 2086; x_wconf 89' lang='lat' dir='ltr'>eam</span> <span class='ocrx_word' id='word_1_196' title='bbox 1079 2030 1285 2087; x_wconf 86' lang='lat' dir='ltr'>definit</span> <span class='ocrx_word' id='word_1_197' title='bbox 1315 2029 1555 2088; x_wconf 79' lang='lat' dir='ltr'>Socinus</span> <span class='ocrx_word' id='word_1_198' title='bbox 1583 2030 1686 2086; x_wconf 91' lang='lat' dir='ltr'>lib.</span> <span class='ocrx_word' id='word_1_199' title='bbox 1735 2031 1811 2086; x_wconf 91' lang='lat' dir='ltr'>de</span> <span class='ocrx_word' id='word_1_200' title='bbox 1841 2029 2036 2104; x_wconf 67' lang='lat' dir='ltr'>Bapt„</span> <span class='ocrx_word' id='word_1_201' title='bbox 2067 2037 2126 2086; x_wconf 89' lang='lat' dir='ltr'>et</span> <span class='ocrx_word' id='word_1_202' title='bbox 2169 2027 2396 2088; x_wconf 76' lang='lat' dir='ltr'>Smalci.</span> <span class='ocrx_word' id='word_1_203' title='bbox 2443 2033 2517 2089; x_wconf 90' lang='lat' dir='ltr'>de</span> <span class='ocrx_word' id='word_1_204' title='bbox 2547 2031 2702 2089; x_wconf 86' lang='lat' dir='ltr'>Filio</span> <span class='ocrx_word' id='word_1_205' title='bbox 2732 2030 2861 2098; x_wconf 89' lang='lat' dir='ltr'>Dei,</span> 
     </span>
     <span class='ocr_line' id='line_1_23' title="bbox 442 2107 2865 2242; baseline 0.001 -80"><span class='ocrx_word' id='word_1_206' title='bbox 442 2124 503 2242; x_wconf 52' lang='grc' dir='ltr'>(ὃ</span> <span class='ocrx_word' id='word_1_207' title='bbox 521 2107 621 2176; x_wconf 89' lang='lat' dir='ltr'>ii.;</span> <span class='ocrx_word' id='word_1_208' title='bbox 667 2108 768 2164; x_wconf 87' lang='lat' dir='ltr'>Ad</span> <span class='ocrx_word' id='word_1_209' title='bbox 813 2125 998 2181; x_wconf 89' lang='lat' dir='ltr'>quam</span> <span class='ocrx_word' id='word_1_210' title='bbox 1038 2108 1287 2182; x_wconf 88' lang='lat' dir='ltr'>proinde</span> <span class='ocrx_word' id='word_1_211' title='bbox 1329 2109 1618 2165; x_wconf 89' lang='lat' dir='ltr'>hominen</span> <span class='ocrx_word' id='word_1_212' title='bbox 1658 2107 1840 2165; x_wconf 88' lang='lat' dir='ltr'>etiam</span> <span class='ocrx_word' id='word_1_213' title='bbox 1879 2108 1942 2163; x_wconf 91' lang='lat' dir='ltr'>in</span> <span class='ocrx_word' id='word_1_214' title='bbox 1982 2108 2174 2183; x_wconf 91' lang='lat' dir='ltr'>primo</span> <span class='ocrx_word' id='word_1_215' title='bbox 2215 2118 2518 2167; x_wconf 88' lang='lat' dir='ltr'>momento</span> <span class='ocrx_word' id='word_1_216' title='bbox 2559 2108 2865 2184; x_wconf 86' lang='lat' dir='ltr'>cooperari</span> 
     </span>
    </p>

    <p class='ocr_par' dir='ltr' id='par_1_4' title="bbox 506 2192 862 2244">
     <span class='ocr_line' id='line_1_24' title="bbox 506 2192 862 2244; baseline 0 -2"><span class='ocrx_word' id='word_1_217' title='bbox 506 2203 576 2242; x_wconf 90' lang='lat' dir='ltr'>eo</span> <span class='ocrx_word' id='word_1_218' title='bbox 605 2192 862 2244; x_wconf 85' lang='lat' dir='ltr'>censent.</span> 
     </span>
    </p>

    <p class='ocr_par' dir='ltr' id='par_1_5' title="bbox 435 2262 2866 3035">
     <span class='ocr_line' id='line_1_25' title="bbox 525 2262 2866 2339; baseline 0 -17"><span class='ocrx_word' id='word_1_219' title='bbox 525 2264 641 2323; x_wconf 93' lang='lat' dir='ltr'>VI.</span> <span class='ocrx_word' id='word_1_220' title='bbox 677 2265 895 2332; x_wconf 84' lang='lat' dir='ltr'>Quoad</span> <span class='ocrx_word' id='word_1_221' title='bbox 920 2262 1279 2336; x_wconf 85' lang='lat' dir='ltr'>Pontificios‚</span> <span class='ocrx_word' id='word_1_222' title='bbox 1309 2264 1590 2339; x_wconf 87' lang='lat' dir='ltr'>Synodus</span> <span class='ocrx_word' id='word_1_223' title='bbox 1616 2262 1981 2334; x_wconf 88' lang='lat' dir='ltr'>Tridentina,</span> <span class='ocrx_word' id='word_1_224' title='bbox 2004 2264 2152 2322; x_wconf 76' lang='lat' dir='ltr'>SesS.</span> <span class='ocrx_word' id='word_1_225' title='bbox 2177 2265 2231 2334; x_wconf 90' lang='lat'>6,</span> <span class='ocrx_word' id='word_1_226' title='bbox 2257 2267 2330 2323; x_wconf 88' lang='lat' dir='ltr'>de</span> <span class='ocrx_word' id='word_1_227' title='bbox 2353 2266 2394 2324; x_wconf 91' lang='lat' dir='ltr'><strong>J</strong></span> <span class='ocrx_word' id='word_1_228' title='bbox 2402 2266 2605 2324; x_wconf 88' lang='lat' dir='ltr'>ustific.</span> <span class='ocrx_word' id='word_1_229' title='bbox 2654 2265 2866 2324; x_wconf 87' lang='lat' dir='ltr'>Canon</span> 
     </span>
     <span class='ocr_line' id='line_1_26' title="bbox 439 2342 2865 2417; baseline 0 -18"><span class='ocrx_word' id='word_1_230' title='bbox 439 2342 496 2413; x_wconf 89' lang='lat'>4,</span> <span class='ocrx_word' id='word_1_231' title='bbox 527 2351 786 2401; x_wconf 89' lang='lat' dir='ltr'>mentem</span> <span class='ocrx_word' id='word_1_232' title='bbox 829 2360 1002 2399; x_wconf 87' lang='lat' dir='ltr'>suam</span> <span class='ocrx_word' id='word_1_233' title='bbox 1042 2345 1202 2399; x_wconf 90' lang='lat' dir='ltr'>clare</span> <span class='ocrx_word' id='word_1_234' title='bbox 1244 2344 1328 2400; x_wconf 91' lang='lat' dir='ltr'>sic</span> <span class='ocrx_word' id='word_1_235' title='bbox 1367 2343 1666 2417; x_wconf 87' lang='lat' dir='ltr'>exprimit.</span> <span class='ocrx_word' id='word_1_236' title='bbox 1752 2349 1786 2375; x_wconf 92' lang='lat'><strong>“</strong></span> <span class='ocrx_word' id='word_1_237' title='bbox 1812 2342 1875 2400; x_wconf 89' lang='lat' dir='ltr'>Si</span> <span class='ocrx_word' id='word_1_238' title='bbox 1903 2343 2037 2416; x_wconf 91' lang='lat' dir='ltr'>quis</span> <span class='ocrx_word' id='word_1_239' title='bbox 2065 2343 2282 2400; x_wconf 82' lang='lat' dir='ltr'>dixerit</span> <span class='ocrx_word' id='word_1_240' title='bbox 2308 2346 2565 2403; x_wconf 90' lang='lat' dir='ltr'>liberum</span> <span class='ocrx_word' id='word_1_241' title='bbox 2604 2343 2865 2401; x_wconf 88' lang='lat' dir='ltr'>hominis</span> 
     </span>
     <span class='ocr_line' id='line_1_27' title="bbox 441 2420 2862 2493; baseline -0 -14"><span class='ocrx_word' id='word_1_242' title='bbox 441 2422 754 2479; x_wconf 83' lang='lat' dir='ltr'>arbitrium</span> <span class='ocrx_word' id='word_1_243' title='bbox 782 2439 820 2477; x_wconf 85' lang='lat' dir='ltr'>a</span> <span class='ocrx_word' id='word_1_244' title='bbox 848 2420 979 2477; x_wconf 92' lang='lat' dir='ltr'>Deo</span> <span class='ocrx_word' id='word_1_245' title='bbox 1006 2428 1240 2477; x_wconf 90' lang='lat' dir='ltr'>motum</span> <span class='ocrx_word' id='word_1_246' title='bbox 1289 2428 1349 2478; x_wconf 90' lang='lat' dir='ltr'>et</span> <span class='ocrx_word' id='word_1_247' title='bbox 1394 2422 1720 2478; x_wconf 83' lang='lat' dir='ltr'>excitatum</span> <span class='ocrx_word' id='word_1_248' title='bbox 1760 2421 1912 2477; x_wconf 88' lang='lat' dir='ltr'>nihil</span> <span class='ocrx_word' id='word_1_249' title='bbox 1949 2421 2277 2493; x_wconf 86' lang='lat' dir='ltr'>cooperari,</span> <span class='ocrx_word' id='word_1_250' title='bbox 2307 2424 2683 2480; x_wconf 85' lang='lat' dir='ltr'>assentiendo</span> <span class='ocrx_word' id='word_1_251' title='bbox 2734 2422 2862 2479; x_wconf 91' lang='lat' dir='ltr'>Deo</span> 
     </span>
     <span class='ocr_line' id='line_1_28' title="bbox 440 2497 2864 2573; baseline 0.001 -18"><span class='ocrx_word' id='word_1_252' title='bbox 440 2500 724 2556; x_wconf 84' lang='lat' dir='ltr'>excitanti</span> <span class='ocrx_word' id='word_1_253' title='bbox 768 2505 828 2553; x_wconf 91' lang='lat' dir='ltr'>et</span> <span class='ocrx_word' id='word_1_254' title='bbox 873 2498 1130 2567; x_wconf 87' lang='lat' dir='ltr'>vocanti,</span> <span class='ocrx_word' id='word_1_255' title='bbox 1161 2516 1282 2571; x_wconf 89' lang='lat' dir='ltr'>quo</span> <span class='ocrx_word' id='word_1_256' title='bbox 1332 2499 1409 2554; x_wconf 90' lang='lat' dir='ltr'>ad</span> <span class='ocrx_word' id='word_1_257' title='bbox 1439 2498 1826 2554; x_wconf 88' lang='lat' dir='ltr'>obtinendam</span> <span class='ocrx_word' id='word_1_258' title='bbox 1860 2497 2304 2570; x_wconf 86' lang='lat' dir='ltr'>justificationis</span> <span class='ocrx_word' id='word_1_259' title='bbox 2345 2500 2601 2573; x_wconf 83' lang='lat' dir='ltr'>gratiam</span> <span class='ocrx_word' id='word_1_260' title='bbox 2643 2519 2703 2556; x_wconf 90' lang='lat' dir='ltr'>se</span> <span class='ocrx_word' id='word_1_261' title='bbox 2745 2501 2864 2557; x_wconf 82' lang='lat' dir='ltr'>dis-</span> 
     </span>
     <span class='ocr_line' id='line_1_29' title="bbox 440 2573 2866 2652; baseline 0.001 -20"><span class='ocrx_word' id='word_1_262' title='bbox 440 2584 628 2652; x_wconf 91' lang='lat' dir='ltr'>ponat</span> <span class='ocrx_word' id='word_1_263' title='bbox 655 2595 724 2634; x_wconf 91' lang='lat' dir='ltr'>ac</span> <span class='ocrx_word' id='word_1_264' title='bbox 751 2581 1063 2648; x_wconf 89' lang='lat' dir='ltr'>praeparet,</span> <span class='ocrx_word' id='word_1_265' title='bbox 1092 2592 1201 2631; x_wconf 91' lang='lat' dir='ltr'>nec</span> <span class='ocrx_word' id='word_1_266' title='bbox 1239 2593 1410 2648; x_wconf 89' lang='lat' dir='ltr'>posse</span> <span class='ocrx_word' id='word_1_267' title='bbox 1451 2574 1761 2631; x_wconf 88' lang='lat' dir='ltr'>dissentire</span> <span class='ocrx_word' id='word_1_268' title='bbox 1789 2573 1837 2629; x_wconf 90' lang='lat' dir='ltr'>si</span> <span class='ocrx_word' id='word_1_269' title='bbox 1865 2575 2026 2644; x_wconf 86' lang='lat' dir='ltr'>velit,</span> <span class='ocrx_word' id='word_1_270' title='bbox 2057 2575 2158 2630; x_wconf 89' lang='lat' dir='ltr'>sed</span> <span class='ocrx_word' id='word_1_271' title='bbox 2189 2577 2357 2633; x_wconf 87' lang='lat' dir='ltr'>velut</span> <span class='ocrx_word' id='word_1_272' title='bbox 2384 2577 2644 2633; x_wconf 89' lang='lat' dir='ltr'>inanime</span> <span class='ocrx_word' id='word_1_273' title='bbox 2673 2579 2866 2650; x_wconf 85' lang='lat' dir='ltr'>quod-</span> 
     </span>
     <span class='ocr_line' id='line_1_30' title="bbox 438 2650 2859 2725; baseline 0 -15"><span class='ocrx_word' id='word_1_274' title='bbox 438 2655 582 2710; x_wconf 89' lang='lat' dir='ltr'>dam</span> <span class='ocrx_word' id='word_1_275' title='bbox 630 2654 781 2709; x_wconf 89' lang='lat' dir='ltr'>nihil</span> <span class='ocrx_word' id='word_1_276' title='bbox 831 2652 1075 2709; x_wconf 89' lang='lat' dir='ltr'>omnino</span> <span class='ocrx_word' id='word_1_277' title='bbox 1121 2670 1314 2725; x_wconf 85' lang='lat' dir='ltr'>agere,</span> <span class='ocrx_word' id='word_1_278' title='bbox 1360 2660 1421 2708; x_wconf 91' lang='lat' dir='ltr'>et</span> <span class='ocrx_word' id='word_1_279' title='bbox 1467 2669 1628 2707; x_wconf 91' lang='lat' dir='ltr'>mere</span> <span class='ocrx_word' id='word_1_280' title='bbox 1672 2650 1905 2722; x_wconf 79' lang='lat' dir='ltr'>passive</span> <span class='ocrx_word' id='word_1_281' title='bbox 1953 2669 2013 2707; x_wconf 89' lang='lat' dir='ltr'>se</span> <span class='ocrx_word' id='word_1_282' title='bbox 2058 2652 2292 2721; x_wconf 88' lang='lat' dir='ltr'>habere,</span> <span class='ocrx_word' id='word_1_283' title='bbox 2345 2653 2689 2710; x_wconf 87' lang='lat' dir='ltr'>Anathema</span> <span class='ocrx_word' id='word_1_284' title='bbox 2722 2655 2859 2711; x_wconf 88' lang='lat' dir='ltr'>sit.&#39;&#39;</span> 
     </span>
     <span class='ocr_line' id='line_1_31' title="bbox 437 2726 2862 2800; baseline 0.001 -14"><span class='ocrx_word' id='word_1_285' title='bbox 437 2729 601 2786; x_wconf 89' lang='lat' dir='ltr'>Hinc</span> <span class='ocrx_word' id='word_1_286' title='bbox 641 2729 897 2799; x_wconf 80' lang='lat' dir='ltr'>Tirinus,</span> <span class='ocrx_word' id='word_1_287' title='bbox 946 2728 1225 2786; x_wconf 84' lang='lat' dir='ltr'>Controv.</span> <span class='ocrx_word' id='word_1_288' title='bbox 1273 2730 1364 2799; x_wconf 88' lang='lat'>14,</span> <span class='ocrx_word' id='word_1_289' title='bbox 1408 2748 1467 2785; x_wconf 93' lang='lat' dir='ltr'>n.</span> <span class='ocrx_word' id='word_1_290' title='bbox 1510 2730 1587 2784; x_wconf 89' lang='lat'>4:</span> <span class='ocrx_word' id='word_1_291' title='bbox 1636 2734 1671 2760; x_wconf 90' lang='lat'><strong>“</strong></span> <span class='ocrx_word' id='word_1_292' title='bbox 1698 2726 1978 2796; x_wconf 80' lang='lat' dir='ltr'>Excitari,</span> <span class='ocrx_word' id='word_1_293' title='bbox 2015 2728 2191 2797; x_wconf 87' lang='lat' dir='ltr'>trahi,</span> <span class='ocrx_word' id='word_1_294' title='bbox 2221 2728 2462 2787; x_wconf 89' lang='lat' dir='ltr'>invitari</span> <span class='ocrx_word' id='word_1_295' title='bbox 2490 2748 2528 2786; x_wconf 90' lang='lat' dir='ltr'>a</span> <span class='ocrx_word' id='word_1_296' title='bbox 2556 2730 2704 2800; x_wconf 90' lang='lat' dir='ltr'>De0,</span> <span class='ocrx_word' id='word_1_297' title='bbox 2736 2749 2862 2790; x_wconf 89' lang='lat' dir='ltr'>non</span> 
     </span>
     <span class='ocr_line' id='line_1_32' title="bbox 436 2803 2860 2883; baseline 0.001 -19"><span class='ocrx_word' id='word_1_298' title='bbox 436 2813 526 2864; x_wconf 87' lang='lat' dir='ltr'>est</span> <span class='ocrx_word' id='word_1_299' title='bbox 552 2806 700 2862; x_wconf 91' lang='lat' dir='ltr'>mihi</span> <span class='ocrx_word' id='word_1_300' title='bbox 728 2805 1002 2874; x_wconf 89' lang='lat' dir='ltr'>liberum,</span> <span class='ocrx_word' id='word_1_301' title='bbox 1033 2813 1172 2863; x_wconf 89' lang='lat' dir='ltr'>sunt</span> <span class='ocrx_word' id='word_1_302' title='bbox 1200 2805 1360 2862; x_wconf 91' lang='lat' dir='ltr'>enim</span> <span class='ocrx_word' id='word_1_303' title='bbox 1387 2811 1587 2862; x_wconf 90' lang='lat' dir='ltr'>motus</span> <span class='ocrx_word' id='word_1_304' title='bbox 1614 2822 1650 2860; x_wconf 91' lang='lat' dir='ltr'>a</span> <span class='ocrx_word' id='word_1_305' title='bbox 1679 2803 1807 2860; x_wconf 90' lang='lat' dir='ltr'>Deo</span> <span class='ocrx_word' id='word_1_306' title='bbox 1850 2805 1978 2861; x_wconf 87' lang='lat' dir='ltr'>solo</span> <span class='ocrx_word' id='word_1_307' title='bbox 2019 2805 2360 2864; x_wconf 84' lang='lat' dir='ltr'>immediate</span> <span class='ocrx_word' id='word_1_308' title='bbox 2388 2808 2560 2864; x_wconf 91' lang='lat' dir='ltr'>nobis</span> <span class='ocrx_word' id='word_1_309' title='bbox 2587 2808 2860 2883; x_wconf 85' lang='lat' dir='ltr'>immissi,</span> 
     </span>
     <span class='ocr_line' id='line_1_33' title="bbox 436 2883 2862 2956; baseline 0.002 -15"><span class='ocrx_word' id='word_1_310' title='bbox 436 2886 694 2942; x_wconf 88' lang='lat' dir='ltr'>liberum</span> <span class='ocrx_word' id='word_1_311' title='bbox 720 2890 922 2941; x_wconf 90' lang='lat' dir='ltr'>tamen</span> <span class='ocrx_word' id='word_1_312' title='bbox 951 2883 1098 2940; x_wconf 91' lang='lat' dir='ltr'>mihi</span> <span class='ocrx_word' id='word_1_313' title='bbox 1128 2883 1458 2940; x_wconf 88' lang='lat' dir='ltr'>consentire</span> <span class='ocrx_word' id='word_1_314' title='bbox 1486 2883 1585 2938; x_wconf 86' lang='lat' dir='ltr'>vel</span> <span class='ocrx_word' id='word_1_315' title='bbox 1625 2900 1747 2939; x_wconf 91' lang='lat' dir='ltr'>non</span> <span class='ocrx_word' id='word_1_316' title='bbox 1802 2884 2132 2941; x_wconf 87' lang='lat' dir='ltr'>consentire</span> <span class='ocrx_word' id='word_1_317' title='bbox 2162 2885 2464 2956; x_wconf 84' lang='lat' dir='ltr'>excitanti,</span> <span class='ocrx_word' id='word_1_318' title='bbox 2514 2894 2574 2944; x_wconf 90' lang='lat' dir='ltr'>et</span> <span class='ocrx_word' id='word_1_319' title='bbox 2621 2889 2862 2945; x_wconf 87' lang='lat' dir='ltr'>trahen-</span> 
     </span>
     <span class='ocr_line' id='line_1_34' title="bbox 435 2959 1783 3035; baseline -0.002 -15"><span class='ocrx_word' id='word_1_320' title='bbox 435 2970 556 3020; x_wconf 88' lang='lat' dir='ltr'>tem</span> <span class='ocrx_word' id='word_1_321' title='bbox 586 2964 1054 3035; x_wconf 86' lang='lat' dir='ltr'>suadentemque</span> <span class='ocrx_word' id='word_1_322' title='bbox 1083 2961 1250 3035; x_wconf 91' lang='lat' dir='ltr'>sequi</span> <span class='ocrx_word' id='word_1_323' title='bbox 1279 2962 1374 3017; x_wconf 88' lang='lat' dir='ltr'>vel</span> <span class='ocrx_word' id='word_1_324' title='bbox 1403 2980 1525 3017; x_wconf 91' lang='lat' dir='ltr'>non</span> <span class='ocrx_word' id='word_1_325' title='bbox 1555 2959 1783 3035; x_wconf 85' lang='lat' dir='ltr'>sequi.’&#39;</span> 
     </span>
    </p>

    <p class='ocr_par' dir='ltr' id='par_1_6' title="bbox 431 3039 2861 4677">
     <span class='ocr_line' id='line_1_35' title="bbox 518 3039 2857 3109; baseline 0 -8"><span class='ocrx_word' id='word_1_326' title='bbox 518 3041 676 3101; x_wconf 89' lang='lat' dir='ltr'>VII.</span> <span class='ocrx_word' id='word_1_327' title='bbox 724 3040 885 3109; x_wconf 80' lang='lat' dir='ltr'>Quia</span> <span class='ocrx_word' id='word_1_328' title='bbox 924 3058 1065 3097; x_wconf 82' lang='lat' dir='ltr'>vero</span> <span class='ocrx_word' id='word_1_329' title='bbox 1110 3039 1456 3097; x_wconf 88' lang='lat' dir='ltr'>Adversarii</span> <span class='ocrx_word' id='word_1_330' title='bbox 1497 3039 1750 3097; x_wconf 88' lang='lat' dir='ltr'>subinde</span> <span class='ocrx_word' id='word_1_331' title='bbox 1798 3046 2055 3098; x_wconf 90' lang='lat' dir='ltr'>utuntur</span> <span class='ocrx_word' id='word_1_332' title='bbox 2103 3042 2478 3101; x_wconf 88' lang='lat' dir='ltr'>distinctione</span> <span class='ocrx_word' id='word_1_333' title='bbox 2531 3044 2755 3103; x_wconf 85' lang='lat' dir='ltr'>Gratiae</span> <span class='ocrx_word' id='word_1_334' title='bbox 2796 3045 2857 3102; x_wconf 90' lang='lat' dir='ltr'>in</span> 
     </span>
     <span class='ocr_line' id='line_1_36' title="bbox 437 3119 2859 3197; baseline 0.002 -20"><span class='ocrx_word' id='word_1_335' title='bbox 437 3128 473 3156; x_wconf 90' lang='lat'>“</span> <span class='ocrx_word' id='word_1_336' title='bbox 503 3121 861 3179; x_wconf 85' lang='lat' dir='ltr'>excitantem</span> <span class='ocrx_word' id='word_1_337' title='bbox 889 3124 949 3175; x_wconf 86' lang='lat' dir='ltr'>et</span> <span class='ocrx_word' id='word_1_338' title='bbox 995 3119 1400 3192; x_wconf 78' lang='lat' dir='ltr'>adjuvantem,</span> <span class='ocrx_word' id='word_1_339' title='bbox 1452 3125 1795 3193; x_wconf 87' lang='lat' dir='ltr'>operantem</span> <span class='ocrx_word' id='word_1_340' title='bbox 1836 3127 1897 3176; x_wconf 90' lang='lat' dir='ltr'>et</span> <span class='ocrx_word' id='word_1_341' title='bbox 1935 3129 2368 3195; x_wconf 87' lang='lat' dir='ltr'>cooperantem,</span> <span class='ocrx_word' id='word_1_342' title='bbox 2398 3123 2859 3197; x_wconf 66' lang='lat' dir='ltr'>praevenientem</span> 
     </span>
     <span class='ocr_line' id='line_1_37' title="bbox 437 3196 2861 3277; baseline 0 -19"><span class='ocrx_word' id='word_1_343' title='bbox 437 3207 498 3259; x_wconf 92' lang='lat' dir='ltr'>et</span> <span class='ocrx_word' id='word_1_344' title='bbox 552 3200 1011 3273; x_wconf 87' lang='lat' dir='ltr'>subsequentem</span> <span class='ocrx_word' id='word_1_345' title='bbox 1030 3198 1085 3267; x_wconf 91' lang='lat'>;’&#39;</span> <span class='ocrx_word' id='word_1_346' title='bbox 1159 3196 1298 3263; x_wconf 83' lang='lat' dir='ltr'>Quo</span> <span class='ocrx_word' id='word_1_347' title='bbox 1354 3216 1529 3255; x_wconf 88' lang='lat' dir='ltr'>sensu</span> <span class='ocrx_word' id='word_1_348' title='bbox 1583 3198 1681 3253; x_wconf 89' lang='lat' dir='ltr'>vel</span> <span class='ocrx_word' id='word_1_349' title='bbox 1735 3198 1973 3255; x_wconf 86' lang='lat' dir='ltr'>admitti</span> <span class='ocrx_word' id='word_1_350' title='bbox 2025 3201 2232 3274; x_wconf 89' lang='lat' dir='ltr'>possit,</span> <span class='ocrx_word' id='word_1_351' title='bbox 2281 3203 2377 3258; x_wconf 77' lang='lat' dir='ltr'>vel</span> <span class='ocrx_word' id='word_1_352' title='bbox 2432 3202 2593 3277; x_wconf 82' lang='lat' dir='ltr'>rejici</span> <span class='ocrx_word' id='word_1_353' title='bbox 2646 3203 2861 3259; x_wconf 87' lang='lat' dir='ltr'>debeat</span> 
     </span>
     <span class='ocr_line' id='line_1_38' title="bbox 437 3275 2849 3355; baseline 0.001 -18"><span class='ocrx_word' id='word_1_354' title='bbox 437 3285 575 3337; x_wconf 82' lang='lat' dir='ltr'>ante</span> <span class='ocrx_word' id='word_1_355' title='bbox 621 3278 823 3334; x_wconf 89' lang='lat' dir='ltr'>omnia</span> <span class='ocrx_word' id='word_1_356' title='bbox 848 3276 1194 3333; x_wconf 84' lang='lat' dir='ltr'>videndum.</span> <span class='ocrx_word' id='word_1_357' title='bbox 1280 3275 1344 3333; x_wconf 91' lang='lat' dir='ltr'>Si</span> <span class='ocrx_word' id='word_1_358' title='bbox 1385 3294 1490 3350; x_wconf 89' lang='lat' dir='ltr'>per</span> <span class='ocrx_word' id='word_1_359' title='bbox 1529 3275 1789 3350; x_wconf 85' lang='lat' dir='ltr'>gratiam</span> <span class='ocrx_word' id='word_1_360' title='bbox 1815 3277 2191 3349; x_wconf 85' lang='lat' dir='ltr'>excitantem,</span> <span class='ocrx_word' id='word_1_361' title='bbox 2222 3289 2587 3353; x_wconf 86' lang='lat' dir='ltr'>operantem,</span> <span class='ocrx_word' id='word_1_362' title='bbox 2616 3287 2676 3337; x_wconf 89' lang='lat' dir='ltr'>et</span> <span class='ocrx_word' id='word_1_363' title='bbox 2705 3299 2849 3355; x_wconf 82' lang='lat' dir='ltr'>prae-</span> 
     </span>
     <span class='ocr_line' id='line_1_39' title="bbox 435 3353 2857 3432; baseline 0.002 -20"><span class='ocrx_word' id='word_1_364' title='bbox 435 3356 792 3423; x_wconf 85' lang='lat' dir='ltr'>venientem,</span> <span class='ocrx_word' id='word_1_365' title='bbox 823 3354 1223 3428; x_wconf 87' lang='lat' dir='ltr'>intelligerent</span> <span class='ocrx_word' id='word_1_366' title='bbox 1250 3354 1578 3411; x_wconf 90' lang='lat' dir='ltr'>motionem</span> <span class='ocrx_word' id='word_1_367' title='bbox 1606 3353 1860 3429; x_wconf 87' lang='lat' dir='ltr'>primam</span> <span class='ocrx_word' id='word_1_368' title='bbox 1887 3356 2093 3429; x_wconf 85' lang='lat' dir='ltr'>gratiae</span> <span class='ocrx_word' id='word_1_369' title='bbox 2123 3358 2389 3427; x_wconf 75' lang='lat' dir='ltr'>efficaciS,</span> <span class='ocrx_word' id='word_1_370' title='bbox 2413 3377 2536 3432; x_wconf 88' lang='lat' dir='ltr'>qua</span> <span class='ocrx_word' id='word_1_371' title='bbox 2562 3377 2636 3415; x_wconf 87' lang='lat' dir='ltr'>ex</span> <span class='ocrx_word' id='word_1_372' title='bbox 2664 3367 2857 3416; x_wconf 85' lang='lat' dir='ltr'>morte</span> 
     </span>
     <span class='ocr_line' id='line_1_40' title="bbox 436 3431 2857 3507; baseline 0.002 -18"><span class='ocrx_word' id='word_1_373' title='bbox 436 3432 658 3507; x_wconf 85' lang='lat' dir='ltr'>peccati</span> <span class='ocrx_word' id='word_1_374' title='bbox 701 3433 776 3488; x_wconf 88' lang='lat' dir='ltr'>ad</span> <span class='ocrx_word' id='word_1_375' title='bbox 818 3450 1038 3489; x_wconf 88' lang='lat' dir='ltr'>novam</span> <span class='ocrx_word' id='word_1_376' title='bbox 1093 3431 1279 3489; x_wconf 88' lang='lat' dir='ltr'>vitam</span> <span class='ocrx_word' id='word_1_377' title='bbox 1333 3431 1680 3499; x_wconf 79' lang='lat' dir='ltr'>excitamur,</span> <span class='ocrx_word' id='word_1_378' title='bbox 1724 3439 1784 3488; x_wconf 91' lang='lat' dir='ltr'>et</span> <span class='ocrx_word' id='word_1_379' title='bbox 1824 3433 2015 3507; x_wconf 89' lang='lat' dir='ltr'>reipsa</span> <span class='ocrx_word' id='word_1_380' title='bbox 2056 3435 2456 3492; x_wconf 89' lang='lat' dir='ltr'>convertimur</span> <span class='ocrx_word' id='word_1_381' title='bbox 2488 3445 2625 3494; x_wconf 89' lang='lat' dir='ltr'>ante</span> <span class='ocrx_word' id='word_1_382' title='bbox 2667 3437 2857 3494; x_wconf 88' lang='lat' dir='ltr'>ullam</span> 
     </span>
     <span class='ocr_line' id='line_1_41' title="bbox 435 3508 2857 3587; baseline 0.002 -21"><span class='ocrx_word' id='word_1_383' title='bbox 435 3509 913 3582; x_wconf 87' lang='lat' dir='ltr'>cooperationem</span> <span class='ocrx_word' id='word_1_384' title='bbox 955 3516 1016 3565; x_wconf 92' lang='lat' dir='ltr'>et</span> <span class='ocrx_word' id='word_1_385' title='bbox 1062 3527 1415 3567; x_wconf 89' lang='lat' dir='ltr'>concursum</span> <span class='ocrx_word' id='word_1_386' title='bbox 1465 3508 1794 3566; x_wconf 87' lang='lat' dir='ltr'>voluntatis</span> <span class='ocrx_word' id='word_1_387' title='bbox 1855 3519 2091 3581; x_wconf 82' lang='lat' dir='ltr'>nostrae,</span> <span class='ocrx_word' id='word_1_388' title='bbox 2152 3511 2232 3568; x_wconf 86' lang='lat' dir='ltr'>Et</span> <span class='ocrx_word' id='word_1_389' title='bbox 2281 3530 2386 3585; x_wconf 89' lang='lat' dir='ltr'>per</span> <span class='ocrx_word' id='word_1_390' title='bbox 2445 3516 2857 3587; x_wconf 87' lang='lat' dir='ltr'>adjuvantem,</span> 
     </span>
     <span class='ocr_line' id='line_1_42' title="bbox 435 3587 2860 3662; baseline 0.003 -18"><span class='ocrx_word' id='word_1_391' title='bbox 435 3593 854 3659; x_wconf 87' lang='lat' dir='ltr'>cooperantem</span> <span class='ocrx_word' id='word_1_392' title='bbox 895 3594 955 3642; x_wconf 91' lang='lat' dir='ltr'>et</span> <span class='ocrx_word' id='word_1_393' title='bbox 996 3588 1472 3661; x_wconf 90' lang='lat' dir='ltr'>subsequentem,</span> <span class='ocrx_word' id='word_1_394' title='bbox 1515 3587 1821 3643; x_wconf 90' lang='lat' dir='ltr'>motionen</span> <span class='ocrx_word' id='word_1_395' title='bbox 1863 3589 2201 3657; x_wconf 89' lang='lat' dir='ltr'>secundam,</span> <span class='ocrx_word' id='word_1_396' title='bbox 2252 3608 2386 3662; x_wconf 83' lang='lat' dir='ltr'>quae</span> <span class='ocrx_word' id='word_1_397' title='bbox 2440 3592 2735 3648; x_wconf 87' lang='lat' dir='ltr'>conversis</span> <span class='ocrx_word' id='word_1_398' title='bbox 2763 3612 2860 3652; x_wconf 89' lang='lat' dir='ltr'>co-</span> 
     </span>
     <span class='ocr_line' id='line_1_43' title="bbox 437 3663 2859 3739; baseline 0.002 -17"><span class='ocrx_word' id='word_1_399' title='bbox 437 3672 733 3739; x_wconf 88' lang='lat' dir='ltr'>operatur,</span> <span class='ocrx_word' id='word_1_400' title='bbox 783 3670 842 3721; x_wconf 88' lang='lat' dir='ltr'>et</span> <span class='ocrx_word' id='word_1_401' title='bbox 889 3682 990 3721; x_wconf 90' lang='lat' dir='ltr'>eos</span> <span class='ocrx_word' id='word_1_402' title='bbox 1018 3666 1094 3722; x_wconf 90' lang='lat' dir='ltr'>ad</span> <span class='ocrx_word' id='word_1_403' title='bbox 1143 3666 1446 3739; x_wconf 87' lang='lat' dir='ltr'>agendum</span> <span class='ocrx_word' id='word_1_404' title='bbox 1473 3665 1744 3737; x_wconf 88' lang='lat' dir='ltr'>adjuvat,</span> <span class='ocrx_word' id='word_1_405' title='bbox 1772 3663 1945 3721; x_wconf 85' lang='lat' dir='ltr'>facile</span> <span class='ocrx_word' id='word_1_406' title='bbox 1975 3668 2141 3723; x_wconf 72' lang='lat' dir='ltr'>hanc</span> <span class='ocrx_word' id='word_1_407' title='bbox 2177 3666 2615 3725; x_wconf 86' lang='lat' dir='ltr'>distinctionem</span> <span class='ocrx_word' id='word_1_408' title='bbox 2644 3670 2859 3728; x_wconf 87' lang='lat' dir='ltr'>admit·</span> 
     </span>
     <span class='ocr_line' id='line_1_44' title="bbox 436 3742 2855 3815; baseline 0.002 -14"><span class='ocrx_word' id='word_1_409' title='bbox 436 3751 712 3812; x_wconf 90' lang='lat' dir='ltr'>teremus,</span> <span class='ocrx_word' id='word_1_410' title='bbox 742 3750 813 3800; x_wconf 89' lang='lat' dir='ltr'>ut</span> <span class='ocrx_word' id='word_1_411' title='bbox 838 3761 963 3799; x_wconf 91' lang='lat' dir='ltr'>non</span> <span class='ocrx_word' id='word_1_412' title='bbox 987 3744 1169 3799; x_wconf 89' lang='lat' dir='ltr'>semel</span> <span class='ocrx_word' id='word_1_413' title='bbox 1191 3743 1462 3799; x_wconf 89' lang='lat' dir='ltr'>videmus</span> <span class='ocrx_word' id='word_1_414' title='bbox 1485 3742 1747 3815; x_wconf 86' lang='lat' dir='ltr'>August.</span> <span class='ocrx_word' id='word_1_415' title='bbox 1778 3760 1849 3799; x_wconf 92' lang='lat' dir='ltr'>ea</span> <span class='ocrx_word' id='word_1_416' title='bbox 1875 3761 2046 3800; x_wconf 87' lang='lat' dir='ltr'>usam</span> <span class='ocrx_word' id='word_1_417' title='bbox 2073 3743 2255 3801; x_wconf 82' lang='lat' dir='ltr'>fuisse</span> <span class='ocrx_word' id='word_1_418' title='bbox 2278 3767 2291 3803; x_wconf 71' lang='grc' dir='ltr'>ι</span> <span class='ocrx_word' id='word_1_419' title='bbox 2324 3745 2561 3805; x_wconf 87' lang='lat' dir='ltr'>Euchir.</span> <span class='ocrx_word' id='word_1_420' title='bbox 2591 3766 2641 3804; x_wconf 88' lang='lat' dir='ltr'>c.</span> <span class='ocrx_word' id='word_1_421' title='bbox 2670 3748 2855 3805; x_wconf 76' lang='lat' dir='ltr'>xxxii.</span> 
     </span>
     <span class='ocr_line' id='line_1_45' title="bbox 437 3819 2856 3901; baseline 0.002 -22"><span class='ocrx_word' id='word_1_422' title='bbox 437 3828 473 3856; x_wconf 81' lang='lat'>‘⁴</span> <span class='ocrx_word' id='word_1_423' title='bbox 500 3822 844 3896; x_wconf 88' lang='lat' dir='ltr'>Utrumque</span> <span class='ocrx_word' id='word_1_424' title='bbox 886 3821 1108 3895; x_wconf 84' lang='lat' dir='ltr'>legitur</span> <span class='ocrx_word' id='word_1_425' title='bbox 1148 3821 1211 3878; x_wconf 90' lang='lat' dir='ltr'>in</span> <span class='ocrx_word' id='word_1_426' title='bbox 1252 3820 1468 3878; x_wconf 87' lang='lat' dir='ltr'>sanctis</span> <span class='ocrx_word' id='word_1_427' title='bbox 1513 3819 1805 3894; x_wconf 86' lang='lat' dir='ltr'>Eloquiis,</span> <span class='ocrx_word' id='word_1_428' title='bbox 1854 3829 1915 3877; x_wconf 87' lang='lat' dir='ltr'>et</span> <span class='ocrx_word' id='word_1_429' title='bbox 1961 3821 2364 3881; x_wconf 85' lang='lat' dir='ltr'>misericordia</span> <span class='ocrx_word' id='word_1_430' title='bbox 2404 3825 2534 3898; x_wconf 90' lang='lat' dir='ltr'>ejus</span> <span class='ocrx_word' id='word_1_431' title='bbox 2570 3827 2856 3901; x_wconf 80' lang='lat' dir='ltr'>praevenit</span> 
     </span>
     <span class='ocr_line' id='line_1_46' title="bbox 435 3899 2858 3978; baseline 0 -20"><span class='ocrx_word' id='word_1_432' title='bbox 435 3920 551 3971; x_wconf 90' lang='lat' dir='ltr'>me,</span> <span class='ocrx_word' id='word_1_433' title='bbox 578 3908 639 3957; x_wconf 91' lang='lat' dir='ltr'>et</span> <span class='ocrx_word' id='word_1_434' title='bbox 666 3901 1060 3975; x_wconf 88' lang='lat' dir='ltr'>subsequetur</span> <span class='ocrx_word' id='word_1_435' title='bbox 1107 3919 1201 3957; x_wconf 87' lang='lat' dir='ltr'>me</span> <span class='ocrx_word' id='word_1_436' title='bbox 1225 3920 1239 3970; x_wconf 91' lang='grc'><strong>;</strong></span> <span class='ocrx_word' id='word_1_437' title='bbox 1289 3899 1594 3955; x_wconf 88' lang='lat' dir='ltr'>nolentem</span> <span class='ocrx_word' id='word_1_438' title='bbox 1622 3899 1908 3973; x_wconf 85' lang='lat' dir='ltr'>praevenit</span> <span class='ocrx_word' id='word_1_439' title='bbox 1936 3906 2007 3958; x_wconf 89' lang='lat' dir='ltr'>ut</span> <span class='ocrx_word' id='word_1_440' title='bbox 2033 3901 2196 3972; x_wconf 85' lang='lat' dir='ltr'>velit,</span> <span class='ocrx_word' id='word_1_441' title='bbox 2220 3903 2519 3961; x_wconf 89' lang='lat' dir='ltr'>volentem</span> <span class='ocrx_word' id='word_1_442' title='bbox 2548 3905 2858 3978; x_wconf 85' lang='lat' dir='ltr'>subsequi-</span> 
     </span>
     <span class='ocr_line' id='line_1_47' title="bbox 435 3976 2852 4056; baseline 0 -19"><span class='ocrx_word' id='word_1_443' title='bbox 435 3987 536 4037; x_wconf 86' lang='lat' dir='ltr'>tur</span> <span class='ocrx_word' id='word_1_444' title='bbox 562 3997 637 4036; x_wconf 91' lang='lat' dir='ltr'>ne</span> <span class='ocrx_word' id='word_1_445' title='bbox 664 3978 889 4036; x_wconf 86' lang='lat' dir='ltr'>frustra</span> <span class='ocrx_word' id='word_1_446' title='bbox 920 3978 1062 4035; x_wconf 85' lang='lat' dir='ltr'>velit</span> <span class='ocrx_word' id='word_1_447' title='bbox 1084 3979 1139 4048; x_wconf 92' lang='lat'>;”</span> <span class='ocrx_word' id='word_1_448' title='bbox 1183 3986 1244 4035; x_wconf 91' lang='lat' dir='ltr'>et</span> <span class='ocrx_word' id='word_1_449' title='bbox 1288 3976 1510 4033; x_wconf 87' lang='lat' dir='ltr'>ibidem</span> <span class='ocrx_word' id='word_1_450' title='bbox 1557 3984 1763 4034; x_wconf 88' lang='lat' dir='ltr'>monet</span> <span class='ocrx_word' id='word_1_451' title='bbox 1791 3986 1944 4035; x_wconf 90' lang='lat' dir='ltr'>recte</span> <span class='ocrx_word' id='word_1_452' title='bbox 1966 3979 2194 4037; x_wconf 90' lang='lat' dir='ltr'>dictum</span> <span class='ocrx_word' id='word_1_453' title='bbox 2224 3983 2300 4037; x_wconf 88' lang='lat' dir='ltr'>ab</span> <span class='ocrx_word' id='word_1_454' title='bbox 2330 3982 2646 4056; x_wconf 86' lang='lat' dir='ltr'>Apost010,</span> <span class='ocrx_word' id='word_1_455' title='bbox 2679 3991 2712 4016; x_wconf 89' lang='lat'><strong>“</strong></span> <span class='ocrx_word' id='word_1_456' title='bbox 2732 4000 2852 4039; x_wconf 90' lang='lat' dir='ltr'>non</span> 
     </span>
     <span class='ocr_line' id='line_1_48' title="bbox 433 4054 2855 4134; baseline 0.002 -20"><span class='ocrx_word' id='word_1_457' title='bbox 433 4057 691 4115; x_wconf 89' lang='lat' dir='ltr'>volentis</span> <span class='ocrx_word' id='word_1_458' title='bbox 731 4075 857 4115; x_wconf 88' lang='lat' dir='ltr'>esse</span> <span class='ocrx_word' id='word_1_459' title='bbox 898 4075 1007 4113; x_wconf 91' lang='lat' dir='ltr'>nec</span> <span class='ocrx_word' id='word_1_460' title='bbox 1045 4056 1355 4125; x_wconf 88' lang='lat' dir='ltr'>currentis,</span> <span class='ocrx_word' id='word_1_461' title='bbox 1385 4056 1486 4112; x_wconf 80' lang='lat' dir='ltr'>sed</span> <span class='ocrx_word' id='word_1_462' title='bbox 1527 4054 1856 4113; x_wconf 88' lang='lat' dir='ltr'>miserentis</span> <span class='ocrx_word' id='word_1_463' title='bbox 1883 4055 2017 4127; x_wconf 89' lang='lat' dir='ltr'>Dei,</span> <span class='ocrx_word' id='word_1_464' title='bbox 2049 4065 2117 4115; x_wconf 91' lang='lat' dir='ltr'>ut</span> <span class='ocrx_word' id='word_1_465' title='bbox 2144 4066 2339 4116; x_wconf 89' lang='lat' dir='ltr'>totum</span> <span class='ocrx_word' id='word_1_466' title='bbox 2369 4061 2499 4117; x_wconf 90' lang='lat' dir='ltr'>Deo</span> <span class='ocrx_word' id='word_1_467' title='bbox 2529 4063 2719 4130; x_wconf 91' lang='lat' dir='ltr'>detur,</span> <span class='ocrx_word' id='word_1_468' title='bbox 2751 4061 2855 4134; x_wconf 91' lang='lat' dir='ltr'>qui</span> 
     </span>
     <span class='ocr_line' id='line_1_49' title="bbox 432 4135 2858 4211; baseline 0 -16"><span class='ocrx_word' id='word_1_469' title='bbox 432 4135 691 4195; x_wconf 90' lang='lat' dir='ltr'>hominis</span> <span class='ocrx_word' id='word_1_470' title='bbox 734 4139 1107 4193; x_wconf 85' lang='lat' dir='ltr'>voluntatem</span> <span class='ocrx_word' id='word_1_471' title='bbox 1148 4136 1387 4203; x_wconf 88' lang='lat' dir='ltr'>bonam,</span> <span class='ocrx_word' id='word_1_472' title='bbox 1432 4140 1492 4189; x_wconf 90' lang='lat' dir='ltr'>et</span> <span class='ocrx_word' id='word_1_473' title='bbox 1537 4142 1831 4208; x_wconf 85' lang='lat' dir='ltr'>praeparat</span> <span class='ocrx_word' id='word_1_474' title='bbox 1880 4136 2308 4208; x_wconf 86' lang='lat' dir='ltr'>adjuvandam,</span> <span class='ocrx_word' id='word_1_475' title='bbox 2353 4145 2412 4195; x_wconf 89' lang='lat' dir='ltr'>et</span> <span class='ocrx_word' id='word_1_476' title='bbox 2437 4137 2688 4209; x_wconf 91' lang='lat' dir='ltr'>adjuvat</span> <span class='ocrx_word' id='word_1_477' title='bbox 2708 4156 2858 4211; x_wconf 82' lang='lat' dir='ltr'>prae·</span> 
     </span>
     <span class='ocr_line' id='line_1_50' title="bbox 433 4210 2856 4290; baseline -0 -17"><span class='ocrx_word' id='word_1_478' title='bbox 433 4214 765 4290; x_wconf 87' lang='lat' dir='ltr'>paratam.&#39;&#39;</span> <span class='ocrx_word' id='word_1_479' title='bbox 826 4214 907 4272; x_wconf 88' lang='lat' dir='ltr'>Et</span> <span class='ocrx_word' id='word_1_480' title='bbox 933 4213 1035 4269; x_wconf 84' lang='lat' dir='ltr'>lib.</span> <span class='ocrx_word' id='word_1_481' title='bbox 1065 4215 1139 4270; x_wconf 88' lang='lat' dir='ltr'>de</span> <span class='ocrx_word' id='word_1_482' title='bbox 1172 4212 1312 4270; x_wconf 88' lang='lat' dir='ltr'>Gra.</span> <span class='ocrx_word' id='word_1_483' title='bbox 1343 4218 1404 4268; x_wconf 89' lang='lat' dir='ltr'>et</span> <span class='ocrx_word' id='word_1_484' title='bbox 1456 4210 1559 4269; x_wconf 89' lang='lat' dir='ltr'>lib.</span> <span class='ocrx_word' id='word_1_485' title='bbox 1612 4212 1761 4269; x_wconf 89' lang='lat' dir='ltr'>Arb.</span> <span class='ocrx_word' id='word_1_486' title='bbox 1793 4232 1917 4287; x_wconf 89' lang='lat' dir='ltr'>cap.</span> <span class='ocrx_word' id='word_1_487' title='bbox 1967 4213 2057 4283; x_wconf 88' lang='lat'>17,</span> <span class='ocrx_word' id='word_1_488' title='bbox 2104 4220 2138 4247; x_wconf 85' lang='lat'><strong>“</strong></span> <span class='ocrx_word' id='word_1_489' title='bbox 2161 4214 2250 4272; x_wconf 89' lang='lat' dir='ltr'>Ut</span> <span class='ocrx_word' id='word_1_490' title='bbox 2270 4233 2413 4288; x_wconf 91' lang='lat' dir='ltr'>ergo</span> <span class='ocrx_word' id='word_1_491' title='bbox 2434 4215 2703 4284; x_wconf 83' lang='lat' dir='ltr'>velimus,</span> <span class='ocrx_word' id='word_1_492' title='bbox 2728 4216 2856 4275; x_wconf 91' lang='lat' dir='ltr'>sine</span> 
     </span>
     <span class='ocr_line' id='line_1_51' title="bbox 433 4289 2857 4366; baseline 0.001 -17"><span class='ocrx_word' id='word_1_493' title='bbox 433 4293 605 4350; x_wconf 90' lang='lat' dir='ltr'>nobis</span> <span class='ocrx_word' id='word_1_494' title='bbox 634 4299 950 4366; x_wconf 89' lang='lat' dir='ltr'>operatur;</span> <span class='ocrx_word' id='word_1_495' title='bbox 982 4308 1119 4347; x_wconf 89' lang='lat' dir='ltr'>cum</span> <span class='ocrx_word' id='word_1_496' title='bbox 1167 4299 1372 4348; x_wconf 88' lang='lat' dir='ltr'>autem</span> <span class='ocrx_word' id='word_1_497' title='bbox 1393 4289 1692 4360; x_wconf 88' lang='lat' dir='ltr'>volumus,</span> <span class='ocrx_word' id='word_1_498' title='bbox 1722 4298 1782 4347; x_wconf 88' lang='lat' dir='ltr'>et</span> <span class='ocrx_word' id='word_1_499' title='bbox 1808 4290 1890 4347; x_wconf 91' lang='lat' dir='ltr'>sic</span> <span class='ocrx_word' id='word_1_500' title='bbox 1916 4291 2199 4348; x_wconf 89' lang='lat' dir='ltr'>volumus</span> <span class='ocrx_word' id='word_1_501' title='bbox 2228 4299 2295 4349; x_wconf 93' lang='lat' dir='ltr'>ut</span> <span class='ocrx_word' id='word_1_502' title='bbox 2321 4292 2627 4362; x_wconf 74' lang='lat' dir='ltr'>saciamuS,</span> <span class='ocrx_word' id='word_1_503' title='bbox 2658 4295 2857 4351; x_wconf 87' lang='lat' dir='ltr'>nobis-</span> 
     </span>
     <span class='ocr_line' id='line_1_52' title="bbox 433 4367 2855 4446; baseline 0.001 -18"><span class='ocrx_word' id='word_1_504' title='bbox 433 4388 570 4428; x_wconf 90' lang='lat' dir='ltr'>cum</span> <span class='ocrx_word' id='word_1_505' title='bbox 599 4377 987 4444; x_wconf 56' lang='lat' dir='ltr'>cooperatum</span> <span class='ocrx_word' id='word_1_506' title='bbox 1019 4375 1217 4425; x_wconf 87' lang='lat' dir='ltr'>tamen</span> <span class='ocrx_word' id='word_1_507' title='bbox 1248 4369 1373 4426; x_wconf 91' lang='lat' dir='ltr'>sine</span> <span class='ocrx_word' id='word_1_508' title='bbox 1402 4367 1508 4424; x_wconf 92' lang='lat' dir='ltr'>illo</span> <span class='ocrx_word' id='word_1_509' title='bbox 1536 4369 1636 4424; x_wconf 89' lang='lat' dir='ltr'>vel</span> <span class='ocrx_word' id='word_1_510' title='bbox 1663 4376 1943 4443; x_wconf 88' lang='lat' dir='ltr'>operante</span> <span class='ocrx_word' id='word_1_511' title='bbox 1972 4376 2041 4426; x_wconf 91' lang='lat' dir='ltr'>ut</span> <span class='ocrx_word' id='word_1_512' title='bbox 2068 4369 2339 4441; x_wconf 83' lang='lat' dir='ltr'>velimus,</span> <span class='ocrx_word' id='word_1_513' title='bbox 2367 4370 2464 4427; x_wconf 89' lang='lat' dir='ltr'>vel</span> <span class='ocrx_word' id='word_1_514' title='bbox 2503 4379 2855 4446; x_wconf 86' lang='lat' dir='ltr'>cooperante</span> 
     </span>
     <span class='ocr_line' id='line_1_53' title="bbox 433 4446 2852 4525; baseline 0.002 -21"><span class='ocrx_word' id='word_1_515' title='bbox 433 4467 623 4521; x_wconf 91' lang='lat' dir='ltr'>quum</span> <span class='ocrx_word' id='word_1_516' title='bbox 651 4449 950 4517; x_wconf 87' lang='lat' dir='ltr'>volumus,</span> <span class='ocrx_word' id='word_1_517' title='bbox 986 4448 1063 4504; x_wconf 85' lang='lat' dir='ltr'>ad</span> <span class='ocrx_word' id='word_1_518' title='bbox 1106 4447 1265 4504; x_wconf 90' lang='lat' dir='ltr'>bona</span> <span class='ocrx_word' id='word_1_519' title='bbox 1302 4446 1539 4522; x_wconf 88' lang='lat' dir='ltr'>pietatis</span> <span class='ocrx_word' id='word_1_520' title='bbox 1579 4465 1759 4521; x_wconf 90' lang='lat' dir='ltr'>opera</span> <span class='ocrx_word' id='word_1_521' title='bbox 1799 4446 1949 4503; x_wconf 90' lang='lat' dir='ltr'>nihil</span> <span class='ocrx_word' id='word_1_522' title='bbox 1978 4449 2304 4505; x_wconf 88' lang='lat' dir='ltr'>valemus.”</span> <span class='ocrx_word' id='word_1_523' title='bbox 2389 4449 2507 4506; x_wconf 88' lang='lat' dir='ltr'>Sed</span> <span class='ocrx_word' id='word_1_524' title='bbox 2549 4451 2694 4525; x_wconf 88' lang='lat' dir='ltr'>quia</span> <span class='ocrx_word' id='word_1_525' title='bbox 2733 4451 2852 4508; x_wconf 88' lang='lat' dir='ltr'>alio</span> 
     </span>
     <span class='ocr_line' id='line_1_54' title="bbox 431 4524 2851 4604; baseline 0.002 -23"><span class='ocrx_word' id='word_1_526' title='bbox 431 4526 709 4597; x_wconf 55' lang='lat' dir='ltr'>sensQab</span> <span class='ocrx_word' id='word_1_527' title='bbox 737 4525 878 4600; x_wconf 89' lang='lat' dir='ltr'>ipsis</span> <span class='ocrx_word' id='word_1_528' title='bbox 907 4532 1251 4598; x_wconf 87' lang='lat' dir='ltr'>usurpatur,</span> <span class='ocrx_word' id='word_1_529' title='bbox 1275 4532 1345 4582; x_wconf 88' lang='lat' dir='ltr'>ut</span> <span class='ocrx_word' id='word_1_530' title='bbox 1371 4543 1478 4600; x_wconf 88' lang='lat' dir='ltr'>per</span> <span class='ocrx_word' id='word_1_531' title='bbox 1499 4525 1876 4594; x_wconf 82' lang='lat' dir='ltr'>excitantem,</span> <span class='ocrx_word' id='word_1_532' title='bbox 1900 4524 2378 4598; x_wconf 66' lang='lat' dir='ltr'>praevenientem,</span> <span class='ocrx_word' id='word_1_533' title='bbox 2402 4535 2463 4586; x_wconf 90' lang='lat' dir='ltr'>et</span> <span class='ocrx_word' id='word_1_534' title='bbox 2490 4536 2851 4604; x_wconf 87' lang='lat' dir='ltr'>operantem,</span> 
     </span>
     <span class='ocr_line' id='line_1_55' title="bbox 431 4601 2854 4677; baseline 0.002 -18"><span class='ocrx_word' id='word_1_535' title='bbox 431 4601 772 4676; x_wconf 86' lang='lat' dir='ltr'>intelligant</span> <span class='ocrx_word' id='word_1_536' title='bbox 801 4610 1040 4661; x_wconf 89' lang='lat' dir='ltr'>tantum</span> <span class='ocrx_word' id='word_1_537' title='bbox 1066 4603 1323 4677; x_wconf 84' lang='lat' dir='ltr'>gratiam</span> <span class='ocrx_word' id='word_1_538' title='bbox 1353 4602 1759 4676; x_wconf 86' lang='lat' dir='ltr'>sufficientem,</span> <span class='ocrx_word' id='word_1_539' title='bbox 1783 4603 2224 4662; x_wconf 88' lang='lat' dir='ltr'>illuminatione</span> <span class='ocrx_word' id='word_1_540' title='bbox 2252 4613 2312 4662; x_wconf 90' lang='lat' dir='ltr'>et</span> <span class='ocrx_word' id='word_1_541' title='bbox 2339 4607 2612 4666; x_wconf 84' lang='lat' dir='ltr'>suasione</span> <span class='ocrx_word' id='word_1_542' title='bbox 2640 4608 2854 4665; x_wconf 88' lang='lat' dir='ltr'>morali</span> 
     </span>
    </p>
   </div>
   <div class='ocr_carea' id='block_1_3' title="bbox 3118 399 3212 2036">
    <p class='ocr_par' dir='ltr' id='par_1_7' title="bbox 3118 399 3212 2036">
     <span class='ocr_line' id='line_1_56' title="bbox 3118 399 3212 2036; baseline 0 0"><span class='ocrx_word' id='word_1_543' title='bbox 3118 399 3212 2036; x_wconf 62' lang='lat' dir='ltr'><strong><em>J</em></strong></span> 
     </span>
    </p>
   </div>
  </div>
 </body>
</html>
