3221 5200
601 286 716 341 604
1442 298 1626 339 Locus
1654 298 1915 339 nscmus
1945 298 2184 339 surus,
2679 280 2917 362 [Qnaesr
2946 303 3002 343 x.

675 441 854 499 VIII.
900 439 1179 515 Quamvis
1199 439 1536 518 justificatio
1565 448 1764 499 nostra
1791 439 2106 500 novissimo
2136 439 2229 498 die
2258 438 2426 516 plene
2469 439 2813 502 declaranda
2840 444 2998 502 veni·

593 531 668 597 at,
701 520 967 579 adductis
995 521 1167 579 etiam
1195 522 1255 577 in
1284 520 1513 596 signum
1544 529 1603 578 et
1651 529 2051 597 argumentum
2100 522 2225 597 ejus
2273 521 2534 579 veritatis
2582 521 2748 581 bonis
2792 525 3001 582 nostris

593 601 879 678 operibUS,
897 602 1108 668 Matth.
1138 620 1278 658 xxv.
1301 623 1314 675 ;
1362 600 1671 676 Perperam
1698 609 1889 659 tamen
1918 601 2048 677 quis
2075 599 2207 658 inde
2230 599 2518 677 duplicem
2532 602 3000 677 justificationem

594 682 1009 758 Evangelicam
1039 688 1329 753 statueret,
1361 679 1598 737 alteram
1628 701 1704 738 ex
1730 680 1843 738 fide
1872 681 1933 738 in
1959 681 2067 739 hac
2088 681 2226 754 vita,
2258 701 2387 756 quae
2417 681 2492 738 sit
2519 682 2717 756 prima,
2763 683 2998 742 alteram

590 770 650 820 et
680 762 987 820 secundam
1013 781 1087 819 ex
1115 759 1382 836 operibus
1409 759 1470 816 in
1499 760 1592 818 die
1614 760 1838 836 judicii,
1875 769 1940 818 ut
1987 759 2220 836 quidam
2269 760 2506 835 vellent,
2536 761 2612 819 ad
2663 762 2993 822 Pontificios

589 842 699 900 hac
726 843 787 900 in
813 851 973 918 parte
1002 840 1172 897 nimis
1199 838 1555 897 accedentes
1601 840 1750 914 Quia
1778 841 2062 899 sententia
2087 861 2121 897 a
2149 859 2371 898 summo
2393 841 2436 899 J
2440 841 2605 899 udice
2635 841 2868 900 ferenda
2884 863 2998 901 non

590 932 708 980 tam
738 924 845 981 erit
865 919 1203 997 justificatio
1232 938 1399 993 nova,
1432 939 1605 995 quam
1637 920 1934 978 sententiae
1972 920 2150 978 semel
2193 921 2324 978 latae
2374 920 2646 979 solemnis
2684 932 2742 981 et
2768 923 2997 999 publica

591 1002 920 1075 declaratiO,
951 1009 1011 1057 et
1039 998 1306 1057 executio
1333 1019 1438 1075 per
1465 999 1951 1076 adjudicationem
1979 1000 2115 1059 vitae
2144 1000 2439 1077 promissae
2467 1010 2730 1077 respectu
2758 1002 2994 1079 integrae

589 1101 848 1158 personae
878 1098 952 1136 ex
972 1079 1384 1154 justificatione
1413 1079 1778 1156 praecedenti,
1810 1089 1875 1137 ut
1903 1080 1983 1138 ita
2010 1081 2156 1139 nihil
2184 1081 2259 1138 sit
2306 1080 2465 1138 aliud
2514 1101 2685 1158 quam
2715 1082 2996 1140 sententia

589 1159 1007 1236 adjudicatoria
1034 1159 1414 1233 possessionis
1444 1160 1637 1235 Regni
1687 1160 1961 1218 coelorum
1990 1181 2065 1219 ex
2084 1161 2218 1235 jure
2241 1169 2410 1218 antea
2432 1160 2566 1219 dato
2595 1182 2698 1237 per
2716 1162 2995 1238 justifica-

587 1241 818 1297 tionem.
906 1237 984 1295 Et
1012 1238 1061 1295 si
1090 1258 1261 1314 opera
1310 1246 1431 1296 tum
1461 1238 1840 1313 adducuntur,
1881 1259 1998 1297 non
2045 1241 2401 1298 adducentur
2448 1250 2514 1299 ut
2560 1241 2993 1299 fundamentum

585 1337 750 1374 novae
770 1316 1207 1391 justificationis
1236 1326 1373 1375 tunc
1402 1317 1748 1390 obtinendae,
1781 1319 1883 1376 sed
1924 1328 2196 1394 tanquam
2241 1321 2424 1395 signa,
2467 1320 2682 1379 indicia
2710 1331 2769 1379 et
2795 1321 2997 1380 effecta

587 1416 741 1454 verae
768 1405 979 1453 nostrae
1009 1396 1160 1467 fidei,
1193 1404 1251 1453 et
1277 1396 1461 1452 unicae
1489 1405 1702 1453 nostrae
1722 1396 2157 1467 justificationis
2188 1419 2261 1456 ex
2291 1399 2407 1456 illa.

666 1475 787 1533 IX.
832 1474 1014 1532 Aliud
1042 1484 1130 1531 est
1149 1473 1624 1547 justificationem
1652 1475 1861 1550 saepius
1889 1476 2174 1551 applicare
2218 1485 2277 1533 et
2323 1476 2633 1534 extendere
2656 1477 2731 1535 ad
2759 1489 2997 1553 peccata

583 1555 933 1632 quotidianae
961 1553 1320 1627 incursioniS,
1351 1573 1467 1630 quo
1517 1573 1692 1611 sensu
1730 1553 2003 1629 jubemur
2050 1563 2242 1629 petere
2291 1554 2548 1630 quotidie
2597 1557 2992 1617 remissionem

581 1646 980 1713 peccatorum3
1028 1633 1211 1692 Aliud
1244 1633 1718 1710 justificationem
1741 1634 1950 1710 saepius
1980 1633 2184 1692 iterare
2213 1643 2271 1692 et
2311 1654 2606 1693 renovare.
2693 1635 2864 1695 Prius
2893 1639 2995 1697 da-

580 1736 726 1790 mus,
760 1716 863 1774 sed
891 1736 1008 1773 non
1035 1715 1337 1792 posterius.
1423 1714 1544 1772 Nec
1593 1733 1739 1790 opus
1787 1723 1876 1772 est
1921 1722 1986 1772 ut
2029 1733 2183 1772 nova
2225 1715 2564 1791 justificatio
2609 1735 2868 1792 personae
2896 1721 2997 1778 fiat

583 1798 811 1875 quoties
832 1797 893 1854 in
916 1815 1132 1854 novum
1154 1803 1449 1871 peccatum
1472 1794 1690 1852 labitur
1715 1793 1931 1852 fidelis:
1959 1793 2169 1853 sufficit
2194 1805 2258 1853 ut
2267 1795 2609 1870 justificatio
2633 1798 2809 1856 semel
2827 1798 2993 1875 facta,

580 1898 710 1954 quoe
739 1877 787 1935 si
816 1897 932 1934 non
959 1875 1289 1949 formaliter,
1321 1874 1645 1933 virtualiter
1671 1884 1730 1934 et
1757 1874 2021 1951 generice
2049 1875 2306 1934 continet
2331 1875 2723 1934 remissionem
2743 1878 2995 1936 omnium

579 1967 960 2033 peccatorum,
993 1955 1311 2032 applicetur
1338 1962 1396 2012 et
1423 1953 1769 2012 extendatur
1798 1954 2061 2030 specifice
2090 1964 2148 2014 et
2176 1954 2611 2014 determinative
2657 1956 2730 2013 ad
2758 1957 2866 2015 hoc
2894 1959 2993 2016 vel

578 2036 725 2095 illud
753 2046 1069 2113 peccatum,
1101 2055 1204 2111 per
1232 2034 1647 2093 intimationem
1684 2034 1930 2110 Spiritus
1958 2035 2015 2093 S.
2046 2045 2104 2093 et
2132 2035 2267 2093 fidei
2295 2036 2825 2111 apprehensionem.

660 2116 744 2174 X.
793 2117 956 2174 Licet
983 2135 1121 2173 vero
1150 2114 1410 2172 remissio
1432 2122 1795 2190 peccatorum
1819 2114 2029 2190 saepius
2050 2115 2325 2191 applicari
2348 2116 2555 2173 debeat
2576 2117 2826 2192 peccatis
2847 2137 2989 2193 quo-

576 2196 828 2271 tidianis,
860 2215 1156 2273 perperam
1186 2203 1375 2252 tamen
1406 2193 1539 2251 inde
1562 2194 1694 2270 quis
1715 2194 2013 2271 colligeret
2049 2204 2284 2271 peccata
2305 2195 2481 2253 semel
2520 2195 2757 2254 dimissa
2783 2197 2990 2254 iterum

577 2278 922 2335 reviviscere
940 2285 998 2333 et
1021 2274 1204 2332 redire
1233 2293 1335 2350 per
1346 2273 1769 2349 subsequentia,
1786 2284 1849 2332 ut
1872 2274 2104 2349 quidam
2128 2295 2202 2332 ex
2217 2274 2535 2352 Pontificiis
2547 2275 2762 2333 vellent
2785 2298 2798 2351 ;
2847 2276 2991 2334 Cum

577 2358 652 2415 sit
681 2356 894 2414 donum
923 2363 1297 2426 ἁμιημίλητη,
1330 2354 1495 2429 cujus
1546 2354 1737 2411 Deum
1785 2354 2062 2429 poenitere
2113 2374 2229 2412 non
2272 2363 2479 2430 potest.
2565 2355 2687 2413 Nec
2714 2355 2990 2432 parabola

577 2437 729 2495 servi
760 2437 915 2493 illius
942 2433 1172 2511 ingrati,
1204 2434 1305 2509 qui
1333 2442 1464 2510 post
1491 2433 1768 2505 majorem
1798 2453 2076 2491 summam
2108 2434 2218 2492 sibi
2247 2453 2281 2490 a
2309 2453 2413 2491 suo
2465 2435 2715 2493 Domino
2758 2455 2992 2495 conces-

577 2535 717 2589 sam,
750 2514 934 2572 voluit
962 2514 1250 2571 crudelius
1279 2532 1450 2587 agere
1481 2533 1610 2570 cum
1643 2533 1921 2570 conservo
1952 2533 2074 2588 suo,
2121 2513 2222 2590 qui
2250 2513 2335 2571 illi
2363 2514 2534 2590 longe
2584 2515 2862 2574 minorem
2890 2517 2990 2574 de-

575 2595 764 2667 bebat,
796 2593 1009 2669 quique
1037 2592 1168 2651 ideo
1197 2592 1441 2650 traditus
1486 2591 1594 2650 fuit
1639 2592 1977 2652 Tortoribus
2024 2613 2208 2670 usque
2256 2613 2371 2670 quo
2421 2593 2671 2653 solveret
2716 2594 2779 2653 id
2823 2617 2989 2657 omne

573 2673 729 2750 quod
758 2673 1020 2744 debebat,
1051 2691 1181 2747 quae
1209 2671 1546 2747 proponitur
1574 2672 1747 2730 Matt.
1777 2672 1941 2730 xviii.
1972 2677 2067 2748 23,
2120 2674 2230 2731 hoc
2258 2673 2489 2731 evincit.
2563 2674 2712 2748 Quia
2739 2695 2854 2733 non
2877 2677 2989 2736 alio

570 2752 834 2829 pertinet,
865 2769 1038 2826 quam
1067 2750 1140 2806 ad
1169 2749 1582 2806 ostendendam
1627 2751 2020 2809 remissionem
2068 2760 2432 2828 peccatorum
2472 2754 2825 2830 propositam
2854 2776 2988 2815 con-

571 2830 923 2889 ditionaliter
950 2829 1024 2886 ad
1052 2848 1182 2887 eum
1211 2847 1327 2885 non
1356 2828 1661 2904 pertinere,
1692 2830 1753 2887 in
1781 2850 1896 2905 quo
1925 2831 2177 2891 conditio
2205 2830 2495 2891 defecerit.
2586 2834 2807 2910 Scopus
2825 2856 2990 2912 para-

569 2911 735 2986 bolae,
768 2911 866 2987 qui
895 2910 1062 2968 unice
1091 2909 1185 2967 hic
1212 2908 1622 2985 respiciendus,
1654 2929 1772 2968 non
1800 2909 1949 2968 alius
1977 2919 2081 2987 est,
2107 2931 2280 2988 quam
2303 2911 2509 2971 docere
2530 2914 2984 2973 misericordiam

570 2991 683 3051 Dei
713 3012 852 3068 erga
880 2988 1358 3049 immisericordes
1387 3009 1503 3047 non
1544 2990 1819 3064 exerceri,
1871 3011 1977 3049 nec
2027 2991 2340 3050 condonari
2368 3002 2605 3069 peccata
2632 3014 2667 3051 a
2697 2995 2841 3069 Deo,
2872 2996 2986 3053 nisi

568 3072 642 3131 iis
669 3073 770 3149 qui
798 3072 927 3130 aliis
969 3070 1217 3129 offensas
1246 3068 1591 3145 condonant,
1625 3071 1776 3147 quod
1809 3081 1874 3130 ut
1901 3071 2188 3130 efficacius
2208 3072 2647 3148 demonstretur,
2679 3075 2988 3151 opponitur

567 3153 663 3211 hic
694 3153 978 3211 Dominus
1008 3171 1192 3226 servo,
1223 3150 1503 3208 immensa
1531 3171 1755 3209 summa
1783 3152 2034 3227 minutae,
2067 3162 2126 3211 et
2143 3172 2366 3211 summa
2387 3153 2691 3211 clementia
2712 3162 2984 3213 extremae

572 3234 669 3290 ‘nh
810 3233 993 3291 nitati.

569 3255 587 3291 ¹
654 3253 851 3405 5¹22„
906 3362 974 3404 tio
1171 3309 1290 3367 XI.
1335 3314 1395 3369 2.
1422 3312 1699 3384 Petjfectz‘o
1728 3311 1999 3369 convenit
2015 3310 2060 3369 J
2063 3311 2448 3386 ustificationi,
2475 3311 2789 3371 secundum
2808 3332 2982 3390 quam

687 3394 698 3404 '
775 3376 799 3404 ‘³
850 3375 902 3405 ‘³⁰
978 3392 989 3404 ‘
1089 3390 1171 3447 ita
1197 3397 1285 3446 est
1312 3389 1485 3464 plena
1511 3398 1569 3447 et
1597 3390 1862 3447 absoluta
1890 3390 2196 3464 intensive,
2248 3400 2366 3449 tam
2409 3401 2672 3468 respectu
2700 3393 2984 3450 malorum

565 3468 902 3539 ablatorum,
935 3486 1108 3541 quam
1136 3468 1416 3524 bonorum
1445 3468 1872 3542 acquisitorum,
1903 3480 1969 3527 ut
1998 3469 2073 3527 sit
2099 3489 2308 3545 expers
2336 3470 2528 3546 quoad
2555 3490 2615 3527 se
2649 3471 2986 3530 incrementi

564 3554 623 3603 et
651 3544 1017 3616 decrementi,
1048 3564 1154 3602 nec
1182 3544 1422 3619 recipiat
1448 3546 1636 3620 magis
1665 3555 1723 3603 et
1749 3547 1955 3620 minus,
1987 3547 2123 3605 licet
2163 3548 2355 3623 quoad
2403 3549 2528 3622 ejus
2576 3550 2986 3622 apprehensio-

564 3645 695 3684 nem
726 3633 784 3681 et
812 3642 1040 3681 sensum
1071 3623 1151 3680 ita
1178 3622 1463 3698 gradatim
1492 3624 1843 3698 provebatur
1869 3625 2013 3683 fides
2042 3635 2253 3700 nostra,
2305 3634 2370 3683 ut
2392 3644 2526 3682 suos
2555 3626 2729 3683 etiam
2756 3628 2982 3704 profec-

563 3716 658 3767 tus
687 3704 912 3777 habeat,
943 3712 1001 3762 et
1028 3702 1303 3761 defectae.
1389 3701 1511 3760 Nec
1541 3702 1590 3760 si
1618 3701 1762 3760 fides
1789 3722 1906 3778 qua
1925 3703 2310 3780 justificamur
2338 3704 2654 3764 intenditur
2702 3716 2759 3767 et
2788 3710 2983 3769 remit-

563 3788 720 3860 titur,
754 3784 1012 3861 sequitur
1038 3783 1222 3860 ipsam
1241 3781 1717 3855 justificationem
1766 3784 1980 3859 pariter
2022 3783 2243 3842 intendi
2293 3792 2352 3843 et
2399 3784 2632 3861 remitti,
2680 3788 2818 3866 quia
2862 3810 2980 3847 non

553 3866 845 3943 justificat
872 3884 974 3942 per
1003 3885 1064 3923 se
1094 3872 1151 3922 et
1192 3863 1437 3940 proprie,
1491 3863 1594 3921 sed
1641 3871 1865 3922 tantum
1911 3864 2180 3941 organice
2224 3873 2282 3924 et
2319 3862 2598 3942 relative;
2643 3878 2709 3927 ut
2737 3868 2979 3927 intuitus

563 3946 845 4025 serpentis
874 3945 1019 4003 aenei
1046 3964 1162 4004 non
1184 3943 1483 4003 desinebat
1512 3943 1810 4021 aequaliter
1839 3965 2058 4021 sanare,
2102 3945 2240 4004 licet
2266 3946 2365 4003 alii
2386 3945 2516 4003 aliis
2544 3949 2770 4007 acutius
2799 3957 2856 4007 et
2882 3949 2978 4006 fir·

563 4030 717 4086 mius
747 4032 1062 4084 cernerent.

1164 4104 1318 4162 XII.
1364 4107 1420 4163 3.
1455 4105 1744 4164 Cer-titudo
1790 4104 1917 4181 ejus
1965 4104 2183 4181 duplex
2231 4114 2320 4165 est
2344 4128 2357 4165 :
2429 4105 2569 4163 Alia
2610 4107 2803 4181 objecti
2827 4107 2884 4164 in
2916 4126 2978 4166 se

1081 4203 1185 4259 per
1211 4184 1733 4243 immutabilitatem
1762 4193 1821 4242 et
1847 4185 2349 4261 perseverantiam,
2381 4205 2496 4262 qua
2540 4187 2700 4243 Deus
2727 4185 2979 4244 remissi·

559 4285 728 4323 onem
759 4263 934 4321 semel
965 4262 1158 4355 datam
1185 4283 1477 4340 nunquam
1507 4273 1759 4337 revocat,
1790 4273 2021 4340 propter
2049 4266 2266 4341 gratiae,
2290 4266 2535 4338 justitiae
2566 4275 2622 4324 et
2650 4265 2980 4342 promissio-

673 4394 880 4451 0¹>J002¹2
1081 4354 1952 4499 {22⁵⁰aeN³.¹f:?¹132¹132013{¹35;332
1979 4345 2977 4484 322213¹..‡2⁷fz2.¹..{’n3‡¹¹22¹ssssss

558 4513 688 4559 κατὰ
714 4509 907 4576 quun
936 4510 1071 4561 sunt
1098 4512 1459 4579 &memiana-a,
1495 4504 1663 4563 Rom.
1694 4504 1774 4561 xi.
1807 4505 1901 4561 29.
1988 4503 2160 4562 Unde
2188 4523 2334 4580 quos
2363 4505 2543 4564 semel
2557 4470 2901 4583 justificavit
2918 4514 2979 4563 et

556 4582 815 4640 haeredes
843 4581 995 4654 fecit,
1025 4601 1317 4656 nunquam
1349 4584 1694 4642 condemnat
1721 4592 1780 4643 et
1808 4583 2139 4643 exhaeredat
2169 4584 2346 4642 Deae.
2434 4585 2573 4643 Alia
2601 4594 2688 4643 est
2705 4585 2975 4643 certitudo

638 4156 682 4199 3.
704 4155 962 4200 Cei-titudo
