<?xml version="1.0" encoding="UTF-8"?>
<!DOCTYPE html PUBLIC "-//W3C//DTD XHTML 1.0 Transitional//EN"
    "http://www.w3.org/TR/xhtml1/DTD/xhtml1-transitional.dtd">
<html xmlns="http://www.w3.org/1999/xhtml" xml:lang="en" lang="en">
 <head>
  <title>
</title>
<meta http-equiv="Content-Type" content="text/html;charset=utf-8" />
  <meta name='ocr-system' content='tesseract 3.04.00' />
  <meta name='ocr-capabilities' content='ocr_page ocr_carea ocr_par ocr_line ocrx_word'/>
</head>
<body>
  <div class='ocr_page' id='page_1' title='image "./institutiotheol01turrgoog_0550.png"; bbox 0 0 3221 5200; ppageno 0'>
   <div class='ocr_carea' id='block_1_1' title="bbox 522 333 2969 405">
    <p class='ocr_par' dir='ltr' id='par_1_1' title="bbox 522 333 2969 405">
     <span class='ocr_line' id='line_1_1' title="bbox 522 333 2969 405; baseline -0.003 -9"><span class='ocrx_word' id='word_1_1' title='bbox 522 339 640 396; x_wconf 84' lang='lat'>522</span> <span class='ocrx_word' id='word_1_2' title='bbox 1298 351 1487 392; x_wconf 79' lang='lat' dir='ltr'>Locus</span> <span class='ocrx_word' id='word_1_3' title='bbox 1516 349 1785 392; x_wconf 75' lang='lat' dir='ltr'>nscums</span> <span class='ocrx_word' id='word_1_4' title='bbox 1815 348 2103 393; x_wconf 78' lang='lat' dir='ltr'><strong>QUINTUS.</strong></span> <span class='ocrx_word' id='word_1_5' title='bbox 2526 333 2790 405; x_wconf 66' lang='lat' dir='ltr'>[ouaesr.</span> <span class='ocrx_word' id='word_1_6' title='bbox 2825 349 2969 389; x_wconf 62' lang='grc' dir='ltr'>ΧΠ.</span> 
     </span>
    </p>
   </div>
   <div class='ocr_carea' id='block_1_2' title="bbox 507 485 2987 1110">
    <p class='ocr_par' dir='ltr' id='par_1_2' title="bbox 507 485 2987 644">
     <span class='ocr_line' id='line_1_2' title="bbox 517 485 2987 566; baseline -0.002 -15"><span class='ocrx_word' id='word_1_7' title='bbox 517 493 880 562; x_wconf 86' lang='lat' dir='ltr'>Electorum,</span> <span class='ocrx_word' id='word_1_8' title='bbox 904 498 965 548; x_wconf 89' lang='lat' dir='ltr'>et</span> <span class='ocrx_word' id='word_1_9' title='bbox 990 496 1296 549; x_wconf 83' lang='lat' dir='ltr'>externam</span> <span class='ocrx_word' id='word_1_10' title='bbox 1325 491 1576 566; x_wconf 88' lang='lat' dir='ltr'>speciem</span> <span class='ocrx_word' id='word_1_11' title='bbox 1597 489 1726 564; x_wconf 87' lang='lat' dir='ltr'>ejus</span> <span class='ocrx_word' id='word_1_12' title='bbox 1751 490 1949 558; x_wconf 89' lang='lat' dir='ltr'>habet,</span> <span class='ocrx_word' id='word_1_13' title='bbox 1972 488 2111 545; x_wconf 88' lang='lat' dir='ltr'>licet</span> <span class='ocrx_word' id='word_1_14' title='bbox 2138 486 2266 560; x_wconf 86' lang='lat' dir='ltr'>ejus</span> <span class='ocrx_word' id='word_1_15' title='bbox 2286 485 2534 543; x_wconf 85' lang='lat' dir='ltr'>veritate</span> <span class='ocrx_word' id='word_1_16' title='bbox 2555 487 2961 559; x_wconf 86' lang='lat' dir='ltr'>destituatur,</span> <span class='ocrx_word' id='word_1_17' title='bbox 2982 557 2987 561; x_wconf 13' lang='grc' dir='ltr'><em>ᾗ</em></span> 
     </span>
     <span class='ocr_line' id='line_1_3' title="bbox 507 563 2962 644; baseline -0.002 -15"><span class='ocrx_word' id='word_1_18' title='bbox 507 579 577 629; x_wconf 83' lang='lat' dir='ltr'>&#39;et</span> <span class='ocrx_word' id='word_1_19' title='bbox 603 577 772 627; x_wconf 87' lang='lat' dir='ltr'>tanta</span> <span class='ocrx_word' id='word_1_20' title='bbox 799 577 885 626; x_wconf 90' lang='lat' dir='ltr'>est</span> <span class='ocrx_word' id='word_1_21' title='bbox 911 587 1064 644; x_wconf 86' lang='lat' dir='ltr'>saepe</span> <span class='ocrx_word' id='word_1_22' title='bbox 1082 588 1215 627; x_wconf 90' lang='lat' dir='ltr'>cum</span> <span class='ocrx_word' id='word_1_23' title='bbox 1239 587 1310 626; x_wconf 90' lang='lat' dir='ltr'>ea</span> <span class='ocrx_word' id='word_1_24' title='bbox 1331 570 1679 638; x_wconf 87' lang='lat' dir='ltr'>similitudo,</span> <span class='ocrx_word' id='word_1_25' title='bbox 1700 574 1770 624; x_wconf 91' lang='lat' dir='ltr'>ut</span> <span class='ocrx_word' id='word_1_26' title='bbox 1790 585 1911 624; x_wconf 90' lang='lat' dir='ltr'>non</span> <span class='ocrx_word' id='word_1_27' title='bbox 1935 566 2127 640; x_wconf 87' lang='lat' dir='ltr'>major</span> <span class='ocrx_word' id='word_1_28' title='bbox 2149 565 2423 622; x_wconf 79' lang='lat' dir='ltr'>videatur</span> <span class='ocrx_word' id='word_1_29' title='bbox 2440 563 2591 620; x_wconf 90' lang='lat' dir='ltr'>inter</span> <span class='ocrx_word' id='word_1_30' title='bbox 2614 566 2962 640; x_wconf 81' lang='lat' dir='ltr'>imaginem</span> 
     </span>
    </p>

    <p class='ocr_par' dir='ltr' id='par_1_3' title="bbox 515 642 2963 723">
     <span class='ocr_line' id='line_1_4' title="bbox 515 642 2963 723; baseline -0.003 -16"><span class='ocrx_word' id='word_1_31' title='bbox 515 656 576 707; x_wconf 90' lang='lat' dir='ltr'>et</span> <span class='ocrx_word' id='word_1_32' title='bbox 596 654 1002 723; x_wconf 81' lang='lat' dir='ltr'><strong>prototypum.</strong></span> <span class='ocrx_word' id='word_1_33' title='bbox 1050 647 1231 706; x_wconf 85' lang='lat' dir='ltr'><strong>Unde</strong></span> <span class='ocrx_word' id='word_1_34' title='bbox 1252 666 1374 704; x_wconf 91' lang='lat' dir='ltr'>non</span> <span class='ocrx_word' id='word_1_35' title='bbox 1397 649 1578 706; x_wconf 91' lang='lat' dir='ltr'>modo</span> <span class='ocrx_word' id='word_1_36' title='bbox 1601 646 1723 716; x_wconf 89' lang='lat' dir='ltr'>alii,</span> <span class='ocrx_word' id='word_1_37' title='bbox 1746 645 1851 720; x_wconf 90' lang='lat' dir='ltr'>qui</span> <span class='ocrx_word' id='word_1_38' title='bbox 1872 664 1973 702; x_wconf 85' lang='lat' dir='ltr'>eos</span> <span class='ocrx_word' id='word_1_39' title='bbox 1990 644 2212 714; x_wconf 84' lang='lat' dir='ltr'>vident,</span> <span class='ocrx_word' id='word_1_40' title='bbox 2256 642 2429 701; x_wconf 87' lang='lat' dir='ltr'>facile</span> <span class='ocrx_word' id='word_1_41' title='bbox 2447 642 2520 699; x_wconf 89' lang='lat' dir='ltr'>iis</span> <span class='ocrx_word' id='word_1_42' title='bbox 2538 643 2963 721; x_wconf 79' lang='lat' dir='ltr'>decipiuntur,</span> 
     </span>
    </p>

    <p class='ocr_par' dir='ltr' id='par_1_4' title="bbox 518 722 2962 800">
     <span class='ocr_line' id='line_1_5' title="bbox 518 722 2962 800; baseline -0.002 -16"><span class='ocrx_word' id='word_1_43' title='bbox 518 729 619 784; x_wconf 89' lang='lat' dir='ltr'>sed</span> <span class='ocrx_word' id='word_1_44' title='bbox 649 726 764 800; x_wconf 88' lang='lat' dir='ltr'>ipsi</span> <span class='ocrx_word' id='word_1_45' title='bbox 796 726 1114 784; x_wconf 83' lang='lat' dir='ltr'>Credentes</span> <span class='ocrx_word' id='word_1_46' title='bbox 1142 725 1322 782; x_wconf 90' lang='lat' dir='ltr'>etiam</span> <span class='ocrx_word' id='word_1_47' title='bbox 1362 725 1423 781; x_wconf 90' lang='lat' dir='ltr'>in</span> <span class='ocrx_word' id='word_1_48' title='bbox 1452 743 1523 781; x_wconf 90' lang='lat' dir='ltr'>eo</span> <span class='ocrx_word' id='word_1_49' title='bbox 1563 724 1862 781; x_wconf 85' lang='lat' dir='ltr'>falluntur</span> <span class='ocrx_word' id='word_1_50' title='bbox 1900 730 1961 780; x_wconf 90' lang='lat' dir='ltr'>et</span> <span class='ocrx_word' id='word_1_51' title='bbox 2001 722 2111 779; x_wconf 89' lang='lat' dir='ltr'>sibi</span> <span class='ocrx_word' id='word_1_52' title='bbox 2152 722 2291 796; x_wconf 89' lang='lat' dir='ltr'>ipsis</span> <span class='ocrx_word' id='word_1_53' title='bbox 2332 722 2670 796; x_wconf 88' lang='lat' dir='ltr'>imponunt,</span> <span class='ocrx_word' id='word_1_54' title='bbox 2714 740 2779 778; x_wconf 88' lang='lat' dir='ltr'>se</span> <span class='ocrx_word' id='word_1_55' title='bbox 2808 741 2962 778; x_wconf 78' lang='lat' dir='ltr'>vere</span> 
     </span>
    </p>

    <p class='ocr_par' dir='ltr' id='par_1_5' title="bbox 516 800 2961 875">
     <span class='ocr_line' id='line_1_6' title="bbox 516 800 2961 875; baseline -0.002 -14"><span class='ocrx_word' id='word_1_56' title='bbox 516 806 721 861; x_wconf 89' lang='lat' dir='ltr'>fideles</span> <span class='ocrx_word' id='word_1_57' title='bbox 743 823 862 860; x_wconf 91' lang='lat' dir='ltr'>non</span> <span class='ocrx_word' id='word_1_58' title='bbox 887 804 1244 873; x_wconf 87' lang='lat' dir='ltr'>simulando,</span> <span class='ocrx_word' id='word_1_59' title='bbox 1264 805 1365 860; x_wconf 90' lang='lat' dir='ltr'>sed</span> <span class='ocrx_word' id='word_1_60' title='bbox 1390 804 1711 871; x_wconf 81' lang='lat' dir='ltr'>credend03</span> <span class='ocrx_word' id='word_1_61' title='bbox 1757 801 1887 858; x_wconf 91' lang='lat' dir='ltr'>Deo</span> <span class='ocrx_word' id='word_1_62' title='bbox 1909 801 2056 869; x_wconf 87' lang='lat' dir='ltr'>s010‚</span> <span class='ocrx_word' id='word_1_63' title='bbox 2078 800 2178 875; x_wconf 89' lang='lat' dir='ltr'>qui</span> <span class='ocrx_word' id='word_1_64' title='bbox 2201 800 2441 856; x_wconf 87' lang='lat' dir='ltr'>intimos</span> <span class='ocrx_word' id='word_1_65' title='bbox 2464 801 2656 857; x_wconf 87' lang='lat' dir='ltr'>cordis</span> <span class='ocrx_word' id='word_1_66' title='bbox 2677 818 2961 856; x_wconf 81' lang='lat' dir='ltr'>recessus</span> 
     </span>
    </p>

    <p class='ocr_par' dir='ltr' id='par_1_6' title="bbox 519 878 2959 955">
     <span class='ocr_line' id='line_1_7' title="bbox 519 878 2959 955; baseline -0.003 -15"><span class='ocrx_word' id='word_1_67' title='bbox 519 889 836 952; x_wconf 85' lang='lat' dir='ltr'>scrutatur,</span> <span class='ocrx_word' id='word_1_68' title='bbox 866 882 1174 939; x_wconf 85' lang='lat' dir='ltr'>veritatem</span> <span class='ocrx_word' id='word_1_69' title='bbox 1203 889 1610 955; x_wconf 84' lang='lat' dir='ltr'>cognoscente.</span> <span class='ocrx_word' id='word_1_70' title='bbox 1699 879 1941 937; x_wconf 86' lang='lat' dir='ltr'>Certum</span> <span class='ocrx_word' id='word_1_71' title='bbox 1982 886 2179 935; x_wconf 89' lang='lat' dir='ltr'>tamen</span> <span class='ocrx_word' id='word_1_72' title='bbox 2222 886 2313 935; x_wconf 85' lang='lat' dir='ltr'>est</span> <span class='ocrx_word' id='word_1_73' title='bbox 2353 878 2669 951; x_wconf 79' lang='lat' dir='ltr'>multiplex</span> <span class='ocrx_word' id='word_1_74' title='bbox 2709 896 2847 934; x_wconf 88' lang='lat' dir='ltr'>esse</span> <span class='ocrx_word' id='word_1_75' title='bbox 2895 887 2959 933; x_wconf 90' lang='lat' dir='ltr'>et</span> 
     </span>
    </p>

    <p class='ocr_par' dir='ltr' id='par_1_7' title="bbox 518 956 2958 1030">
     <span class='ocr_line' id='line_1_8' title="bbox 518 956 2958 1030; baseline -0.003 -12"><span class='ocrx_word' id='word_1_76' title='bbox 518 960 776 1018; x_wconf 82' lang='lat' dir='ltr'>maxime</span> <span class='ocrx_word' id='word_1_77' title='bbox 804 959 1111 1016; x_wconf 81' lang='lat' dir='ltr'>essentiale</span> <span class='ocrx_word' id='word_1_78' title='bbox 1139 959 1470 1029; x_wconf 85' lang='lat' dir='ltr'>discrimen,</span> <span class='ocrx_word' id='word_1_79' title='bbox 1502 968 1570 1015; x_wconf 91' lang='lat' dir='ltr'>ut</span> <span class='ocrx_word' id='word_1_80' title='bbox 1597 965 1775 1016; x_wconf 88' lang='lat' dir='ltr'>antea</span> <span class='ocrx_word' id='word_1_81' title='bbox 1802 957 2050 1026; x_wconf 89' lang='lat' dir='ltr'>dictum,</span> <span class='ocrx_word' id='word_1_82' title='bbox 2079 958 2242 1030; x_wconf 90' lang='lat' dir='ltr'>quod</span> <span class='ocrx_word' id='word_1_83' title='bbox 2285 956 2543 1012; x_wconf 83' lang='lat' dir='ltr'>ostendit</span> <span class='ocrx_word' id='word_1_84' title='bbox 2580 974 2701 1012; x_wconf 90' lang='lat' dir='ltr'>non</span> <span class='ocrx_word' id='word_1_85' title='bbox 2747 957 2958 1030; x_wconf 85' lang='lat' dir='ltr'>gradu</span> 
     </span>
    </p>

    <p class='ocr_par' dir='ltr' id='par_1_8' title="bbox 518 1034 2641 1110">
     <span class='ocr_line' id='line_1_9' title="bbox 518 1034 2641 1110; baseline -0.003 -14"><span class='ocrx_word' id='word_1_86' title='bbox 518 1046 754 1096; x_wconf 88' lang='lat' dir='ltr'>tantum</span> <span class='ocrx_word' id='word_1_87' title='bbox 781 1044 888 1096; x_wconf 90' lang='lat' dir='ltr'>aut</span> <span class='ocrx_word' id='word_1_88' title='bbox 914 1036 1229 1095; x_wconf 90' lang='lat' dir='ltr'>duratione</span> <span class='ocrx_word' id='word_1_89' title='bbox 1257 1038 1413 1094; x_wconf 87' lang='lat' dir='ltr'>inter</span> <span class='ocrx_word' id='word_1_90' title='bbox 1441 1055 1501 1095; x_wconf 86' lang='lat' dir='ltr'>se</span> <span class='ocrx_word' id='word_1_91' title='bbox 1530 1037 1785 1108; x_wconf 86' lang='lat' dir='ltr'>differre,</span> <span class='ocrx_word' id='word_1_92' title='bbox 1816 1037 1918 1094; x_wconf 87' lang='lat' dir='ltr'>sed</span> <span class='ocrx_word' id='word_1_93' title='bbox 1949 1034 2137 1110; x_wconf 88' lang='lat' dir='ltr'>specie</span> <span class='ocrx_word' id='word_1_94' title='bbox 2164 1035 2294 1110; x_wconf 88' lang='lat' dir='ltr'>ipsa</span> <span class='ocrx_word' id='word_1_95' title='bbox 2320 1041 2380 1091; x_wconf 90' lang='lat' dir='ltr'>et</span> <span class='ocrx_word' id='word_1_96' title='bbox 2406 1041 2641 1090; x_wconf 89' lang='lat' dir='ltr'>natura.</span> 
     </span>
    </p>
   </div>
   <div class='ocr_carea' id='block_1_3' title="bbox 1425 1270 2039 1348">
    <p class='ocr_par' dir='ltr' id='par_1_9' title="bbox 1425 1270 2039 1348">
     <span class='ocr_line' id='line_1_10' title="bbox 1425 1270 2039 1348; baseline -0.007 -15"><span class='ocrx_word' id='word_1_97' title='bbox 1425 1270 1814 1348; x_wconf 80' lang='lat' dir='ltr'>QUAEsTIO</span> <span class='ocrx_word' id='word_1_98' title='bbox 1858 1271 2039 1330; x_wconf 78' lang='lat' dir='ltr'><strong>XVI.</strong></span> 
     </span>
    </p>
   </div>
   <div class='ocr_carea' id='block_1_4' title="bbox 1325 1447 2131 1491">
    <p class='ocr_par' dir='ltr' id='par_1_10' title="bbox 1325 1447 2131 1491">
     <span class='ocr_line' id='line_1_11' title="bbox 1325 1447 2131 1491; baseline -0.002 -3"><span class='ocrx_word' id='word_1_99' title='bbox 1325 1450 1403 1489; x_wconf 83' lang='lat' dir='ltr'>DE</span> <span class='ocrx_word' id='word_1_100' title='bbox 1426 1449 1921 1491; x_wconf 69' lang='lat' dir='ltr'>PERSEVERANTIA</span> <span class='ocrx_word' id='word_1_101' title='bbox 1949 1447 2131 1486; x_wconf 82' lang='lat' dir='ltr'><strong>FIDEI.</strong></span> 
     </span>
    </p>
   </div>
   <div class='ocr_carea' id='block_1_5' title="bbox 521 1586 2953 1747">
    <p class='ocr_par' dir='ltr' id='par_1_11' title="bbox 521 1586 2953 1747">
     <span class='ocr_line' id='line_1_12' title="bbox 521 1586 2953 1668; baseline -0.002 -17"><span class='ocrx_word' id='word_1_102' title='bbox 521 1593 616 1651; x_wconf 83' lang='lat' dir='ltr'>An</span> <span class='ocrx_word' id='word_1_103' title='bbox 642 1611 806 1650; x_wconf 76' lang='lat' dir='ltr'>verus</span> <span class='ocrx_word' id='word_1_104' title='bbox 833 1591 1048 1649; x_wconf 75' lang='lat' dir='ltr'>Fidelis</span> <span class='ocrx_word' id='word_1_105' title='bbox 1063 1590 1298 1666; x_wconf 80' lang='lat' dir='ltr'>possita</span> <span class='ocrx_word' id='word_1_106' title='bbox 1317 1591 1461 1648; x_wconf 85' lang='lat' dir='ltr'>Fide</span> <span class='ocrx_word' id='word_1_107' title='bbox 1481 1593 1570 1649; x_wconf 84' lang='lat' dir='ltr'>vel</span> <span class='ocrx_word' id='word_1_108' title='bbox 1585 1590 1847 1664; x_wconf 82' lang='lat' dir='ltr'>totaliter,</span> <span class='ocrx_word' id='word_1_109' title='bbox 1870 1592 1959 1648; x_wconf 86' lang='lat' dir='ltr'>vel</span> <span class='ocrx_word' id='word_1_110' title='bbox 1965 1589 2227 1668; x_wconf 79' lang='lat' dir='ltr'>finaliter</span> <span class='ocrx_word' id='word_1_111' title='bbox 2244 1587 2480 1664; x_wconf 78' lang='lat' dir='ltr'>deficere</span> <span class='ocrx_word' id='word_1_112' title='bbox 2498 1589 2525 1645; x_wconf 63' lang='grc' dir='ltr'>,ἲ</span> <span class='ocrx_word' id='word_1_113' title='bbox 2568 1586 2716 1663; x_wconf 86' lang='lat' dir='ltr'>Neg.</span> <span class='ocrx_word' id='word_1_114' title='bbox 2739 1596 2953 1646; x_wconf 82' lang='lat' dir='ltr'>contra</span> 
     </span>
     <span class='ocr_line' id='line_1_13' title="bbox 646 1667 2820 1747; baseline -0.002 -18"><span class='ocrx_word' id='word_1_115' title='bbox 646 1670 879 1747; x_wconf 79' lang='lat' dir='ltr'>Pontis.²</span> <span class='ocrx_word' id='word_1_116' title='bbox 915 1671 1126 1745; x_wconf 63' lang='lat' dir='ltr'>Socim,</span> <span class='ocrx_word' id='word_1_117' title='bbox 1161 1670 1480 1745; x_wconf 88' lang='lat' dir='ltr'>Remonst.,</span> <span class='ocrx_word' id='word_1_118' title='bbox 1512 1677 1571 1729; x_wconf 91' lang='lat' dir='ltr'>et</span> <span class='ocrx_word' id='word_1_119' title='bbox 1598 1670 1746 1728; x_wconf 88' lang='lat' dir='ltr'>alios</span> <span class='ocrx_word' id='word_1_120' title='bbox 1776 1671 2058 1727; x_wconf 89' lang='lat' dir='ltr'>Patronos</span> <span class='ocrx_word' id='word_1_121' title='bbox 2095 1667 2425 1746; x_wconf 80' lang='lat' dir='ltr'>Apostasiae</span> <span class='ocrx_word' id='word_1_122' title='bbox 2458 1667 2820 1730; x_wconf 83' lang='lat' dir='ltr'>Sanctorum.</span> 
     </span>
    </p>
   </div>
   <div class='ocr_carea' id='block_1_6' title="bbox 521 1822 2952 4683">
    <p class='ocr_par' dir='ltr' id='par_1_12' title="bbox 521 1822 2952 2304">
     <span class='ocr_line' id='line_1_14' title="bbox 605 1822 2952 1906; baseline -0.002 -18"><span class='ocrx_word' id='word_1_123' title='bbox 605 1830 655 1888; x_wconf 93' lang='grc' dir='ltr'>Ι.</span> <span class='ocrx_word' id='word_1_124' title='bbox 702 1829 786 1887; x_wconf 91' lang='lat' dir='ltr'>Ut</span> <span class='ocrx_word' id='word_1_125' title='bbox 807 1828 923 1887; x_wconf 91' lang='lat' dir='ltr'>duo</span> <span class='ocrx_word' id='word_1_126' title='bbox 953 1838 1086 1888; x_wconf 90' lang='lat' dir='ltr'>sunt</span> <span class='ocrx_word' id='word_1_127' title='bbox 1113 1829 1402 1906; x_wconf 81' lang='lat' dir='ltr'>praecipua</span> <span class='ocrx_word' id='word_1_128' title='bbox 1442 1829 1610 1888; x_wconf 90' lang='lat' dir='ltr'>Fidei</span> <span class='ocrx_word' id='word_1_129' title='bbox 1644 1827 2017 1906; x_wconf 88' lang='lat' dir='ltr'>justificantis</span> <span class='ocrx_word' id='word_1_130' title='bbox 2046 1826 2363 1905; x_wconf 87' lang='lat' dir='ltr'>Adjuncta,</span> <span class='ocrx_word' id='word_1_131' title='bbox 2395 1822 2849 1899; x_wconf 68' lang='lat' dir='ltr'>Per-severantia,</span> <span class='ocrx_word' id='word_1_132' title='bbox 2887 1835 2952 1885; x_wconf 85' lang='lat' dir='ltr'>et</span> 
     </span>
     <span class='ocr_line' id='line_1_15' title="bbox 527 1904 2948 1986; baseline -0.003 -16"><span class='ocrx_word' id='word_1_133' title='bbox 527 1910 835 1984; x_wconf 81' lang='lat' dir='ltr'>Certitudo,</span> <span class='ocrx_word' id='word_1_134' title='bbox 870 1909 999 1984; x_wconf 87' lang='lat' dir='ltr'>Illa,</span> <span class='ocrx_word' id='word_1_135' title='bbox 1031 1929 1159 1985; x_wconf 86' lang='lat' dir='ltr'>quae</span> <span class='ocrx_word' id='word_1_136' title='bbox 1189 1910 1315 1985; x_wconf 89' lang='lat' dir='ltr'>ejus</span> <span class='ocrx_word' id='word_1_137' title='bbox 1344 1909 1704 1968; x_wconf 84' lang='lat' dir='ltr'>durationem</span> <span class='ocrx_word' id='word_1_138' title='bbox 1744 1917 2094 1986; x_wconf 88' lang='lat' dir='ltr'>perpetuam,</span> <span class='ocrx_word' id='word_1_139' title='bbox 2140 1915 2200 1965; x_wconf 89' lang='lat' dir='ltr'>et</span> <span class='ocrx_word' id='word_1_140' title='bbox 2247 1904 2788 1964; x_wconf 80' lang='lat' dir='ltr'>inamissibilitatem</span> <span class='ocrx_word' id='word_1_141' title='bbox 2832 1906 2948 1962; x_wconf 85' lang='lat' dir='ltr'>im·</span> 
     </span>
     <span class='ocr_line' id='line_1_16' title="bbox 522 1986 2945 2066; baseline -0.002 -19"><span class='ocrx_word' id='word_1_142' title='bbox 522 1997 730 2066; x_wconf 87' lang='lat' dir='ltr'>portat,</span> <span class='ocrx_word' id='word_1_143' title='bbox 781 1998 848 2047; x_wconf 86' lang='lat' dir='ltr'>ut</span> <span class='ocrx_word' id='word_1_144' title='bbox 891 1989 1080 2047; x_wconf 89' lang='lat' dir='ltr'>fidelis</span> <span class='ocrx_word' id='word_1_145' title='bbox 1118 2008 1412 2065; x_wconf 89' lang='lat' dir='ltr'>nunquam</span> <span class='ocrx_word' id='word_1_146' title='bbox 1455 1989 1529 2047; x_wconf 90' lang='lat' dir='ltr'>ab</span> <span class='ocrx_word' id='word_1_147' title='bbox 1571 2009 1640 2047; x_wconf 91' lang='lat' dir='ltr'>ea</span> <span class='ocrx_word' id='word_1_148' title='bbox 1680 1989 1910 2065; x_wconf 89' lang='lat' dir='ltr'>penitus</span> <span class='ocrx_word' id='word_1_149' title='bbox 1952 1986 2197 2062; x_wconf 88' lang='lat' dir='ltr'>deficiat,</span> <span class='ocrx_word' id='word_1_150' title='bbox 2243 1986 2382 2061; x_wconf 86' lang='lat' dir='ltr'>Ista,</span> <span class='ocrx_word' id='word_1_151' title='bbox 2414 2004 2544 2060; x_wconf 81' lang='lat' dir='ltr'>quae</span> <span class='ocrx_word' id='word_1_152' title='bbox 2573 1986 2699 2062; x_wconf 86' lang='lat' dir='ltr'>ejus</span> <span class='ocrx_word' id='word_1_153' title='bbox 2736 1986 2945 2060; x_wconf 88' lang='lat' dir='ltr'>cogni-</span> 
     </span>
     <span class='ocr_line' id='line_1_17' title="bbox 524 2064 2945 2144; baseline -0.002 -16"><span class='ocrx_word' id='word_1_154' title='bbox 524 2069 739 2128; x_wconf 88' lang='lat' dir='ltr'>tionem</span> <span class='ocrx_word' id='word_1_155' title='bbox 797 2077 1009 2127; x_wconf 88' lang='lat' dir='ltr'>certam</span> <span class='ocrx_word' id='word_1_156' title='bbox 1053 2077 1113 2127; x_wconf 86' lang='lat' dir='ltr'>et</span> <span class='ocrx_word' id='word_1_157' title='bbox 1155 2088 1386 2127; x_wconf 87' lang='lat' dir='ltr'>sensum</span> <span class='ocrx_word' id='word_1_158' title='bbox 1429 2068 1750 2144; x_wconf 85' lang='lat' dir='ltr'>subjective</span> <span class='ocrx_word' id='word_1_159' title='bbox 1792 2066 2029 2140; x_wconf 88' lang='lat' dir='ltr'>inducit,</span> <span class='ocrx_word' id='word_1_160' title='bbox 2091 2067 2184 2124; x_wconf 90' lang='lat' dir='ltr'>Ita</span> <span class='ocrx_word' id='word_1_161' title='bbox 2235 2065 2363 2126; x_wconf 81' lang='lat' dir='ltr'>duae</span> <span class='ocrx_word' id='word_1_162' title='bbox 2409 2065 2769 2138; x_wconf 79' lang='lat' dir='ltr'>Quaestiones</span> <span class='ocrx_word' id='word_1_163' title='bbox 2799 2064 2945 2124; x_wconf 88' lang='lat' dir='ltr'>inde</span> 
     </span>
     <span class='ocr_line' id='line_1_18' title="bbox 521 2143 2951 2224; baseline -0.002 -17"><span class='ocrx_word' id='word_1_164' title='bbox 521 2149 784 2207; x_wconf 88' lang='lat' dir='ltr'>oriuntur</span> <span class='ocrx_word' id='word_1_165' title='bbox 807 2170 820 2206; x_wconf 70' lang='grc' dir='ltr'><strong><em>ε</em></strong></span> <span class='ocrx_word' id='word_1_166' title='bbox 865 2148 1060 2206; x_wconf 90' lang='lat' dir='ltr'>Prima</span> <span class='ocrx_word' id='word_1_167' title='bbox 1088 2148 1160 2207; x_wconf 95' lang='lat' dir='ltr'>de</span> <span class='ocrx_word' id='word_1_168' title='bbox 1192 2148 1631 2207; x_wconf 86' lang='lat' dir='ltr'>Perseverantia</span> <span class='ocrx_word' id='word_1_169' title='bbox 1653 2169 1668 2224; x_wconf 89' lang='lat'>;</span> <span class='ocrx_word' id='word_1_170' title='bbox 1714 2146 1920 2206; x_wconf 89' lang='lat' dir='ltr'>Altera</span> <span class='ocrx_word' id='word_1_171' title='bbox 1941 2145 2012 2204; x_wconf 90' lang='lat' dir='ltr'>de</span> <span class='ocrx_word' id='word_1_172' title='bbox 2036 2147 2163 2223; x_wconf 89' lang='lat' dir='ltr'>ejus</span> <span class='ocrx_word' id='word_1_173' title='bbox 2192 2145 2582 2220; x_wconf 77' lang='lat' dir='ltr'>Certitudine3</span> <span class='ocrx_word' id='word_1_174' title='bbox 2627 2143 2698 2201; x_wconf 89' lang='lat' dir='ltr'>de</span> <span class='ocrx_word' id='word_1_175' title='bbox 2726 2145 2951 2221; x_wconf 85' lang='lat' dir='ltr'>quibus</span> 
     </span>
     <span class='ocr_line' id='line_1_19' title="bbox 524 2228 1080 2304; baseline 0 -17"><span class='ocrx_word' id='word_1_176' title='bbox 524 2228 793 2287; x_wconf 87' lang='lat' dir='ltr'>distincte</span> <span class='ocrx_word' id='word_1_177' title='bbox 822 2247 1080 2304; x_wconf 77' lang='lat' dir='ltr'>agemus,</span> 
     </span>
    </p>

    <p class='ocr_par' dir='ltr' id='par_1_13' title="bbox 523 2302 2948 2701">
     <span class='ocr_line' id='line_1_20' title="bbox 608 2302 2948 2381; baseline -0.002 -16"><span class='ocrx_word' id='word_1_178' title='bbox 608 2308 691 2366; x_wconf 93' lang='grc' dir='ltr'>ΙΙ.</span> <span class='ocrx_word' id='word_1_179' title='bbox 737 2307 993 2381; x_wconf 85' lang='lat' dir='ltr'>Quaestio</span> <span class='ocrx_word' id='word_1_180' title='bbox 1023 2308 1094 2367; x_wconf 91' lang='lat' dir='ltr'>de</span> <span class='ocrx_word' id='word_1_181' title='bbox 1126 2307 1562 2367; x_wconf 85' lang='lat' dir='ltr'>Perseverantia</span> <span class='ocrx_word' id='word_1_182' title='bbox 1606 2307 1775 2367; x_wconf 87' lang='lat' dir='ltr'>nobis</span> <span class='ocrx_word' id='word_1_183' title='bbox 1823 2303 2126 2364; x_wconf 87' lang='lat' dir='ltr'>intercedit</span> <span class='ocrx_word' id='word_1_184' title='bbox 2174 2322 2305 2363; x_wconf 88' lang='lat' dir='ltr'>cum</span> <span class='ocrx_word' id='word_1_185' title='bbox 2349 2302 2643 2361; x_wconf 86' lang='lat' dir='ltr'>veteribus</span> <span class='ocrx_word' id='word_1_186' title='bbox 2671 2312 2730 2362; x_wconf 87' lang='lat' dir='ltr'>et</span> <span class='ocrx_word' id='word_1_187' title='bbox 2764 2303 2948 2360; x_wconf 83' lang='lat' dir='ltr'>novis</span> 
     </span>
     <span class='ocr_line' id='line_1_21' title="bbox 526 2381 2948 2465; baseline -0.002 -20"><span class='ocrx_word' id='word_1_188' title='bbox 526 2387 858 2465; x_wconf 74' lang='lat' dir='ltr'>Pelagiauis</span> <span class='ocrx_word' id='word_1_189' title='bbox 900 2397 959 2446; x_wconf 88' lang='lat' dir='ltr'>et</span> <span class='ocrx_word' id='word_1_190' title='bbox 1004 2388 1536 2463; x_wconf 80' lang='lat' dir='ltr'>Semi-Pelagianis,</span> <span class='ocrx_word' id='word_1_191' title='bbox 1577 2387 1678 2464; x_wconf 90' lang='lat' dir='ltr'>qui</span> <span class='ocrx_word' id='word_1_192' title='bbox 1707 2386 1766 2444; x_wconf 92' lang='lat' dir='ltr'>in</span> <span class='ocrx_word' id='word_1_193' title='bbox 1794 2406 1863 2444; x_wconf 89' lang='lat' dir='ltr'>ea</span> <span class='ocrx_word' id='word_1_194' title='bbox 1891 2383 2279 2461; x_wconf 86' lang='lat' dir='ltr'>oppugnanda</span> <span class='ocrx_word' id='word_1_195' title='bbox 2305 2391 2363 2441; x_wconf 90' lang='lat' dir='ltr'>et</span> <span class='ocrx_word' id='word_1_196' title='bbox 2389 2381 2657 2457; x_wconf 88' lang='lat' dir='ltr'>neganda</span> <span class='ocrx_word' id='word_1_197' title='bbox 2697 2401 2948 2440; x_wconf 88' lang='lat' dir='ltr'>consen-</span> 
     </span>
     <span class='ocr_line' id='line_1_22' title="bbox 526 2462 2945 2542; baseline -0.003 -16"><span class='ocrx_word' id='word_1_198' title='bbox 526 2467 693 2526; x_wconf 90' lang='lat' dir='ltr'>tiunt.</span> <span class='ocrx_word' id='word_1_199' title='bbox 779 2466 992 2540; x_wconf 86' lang='lat' dir='ltr'>Quales</span> <span class='ocrx_word' id='word_1_200' title='bbox 1022 2476 1155 2525; x_wconf 89' lang='lat' dir='ltr'>sunt</span> <span class='ocrx_word' id='word_1_201' title='bbox 1186 2467 1490 2542; x_wconf 89' lang='lat' dir='ltr'>Pontificii,</span> <span class='ocrx_word' id='word_1_202' title='bbox 1546 2466 1855 2540; x_wconf 90' lang='lat' dir='ltr'>Sociniani,</span> <span class='ocrx_word' id='word_1_203' title='bbox 1902 2463 2322 2540; x_wconf 80' lang='lat' dir='ltr'>Anabaptistae,</span> <span class='ocrx_word' id='word_1_204' title='bbox 2354 2471 2413 2520; x_wconf 87' lang='lat' dir='ltr'>et</span> <span class='ocrx_word' id='word_1_205' title='bbox 2445 2462 2945 2536; x_wconf 80' lang='lat' dir='ltr'>Remonstrantes,</span> 
     </span>
     <span class='ocr_line' id='line_1_23' title="bbox 523 2541 2945 2623; baseline -0.002 -18"><span class='ocrx_word' id='word_1_206' title='bbox 523 2547 624 2623; x_wconf 88' lang='lat' dir='ltr'>qui</span> <span class='ocrx_word' id='word_1_207' title='bbox 652 2548 711 2604; x_wconf 92' lang='lat' dir='ltr'>in</span> <span class='ocrx_word' id='word_1_208' title='bbox 740 2546 850 2604; x_wconf 88' lang='lat' dir='ltr'>hoc</span> <span class='ocrx_word' id='word_1_209' title='bbox 879 2547 1082 2623; x_wconf 86' lang='lat' dir='ltr'>capite,</span> <span class='ocrx_word' id='word_1_210' title='bbox 1112 2555 1179 2606; x_wconf 92' lang='lat' dir='ltr'>ut</span> <span class='ocrx_word' id='word_1_211' title='bbox 1206 2546 1266 2603; x_wconf 89' lang='lat' dir='ltr'>in</span> <span class='ocrx_word' id='word_1_212' title='bbox 1295 2547 1518 2605; x_wconf 82' lang='lat' dir='ltr'>caeteris</span> <span class='ocrx_word' id='word_1_213' title='bbox 1546 2546 1618 2605; x_wconf 90' lang='lat' dir='ltr'>de</span> <span class='ocrx_word' id='word_1_214' title='bbox 1649 2546 1867 2620; x_wconf 85' lang='lat' dir='ltr'>Gratia,</span> <span class='ocrx_word' id='word_1_215' title='bbox 1908 2545 1980 2603; x_wconf 83' lang='lat' dir='ltr'>ab</span> <span class='ocrx_word' id='word_1_216' title='bbox 2013 2542 2351 2606; x_wconf 84' lang='lat' dir='ltr'>Orthodoxa</span> <span class='ocrx_word' id='word_1_217' title='bbox 2381 2541 2658 2599; x_wconf 87' lang='lat' dir='ltr'>Doctrina</span> <span class='ocrx_word' id='word_1_218' title='bbox 2685 2561 2945 2600; x_wconf 85' lang='lat' dir='ltr'>recesse-</span> 
     </span>
     <span class='ocr_line' id='line_1_24' title="bbox 524 2622 2560 2701; baseline -0.002 -17"><span class='ocrx_word' id='word_1_219' title='bbox 524 2635 673 2700; x_wconf 90' lang='lat' dir='ltr'>runt,</span> <span class='ocrx_word' id='word_1_220' title='bbox 706 2634 764 2683; x_wconf 87' lang='lat' dir='ltr'>et</span> <span class='ocrx_word' id='word_1_221' title='bbox 791 2645 826 2682; x_wconf 87' lang='lat' dir='ltr'>a</span> <span class='ocrx_word' id='word_1_222' title='bbox 858 2625 1093 2701; x_wconf 80' lang='lat' dir='ltr'>Synodo</span> <span class='ocrx_word' id='word_1_223' title='bbox 1125 2625 1495 2684; x_wconf 83' lang='lat' dir='ltr'>Dordracena</span> <span class='ocrx_word' id='word_1_224' title='bbox 1520 2626 1582 2683; x_wconf 91' lang='lat' dir='ltr'>in</span> <span class='ocrx_word' id='word_1_225' title='bbox 1614 2623 1694 2682; x_wconf 89' lang='lat' dir='ltr'>V.</span> <span class='ocrx_word' id='word_1_226' title='bbox 1725 2625 1993 2684; x_wconf 87' lang='lat' dir='ltr'>Articulo</span> <span class='ocrx_word' id='word_1_227' title='bbox 2023 2622 2387 2684; x_wconf 88' lang='lat' dir='ltr'>condemnati</span> <span class='ocrx_word' id='word_1_228' title='bbox 2410 2630 2560 2679; x_wconf 87' lang='lat' dir='ltr'>sunt.</span> 
     </span>
    </p>

    <p class='ocr_par' dir='ltr' id='par_1_14' title="bbox 524 2699 2947 3338">
     <span class='ocr_line' id='line_1_25' title="bbox 1133 2699 2947 2779; baseline 0 -19"><span class='ocrx_word' id='word_1_229' title='bbox 1133 2704 1252 2762; x_wconf 89' lang='grc' dir='ltr'><strong>ΙΙΙ.</strong></span> <span class='ocrx_word' id='word_1_230' title='bbox 1302 2707 1352 2761; x_wconf 89' lang='grc'>1.</span> <span class='ocrx_word' id='word_1_231' title='bbox 1399 2704 1529 2761; x_wconf 90' lang='lat' dir='ltr'>Non</span> <span class='ocrx_word' id='word_1_232' title='bbox 1557 2704 1835 2779; x_wconf 76' lang='lat' dir='ltr'>quaeritur</span> <span class='ocrx_word' id='word_1_233' title='bbox 1863 2705 1953 2762; x_wconf 87' lang='lat' dir='ltr'>De</span> <span class='ocrx_word' id='word_1_234' title='bbox 1984 2703 2284 2763; x_wconf 87' lang='lat' dir='ltr'>Fidelibus</span> <span class='ocrx_word' id='word_1_235' title='bbox 2312 2710 2371 2760; x_wconf 92' lang='lat' dir='ltr'>et</span> <span class='ocrx_word' id='word_1_236' title='bbox 2399 2699 2644 2775; x_wconf 77' lang='lat' dir='ltr'>Sanctis,</span> <span class='ocrx_word' id='word_1_237' title='bbox 2665 2700 2763 2777; x_wconf 88' lang='lat' dir='ltr'>qui</span> <span class='ocrx_word' id='word_1_238' title='bbox 2791 2701 2947 2760; x_wconf 85' lang='lat' dir='ltr'>tales</span> 
     </span>
     <span class='ocr_line' id='line_1_26' title="bbox 1049 2780 2943 2859; baseline -0.001 -19"><span class='ocrx_word' id='word_1_239' title='bbox 1049 2791 1184 2840; x_wconf 86' lang='lat' dir='ltr'>sunt</span> <span class='ocrx_word' id='word_1_240' title='bbox 1212 2783 1506 2859; x_wconf 83' lang='lat' dir='ltr'>aequivoce</span> <span class='ocrx_word' id='word_1_241' title='bbox 1536 2783 1608 2840; x_wconf 88' lang='lat' dir='ltr'>ab</span> <span class='ocrx_word' id='word_1_242' title='bbox 1638 2791 1878 2840; x_wconf 86' lang='lat' dir='ltr'>externa</span> <span class='ocrx_word' id='word_1_243' title='bbox 1918 2792 2041 2842; x_wconf 91' lang='lat' dir='ltr'>tum</span> <span class='ocrx_word' id='word_1_244' title='bbox 2063 2782 2381 2856; x_wconf 88' lang='lat' dir='ltr'>vocatione,</span> <span class='ocrx_word' id='word_1_245' title='bbox 2412 2788 2535 2839; x_wconf 89' lang='lat' dir='ltr'>tum</span> <span class='ocrx_word' id='word_1_246' title='bbox 2562 2780 2943 2857; x_wconf 87' lang='lat' dir='ltr'>professione,</span> 
     </span>
     <span class='ocr_line' id='line_1_27' title="bbox 1047 2859 2937 2938; baseline -0.001 -20"><span class='ocrx_word' id='word_1_247' title='bbox 1047 2862 1146 2938; x_wconf 91' lang='lat' dir='ltr'>qui</span> <span class='ocrx_word' id='word_1_248' title='bbox 1176 2861 1256 2919; x_wconf 88' lang='lat' dir='ltr'>ita</span> <span class='ocrx_word' id='word_1_249' title='bbox 1283 2881 1694 2937; x_wconf 89' lang='lat' dir='ltr'>nonnunquam</span> <span class='ocrx_word' id='word_1_250' title='bbox 1718 2862 2000 2938; x_wconf 89' lang='lat' dir='ltr'>dicuntur,</span> <span class='ocrx_word' id='word_1_251' title='bbox 2046 2864 2170 2922; x_wconf 84' lang='lat' dir='ltr'>sive</span> <span class='ocrx_word' id='word_1_252' title='bbox 2212 2882 2287 2920; x_wconf 85' lang='lat' dir='ltr'>ex</span> <span class='ocrx_word' id='word_1_253' title='bbox 2327 2859 2771 2937; x_wconf 70' lang='lat' dir='ltr'>praesumptione</span> <span class='ocrx_word' id='word_1_254' title='bbox 2799 2880 2937 2937; x_wconf 88' lang='lat' dir='ltr'>pro-</span> 
     </span>
     <span class='ocr_line' id='line_1_28' title="bbox 525 2939 2946 3023; baseline -0.002 -21"><span class='ocrx_word' id='word_1_255' title='bbox 525 2944 666 3023; x_wconf 87' lang='lat' dir='ltr'>pria,</span> <span class='ocrx_word' id='word_1_256' title='bbox 698 2951 930 3021; x_wconf 90' lang='lat' dir='ltr'>propter</span> <span class='ocrx_word' id='word_1_257' title='bbox 958 2941 1109 3000; x_wconf 90' lang='lat' dir='ltr'>dona</span> <span class='ocrx_word' id='word_1_258' title='bbox 1136 2941 1377 2999; x_wconf 87' lang='lat' dir='ltr'>initialia</span> <span class='ocrx_word' id='word_1_259' title='bbox 1405 2941 1546 3017; x_wconf 89' lang='lat' dir='ltr'>ipsis</span> <span class='ocrx_word' id='word_1_260' title='bbox 1575 2962 1862 3017; x_wconf 88' lang='lat' dir='ltr'>concessa,</span> <span class='ocrx_word' id='word_1_261' title='bbox 1908 2943 2032 3001; x_wconf 85' lang='lat' dir='ltr'>sive</span> <span class='ocrx_word' id='word_1_262' title='bbox 2056 2963 2130 3001; x_wconf 83' lang='lat' dir='ltr'>ex</span> <span class='ocrx_word' id='word_1_263' title='bbox 2160 2962 2194 2999; x_wconf 94' lang='lat' dir='ltr'>o</span> <span class='ocrx_word' id='word_1_264' title='bbox 2235 2940 2486 2998; x_wconf 88' lang='lat' dir='ltr'>inatione</span> <span class='ocrx_word' id='word_1_265' title='bbox 2514 2939 2733 3013; x_wconf 80' lang='lat' dir='ltr'>aliena3</span> <span class='ocrx_word' id='word_1_266' title='bbox 2778 2939 2946 3012; x_wconf 88' lang='lat' dir='ltr'>Quos</span> 
     </span>
     <span class='ocr_line' id='line_1_29' title="bbox 526 2962 2943 3099; baseline -0.002 -17"><span class='ocrx_word' id='word_1_267' title='bbox 526 3045 642 3082; x_wconf 90' lang='lat' dir='ltr'>non</span> <span class='ocrx_word' id='word_1_268' title='bbox 672 3024 844 3082; x_wconf 91' lang='lat' dir='ltr'>modo</span> <span class='ocrx_word' id='word_1_269' title='bbox 873 3021 1114 3082; x_wconf 87' lang='lat' dir='ltr'>deficere</span> <span class='ocrx_word' id='word_1_270' title='bbox 1143 3041 1311 3098; x_wconf 87' lang='lat' dir='ltr'>posse</span> <span class='ocrx_word' id='word_1_271' title='bbox 1342 3041 1377 3079; x_wconf 87' lang='lat' dir='ltr'>a</span> <span class='ocrx_word' id='word_1_272' title='bbox 1403 3021 1516 3080; x_wconf 91' lang='lat' dir='ltr'>fide</span> <span class='ocrx_word' id='word_1_273' title='bbox 1547 3041 1668 3097; x_wconf 84' lang='lat' dir='ltr'>sua,</span> <span class='ocrx_word' id='word_1_274' title='bbox 1701 3021 1803 3080; x_wconf 89' lang='lat' dir='ltr'>sed</span> <span class='ocrx_word' id='word_1_275' title='bbox 1824 3030 1883 3080; x_wconf 92' lang='lat' dir='ltr'>et</span> <span class='ocrx_word' id='word_1_276' title='bbox 1909 3022 2097 3099; x_wconf 86' lang='lat' dir='ltr'>reipsa</span> <span class='ocrx_word' id='word_1_277' title='bbox 2119 2962 2361 3079; x_wconf 49' lang='lat' dir='ltr'>deficere</span> <span class='ocrx_word' id='word_1_278' title='bbox 2391 3018 2668 3078; x_wconf 88' lang='lat' dir='ltr'>fatemur:</span> <span class='ocrx_word' id='word_1_279' title='bbox 2719 3018 2836 3077; x_wconf 86' lang='lat' dir='ltr'>Sed</span> <span class='ocrx_word' id='word_1_280' title='bbox 2864 3018 2943 3078; x_wconf 91' lang='lat' dir='ltr'>de</span> 
     </span>
     <span class='ocr_line' id='line_1_30' title="bbox 527 3097 2944 3182; baseline -0.002 -20"><span class='ocrx_word' id='word_1_281' title='bbox 527 3105 616 3175; x_wconf 85' lang='lat' dir='ltr'>iis,</span> <span class='ocrx_word' id='word_1_282' title='bbox 648 3105 748 3182; x_wconf 92' lang='lat' dir='ltr'>qui</span> <span class='ocrx_word' id='word_1_283' title='bbox 777 3103 1021 3163; x_wconf 82' lang='lat' dir='ltr'>univoce</span> <span class='ocrx_word' id='word_1_284' title='bbox 1051 3110 1108 3161; x_wconf 89' lang='lat' dir='ltr'>et</span> <span class='ocrx_word' id='word_1_285' title='bbox 1137 3102 1362 3180; x_wconf 88' lang='lat' dir='ltr'>proprie</span> <span class='ocrx_word' id='word_1_286' title='bbox 1411 3101 1558 3161; x_wconf 87' lang='lat' dir='ltr'>tales</span> <span class='ocrx_word' id='word_1_287' title='bbox 1601 3111 1752 3176; x_wconf 87' lang='lat' dir='ltr'>sunt,</span> <span class='ocrx_word' id='word_1_288' title='bbox 1812 3102 2041 3160; x_wconf 86' lang='lat' dir='ltr'>Christo</span> <span class='ocrx_word' id='word_1_289' title='bbox 2089 3099 2382 3160; x_wconf 84' lang='lat' dir='ltr'>Servatori</span> <span class='ocrx_word' id='word_1_290' title='bbox 2410 3119 2511 3176; x_wconf 84' lang='lat' dir='ltr'>per</span> <span class='ocrx_word' id='word_1_291' title='bbox 2537 3118 2733 3156; x_wconf 81' lang='lat' dir='ltr'>veram</span> <span class='ocrx_word' id='word_1_292' title='bbox 2761 3097 2944 3157; x_wconf 87' lang='lat' dir='ltr'>fidem</span> 
     </span>
     <span class='ocr_line' id='line_1_31' title="bbox 524 3177 2941 3262; baseline -0.003 -20"><span class='ocrx_word' id='word_1_293' title='bbox 524 3185 699 3259; x_wconf 90' lang='lat' dir='ltr'>insiti,</span> <span class='ocrx_word' id='word_1_294' title='bbox 732 3185 942 3262; x_wconf 86' lang='lat' dir='ltr'>quibus</span> <span class='ocrx_word' id='word_1_295' title='bbox 987 3182 1438 3242; x_wconf 83' lang='lat' dir='ltr'>fundamentalia</span> <span class='ocrx_word' id='word_1_296' title='bbox 1465 3191 1524 3241; x_wconf 83' lang='lat' dir='ltr'>ct</span> <span class='ocrx_word' id='word_1_297' title='bbox 1552 3182 1826 3241; x_wconf 85' lang='lat' dir='ltr'>salutaria</span> <span class='ocrx_word' id='word_1_298' title='bbox 1866 3181 2018 3239; x_wconf 90' lang='lat' dir='ltr'>dona</span> <span class='ocrx_word' id='word_1_299' title='bbox 2060 3179 2426 3255; x_wconf 78' lang='lat' dir='ltr'>AdoptioniS,</span> <span class='ocrx_word' id='word_1_300' title='bbox 2473 3177 2941 3255; x_wconf 78' lang='lat' dir='ltr'>Justificationis,</span> 
     </span>
     <span class='ocr_line' id='line_1_32' title="bbox 531 3259 2547 3338; baseline -0.003 -15"><span class='ocrx_word' id='word_1_301' title='bbox 531 3264 1029 3338; x_wconf 87' lang='lat' dir='ltr'>Sanctificationis,</span> <span class='ocrx_word' id='word_1_302' title='bbox 1061 3284 1176 3321; x_wconf 92' lang='lat' dir='ltr'>non</span> <span class='ocrx_word' id='word_1_303' title='bbox 1205 3263 1491 3322; x_wconf 84' lang='lat' dir='ltr'>destinata</span> <span class='ocrx_word' id='word_1_304' title='bbox 1527 3271 1751 3321; x_wconf 89' lang='lat' dir='ltr'>tantum</span> <span class='ocrx_word' id='word_1_305' title='bbox 1782 3262 1955 3335; x_wconf 86' lang='lat' dir='ltr'>fuere,</span> <span class='ocrx_word' id='word_1_306' title='bbox 1989 3260 2090 3319; x_wconf 86' lang='lat' dir='ltr'>sed</span> <span class='ocrx_word' id='word_1_307' title='bbox 2119 3260 2292 3317; x_wconf 89' lang='lat' dir='ltr'>etiam</span> <span class='ocrx_word' id='word_1_308' title='bbox 2321 3259 2547 3316; x_wconf 89' lang='lat' dir='ltr'>collata.</span> 
     </span>
    </p>

    <p class='ocr_par' dir='ltr' id='par_1_15' title="bbox 525 3336 2944 3894">
     <span class='ocr_line' id='line_1_33' title="bbox 608 3336 2939 3419; baseline -0.003 -17"><span class='ocrx_word' id='word_1_309' title='bbox 608 3345 718 3403; x_wconf 90' lang='lat' dir='ltr'>IV.</span> <span class='ocrx_word' id='word_1_310' title='bbox 763 3350 819 3402; x_wconf 85' lang='lat'>2.</span> <span class='ocrx_word' id='word_1_311' title='bbox 864 3345 996 3402; x_wconf 91' lang='lat' dir='ltr'>Non</span> <span class='ocrx_word' id='word_1_312' title='bbox 1025 3343 1301 3419; x_wconf 77' lang='lat' dir='ltr'>quaeritur</span> <span class='ocrx_word' id='word_1_313' title='bbox 1343 3343 1432 3400; x_wconf 92' lang='lat' dir='ltr'>De</span> <span class='ocrx_word' id='word_1_314' title='bbox 1471 3342 1838 3417; x_wconf 81' lang='lat' dir='ltr'>possibilitate</span> <span class='ocrx_word' id='word_1_315' title='bbox 1880 3340 2171 3419; x_wconf 69' lang='lat' dir='ltr'>deficiendi</span> <span class='ocrx_word' id='word_1_316' title='bbox 2208 3359 2247 3395; x_wconf 87' lang='lat' dir='ltr'>a</span> <span class='ocrx_word' id='word_1_317' title='bbox 2277 3347 2452 3414; x_wconf 77' lang='lat' dir='ltr'>parte</span> <span class='ocrx_word' id='word_1_318' title='bbox 2493 3337 2742 3411; x_wconf 77' lang='lat' dir='ltr'>hominis,</span> <span class='ocrx_word' id='word_1_319' title='bbox 2785 3336 2939 3395; x_wconf 86' lang='lat' dir='ltr'>etin</span> 
     </span>
     <span class='ocr_line' id='line_1_34' title="bbox 525 3416 2942 3496; baseline -0.002 -15"><span class='ocrx_word' id='word_1_320' title='bbox 525 3444 699 3482; x_wconf 86' lang='lat' dir='ltr'>sensu</span> <span class='ocrx_word' id='word_1_321' title='bbox 727 3422 933 3480; x_wconf 87' lang='lat' dir='ltr'>diviso.</span> <span class='ocrx_word' id='word_1_322' title='bbox 1020 3422 1203 3479; x_wconf 89' lang='lat' dir='ltr'>Nemo</span> <span class='ocrx_word' id='word_1_323' title='bbox 1231 3422 1385 3479; x_wconf 88' lang='lat' dir='ltr'>enim</span> <span class='ocrx_word' id='word_1_324' title='bbox 1412 3429 1589 3496; x_wconf 87' lang='lat' dir='ltr'>negat</span> <span class='ocrx_word' id='word_1_325' title='bbox 1621 3421 1854 3479; x_wconf 83' lang='lat' dir='ltr'>Fideles</span> <span class='ocrx_word' id='word_1_326' title='bbox 1896 3420 1957 3477; x_wconf 90' lang='lat' dir='ltr'>in</span> <span class='ocrx_word' id='word_1_327' title='bbox 1990 3439 2049 3478; x_wconf 85' lang='lat' dir='ltr'>se</span> <span class='ocrx_word' id='word_1_328' title='bbox 2083 3426 2370 3495; x_wconf 87' lang='lat' dir='ltr'>spectatos</span> <span class='ocrx_word' id='word_1_329' title='bbox 2405 3437 2509 3494; x_wconf 90' lang='lat' dir='ltr'>pro</span> <span class='ocrx_word' id='word_1_330' title='bbox 2552 3416 2942 3475; x_wconf 87' lang='lat' dir='ltr'>mutabilitate</span> 
     </span>
     <span class='ocr_line' id='line_1_35' title="bbox 526 3492 2942 3575; baseline -0.003 -15"><span class='ocrx_word' id='word_1_331' title='bbox 526 3510 585 3560; x_wconf 87' lang='lat' dir='ltr'>et</span> <span class='ocrx_word' id='word_1_332' title='bbox 612 3501 942 3557; x_wconf 80' lang='lat' dir='ltr'>infirmitate</span> <span class='ocrx_word' id='word_1_333' title='bbox 969 3508 1188 3557; x_wconf 83' lang='lat' dir='ltr'>naturae</span> <span class='ocrx_word' id='word_1_334' title='bbox 1220 3519 1355 3573; x_wconf 83' lang='lat' dir='ltr'>suae,</span> <span class='ocrx_word' id='word_1_335' title='bbox 1387 3520 1500 3556; x_wconf 92' lang='lat' dir='ltr'>non</span> <span class='ocrx_word' id='word_1_336' title='bbox 1531 3509 1755 3558; x_wconf 84' lang='lat' dir='ltr'>tantum</span> <span class='ocrx_word' id='word_1_337' title='bbox 1777 3498 2018 3557; x_wconf 88' lang='lat' dir='ltr'>deficere</span> <span class='ocrx_word' id='word_1_338' title='bbox 2048 3518 2235 3575; x_wconf 85' lang='lat' dir='ltr'>posse,</span> <span class='ocrx_word' id='word_1_339' title='bbox 2278 3496 2379 3555; x_wconf 89' lang='lat' dir='ltr'>sed</span> <span class='ocrx_word' id='word_1_340' title='bbox 2407 3496 2550 3553; x_wconf 90' lang='lat' dir='ltr'>nihil</span> <span class='ocrx_word' id='word_1_341' title='bbox 2580 3515 2748 3572; x_wconf 87' lang='lat' dir='ltr'>posse</span> <span class='ocrx_word' id='word_1_342' title='bbox 2776 3492 2942 3553; x_wconf 82' lang='lat' dir='ltr'>aliud</span> 
     </span>
     <span class='ocr_line' id='line_1_36' title="bbox 529 3574 2944 3654; baseline -0.002 -18"><span class='ocrx_word' id='word_1_343' title='bbox 529 3579 638 3654; x_wconf 83' lang='lat' dir='ltr'>sibi</span> <span class='ocrx_word' id='word_1_344' title='bbox 667 3578 918 3651; x_wconf 89' lang='lat' dir='ltr'>relictos,</span> <span class='ocrx_word' id='word_1_345' title='bbox 960 3577 1367 3635; x_wconf 87' lang='lat' dir='ltr'>accedentibus</span> <span class='ocrx_word' id='word_1_346' title='bbox 1395 3578 1655 3654; x_wconf 88' lang='lat' dir='ltr'>inprimis</span> <span class='ocrx_word' id='word_1_347' title='bbox 1690 3579 1916 3636; x_wconf 78' lang='lat' dir='ltr'>Satanae</span> <span class='ocrx_word' id='word_1_348' title='bbox 1960 3586 2018 3635; x_wconf 89' lang='lat' dir='ltr'>et</span> <span class='ocrx_word' id='word_1_349' title='bbox 2060 3576 2261 3635; x_wconf 90' lang='lat' dir='ltr'>mundi</span> <span class='ocrx_word' id='word_1_350' title='bbox 2302 3576 2733 3634; x_wconf 64' lang='lat' dir='ltr'>tentationibus</span> <span class='ocrx_word' id='word_1_351' title='bbox 2822 3574 2944 3633; x_wconf 87' lang='lat' dir='ltr'>Sed</span> 
     </span>
     <span class='ocr_line' id='line_1_37' title="bbox 525 3654 2941 3733; baseline -0.002 -17"><span class='ocrx_word' id='word_1_352' title='bbox 525 3666 756 3733; x_wconf 83' lang='lat' dir='ltr'>aparte</span> <span class='ocrx_word' id='word_1_353' title='bbox 784 3657 913 3730; x_wconf 89' lang='lat' dir='ltr'>Dei,</span> <span class='ocrx_word' id='word_1_354' title='bbox 944 3656 1135 3731; x_wconf 86' lang='lat' dir='ltr'>quoad</span> <span class='ocrx_word' id='word_1_355' title='bbox 1164 3656 1292 3732; x_wconf 87' lang='lat' dir='ltr'>ejus</span> <span class='ocrx_word' id='word_1_356' title='bbox 1325 3656 1705 3732; x_wconf 87' lang='lat' dir='ltr'>Propositum,</span> <span class='ocrx_word' id='word_1_357' title='bbox 1738 3658 1796 3714; x_wconf 92' lang='lat' dir='ltr'>in</span> <span class='ocrx_word' id='word_1_358' title='bbox 1827 3677 1999 3715; x_wconf 85' lang='lat' dir='ltr'>sensu</span> <span class='ocrx_word' id='word_1_359' title='bbox 2041 3656 2375 3732; x_wconf 85' lang='lat' dir='ltr'>compositO,</span> <span class='ocrx_word' id='word_1_360' title='bbox 2408 3663 2466 3713; x_wconf 88' lang='lat' dir='ltr'>et</span> <span class='ocrx_word' id='word_1_361' title='bbox 2492 3655 2711 3713; x_wconf 86' lang='lat' dir='ltr'>ratione</span> <span class='ocrx_word' id='word_1_362' title='bbox 2754 3654 2941 3730; x_wconf 89' lang='lat' dir='ltr'>ipsius</span> 
     </span>
     <span class='ocr_line' id='line_1_38' title="bbox 525 3734 2942 3813; baseline -0.002 -16"><span class='ocrx_word' id='word_1_363' title='bbox 525 3746 785 3811; x_wconf 79' lang='lat' dir='ltr'>eventuS,</span> <span class='ocrx_word' id='word_1_364' title='bbox 818 3756 933 3813; x_wconf 93' lang='lat' dir='ltr'>quo</span> <span class='ocrx_word' id='word_1_365' title='bbox 963 3755 1134 3794; x_wconf 87' lang='lat' dir='ltr'>sensu</span> <span class='ocrx_word' id='word_1_366' title='bbox 1163 3735 1575 3811; x_wconf 85' lang='lat' dir='ltr'>impossibilem</span> <span class='ocrx_word' id='word_1_367' title='bbox 1604 3735 1850 3793; x_wconf 88' lang='lat' dir='ltr'>dicimus</span> <span class='ocrx_word' id='word_1_368' title='bbox 1879 3756 2074 3794; x_wconf 88' lang='lat' dir='ltr'>corum</span> <span class='ocrx_word' id='word_1_369' title='bbox 2103 3735 2498 3810; x_wconf 85' lang='lat' dir='ltr'>defectionem,</span> <span class='ocrx_word' id='word_1_370' title='bbox 2530 3754 2645 3792; x_wconf 91' lang='lat' dir='ltr'>non</span> <span class='ocrx_word' id='word_1_371' title='bbox 2675 3734 2942 3792; x_wconf 84' lang='lat' dir='ltr'>absolute</span> 
     </span>
     <span class='ocr_line' id='line_1_39' title="bbox 529 3814 2110 3894; baseline -0.003 -17"><span class='ocrx_word' id='word_1_372' title='bbox 529 3826 587 3877; x_wconf 88' lang='lat' dir='ltr'>et</span> <span class='ocrx_word' id='word_1_373' title='bbox 617 3816 967 3894; x_wconf 86' lang='lat' dir='ltr'>simpliciter,</span> <span class='ocrx_word' id='word_1_374' title='bbox 1000 3814 1103 3874; x_wconf 89' lang='lat' dir='ltr'>sed</span> <span class='ocrx_word' id='word_1_375' title='bbox 1130 3814 1500 3892; x_wconf 86' lang='lat' dir='ltr'>hypothetice</span> <span class='ocrx_word' id='word_1_376' title='bbox 1529 3822 1587 3873; x_wconf 88' lang='lat' dir='ltr'>et</span> <span class='ocrx_word' id='word_1_377' title='bbox 1609 3814 1924 3873; x_wconf 88' lang='lat' dir='ltr'>secundum</span> <span class='ocrx_word' id='word_1_378' title='bbox 1953 3814 2110 3891; x_wconf 91' lang='lat' dir='ltr'>quid.</span> 
     </span>
    </p>

    <p class='ocr_par' dir='ltr' id='par_1_16' title="bbox 526 3891 2943 4527">
     <span class='ocr_line' id='line_1_40' title="bbox 609 3891 2942 3974; baseline -0.003 -18"><span class='ocrx_word' id='word_1_379' title='bbox 609 3898 685 3956; x_wconf 89' lang='lat' dir='ltr'>V.</span> <span class='ocrx_word' id='word_1_380' title='bbox 731 3901 785 3956; x_wconf 90' lang='lat'>3.</span> <span class='ocrx_word' id='word_1_381' title='bbox 833 3897 965 3955; x_wconf 87' lang='lat' dir='ltr'>Non</span> <span class='ocrx_word' id='word_1_382' title='bbox 992 3896 1283 3973; x_wconf 74' lang='lat' dir='ltr'>quaeritur,</span> <span class='ocrx_word' id='word_1_383' title='bbox 1317 3895 1406 3953; x_wconf 89' lang='lat' dir='ltr'>De</span> <span class='ocrx_word' id='word_1_384' title='bbox 1436 3903 1581 3968; x_wconf 85' lang='lat' dir='ltr'>actu,</span> <span class='ocrx_word' id='word_1_385' title='bbox 1614 3895 1710 3952; x_wconf 83' lang='lat' dir='ltr'>vel</span> <span class='ocrx_word' id='word_1_386' title='bbox 1739 3896 2005 3953; x_wconf 81' lang='lat' dir='ltr'>exercitio</span> <span class='ocrx_word' id='word_1_387' title='bbox 2030 3893 2190 3974; x_wconf 86' lang='lat' dir='ltr'>fidei,</span> <span class='ocrx_word' id='word_1_388' title='bbox 2236 3893 2335 3951; x_wconf 91' lang='lat' dir='ltr'>An</span> <span class='ocrx_word' id='word_1_389' title='bbox 2363 3893 2547 3970; x_wconf 85' lang='lat' dir='ltr'>possit</span> <span class='ocrx_word' id='word_1_390' title='bbox 2589 3891 2853 3968; x_wconf 88' lang='lat' dir='ltr'>intercipi</span> <span class='ocrx_word' id='word_1_391' title='bbox 2880 3901 2942 3950; x_wconf 90' lang='lat' dir='ltr'>et</span> 
     </span>
     <span class='ocr_line' id='line_1_41' title="bbox 526 3973 2943 4053; baseline -0.003 -17"><span class='ocrx_word' id='word_1_392' title='bbox 526 3977 772 4037; x_wconf 86' lang='lat' dir='ltr'>deficere</span> <span class='ocrx_word' id='word_1_393' title='bbox 815 3978 989 4035; x_wconf 89' lang='lat' dir='ltr'>etiam</span> <span class='ocrx_word' id='word_1_394' title='bbox 1031 3974 1222 4053; x_wconf 84' lang='lat' dir='ltr'>quoad</span> <span class='ocrx_word' id='word_1_395' title='bbox 1263 3983 1506 4051; x_wconf 75' lang='lat' dir='ltr'>tempuS,</span> <span class='ocrx_word' id='word_1_396' title='bbox 1552 3975 1708 4051; x_wconf 93' lang='lat' dir='ltr'>quod</span> <span class='ocrx_word' id='word_1_397' title='bbox 1749 3975 1920 4033; x_wconf 87' lang='lat' dir='ltr'>nimis</span> <span class='ocrx_word' id='word_1_398' title='bbox 1962 3973 2218 4051; x_wconf 88' lang='lat' dir='ltr'>quotidie</span> <span class='ocrx_word' id='word_1_399' title='bbox 2248 3973 2575 4049; x_wconf 85' lang='lat' dir='ltr'>experimur</span> <span class='ocrx_word' id='word_1_400' title='bbox 2600 3990 2943 4048; x_wconf 81' lang='lat' dir='ltr'>pergraves</span> 
     </span>
     <span class='ocr_line' id='line_1_42' title="bbox 531 4051 2941 4132; baseline -0.004 -15"><span class='ocrx_word' id='word_1_401' title='bbox 531 4059 874 4117; x_wconf 85' lang='lat' dir='ltr'>Sanctorum</span> <span class='ocrx_word' id='word_1_402' title='bbox 903 4056 1116 4132; x_wconf 87' lang='lat' dir='ltr'>lapsus.</span> <span class='ocrx_word' id='word_1_403' title='bbox 1206 4054 1321 4114; x_wconf 88' lang='lat' dir='ltr'>Sed</span> <span class='ocrx_word' id='word_1_404' title='bbox 1363 4054 1434 4112; x_wconf 92' lang='lat' dir='ltr'>de</span> <span class='ocrx_word' id='word_1_405' title='bbox 1477 4055 1709 4112; x_wconf 79' lang='lat' dir='ltr'>essentia</span> <span class='ocrx_word' id='word_1_406' title='bbox 1749 4055 1875 4112; x_wconf 82' lang='lat' dir='ltr'>vitoe</span> <span class='ocrx_word' id='word_1_407' title='bbox 1914 4053 2241 4130; x_wconf 78' lang='lat' dir='ltr'>spiritualis,</span> <span class='ocrx_word' id='word_1_408' title='bbox 2287 4061 2345 4110; x_wconf 90' lang='lat' dir='ltr'>et</span> <span class='ocrx_word' id='word_1_409' title='bbox 2385 4052 2568 4125; x_wconf 77' lang='lat' dir='ltr'>Statu,</span> <span class='ocrx_word' id='word_1_410' title='bbox 2627 4071 2693 4108; x_wconf 89' lang='lat' dir='ltr'>ac</span> <span class='ocrx_word' id='word_1_411' title='bbox 2748 4051 2941 4108; x_wconf 75' lang='lat' dir='ltr'>habitu</span> 
     </span>
     <span class='ocr_line' id='line_1_43' title="bbox 527 4130 2939 4211; baseline -0.003 -16"><span class='ocrx_word' id='word_1_412' title='bbox 527 4137 681 4197; x_wconf 83' lang='lat' dir='ltr'>fidei.</span> <span class='ocrx_word' id='word_1_413' title='bbox 766 4136 821 4193; x_wconf 91' lang='lat' dir='ltr'>N</span> <span class='ocrx_word' id='word_1_414' title='bbox 824 4156 914 4208; x_wconf 90' lang='lat' dir='ltr'>on,</span> <span class='ocrx_word' id='word_1_415' title='bbox 951 4136 1048 4192; x_wconf 88' lang='lat' dir='ltr'>An</span> <span class='ocrx_word' id='word_1_416' title='bbox 1074 4135 1257 4211; x_wconf 85' lang='lat' dir='ltr'>possit</span> <span class='ocrx_word' id='word_1_417' title='bbox 1285 4134 1475 4210; x_wconf 86' lang='lat' dir='ltr'>quoad</span> <span class='ocrx_word' id='word_1_418' title='bbox 1504 4133 1837 4193; x_wconf 86' lang='lat' dir='ltr'>facilitatem</span> <span class='ocrx_word' id='word_1_419' title='bbox 1866 4142 1924 4191; x_wconf 90' lang='lat' dir='ltr'>et</span> <span class='ocrx_word' id='word_1_420' title='bbox 1940 4131 2447 4210; x_wconf 87' lang='lat' dir='ltr'>promptitudinem</span> <span class='ocrx_word' id='word_1_421' title='bbox 2471 4130 2742 4207; x_wconf 87' lang='lat' dir='ltr'>operandi</span> <span class='ocrx_word' id='word_1_422' title='bbox 2756 4149 2939 4206; x_wconf 89' lang='lat' dir='ltr'>quan—</span> 
     </span>
     <span class='ocr_line' id='line_1_44' title="bbox 528 4210 2939 4293; baseline -0.003 -19"><span class='ocrx_word' id='word_1_423' title='bbox 528 4217 717 4293; x_wconf 90' lang='lat' dir='ltr'>doque</span> <span class='ocrx_word' id='word_1_424' title='bbox 747 4215 1007 4273; x_wconf 89' lang='lat' dir='ltr'>imminui</span> <span class='ocrx_word' id='word_1_425' title='bbox 1035 4224 1094 4273; x_wconf 88' lang='lat' dir='ltr'>et</span> <span class='ocrx_word' id='word_1_426' title='bbox 1121 4214 1290 4271; x_wconf 87' lang='lat' dir='ltr'>valde</span> <span class='ocrx_word' id='word_1_427' title='bbox 1313 4214 1498 4288; x_wconf 87' lang='lat' dir='ltr'>atteri,</span> <span class='ocrx_word' id='word_1_428' title='bbox 1531 4222 1589 4271; x_wconf 92' lang='lat' dir='ltr'>et</span> <span class='ocrx_word' id='word_1_429' title='bbox 1610 4214 1731 4270; x_wconf 86' lang='lat' dir='ltr'>vita</span> <span class='ocrx_word' id='word_1_430' title='bbox 1749 4213 1872 4289; x_wconf 86' lang='lat' dir='ltr'>ipsa</span> <span class='ocrx_word' id='word_1_431' title='bbox 1895 4210 2207 4289; x_wconf 85' lang='lat' dir='ltr'>spiritualis</span> <span class='ocrx_word' id='word_1_432' title='bbox 2224 4211 2623 4268; x_wconf 83' lang='lat' dir='ltr'>vehementem</span> <span class='ocrx_word' id='word_1_433' title='bbox 2644 4228 2939 4285; x_wconf 78' lang='lat' dir='ltr'>syncopen</span> 
     </span>
     <span class='ocr_line' id='line_1_45' title="bbox 528 4288 2940 4372; baseline -0.003 -19"><span class='ocrx_word' id='word_1_434' title='bbox 528 4296 664 4372; x_wconf 90' lang='lat' dir='ltr'>pati,</span> <span class='ocrx_word' id='word_1_435' title='bbox 696 4302 761 4352; x_wconf 90' lang='lat' dir='ltr'>ut</span> <span class='ocrx_word' id='word_1_436' title='bbox 788 4314 988 4371; x_wconf 89' lang='lat' dir='ltr'>parum</span> <span class='ocrx_word' id='word_1_437' title='bbox 1018 4314 1052 4351; x_wconf 92' lang='lat' dir='ltr'>a</span> <span class='ocrx_word' id='word_1_438' title='bbox 1079 4302 1260 4351; x_wconf 90' lang='lat' dir='ltr'>morte</span> <span class='ocrx_word' id='word_1_439' title='bbox 1289 4292 1490 4350; x_wconf 87' lang='lat' dir='ltr'>abesse</span> <span class='ocrx_word' id='word_1_440' title='bbox 1517 4292 1799 4351; x_wconf 85' lang='lat' dir='ltr'>videatur.</span> <span class='ocrx_word' id='word_1_441' title='bbox 1879 4292 2010 4364; x_wconf 88' lang='lat' dir='ltr'>Sed,</span> <span class='ocrx_word' id='word_1_442' title='bbox 2046 4290 2141 4347; x_wconf 89' lang='lat' dir='ltr'>An</span> <span class='ocrx_word' id='word_1_443' title='bbox 2170 4290 2354 4366; x_wconf 88' lang='lat' dir='ltr'>possit</span> <span class='ocrx_word' id='word_1_444' title='bbox 2382 4297 2619 4347; x_wconf 89' lang='lat' dir='ltr'>eatenus</span> <span class='ocrx_word' id='word_1_445' title='bbox 2648 4288 2940 4346; x_wconf 86' lang='lat' dir='ltr'>debilitari</span> 
     </span>
     <span class='ocr_line' id='line_1_46' title="bbox 532 4366 2942 4450; baseline -0.003 -17"><span class='ocrx_word' id='word_1_446' title='bbox 532 4384 590 4433; x_wconf 91' lang='lat' dir='ltr'>et</span> <span class='ocrx_word' id='word_1_447' title='bbox 619 4374 921 4450; x_wconf 88' lang='lat' dir='ltr'>corrumpi,</span> <span class='ocrx_word' id='word_1_448' title='bbox 953 4382 1018 4431; x_wconf 88' lang='lat' dir='ltr'>ut</span> <span class='ocrx_word' id='word_1_449' title='bbox 1037 4392 1270 4449; x_wconf 87' lang='lat' dir='ltr'>prorsus</span> <span class='ocrx_word' id='word_1_450' title='bbox 1292 4371 1582 4433; x_wconf 86' lang='lat' dir='ltr'>auferatur</span> <span class='ocrx_word' id='word_1_451' title='bbox 1602 4381 1660 4430; x_wconf 92' lang='lat' dir='ltr'>et</span> <span class='ocrx_word' id='word_1_452' title='bbox 1682 4391 1806 4428; x_wconf 83' lang='lat' dir='ltr'>esse</span> <span class='ocrx_word' id='word_1_453' title='bbox 1836 4370 2097 4445; x_wconf 83' lang='lat' dir='ltr'>desinat3</span> <span class='ocrx_word' id='word_1_454' title='bbox 2145 4389 2245 4427; x_wconf 86' lang='lat' dir='ltr'>seu</span> <span class='ocrx_word' id='word_1_455' title='bbox 2274 4369 2345 4426; x_wconf 91' lang='lat' dir='ltr'>de</span> <span class='ocrx_word' id='word_1_456' title='bbox 2374 4368 2540 4427; x_wconf 89' lang='lat' dir='ltr'>totali</span> <span class='ocrx_word' id='word_1_457' title='bbox 2567 4376 2625 4425; x_wconf 90' lang='lat' dir='ltr'>et</span> <span class='ocrx_word' id='word_1_458' title='bbox 2651 4367 2809 4424; x_wconf 86' lang='lat' dir='ltr'>finali</span> <span class='ocrx_word' id='word_1_459' title='bbox 2839 4366 2942 4425; x_wconf 84' lang='lat' dir='ltr'>de·</span> 
     </span>
     <span class='ocr_line' id='line_1_47' title="bbox 532 4449 2658 4527; baseline -0.003 -16"><span class='ocrx_word' id='word_1_460' title='bbox 532 4454 794 4525; x_wconf 89' lang='lat' dir='ltr'>fectione,</span> <span class='ocrx_word' id='word_1_461' title='bbox 827 4471 927 4527; x_wconf 89' lang='lat' dir='ltr'>per</span> <span class='ocrx_word' id='word_1_462' title='bbox 955 4471 1126 4527; x_wconf 85' lang='lat' dir='ltr'>quam</span> <span class='ocrx_word' id='word_1_463' title='bbox 1156 4449 1427 4508; x_wconf 87' lang='lat' dir='ltr'>excidant</span> <span class='ocrx_word' id='word_1_464' title='bbox 1454 4451 1682 4526; x_wconf 88' lang='lat' dir='ltr'>penitus</span> <span class='ocrx_word' id='word_1_465' title='bbox 1711 4471 1745 4507; x_wconf 89' lang='lat' dir='ltr'>a</span> <span class='ocrx_word' id='word_1_466' title='bbox 1772 4450 1903 4524; x_wconf 79' lang='lat' dir='ltr'>fide,</span> <span class='ocrx_word' id='word_1_467' title='bbox 1934 4458 1993 4507; x_wconf 92' lang='lat' dir='ltr'>et</span> <span class='ocrx_word' id='word_1_468' title='bbox 2013 4449 2071 4506; x_wconf 93' lang='lat' dir='ltr'>in</span> <span class='ocrx_word' id='word_1_469' title='bbox 2102 4457 2375 4506; x_wconf 79' lang='lat' dir='ltr'>aeternum</span> <span class='ocrx_word' id='word_1_470' title='bbox 2405 4454 2658 4524; x_wconf 86' lang='lat' dir='ltr'>pereant.</span> 
     </span>
    </p>

    <p class='ocr_par' dir='ltr' id='par_1_17' title="bbox 525 4525 2943 4683">
     <span class='ocr_line' id='line_1_48' title="bbox 609 4525 2943 4606; baseline -0.001 -18"><span class='ocrx_word' id='word_1_471' title='bbox 609 4531 722 4588; x_wconf 89' lang='lat' dir='ltr'>VI.</span> <span class='ocrx_word' id='word_1_472' title='bbox 766 4534 822 4586; x_wconf 87' lang='grc'>4.</span> <span class='ocrx_word' id='word_1_473' title='bbox 868 4530 997 4588; x_wconf 90' lang='lat' dir='ltr'>Non</span> <span class='ocrx_word' id='word_1_474' title='bbox 1027 4530 1315 4606; x_wconf 83' lang='lat' dir='ltr'>quaeritur,</span> <span class='ocrx_word' id='word_1_475' title='bbox 1351 4528 1447 4585; x_wconf 88' lang='lat' dir='ltr'>An</span> <span class='ocrx_word' id='word_1_476' title='bbox 1477 4529 1698 4587; x_wconf 86' lang='lat' dir='ltr'>Fidelis</span> <span class='ocrx_word' id='word_1_477' title='bbox 1740 4528 2089 4587; x_wconf 78' lang='lat' dir='ltr'>demeritorie</span> <span class='ocrx_word' id='word_1_478' title='bbox 2130 4527 2313 4605; x_wconf 89' lang='lat' dir='ltr'>possit</span> <span class='ocrx_word' id='word_1_479' title='bbox 2353 4527 2613 4585; x_wconf 87' lang='lat' dir='ltr'>amittere</span> <span class='ocrx_word' id='word_1_480' title='bbox 2657 4525 2847 4599; x_wconf 88' lang='lat' dir='ltr'>fidem,</span> <span class='ocrx_word' id='word_1_481' title='bbox 2882 4536 2943 4586; x_wconf 86' lang='lat' dir='ltr'>et</span> 
     </span>
     <span class='ocr_line' id='line_1_49' title="bbox 525 4604 2943 4683; baseline -0 -18"><span class='ocrx_word' id='word_1_482' title='bbox 525 4610 823 4666; x_wconf 84' lang='lat' dir='ltr'>vinculum</span> <span class='ocrx_word' id='word_1_483' title='bbox 847 4608 1263 4666; x_wconf 88' lang='lat' dir='ltr'>communionis</span> <span class='ocrx_word' id='word_1_484' title='bbox 1288 4607 1518 4682; x_wconf 88' lang='lat' dir='ltr'>Christi,</span> <span class='ocrx_word' id='word_1_485' title='bbox 1541 4619 1819 4683; x_wconf 89' lang='lat' dir='ltr'>quantum</span> <span class='ocrx_word' id='word_1_486' title='bbox 1844 4608 1901 4664; x_wconf 91' lang='lat' dir='ltr'>in</span> <span class='ocrx_word' id='word_1_487' title='bbox 1926 4628 1985 4666; x_wconf 87' lang='lat' dir='ltr'>se</span> <span class='ocrx_word' id='word_1_488' title='bbox 2009 4615 2115 4681; x_wconf 86' lang='lat' dir='ltr'>est,</span> <span class='ocrx_word' id='word_1_489' title='bbox 2141 4606 2508 4681; x_wconf 86' lang='lat' dir='ltr'>abscindere;</span> <span class='ocrx_word' id='word_1_490' title='bbox 2539 4614 2602 4662; x_wconf 93' lang='lat' dir='ltr'>ut</span> <span class='ocrx_word' id='word_1_491' title='bbox 2624 4604 2943 4681; x_wconf 73' lang='lat' dir='ltr'>peripsum</span> 
     </span>
    </p>
   </div>
   <div class='ocr_carea' id='block_1_7' title="bbox 586 2767 948 2870">
    <p class='ocr_par' dir='ltr' id='par_1_18' title="bbox 586 2767 948 2870">
     <span class='ocr_line' id='line_1_50' title="bbox 586 2767 948 2816; baseline -0.006 -3"><span class='ocrx_word' id='word_1_492' title='bbox 586 2769 760 2813; x_wconf 83' lang='lat' dir='ltr'>Status</span> <span class='ocrx_word' id='word_1_493' title='bbox 782 2767 948 2816; x_wconf 80' lang='lat' dir='ltr'>Quoes·</span> 
     </span>
     <span class='ocr_line' id='line_1_51' title="bbox 695 2825 860 2870; baseline -0.018 -1"><span class='ocrx_word' id='word_1_494' title='bbox 695 2825 860 2870; x_wconf 85' lang='lat' dir='ltr'>tionis.</span> 
     </span>
    </p>
   </div>
  </div>
 </body>
</html>
