3221 5200
525 335 604 392 82
1437 345 1621 387 Locus
1652 343 2007 386 uunscnms.
2521 317 2771 401 [qus‘r.
2800 337 2930 380 xiv.

521 491 868 550 observante
897 485 1132 561 Azorio,
1178 484 1409 544 Institu-
1441 485 1629 545 Mora.
1657 504 1714 561 p.
1744 488 1800 560 2,
1848 505 1902 544 c.
1932 488 1987 559 2,
2030 469 2100 541 ¹ut
2136 479 2539 553 Ancboranus,
2571 477 2930 538 Panormita-

524 590 652 644 nus,
674 568 943 644 Angelus
964 566 1281 644 Sylvester,
1311 584 1416 641 pro
1444 564 1645 623 divina
1671 566 1799 641 ejus
1827 562 2176 622 authoritate
2202 567 2498 638 pugnant3
2530 559 2646 618 Vel
2673 558 2748 617 ad
2775 557 2929 638 ordi·

522 649 814 708 nationem
842 645 1153 723 politicam,
1188 653 1254 704 ut
1283 645 1776 718 Remonstrantes,
1828 643 1927 721 qui
1955 643 2018 700 in
2047 640 2416 699 Confessione
2444 639 2787 716 profitentur
2813 635 2930 694 dis-

521 727 741 786 crimen
793 725 1018 784 dierum
1071 743 1307 801 prorsus
1362 742 1490 784 esse
1545 722 1837 782 sublatum
1879 722 1987 781 sub
2030 722 2199 780 Novo
2241 720 2329 793 Τ.,
2374 727 2433 779 et
2476 717 2786 791 Sociniani,
2830 714 2936 791 qui

523 805 887 866 arbitrarium
934 805 1060 880 ejus
1107 804 1328 862 cultum
1374 822 1500 862 esse
1545 810 1827 877 asserunt,
1877 801 2110 860 Catech.
2141 798 2328 858 Rako.
2358 819 2407 856 c.
2437 797 2477 856 i.
2521 797 2594 857 de
2636 794 2933 872 Propheti-

527 886 741 944 Christi
787 903 1022 943 munere
1046 905 1064 943 ε
1124 883 1280 941 Aliis
1322 881 1399 941 ad
1458 881 1876 941 ordinationem
1920 879 2176 938 divinam
2223 876 2683 951 ascendentibus,
2729 883 2796 935 ut
2835 873 2936 931 vel

526 966 789 1024 Christus
829 965 952 1040 ipsc
1000 962 1328 1021 immediate
1373 969 1432 1021 et
1458 981 1730 1038 expresse
1758 960 1912 1019 diem
1952 960 2118 1018 illum
2145 957 2463 1016 instituisse
2492 955 2731 1029 dicatur,
2775 953 2936 1030 quod

522 1045 653 1104 vult
678 1044 903 1118 Junius,
930 1042 1249 1101 PrselectiO.
1278 1041 1340 1098 in
1370 1042 1519 1100 Gen.
1547 1040 1628 1116 ii.,
1659 1049 1719 1099 et
1745 1039 1977 1117 quidam
2006 1057 2137 1096 cum
2167 1038 2290 1114 ipso
2314 1058 2328 1111 ;
2374 1035 2488 1094 Vel
2515 1034 2763 1094 mediate
2782 1042 2932 1125 ‚tan-

523 1131 663 1197 tum,
694 1131 979 1200 quatenus
1007 1120 1275 1197 Apostoli
1301 1120 1612 1179 θιότηυστα
1639 1128 1764 1178 tum
1790 1126 2076 1196 praecepto
2104 1126 2227 1176 tum
2255 1114 2521 1190 exemplo
2548 1123 2607 1173 et
2632 1133 2801 1190 praxi
2828 1131 2937 1171 sua

524 1222 656 1260 eum
677 1202 737 1258 in
767 1200 1033 1259 Ecclesia
1061 1200 1387 1259 Christiana
1414 1207 1748 1258 sanxerunt.
1792 1199 1936 1273 Quae
1963 1195 2319 1257 communior
2345 1203 2436 1253 est
2463 1192 2932 1254 Orthodoxorum

525 1280 825 1353 sententia,
858 1279 933 1337 ad
960 1298 1134 1355 quam
1162 1280 1334 1338 etiam
1363 1278 1709 1337 accedimus.

607 1359 716 1417 IV.
761 1358 873 1431 Qui
901 1358 1154 1416 referunt
1182 1357 1462 1432 originem
1494 1357 1626 1414 Diei
1658 1354 1947 1417 Dominici
1987 1353 2063 1414 ad
2091 1353 2385 1414 Christum
2409 1350 2673 1411 nituntur
2697 1350 2929 1428 potissi-

524 1456 699 1511 mum,
719 1444 841 1496 tum
863 1438 1266 1494 resurrectione
1285 1436 1510 1509 Christi,
1535 1436 1635 1513 qui
1655 1436 1765 1494 hoc
1786 1435 1880 1493 die
1897 1433 2250 1510 resurgendo
2272 1452 2307 1490 a
2322 1431 2580 1506 mortuis,
2611 1450 2741 1489 eum
2770 1429 2933 1488 vide·

524 1524 619 1574 tur
645 1516 721 1573 ad
762 1515 981 1573 cultum
1009 1534 1178 1573 suum
1219 1534 1583 1573 consecrasse
1628 1515 1689 1571 in
1736 1515 1891 1573 illius
1934 1512 2285 1586 memoriam,
2335 1519 2459 1570 tum
2486 1509 2937 1585 apparitionibus

523 1595 702 1652 variis
727 1602 859 1670 post
906 1593 1380 1652 resurrectionem
1425 1593 1592 1653 factis
1639 1594 1748 1652 hac
1777 1593 1903 1669 ipsa
1930 1592 2042 1667 die,
2087 1590 2319 1668 quando
2368 1610 2429 1647 se
2469 1589 2732 1647 exhibuit
2760 1588 2932 1646 disci-

521 1674 677 1750 pulis
725 1674 1107 1750 congregatis,
1155 1673 1197 1733 J
1203 1693 1254 1731 o.
1300 1693 1403 1732 xx.
1454 1675 1546 1747 19,
1604 1675 1700 1746 26,
1746 1672 1931 1748 Apoc.
1956 1671 2013 1742 i.
2069 1673 2160 1746 10,
2212 1677 2333 1727 tum
2382 1669 2644 1741 effusione
2686 1668 2936 1743 Spiritus

523 1755 584 1811 S.
615 1753 676 1811 in
705 1752 1040 1829 Apostolos,
1071 1772 1201 1830 quse
1228 1753 1338 1810 hoc
1367 1752 1461 1812 die
1510 1752 1824 1827 contigisse
1865 1749 2170 1823 statuitur3
2219 1748 2336 1806 Sed
2362 1747 2498 1806 licet
2526 1747 2637 1805 ista
2663 1747 2932 1823 probabi-

522 1832 656 1890 liter
700 1831 964 1891 dicantur
1011 1841 1070 1891 et
1117 1831 1424 1890 videantur
1467 1831 1827 1889 occasionem
1873 1828 2101 1887 dedisse
2143 1827 2276 1886 huic
2305 1826 2672 1900 institutioni,
2703 1826 2931 1884 firmum

522 1919 716 1970 tamen
745 1920 804 1970 et
831 1912 1079 1971 solidum
1128 1930 1243 1969 non
1286 1918 1529 1986 possunt
1556 1910 1779 1969 efficere
1827 1916 2230 1986 argumentum
2274 1906 2350 1966 ad
2393 1925 2522 1966 eam
2548 1904 2931 1983 probandum,

524 1990 682 2067 quod
708 1991 943 2068 aliquod
970 2009 1307 2067 expressum
1336 1989 1551 2047 Christi
1577 1988 1913 2048 mandatum
1941 1987 2037 2046 vel
2063 1985 2393 2062 exemplum
2420 1985 2752 2062 requireret.

606 2070 681 2127 V.
729 2071 928 2147 Longe
971 2089 1108 2146 ergo
1151 2067 1587 2127 convenientius
1615 2067 1725 2125 hoc
1753 2066 1966 2128 dicitur
1991 2086 2118 2126 esse
2148 2064 2503 2142 Apostolicae
2531 2062 2930 2139 institutioniS,

524 2148 625 2224 qui
656 2148 825 2206 Diem
851 2149 1217 2208 Dominicum
1244 2146 1538 2206 Sabbatho
1567 2146 1990 2206 substituerunt
2016 2154 2078 2204 et
2108 2144 2386 2203 Ecclesiis
2434 2143 2927 2217 commendarunt,

525 2246 642 2285 non
670 2227 793 2286 sine
820 2227 1096 2304 peculiari
1143 2227 1323 2287 ductu
1374 2226 1623 2303 Spiritus
1675 2226 1888 2300 Sancti,
1972 2245 2047 2284 uo
2075 2224 2426 2301 regebantur
2450 2222 2830 2281 infallibiliter
2857 2221 2934 2279 ad

525 2325 595 2364 ea
619 2306 1059 2382 praescribenda,
1090 2327 1207 2365 non
1234 2306 1406 2365 modo
1433 2326 1564 2383 quae
1592 2303 1879 2366 faciebant
1906 2245 1982 2363 aq
2007 2304 2182 2362 fidem
2209 2311 2269 2362 et
2295 2301 2372 2361 ad
2398 2321 2603 2377 mores,
2628 2299 2732 2360 sed
2759 2300 2934 2359 etiam

524 2385 601 2445 ad
628 2385 905 2444 Ecclesiae
932 2388 1155 2457 εὐταξίαν
1182 2394 1242 2446 et
1269 2385 1460 2445 cultus
1488 2384 1674 2443 divini
1702 2385 2057 2444 exercitium.
2101 2382 2238 2441 Tria
2263 2390 2455 2441 autem
2485 2390 2618 2440 sunt
2644 2381 2934 2457 praecipue

521 2464 651 2523 loca
678 2485 753 2523 ex
781 2465 991 2540 quibus
1036 2466 1159 2523 hsec
1196 2465 1483 2523 institutio
1510 2464 1821 2540 colligitur,
1856 2467 1908 2522 1.
1939 2464 2036 2521 Ex
2064 2462 2200 2521 Act.
2229 2481 2333 2519 xx.
2364 2464 2420 2520 7.
2505 2463 2541 2494 “
2572 2461 2767 2519 Prima
2793 2479 2936 2519 vero

526 2543 1008 2619 Sabbathorum‚''
1038 2542 1119 2602 id.
1157 2542 1550 2617 hebdomadis,
1605 2544 1643 2576 “
1664 2562 1795 2603 cum
1835 2542 2104 2619 discipuli
2131 2541 2538 2600 convenissent
2564 2539 2639 2597 ad
2666 2540 2932 2617 frangen-

522 2621 662 2680 dum
687 2641 913 2698 panem,
956 2621 1174 2681 Paulus
1215 2621 1486 2683 disseruit
1513 2622 1664 2681 inter
1691 2642 1808 2697 eos,
1839 2623 2099 2681 abiturus
2126 2620 2461 2698 postridie.''
2523 2620 2641 2678 Cur
2665 2620 2939 2679 dicuntur

522 2700 794 2775 Apostoli
816 2700 1155 2760 convenisse
1176 2700 1251 2758 ad
1268 2700 1450 2760 Verbi
1471 2700 1954 2777 praedicationem,
1984 2710 2044 2760 et
2071 2701 2454 2761 Eucharistiae
2484 2699 2933 2759 administratio-

519 2798 671 2853 nem,
685 2779 795 2837 hoc
812 2778 906 2838 die
922 2780 1116 2855 potius
1136 2799 1309 2857 quam
1326 2779 1458 2854 alio,
1472 2788 1572 2838 aut
1592 2779 1806 2839 celebri
1825 2780 1869 2840 J
1874 2781 2165 2839 udseorum
2191 2780 2503 2855 Sabbatbo,
2517 2779 2778 2839 nisitunc
2788 2786 2936 2837 tem·

520 2858 678 2935 poris
698 2859 822 2934 jam
849 2858 1193 2919 invaluisset
1232 2859 1588 2918 consuetudo
1631 2858 1896 2919 solennes
1936 2868 2257 2918 conventus
2285 2859 2512 2936 agendi,
2554 2867 2934 2917 evanescente

518 2937 798 3014 paulatim
838 2938 883 2997 J
887 2938 1082 2998 udaiei
1125 2937 1407 2999 Sabbathi
1433 2938 1773 2997 caeremonia
1792 2942 1821 2997 Ρ
1902 2939 2024 2999 Nec
2052 2937 2361 2998 dicendum
2386 2941 2509 3015 μίαν
2536 2938 2811 3007 cassel-run
2836 2938 2933 2996 hic

519 3036 637 3075 non
663 3017 913 3094 primum
961 3016 1310 3095 septimanae,
1359 3017 1463 3075 sed
1501 3037 1681 3076 unum
1710 3026 1950 3093 tantum,
1981 3017 2059 3075 id.
2089 3017 2357 3093 aliquem,
2405 3018 2557 3076 diem
2600 3018 2934 3095 septimanis

521 3096 825 3175 designare
849 3121 864 3172 3
910 3098 1058 3173 Quia
1084 3117 1201 3157 non
1228 3097 1343 3156 alio
1388 3116 1564 3157 sensu
1590 3105 1916 3174 usurpatur,
1964 3097 2105 3155 Luc.
2135 3097 2300 3155 xxiv.
2335 3098 2387 3170 1,
2419 3106 2477 3156 et
2507 3097 2689 3155 Marc.
2719 3096 2841 3154 xvi.
2873 3101 2930 3170 2,

520 3185 579 3236 et
605 3177 763 3254 quod
790 3177 1024 3237 affertur
1067 3197 1144 3238 ex
1173 3178 1316 3238 Luc.
1345 3196 1403 3237 v.
1438 3180 1530 3253 17,
1582 3185 1642 3235 et
1668 3177 1790 3236 viii.
1820 3182 1915 3251 22,
1966 3195 2083 3234 non
2130 3176 2245 3234 huc
2294 3175 2450 3250 facit,
2493 3176 2630 3252 quia
2657 3174 2815 3234 aliud
2843 3183 2933 3235 est

520 3256 711 3317 dicere
760 3258 799 3316 ἐν
844 3261 943 3335 μιᾷ
967 3261 1059 3316 τὸι
1107 3259 1298 3338 ulmeis,
1345 3257 1505 3333 quod
1551 3265 1780 3334 tempus
1827 3254 2332 3316 indeterminatum
2373 3263 2554 3331 notat,
2597 3254 2756 3313 aliud
2801 3254 2841 3312 ἐν
2866 3258 2934 3334 τῇ·

517 3337 616 3412 „lq
642 3357 771 3394 cum
799 3338 1058 3411 articulo,
1090 3338 1190 3412 qui
1218 3337 1370 3394 diem
1399 3335 1761 3394 determinat.

605 3415 712 3471 VL
759 3414 1041 3488 Secundo,
1076 3415 1170 3471 Ex
1203 3417 1230 3471 1
1267 3414 1396 3472 Cor.
1425 3415 1547 3471 xvi.
1582 3416 1634 3488 1,
1666 3418 1722 3488 2,
1773 3413 1877 3471 ubi
1924 3433 2039 3471 non
2088 3421 2313 3473 tantum
2339 3411 2539 3490 praxis
2567 3412 2927 3490 Apostolica,

518 3490 621 3551 sed
639 3499 699 3549 et
717 3501 1064 3569 praeceptum
1091 3491 1429 3567 insinuatur,
1464 3494 1499 3524 “
1523 3492 1704 3551 Porro
1722 3491 1794 3550 de
1816 3492 2059 3552 collecta
2077 3492 2138 3551 in
2164 3492 2422 3568 Sanctos,
2447 3493 2932 3569 quemadmodum

518 3568 783 3628 ordinavi
811 3570 1089 3630 Ecclesiis
1119 3570 1383 3645 Galatiae,
1413 3571 1496 3629 ita
1516 3579 1574 3630 et
1595 3590 1703 3630 vos
1731 3569 1929 3649 facite;
1972 3572 2157 3649 primo
2173 3592 2290 3649 quo
2332 3592 2403 3630 ue
2431 3571 2525 3630 die
2553 3571 2933 3631 hebdomadis

516 3649 912 3726 unusquisque
953 3657 1210 3709 vestrum
1251 3649 1405 3727 apud
1433 3669 1495 3709 se
1523 3658 1779 3727 reponat,
1823 3652 2140 3711 recondens
2181 3671 2259 3728 qu
2378 3670 2482 3727 pro
2527 3651 2639 3709 Dei
2666 3651 2930 3728 benigni-

517 3735 635 3787 tate
662 3728 904 3805 licuerit,
934 3749 1007 3788 ne
1035 3749 1167 3788 cum
1193 3748 1406 3788 venero
1434 3737 1559 3788 tum
1585 3730 1844 3790 collectae
1872 3731 2014 3789 fiant
2036 3731 2092 3806 ;'’
2138 3730 2239 3790 ubi
2279 3728 2601 3808 Apostolus
2642 3731 2770 3789 vult
2811 3731 2930 3790 col·

515 3806 696 3867 lectas
722 3808 847 3868 fleri
874 3829 909 3867 a
935 3807 1204 3868 fidelibus
1231 3807 1415 3885 primo
1436 3829 1667 3887 quoque
1686 3809 2065 3870 hebdomadis
2092 3809 2203 3883 die,
2223 3829 2339 3885 quo
2357 3809 2578 3869 scilicet
2595 3809 2932 3870 Conventus

515 3888 733 3965 publici
779 3888 904 3947 fieri
953 3888 1127 3948 etiam
1153 3888 1459 3963 debebant,
1511 3890 1670 3966 quod
1702 3890 1846 3967 petit
1873 3910 1909 3948 a
1935 3888 2351 3949 consuetudine
2400 3889 2442 3949 J
2446 3889 2760 3965 udaeornm,
2806 3890 2926 3966 qui,

517 3968 858 4028 observante
905 3967 1166 4043 Philone,
1216 3976 1276 4027 et
1321 3968 1366 4027 J
1368 3968 1603 4045 osepho,
1664 3969 1912 4045 singulis
1973 3967 2301 4043 Sabbathis,
2352 3968 2566 4045 quibus
2620 3969 2929 4027 convenire

516 4046 794 4122 solebant,
826 4047 1098 4107 collectas
1126 4045 1313 4106 facere
1341 4047 1605 4107 solebant
1645 4047 1707 4106 in
1753 4047 2081 4125 Synagogis
2122 4068 2199 4106 ex
2239 4047 2480 4107 decimis
2508 4057 2568 4107 et
2595 4047 2726 4105 aliis
2754 4067 2925 4125 spon-

515 4126 700 4186 taneis
721 4126 1143 4201 collationibus,
1167 4146 1297 4203 quae
1317 4135 1519 4203 postea
1535 4127 1899 4186 mitterentur
1920 4126 2386 4204 Hierosolymam
2416 4127 2477 4185 in
2504 4146 2676 4186 usum
2701 4127 2928 4204 Templi

514 4213 574 4265 et
603 4206 956 4265 Levitarum.
1016 4205 1165 4279 Quia
1191 4225 1332 4283 ergo
1362 4205 1627 4264 Ecclesia
1656 4206 2186 4283 Hierosolymitana
2211 4215 2446 4284 propter
2471 4206 2929 4284 persecutionem

512 4284 557 4343 J
558 4284 870 4361 udaeorum,
894 4285 1325 4364 peregrinorum
1347 4285 1660 4343 multorum
1678 4284 2007 4360 adventum,
2031 4294 2092 4344 et
2118 4286 2452 4345 continuum
2474 4286 2535 4344 in
2556 4285 2931 4363 propagando

515 4363 839 4439 Evangelio
866 4365 1073 4439 zelum,
1117 4364 1313 4441 inopia
1339 4363 1510 4434 valde
1538 4363 1919 4440 premebatur,
1964 4363 2284 4441 Apostolus
2312 4366 2457 4440 vult,
2488 4373 2555 4424 ut
2581 4365 2782 4424 fideles
2809 4365 2927 4422 eol·

513 4440 695 4498 lectas
722 4442 783 4499 in
810 4443 938 4518 ejus
965 4463 1135 4503 usum
1162 4443 1394 4502 faciant.
1481 4443 1566 4502 Ut
1605 4462 1747 4519 ergo
1788 4444 2060 4502 collectas
2089 4443 2317 4502 ordinat
2343 4445 2530 4521 primo
2558 4464 2790 4521 quoque
2831 4443 2927 4502 die

510 4519 923 4597 hebdomadis3
966 4523 1050 4583 ita
1092 4532 1152 4582 et
1200 4518 1535 4582 Conventus
1581 4522 1846 4599 publicos
1873 4523 1934 4583 in
1961 4522 2172 4600 quibus
2200 4524 2463 4586 solebant
2489 4524 2613 4583 fieri
2661 4530 2930 4583 censetur

512 4598 637 4679 pari
664 4599 885 4662 ratione
913 4601 1226 4681 ordinasse,
1257 4603 1352 4664 vel
1373 4602 1496 4681 jam
1524 4602 1819 4667 ordinatos
1844 4603 2067 4665 calculo
2095 4623 2201 4664 suo
2228 4604 2649 4682 comprobasse.
