3221 5200
514 343 631 400 634
1295 358 1474 397 Locus
1522 359 1778 397 internus
1820 357 2126 396 summes.
2565 343 2815 411 [Qum-T.
2864 358 2918 398 v.

511 521 683 577 quam
741 497 962 571 mereri,
1022 518 1137 556 non
1192 498 1362 557 modo
1417 499 1553 574 quia
1601 498 1798 557 debita
1851 507 2002 572 sunt,
2047 506 2106 555 et
2147 516 2262 555 uon
2316 503 2529 571 nostra,
2588 497 2692 554 sed
2746 499 2918 556 etiam

513 582 648 657 quia
704 587 839 638 sunt
892 579 1226 655 imperfecta
1268 588 1326 637 et
1367 579 1544 652 finita,
1590 599 1721 654 quae
1776 578 1993 636 nullam
2051 577 2475 654 proportionem
2531 577 2745 637 habent
2788 598 2917 636 cum

514 660 700 736 gloria
748 668 977 733 aeterna,
1036 658 1193 735 quod
1244 659 1458 717 Paulus
1500 667 1760 733 testatur,
1822 658 1990 715 Rom.
2033 657 2154 715 viii.
2217 660 2308 732 18,
2354 676 2530 732 quum
2573 657 2670 729 ait,
2719 661 2754 690 ‘⁴
2780 659 2917 717 Pas-

515 741 705 799 siones
746 740 920 815 hujus
969 740 1148 798 seculi
1190 758 1304 795 non
1346 758 1472 796 esse
1521 737 1747 813 dignae,
1791 758 1920 814 quae
1970 737 2393 813 aequiparentur
2433 756 2563 794 cum
2606 737 2792 812 gloria
2832 738 2917 796 fu-

514 830 644 880 tura
698 820 1066 895 revelanda,''
1156 819 1232 876 Et
1288 823 1322 875 2
1369 818 1495 876 Cor.
1555 818 1634 875 iv.
1684 822 1775 892 17,
1850 821 1884 850 ‘⁴
1910 817 2164 875 Afflictio
2205 818 2354 875 levis
2410 825 2467 875 et
2521 827 2922 876 momentanea

517 901 727 960 dicitur
756 900 978 976 operari
1025 898 1252 976 pondus
1298 897 1497 974 gloriae
1540 897 1939 971 excellentis,''
1986 895 2094 956 Sto.
2183 898 2302 956 Ubi
2339 896 2553 954 diserte
2598 896 2920 973 Apostolus

513 981 812 1058 profitetur
838 979 1133 1056 passiones
1175 997 1290 1034 non
1335 997 1461 1036 esse
1506 977 1732 1054 dignas,
1784 979 1909 1036 sive
1937 987 2002 1036 ut
2023 977 2197 1036 vertit
2247 978 2454 1056 Versio
2483 975 2756 1051 Vulgata,
2788 999 2917 1035 con-

517 1063 753 1136 diynas:
814 1061 898 1117 At
926 1059 975 1116 si
1023 1058 1337 1133 passiones,
1363 1078 1507 1134 quas
1536 1068 1770 1135 propter
1807 1059 2100 1117 Christum
2128 1058 2394 1134 patimur,
2425 1076 2555 1132 quae
2583 1055 2757 1132 longe
2786 1068 2922 1116 sunt

516 1139 865 1199 sublimioris
894 1138 1141 1212 virtuti3‚
1174 1158 1289 1196 non
1332 1148 1467 1197 sunt
1515 1139 1837 1214 condignae,
1882 1148 2099 1215 quanto
2148 1139 2337 1196 minus
2378 1137 2682 1194 actiones?
2767 1137 2843 1196 Et
2872 1137 2920 1197 si

511 1220 672 1279 nulla
700 1227 788 1276 est
815 1217 1197 1293 condignitas‚
1223 1219 1323 1276 ubi
1352 1238 1490 1295 ergo
1532 1219 1642 1277 erit
1669 1219 1936 1277 meritum
1964 1218 2282 1294 condigni?
2365 1216 2533 1291 Quod
2583 1216 2918 1293 Apostolus»,

514 1305 549 1358 2
583 1300 710 1357 Cor.
741 1298 818 1355 iv.
853 1301 945 1372 17,
977 1297 1282 1357 collatione
1311 1300 1575 1357 instituta
1605 1299 1815 1356 clarius
1844 1298 2214 1372 demonstrat,
2247 1316 2421 1373 quum
2465 1305 2922 1356 momentaneam

515 1377 896 1445 afflictionem,
920 1396 1021 1435 seu
1045 1378 1386 1436 brevitatem
1406 1379 1531 1454 ejus
1551 1388 1603 1433 τὸ
1623 1385 1892 1450 raganarius
1922 1378 2160 1454 opponit
2190 1377 2496 1435 aeternitati
2525 1376 2743 1452 gloriae,
2770 1387 2827 1436 et
2843 1379 2924 1436 le—

514 1458 750 1516 vitatem
781 1458 907 1532 ejus
937 1457 1175 1532 ponderi
1222 1457 1421 1532 gloriae
1466 1457 1528 1513 id
1572 1466 1676 1530 est,
1729 1456 1929 1532 gloriae
1978 1456 2493 1528 excellentissimae,
2553 1474 2685 1512 nam
2716 1469 2922 1530 φεβάρος

517 1544 637 1604 δέξω
679 1537 840 1614 ponit
858 1557 961 1612 pro
991 1542 1117 1602 δόξαν
1151 1548 1334 1608 sagda·
1358 1546 1461 1590 καθ’
1486 1543 1751 1608 ames-ain,
1785 1535 1844 1593 id
1872 1546 1977 1610 est,
2003 1536 2246 1610 qloriam
2289 1555 2538 1609 yravem,
2572 1535 2793 1599 scilioet
2821 1559 2920 1596 cx·

517 1618 821 1676 cellentem
834 1636 1006 1692 supra
1035 1615 1285 1688 modum,
1300 1624 1358 1674 et
1387 1615 1649 1688 solidam,
1666 1624 1724 1673 et
1737 1634 1950 1688 veram,
1967 1615 2066 1673 ubi
2083 1614 2291 1672 alludit
2307 1613 2383 1671 ad
2411 1633 2611 1672 vocem
2640 1644 2769 1694 -τ-ω,
2793 1639 2922 1696 quae

517 1697 673 1775 apud
703 1697 985 1756 Hebraeos
1009 1697 1255 1772 gloriam
1282 1695 1587 1772 significat,
1619 1714 1735 1752 non
1777 1695 1933 1770 quod
1962 1703 2182 1771 gravet,
2215 1693 2317 1751 sed
2345 1694 2502 1770 quod
2550 1697 2736 1758 solida
2766 1699 2841 1758 sit
2869 1707 2928 1758 et

515 1797 875 1857 permanens.
922 1777 1042 1835 Nec
1072 1776 1164 1834 hic
1194 1775 1308 1834 dici
1335 1784 1525 1852 potest
1554 1774 1903 1851 Apostolum
1924 1775 2080 1851 loqui
2106 1774 2176 1832 de
2199 1774 2520 1833 substantia
2538 1796 2792 1856 operum,
2813 1799 2928 1838 nou

517 1860 592 1917 de
620 1858 986 1936 proportione
1015 1856 1297 1930 absoluta,
1329 1876 1458 1932 quse
1486 1856 1671 1932 possit
1707 1855 2060 1914 intercedere
2105 1865 2338 1932 propter
2366 1855 2710 1932 dignitatem
2740 1860 2925 1920 chari-

520 1940 657 1998 tatis
687 1938 839 1997 unde
870 1937 1187 2014 procedunt
1210 1957 1225 2004 ;
1274 1936 1356 1995 Ut
1383 1936 1682 2012 passiones
1727 1935 1940 1994 Christi
1967 1936 2104 1994 lieet
2132 1936 2477 2012 temporales
2503 1942 2930 2017 proportionem

516 2019 844 2077 habuerunt
871 2037 1000 2076 eum
1032 2017 1216 2092 gloria
1244 2027 1475 2093 propter
1516 2015 1858 2092 dignitatem
1909 2016 2197 2090 Personae,
2229 2024 2288 2074 et
2315 2026 2678 2092 peccatorum
2708 2021 2928 2079 deliciae

517 2098 862 2176 temporales
902 2097 1258 2173 dignissimae
1308 2104 1442 2154 sunt
1470 2095 1767 2173 suppliciis
1795 2097 2042 2154 aeternis.
2126 2096 2274 2170 Quia
2301 2098 2642 2173 supponitur
2686 2099 2928 2159 Paulum

517 2180 677 2256 loqui
707 2187 931 2237 tantum
978 2177 1049 2235 de
1095 2176 1418 2235 substantia
1465 2195 1721 2252 operum,
1769 2195 1884 2234 non
1929 2196 2069 2233 vero
2119 2176 2191 2234 de
2241 2178 2611 2253 proportione
2642 2180 2926 2238 absoluta.

521 2260 648 2317 Imo
678 2278 792 2316 non
822 2258 1008 2334 potuit
1035 2257 1196 2334 loqui
1225 2256 1295 2315 de
1325 2256 1738 2332 condignitate,
1769 2256 1909 2332 quin
1938 2256 2269 2331 loqueretur
2297 2255 2368 2314 de
2398 2261 2781 2334 proportione,
2823 2279 2929 2317 nec

521 2339 776 2416 dignitas
817 2338 1113 2397 charitatis
1155 2345 1346 2413 potest
1389 2337 1655 2394 meritum
1708 2335 1888 2393 ullum
1939 2335 2163 2409 inferre,
2208 2356 2338 2394 cum
2369 2337 2494 2413 ipsa
2522 2347 2643 2397 tota
2684 2348 2927 2416 quanta-

521 2428 736 2495 quanta
767 2426 871 2491 est,
919 2426 1118 2493 utpote
1163 2416 1359 2474 debita
1406 2436 1521 2472 non
1568 2415 1648 2474 sit
1695 2416 2003 2474 meritoria.
2091 2415 2290 2474 Simile
2344 2418 2673 2493 passionum
2719 2419 2931 2478 Christi

521 2499 689 2576 plane
720 2508 808 2556 est
845 2497 1140 2570 dissimile,
1167 2515 1298 2554 nam
1349 2495 1601 2553 infinitas
1635 2495 1904 2554 Personae
1933 2495 2032 2554 dat
2059 2496 2314 2553 valorem
2372 2496 2656 2556 infinitum
2712 2501 2930 2576 passio-

521 2579 692 2638 nibus
720 2578 847 2654 ejus
868 2577 1004 2636 licet
1035 2576 1091 2634 in
1122 2596 1182 2635 se
1224 2575 1422 2633 finitis,
1508 2574 1627 2634 Sed
1655 2595 1829 2652 opera
1855 2584 2054 2635 nostra
2081 2595 2266 2652 neque
2311 2577 2500 2651 quoad
2531 2580 2929 2655 substantiam,

522 2678 710 2735 neque
742 2656 932 2732 quoad
964 2656 1216 2729 modum,
1261 2656 1435 2712 ullam
1468 2655 1657 2712 meriti
1706 2655 2047 2731 dignitatem
2092 2656 2302 2713 habere
2345 2669 2602 2731 possunt.
2688 2660 2934 2718 Peccata

521 2738 826 2813 impiorum
856 2736 1028 2793 etiam
1058 2745 1210 2793 recte
1241 2734 1511 2791 dicuntur
1540 2735 1745 2792 mereri
1767 2754 1995 2811 poenam
2016 2734 2314 2807 infinitam,
2340 2745 2572 2810 propter
2594 2738 2935 2797 infinitatem

524 2815 849 2891 Majestatis
876 2812 1109 2872 offensae
1134 2836 1148 2887 ;
1198 2812 1313 2869 Sed
1357 2832 1528 2888 opera
1557 2821 1755 2870 nostra
1798 2812 1941 2869 nihil
1971 2813 2201 2887 habent,
2233 2833 2349 2889 quo
2377 2824 2704 2874 mereantur
2732 2818 2828 2875 vel
2858 2838 2932 2877 ex

524 2904 649 2954 toto
680 2894 777 2952 vel
807 2914 880 2951 ex
909 2900 1071 2969 parte
1101 2892 1363 2968 gloriam.

521 3014 551 3059 5
606 3015 652 3059 A
699 3020 838 3071 parte
874 3012 1005 3057 Vitae
1129 2972 1389 3030 XXIII.
1434 2974 1490 3029 5.
1536 2971 1593 3029 A
1623 2979 1784 3048 parte
1819 2972 1956 3031 Vita·
1984 2981 2221 3047 aeternoe,
2255 2993 2356 3032 seu
2379 2976 2597 3050 qlorioe.
2682 2977 2830 3053 Quia
2851 2978 2935 3036 di-

554 3048 764 3127 istsrnae,
784 3085 871 3117 seu
891 3072 1006 3115 Glo-
1048 3054 1197 3112 citur
1224 3053 1539 3128 haereditas,
1571 3072 1701 3128 quae
1730 3072 1847 3110 non
1875 3052 2029 3112 eadit
2058 3054 2165 3111 sub
2192 3055 2478 3131 meritum,
2509 3056 2613 3114 sed
2629 3057 2842 3135 pendet
2862 3077 2936 3116 ex

556 3134 657 3178 riae.
1048 3133 1300 3211 gratuita
1331 3133 1443 3192 Dei
1471 3132 1798 3209 adoptione,
1829 3153 1952 3208 nec,
1998 3134 2045 3191 si
2075 3133 2150 3191 ad
2179 3134 2501 3193 adeundam
2545 3137 2938 3196 haereditatem

526 3220 695 3277 istam
723 3217 1090 3293 requiruntur
1117 3214 1269 3272 bona
1297 3233 1487 3290 opera,
1519 3214 1778 3289 sequitur
1806 3234 1875 3272 ea
1901 3215 2105 3271 mereri
2135 3214 2546 3274 haereditatem.
2607 3217 2756 3291 Quia
2783 3217 2940 3275 aliud

527 3306 616 3357 est
642 3298 966 3369 haereditas,
999 3294 1154 3353 aliud
1185 3293 1539 3353 haereditatis
1568 3293 1824 3367 additio;
1870 3293 2027 3351 aliud
2057 3294 2179 3352 vita
2216 3304 2445 3369 aeterna,
2478 3296 2634 3354 aliud
2663 3297 2791 3371 ejus
2811 3316 2943 3373 pos-

529 3378 743 3451 sessi03
794 3386 859 3435 ut
887 3375 1045 3432 aliud
1074 3384 1195 3432 erat
1215 3375 1317 3448 jus
1366 3373 1439 3431 ad
1479 3382 1688 3432 terram
1719 3374 2074 3450 promissam,
2106 3374 2265 3432 aliud
2293 3394 2432 3432 vero
2461 3377 2584 3453 ipsa
2613 3378 2854 3435 actualis
2883 3378 2942 3433 iu

530 3477 653 3513 eam
686 3454 1051 3513 introductiO.
1137 3453 1293 3510 Illud
1322 3474 1396 3510 ex
1426 3453 1550 3509 sola
1581 3453 1692 3509 Dei
1720 3454 1906 3528 gratia
1935 3453 1994 3509 in
2022 3453 2252 3510 titulum
2283 3456 2632 3513 haereditatis
2661 3458 2801 3532 ipsis
2829 3456 2944 3514 col·

529 3536 706 3592 latum
737 3543 859 3605 est3
905 3531 1006 3589 sed
1035 3552 1150 3589 non
1178 3538 1487 3606 potuerunt
1508 3532 1566 3588 in
1595 3533 2015 3606 possessionem
2045 3532 2212 3590 istius
2229 3542 2393 3592 terrae
2413 3535 2579 3608 mitti,
2602 3536 2713 3592 nisi
2752 3535 2948 3593 debel-

531 3612 666 3671 latis
695 3611 1010 3669 Cananaeis.
1100 3611 1191 3667 Ita
1235 3611 1338 3682 jus
1387 3609 1460 3665 ad
1510 3610 1688 3667 vitam
1741 3611 1906 3668 nobis
1952 3609 2150 3668 datum
2179 3622 2266 3670 est
2293 3633 2329 3669 a
2359 3613 2484 3670 Deo
2513 3633 2587 3670 ex
2616 3614 2942 3690 adoptione,

533 3692 635 3752 sed
662 3711 777 3749 non
799 3698 989 3768 potest
1017 3688 1163 3745 adiri
1191 3698 1249 3745 et
1278 3687 1522 3745 obtineri
1551 3688 1663 3745 nisi
1701 3708 1803 3763 per
1849 3689 2002 3746 viam
2054 3690 2330 3747 bonorum
2381 3711 2636 3767 operum.
2723 3694 2944 3752 Distin-

533 3771 777 3850 guendae
807 3790 945 3847 ergo
974 3788 1161 3827 causae
1204 3766 1555 3825 haereditatis
1584 3768 1657 3824 ab
1686 3769 1814 3843 ejus
1862 3768 2321 3843 conditionibus;
2368 3771 2556 3848 Opera
2586 3782 2720 3832 sunt
2748 3774 2944 3833 condi·

533 3855 736 3926 tioneS,
769 3852 871 3911 sed
900 3870 1014 3908 non
1045 3849 1279 3907 merita:
1352 3847 1471 3904 Nec
1502 3846 1548 3904 si
1578 3847 1716 3905 alibi
1747 3849 1868 3907 vita
1917 3858 2130 3907 aeterna
2158 3849 2368 3908 dicitur
2394 3873 2640 3929 merca-33
2685 3855 2944 3932 sequitur

535 3933 754 3992 meritis
783 3931 1017 4007 acquiri,
1049 3929 1184 4005 quia
1214 3937 1409 3987 notum
1441 3936 1529 3986 est
1556 3927 1876 3987 mercedem
1927 3929 2100 3988 aliam
2149 3949 2276 3989 esse
2305 3952 2380 3990 ex
2422 3931 2637 4008 debito,
2669 3936 2838 3992 aliam
2869 3954 2941 3992 ex

535 4014 739 4089 gratia,
772 4012 959 4088 qualis
980 4020 1069 4068 est
1098 4010 1220 4068 haec
1249 4017 1483 4082 nostra;
1534 4007 1704 4067 Unde
1738 4009 1955 4068 Paulus
1983 4018 2154 4069 vocat
2182 4012 2424 4087 gloriam
2444 4017 2749 4072 mercedem
2768 4017 2939 4072 hoere-

537 4094 745 4165 ditatis,
778 4093 899 4151 Col.
931 4091 1011 4148 iii.
1043 4093 1137 4164 24,
1171 4090 1231 4146 id
1278 4099 1382 4162 est,
1434 4088 1757 4147 mercedem
1805 4110 1934 4165 quae
1985 4101 2072 4150 est
2119 4091 2444 4168 haereditati,
2496 4093 2755 4171 adeoque
2785 4114 2938 4152 merc

536 4172 807 4250 gratuita.

594 4312 777 4357 Fontes
809 4310 950 4353 Solu-

672 4372 876 4413 tionum.

1142 4247 1395 4306 XXIV.
1422 4247 1477 4306 A
1504 4248 1774 4308 Mercede
1803 4249 1877 4307 ad
1901 4250 2174 4308 Meritum
2198 4270 2314 4308 non
2334 4252 2488 4310 valet
2515 4253 2943 4327 consequentia.

1064 4328 1212 4401 Quia
1241 4348 1459 4386 merces
1487 4328 1602 4386 alia
1630 4338 1719 4387 est
1748 4350 1824 4387 ex
1854 4329 2065 4403 debito,
2091 4330 2207 4387 alia
2234 4351 2307 4389 ex
2338 4332 2539 4407 gratia,
2569 4332 2735 4389 Rom.
2760 4332 2857 4405 iv.,
2889 4343 2947 4391 et

1062 4416 1127 4466 ut
1156 4416 1317 4466 notat
1338 4407 1701 4482 AmbrosiuS,
1726 4409 1826 4466 lib.
1849 4409 1883 4467 i.
1905 4409 2071 4485 epist.
2108 4413 2178 4484 1.,
2205 4410 2344 4467 Alia
2362 4411 2722 4469 liberalitatis
2741 4421 2798 4470 et
2817 4433 2944 4489 gra·

533 4490 647 4555 tiae,
675 4488 811 4545 Alia
840 4486 1098 4544 debitum
1128 4487 1359 4546 virtutis
1389 4488 1755 4563 stipendium,
1788 4497 1846 4546 ct
1863 4488 2076 4546 laboris
2099 4489 2496 4547 remuneratio,
2586 4491 2948 4552 Promittitur

533 4567 802 4642 operibus
832 4566 953 4624 vita
982 4576 1044 4625 ut
1074 4587 1306 4639 merceS‚
1339 4567 1440 4623 sed
1472 4575 1534 4623 ut
1563 4586 1779 4625 merces
1809 4569 2058 4644 gratuita
2080 4578 2137 4627 et
2160 4569 2431 4642 indebita,
2458 4591 2586 4647 quae
2616 4581 2704 4631 est
2733 4572 2943 4631 donum

537 4646 663 4718 Dei,
700 4646 865 4703 Rom.
896 4646 976 4702 vi.
1007 4650 1102 4718 23,
1135 4656 1192 4704 et
1239 4646 1560 4719 haereditas,
1615 4654 1679 4703 ut
1725 4646 1957 4721 dictum,
1978 4668 2108 4724 quae
2131 4649 2438 4723 obtinetur,
2461 4671 2574 4708 non
2594 4653 2778 4710 meriti
2795 4653 2943 4729 jure,
