3221 5200
285 358 520 406 QuAEsr.
551 336 645 418 n.]
1194 357 1271 397 nr
1313 356 1816 399 ausrxrlearxoxs.
2594 346 2709 404 567

283 507 421 556 tum
467 496 886 556 communionis
933 504 1125 556 reatus
1153 497 1229 555 ad
1257 507 1515 572 mortem,
1547 507 1606 558 et
1627 499 1779 577 juris
1807 496 1884 556 ad
1909 496 2109 572 vitam,
2142 517 2216 556 ex
2259 499 2471 560 unione
2512 511 2710 562 nostra

282 597 428 635 eum
459 578 691 635 Adamo
708 577 893 653 primo
915 585 974 636 et
995 577 1263 652 secundo,
1297 578 1489 654 quoad
1516 598 1656 654 rem,
1687 578 1824 636 licet
1852 578 2058 636 modus
2080 577 2155 636 sit
2184 578 2448 639 diversus
2476 591 2709 659 propter

281 657 690 716 diversitatem
721 657 986 733 SUbjectl.
1060 666 1288 730 Hsewne'oe
1313 668 1393 718 τῆς
1416 667 1610 730 χάριτος
1637 668 1716 712 καὶ
1739 664 2024 724 δικαιοσύνης,
2059 676 2179 716 ver.
2204 660 2295 734 17,
2327 679 2443 718 non
2472 661 2708 722 denotat

281 736 648 795 habitualem
697 737 959 812 gratiam,
1005 745 1106 795 aut
1124 738 1413 814 justitiam
1455 739 1849 812 inhaerentem,
1895 737 1997 795 sed
2034 736 2443 797 abundantiam
2493 740 2707 800 divinas

281 816 717 891 misericordiae,
765 825 824 874 et
867 815 1153 875 infinitum
1178 818 1420 894 justitiae
1448 817 1800 891 thesaurum,
1846 836 2018 892 quem
2046 816 2106 874 in
2137 818 2476 878 Mediatoris
2504 821 2702 879 obedi-

279 897 448 953 entia
477 896 677 955 fideles
706 904 1153 972 consequuntur.
1232 897 1311 955 Et
1336 896 1447 955 hoc
1476 897 1692 955 donum
1721 897 1908 973 majus
1936 915 2062 955 esse
2091 896 2314 972 dicitur,
2345 918 2520 975 quam
2551 901 2702 960 Adae

281 985 610 1051 peccatum,
656 977 793 1053 quia
820 977 1007 1052 gratia
1037 977 1148 1034 Dei
1179 976 1393 1035 Christi
1422 977 1711 1053 justitiam
1754 976 1923 1034 nobis
1952 976 2191 1050 donans,
2232 996 2348 1034 non
2375 979 2547 1037 modo
2574 1000 2700 1039 rea-

283 1064 416 1112 tum
445 1057 616 1114 unius
644 1056 1135 1132 transgressionis,
1167 1056 1270 1114 sed
1298 1056 1553 1114 omnium
1580 1063 1945 1132 peecatorum
1986 1056 2297 1115 actualium
2344 1058 2600 1133 abstulit,
2635 1069 2701 1119 ut

279 1134 436 1192 bene
466 1135 733 1212 Aquinas
761 1137 821 1193 in
848 1135 906 1195 h.
937 1136 975 1193 l.
1007 1136 1294 1194 observat.
1380 1135 1502 1193 Nec
1532 1136 1722 1212 magis
1753 1143 1922 1210 urget
1958 1135 2114 1211 quod
2156 1135 2402 1195 dicimur
2442 1140 2699 1214 accipere

277 1216 494 1288 qratiae
547 1217 967 1291 abundantiam,
1013 1235 1133 1273 ver.
1186 1219 1277 1290 17,
1325 1215 1462 1292 quia
1516 1215 1831 1292 accipimus
1875 1233 2001 1272 eam
2046 1234 2219 1273 manu
2267 1216 2422 1292 fidei,
2472 1238 2589 1275 non
2632 1228 2699 1279 ut

281 1304 485 1353 nostra
512 1296 613 1354 fiat
640 1316 742 1373 per
769 1295 1003 1354 modum
1040 1295 1363 1370 infusionis,
1393 1295 1491 1353 vel
1519 1294 1869 1369 inhaesionis,
1916 1293 2018 1352 sed
2046 1313 2149 1370 per
2174 1295 2410 1354 modum
2451 1297 2697 1375 imputa-

280 1374 480 1433 tionis.

365 1449 523 1511 XX.
586 1457 614 1511 1
650 1454 779 1512 Cor.
809 1454 889 1513 vi.
923 1458 1013 1528 11,
1054 1454 1390 1533 «Ιαειξῇσαιίο
1434 1474 1550 1512 non
1593 1453 1947 1531 proponitur,
1992 1462 2059 1513 ut
2100 1474 2301 1531 genus,
2335 1456 2491 1532 quod
2540 1477 2695 1516 eom-

275 1533 569 1608 plectatur
612 1535 719 1593 sub
766 1554 826 1594 se
872 1536 1220 1609 ablutionem,
1257 1543 1316 1593 et
1341 1536 1825 1614 sanchficaffonmn
1845 1558 1869 1607 ,·
1912 1534 2016 1593 sed
2057 1543 2257 1593 contra
2297 1537 2520 1611 ablutiO,
2567 1558 2696 1614 quae

277 1612 342 1669 in
395 1614 695 1690 Baptismo
743 1615 1133 1689 adumbratur,
1163 1623 1230 1673 ut
1257 1634 1376 1672 vox
1405 1615 1728 1691 generalior
1768 1615 1953 1691 primo
1995 1613 2123 1672 loco
2165 1616 2517 1691 proponitur,
2563 1637 2695 1694 quae

279 1692 391 1750 sub
422 1714 482 1751 se
506 1694 977 1770 justificationem
1007 1703 1065 1753 et
1094 1694 1620 1769 sanctificationem,
1653 1703 1717 1752 ut
1744 1694 1889 1752 duas
1918 1693 2155 1770 species,
2182 1694 2452 1769 eontinet,
2482 1704 2549 1754 ut
2576 1716 2694 1756 non

277 1791 413 1829 raro
461 1781 768 1849 utrumque
818 1774 974 1832 istud
1021 1774 1365 1832 beneficium
1407 1794 1524 1832 una
1568 1773 1882 1832 ablutionis
1909 1792 2052 1831 voce
2083 1772 2232 1831 solet
2264 1772 2529 1848 describi,
2571 1784 2691 1835 tam

269 1852 631 1928 justificatiO,
669 1853 819 1912 Psal.
848 1854 911 1911 li.
942 1859 996 1928 2,
1034 1857 1063 1910 1
1089 1854 1228 1911 Joh.
1258 1854 1296 1910 i.
1328 1857 1382 1927 7,
1415 1872 1588 1929 quam
1631 1852 2025 1926 sanctificatio,
2060 1851 2213 1909 Heb.
2243 1852 2323 1910 ix.
2360 1855 2450 1911 14.
2524 1853 2693 1928 Quod

277 1950 420 1990 vero
450 1932 681 1991 additur
709 1932 780 1990 de
807 1934 1027 1990 nomine
1057 1933 1282 2005 Christi,
1326 1951 1444 1989 non
1471 1939 1635 1991 notat
1675 1932 1901 2008 proprie
1944 1931 2384 2006 invocationem,
2432 1953 2559 2008 quae
2588 1934 2692 1995 fiat

278 2030 385 2087 per
426 2012 587 2084 illud,
634 2011 736 2068 sed
778 2012 897 2068 vim
927 2019 985 2070 et
1012 2010 1322 2069 efficaciam
1350 2012 1493 2088 ejus,
1524 2019 1590 2069 ut
1616 2011 1924 2088 justf'ficari
1948 2012 2006 2068 in
2043 2012 2262 2069 nomine
2293 2011 2507 2070 Christi
2543 2013 2689 2072 nihil

279 2090 440 2147 aliud
464 2091 538 2149 sit
559 2110 730 2166 quam
752 2091 1058 2166 justificari
1075 2110 1178 2167 per
1198 2100 1256 2149 et
1275 2099 1509 2168 propter
1538 2090 1848 2166 Christum,
1874 2090 2010 2166 quia
2037 2090 2264 2149 nullum
2293 2091 2451 2149 aliud
2479 2112 2709 2153 nomen·

282 2177 388 2240 est,
424 2170 482 2226 in
510 2189 624 2245 quo
655 2171 897 2227 salutem
925 2170 1213 2246 possimus
1241 2170 1533 2246 consequi.

367 2248 557 2307 XXI.
617 2249 833 2307 Paulus
862 2268 977 2306 non
1006 2249 1163 2324 dicit,
1194 2250 1310 2307 Tit.
1338 2250 1420 2307 iii.
1453 2253 1507 2325 5,
1540 2251 1593 2322 6,
1629 2252 1682 2324 7,
1730 2249 1851 2307 Nos
1906 2249 2339 2325 regeneratione
2361 2249 2686 2328 justificari,

281 2328 397 2384 imo
427 2347 556 2386 cum
593 2329 1065 2404 justificationem
1104 2329 1305 2405 gratiae
1345 2329 1458 2387 Dei
1485 2329 1717 2401 tribuat,
1749 2336 1808 2386 et
1835 2330 2104 2407 operibus
2152 2329 2385 2405 adimat,
2436 2332 2690 2391 ostendit

280 2427 340 2464 se
364 2408 608 2484 justitiae
637 2428 739 2485 per
765 2409 1258 2485 regenerationem
1306 2409 1609 2467 inhaerenti
1651 2408 1805 2466 nolle
1834 2428 1961 2466 eam
1988 2409 2258 2485 tribuere,
2305 2430 2434 2486 quae
2470 2411 2684 2486 justifi-

279 2488 524 2545 cationis
552 2496 640 2546 est
668 2489 858 2565 potius
886 2488 1105 2547 fruetus
1132 2508 1306 2565 quam
1336 2507 1527 2546 causa.
1616 2487 1731 2546 Sed
1773 2507 1935 2546 mens
1980 2488 2106 2565 ejus
2151 2497 2239 2548 est
2283 2497 2498 2565 notare,
2545 2511 2687 2568 quo·

276 2567 448 2626 modo
480 2569 640 2627 Deus
667 2588 775 2627 nos
804 2569 997 2628 salvos
1026 2568 1240 2643 fecerit,
1284 2588 1390 2646 per
1415 2567 1530 2627 duo
1558 2567 1839 2627 beneficia
1866 2588 1996 2647 quae
2024 2567 2192 2627 nobis
2219 2568 2479 2647 largitur,
2517 2589 2683 2649 rege-

278 2649 651 2722 nerationem,
697 2649 864 2727 cujus
895 2650 1143 2727 Spiritus
1177 2650 1423 2708 Sanctus
1452 2658 1539 2708 est
1567 2649 1775 2707 author
1800 2648 1863 2706 in
1889 2649 2074 2723 nobis,
2107 2657 2165 2707 et
2196 2649 2686 2728 justificationem,

279 2748 452 2804 quam
479 2749 581 2806 per
611 2729 902 2787 Christum
937 2729 1357 2807 consequimur,
1401 2748 1503 2805 per
1530 2748 1703 2806 quam
1733 2728 1939 2788 fiamus
1964 2729 2225 2787 haeredes
2252 2729 2390 2789 vitae
2419 2739 2645 2790 aeternae
2669 2755 2684 2809 ;

281 2808 392 2865 Illa
420 2818 582 2867 notat
611 2809 765 2867 viam
795 2810 1014 2885 salutis»,
1062 2810 1184 2868 Ista
1211 2829 1350 2867 vero
1378 2812 1504 2888 ejus
1533 2828 1784 2868 causam.

360 2887 585 2946 XXII.
638 2888 1020 2947 Conformitas
1048 2910 1178 2947 cum
1208 2889 1458 2966 imagine
1489 2889 1719 2964 Christi,
1751 2887 1825 2945 ad
1847 2907 2020 2963 quam
2047 2889 2441 2966 praedestinati
2469 2911 2684 2966 sumus,

284 2965 450 3022 Rom.
481 2966 603 3023 viii.
629 2969 723 3042 29,
749 2969 879 3025 vult
917 2968 1152 3043 quidem
1199 2977 1265 3026 ut
1294 2968 1618 3026 sanctitatis
1667 2976 1725 3026 et
1765 2967 2011 3043 justitiae
2059 2969 2391 3026 inhaerentis
2438 2969 2513 3026 ad
2557 2972 2685 3047 ejus

280 3043 459 3101 instar
499 3045 705 3102 fiamus
747 3046 1084 3122 participes3
1132 3047 1232 3103 sed
1260 3066 1377 3103 non
1405 3066 1473 3103 eo
1500 3046 1736 3122 respicit
1763 3055 1828 3103 ut
1854 3065 1957 3120 per
1978 3047 2264 3120 justitiam
2293 3046 2461 3104 istam
2504 3047 2683 3106 inhae-

281 3131 497 3180 rentem
521 3124 920 3200 justificemur,
951 3133 1015 3182 ut
1043 3125 1169 3199 ille;
1216 3144 1346 3182 cum
1375 3133 1433 3181 et
1461 3134 1760 3199 peccatum
1786 3122 2134 3199 praecedenS,
2165 3133 2223 3181 et
2244 3125 2488 3200 justitiae
2516 3126 2685 3186 istius

283 3202 650 3278 imperfectiO,
675 3203 850 3260 talem
883 3203 1354 3279 justificationem
1384 3202 1800 3278 impossibilem
1827 3200 2049 3259 reddat.
2135 3202 2284 3259 Nam
2312 3203 2436 3261 fieri
2465 3206 2681 3281 nequit,

281 3290 342 3340 ut
369 3282 409 3338 ii
438 3282 538 3358 qui
582 3290 715 3339 sunt
749 3282 852 3338 filii
895 3282 994 3339 irae
1035 3290 1256 3354 natura,
1302 3290 1361 3339 et
1397 3281 1498 3357 qui
1537 3299 1832 3357 nunquam
1876 3288 2011 3338 sunt
2052 3280 2175 3338 sine
2217 3291 2471 3356 peccate,
2508 3284 2681 3359 justi-

281 3361 519 3420 ficentur
547 3381 614 3419 eo
643 3361 832 3437 mode,
871 3381 985 3437 quo
1017 3362 1370 3438 justificatus
1399 3368 1503 3437 est,
1534 3360 1636 3436 qui
1663 3379 1779 3417 non
1806 3360 1971 3417 novit
1998 3367 2313 3437 peccatum,
2345 3370 2403 3419 et
2430 3362 2493 3419 in
2521 3364 2686 3440 cujus

281 3460 373 3498 ore
417 3460 535 3499 non
577 3442 847 3500 inventus
890 3450 978 3500 est
1019 3441 1204 3499 dolus.

360 3521 618 3579 XXIII.
678 3522 842 3580 Licet
871 3521 1026 3579 Abel
1053 3531 1112 3580 et
1154 3520 1426 3579 Noachus
1461 3518 1608 3596 justi
1650 3518 1878 3592 fuerint,
1923 3527 1980 3578 et
2021 3519 2174 3577 bona
2215 3539 2389 3597 opera
2424 3521 2680 3599 fecerint,

282 3616 392 3656 non
423 3600 552 3659 ideo
580 3610 773 3660 tamen
801 3621 905 3678 per
930 3602 1303 3660 inhaerentem
1333 3619 1495 3658 suam
1526 3598 1813 3676 justitiam
1843 3607 1901 3657 ct
1928 3599 2081 3656 bona
2109 3619 2283 3676 opera
2311 3609 2450 3659 sunt
2468 3602 2681 3678 justifi-

281 3680 404 3738 cati.
492 3682 619 3739 Imo
650 3681 883 3756 Paulus,
918 3682 1071 3740 Heb.
1101 3682 1201 3756 xi.,
1233 3688 1477 3740 testatur
1496 3680 1689 3757 justos
1718 3678 1894 3735 fuisse
1916 3678 2145 3754 justitia
2172 3680 2341 3739 fidei:
2417 3681 2525 3739 Ille
2554 3682 2679 3757 qui-

282 3759 405 3816 dem
436 3759 573 3818 dum
600 3781 705 3838 per
729 3760 904 3819 fidem
933 3761 1273 3819 sacrificium
1300 3758 1537 3836 majoris
1564 3758 1737 3836 pretii
1764 3758 1989 3832 obtulit,
2033 3778 2136 3835 per
2163 3779 2333 3834 quam
2364 3760 2534 3817 etiam
2566 3770 2680 3819 tes·

285 3839 578 3896 timonium
623 3841 873 3899 obtinuit
899 3841 1055 3916 quod
1090 3841 1286 3916 justus
1324 3848 1492 3913 esset,
1525 3858 1647 3896 ver.
1678 3842 1754 3911 43
1800 3837 1922 3895 Iste
1950 3857 2088 3894 vero
2112 3837 2372 3913 justitiae,
2404 3858 2532 3913 quae
2579 3860 2683 3916 per

283 3916 448 3973 fidem
477 3927 581 3991 est,
626 3917 812 3977 factus
841 3928 930 3977 est
956 3919 1156 3992 haereS,
1190 3937 1309 3975 ver.
1341 3923 1395 3992 7,
1427 3938 1556 3993 quae
1585 3937 1702 3974 non
1731 3916 1845 3972 alia
1873 3924 1977 3988 est,
2022 3934 2193 3991 quam
2218 3916 2461 3992 justitia,
2507 3938 2680 3993 quam

288 3997 437 4054 Deus
466 3996 711 4074 imputat
737 4017 839 4074 per
867 3997 1056 4073 fidem,
1092 3997 1258 4055 Rom.
1289 3996 1370 4057 iv.
1400 4000 1455 4071 5,
1489 4000 1544 4055 6.
1607 3994 1780 4054 Unde
1822 3993 2114 4052 fluxerunt
2160 3994 2312 4053 bona
2340 4015 2512 4073 opera
2548 4016 2678 4074 quse

316 4076 678 4135 raestiterunt.

281 4097 314 4152 p
359 4156 605 4214 XXIV.
665 4156 808 4214 Cum
832 4154 1188 4215 Justificatio
1218 4156 1574 4214 describatur
1596 4154 1657 4210 in
1683 4151 1977 4229 Scriptura
2004 4172 2107 4229 per
2132 4152 2524 4212 remissionem
2546 4176 2678 4233 pec·
2776 4170 2779 4173 ·

284 4245 531 4293 catorum
560 4243 617 4293 et
639 4236 884 4313 justitiae
932 4234 1406 4312 imputationem3
1465 4235 1596 4292 Non
1645 4241 1836 4309 potest
1884 4231 2000 4289 dici
2046 4240 2237 4291 motus
2266 4253 2301 4290 a
2327 4243 2564 4310 peceato
2605 4238 2681 4295 ad

274 4316 568 4392 justitiam,
614 4315 801 4392 qualis
842 4315 910 4373 fit
946 4314 1005 4371 in
1044 4315 1479 4387 illuminatione,
1525 4321 1583 4370 et
1625 4310 2013 4370 calefactione.
2116 4313 2194 4371 Et
2235 4313 2343 4370 hoe
2385 4322 2474 4372 est
2509 4323 2681 4388 ηὸτι,

283 4400 431 4458 enatos
469 4394 970 4469 Adversariorum,
1014 4394 1114 4470 qui
1142 4394 1424 4452 actionem
1455 4393 1737 4450 forensem
1768 4400 1825 4449 et
1846 4390 2200 4467 judicialem,
2237 4412 2364 4468 quae
2392 4394 2459 4451 fit
2486 4413 2678 4451 coram

285 4472 418 4547 Dec,
463 4484 808 4534 convertunt
836 4475 895 4532 in
923 4474 1206 4533 actionem
1234 4473 1532 4549 physicam
1562 4471 1658 4528 vel
1685 4471 1977 4545 moralem,
2022 4491 2150 4547 quae
2178 4472 2279 4530 fiat
2307 4471 2364 4529 in
2394 4473 2579 4531 nobis.

358 4553 571 4611 XXV.
630 4555 820 4628 Quum
847 4554 1049 4612 fideles
1077 4561 1282 4631 petunt
1308 4572 1344 4610 a
1374 4552 1499 4609 Deo
1533 4549 1785 4626 judicari
1826 4549 2140 4609 seeundum
2176 4552 2465 4627 justitiam
2494 4573 2673 4629 suam,

290 4633 432 4692 Psal.
457 4633 555 4690 vii.
581 4637 636 4708 8,
657 4643 714 4692 et
737 4635 878 4692 xvii.
908 4638 958 4709 l,
984 4642 1043 4692 et
1064 4633 1227 4690 xviii.
1252 4633 1346 4705 20,
1371 4650 1485 4687 non
1508 4628 1888 4707 intelligenda
1915 4639 2004 4688 est
2016 4631 2235 4706 justitia
2256 4652 2531 4710 personae,
2564 4652 2679 4710 qua
