3221 5200
486 351 606 411 236
1314 370 1499 414 Locus
1528 372 1932 415 nuonscmns.
2502 349 2751 432 [QUAEST·
2784 365 2889 406 ΧΠ·

472 511 800 650 quo,24nihil
827 511 987 571 aliud
1026 520 1116 572 est
1157 532 1331 591 quam
1370 514 1621 573 cadaver
1649 524 1707 574 et
1754 515 1925 575 litera
1964 514 2252 592 occidens,
2295 514 2465 574 Rom.
2517 532 2575 570 x.
2625 514 2682 584 4,
2733 507 2886 582 Gal„

476 612 558 651 m.
673 636 688 650 .

553 671 744 730 XXI.
787 673 916 731 Lex
958 671 1170 731 dicitur
1194 694 1306 732 non
1334 694 1448 732 esse
1475 694 1549 732 ex
1566 675 1708 753 fide,
1742 675 1875 734 Gal.
1905 675 1987 733 iii.
2021 677 2114 750 12,
2145 694 2263 733 ιιοιι
2291 682 2356 734 ιιι
2397 677 2508 732 late
2536 670 2781 731 sumitur
2828 676 2888 727 et

470 759 643 830 prout
678 759 842 811 notat
885 751 1261 810 oeconomiam
1306 754 1647 830 Mosai‘cam,
1693 754 1797 813 sed
1835 755 2024 814 stricte
2063 775 2243 832 quum
2292 754 2538 813 sumitur
2577 771 2682 830 pro
2726 750 2885 825 Lege

471 832 676 892 morali
702 831 989 891 abstracte
1030 840 1090 891 et
1131 833 1368 892 seorsim
1407 854 1443 892 a
1481 834 1960 912 promissionibus
1996 835 2233 912 gratiae3
2277 832 2566 910 quomodo
2593 831 2752 890 illam
2797 829 2885 886 in-

470 911 815 990 telligebant
856 911 902 971 J
904 911 1182 971 usticiarii
1228 913 1329 990 qui
1355 914 1539 973 vitam
1580 934 1656 973 ex
1694 934 1764 973 ea
1789 915 2142 992 quaerebant.
2227 915 2376 973 Nam
2404 913 2579 972 fidem
2607 911 2781 971 etiam
2825 908 2885 965 in

472 991 688 1052 foedere
737 990 1018 1051 Sinai‘tico
1061 1002 1405 1071 praeceptam
1445 992 1624 1053 fuisse
1653 993 1977 1054 evincitur:
2025 997 2078 1054 1.
2123 994 2272 1069 Quia
2310 993 2574 1053 Christus
2611 991 2740 1068 ejus
2783 987 2885 1047 ob-

466 1077 690 1154 jectum
719 1071 779 1130 in
808 1091 877 1130 eo
905 1072 1339 1150 continebatur;
1371 1078 1428 1132 2.
1459 1073 1608 1148 Quia
1640 1094 1756 1133 non
1785 1082 1977 1152 potest
2003 1075 2115 1134 coli
2146 1075 2324 1150 Deus,
2355 1082 2421 1133 ιιι
2439 1074 2625 1150 primo
2653 1069 2886 1128 manda-

475 1164 538 1214 to
558 1152 885 1229 requiritur,
918 1152 1041 1210 sine
1058 1151 1189 1228 fide,
1222 1173 1351 1231 quae
1369 1153 1637 1231 purificat
1663 1155 1854 1230 corda,
1885 1174 2015 1232 quae
2043 1154 2249 1214 efficax
2282 1162 2373 1214 est
2398 1173 2503 1231 per
2529 1151 2886 1221 charitatem,

479 1243 539 1294 et
566 1253 696 1309 quae
735 1252 842 1291 nos
887 1231 1013 1290 Deo
1063 1240 1260 1309 gratos
1303 1233 1508 1309 reddit,
1540 1234 1679 1293 Act.
1719 1255 1819 1293 κν.
1859 1237 1917 1310 9,
1969 1234 2124 1294 Heb.
2165 1234 2247 1294 xi.
2277 1237 2354 1310 63
2423 1236 2480 1293 3.
2525 1231 2674 1308 Quia
2701 1228 2890 1288 foedus

478 1313 823 1374 Sinai‘ticum
865 1312 1264 1372 convincendo
1304 1313 1593 1373 hominem
1635 1315 1857 1392 peccati
1898 1323 1958 1374 et
1998 1314 2351 1393 impotentiae
2389 1333 2525 1387 suae,
2556 1309 2892 1388 impellebat

473 1394 551 1454 ad
579 1392 951 1470 quaerendum
980 1392 1272 1451 Christum
1312 1413 1416 1470 per
1461 1393 1655 1470 fidem,
1697 1414 1801 1471 per
1845 1395 2062 1472 Legem
2095 1394 2306 1473 quippe
2338 1397 2374 1427 ‘⁶
2399 1394 2560 1451 Deus
2607 1387 2892 1450 conclusit

475 1472 672 1533 omnia
699 1473 807 1530 sub
835 1481 1151 1549 peccatum,
1183 1482 1249 1532 ut
1275 1474 1580 1550 promissio
1606 1493 1713 1551 per
1738 1474 1912 1533 fidem
1938 1475 1983 1534 J
1985 1495 2088 1534 esu
2119 1473 2333 1534 Christi
2361 1472 2595 1532 daretur
2622 1469 2890 1529 omnibus

476 1552 902 1626 credentibuS,”
935 1552 1067 1611 Gal.
1097 1552 1179 1611 iii.
1203 1557 1299 1628 22,
1332 1556 1441 1612 “et
1471 1554 1597 1612 Lex
1638 1554 1993 1632 paedagogus
2021 1554 2131 1614 fuit
2157 1562 2354 1613 noster
2380 1552 2456 1612 ad
2484 1552 2793 1624 Christum,
2825 1556 2892 1607 ut

473 1653 577 1712 per
604 1631 775 1691 fidem
798 1630 1305 1708 justificaremur,'’
1336 1653 1393 1692 v.
1417 1637 1494 1692 24
1518 1655 1533 1708 ;
1565 1637 1622 1693 4.
1655 1634 1871 1693 Paulus
1898 1634 1940 1693 J
1945 1634 2200 1694 ustitiam
2228 1633 2362 1693 fidei
2391 1631 2683 1705 describit,
2717 1630 2887 1687 Rom.

473 1734 534 1771 x.
565 1715 620 1787 6,
664 1715 717 1786 7,
748 1711 954 1770 iisdem
981 1712 1178 1771 verbis
1219 1711 1432 1790 quibus
1480 1714 1679 1773 Moses
1710 1714 1886 1791 Legis
1927 1722 2220 1792 praecepta
2253 1713 2662 1786 declaraverat,
2714 1711 2886 1767 Dent.

473 1813 619 1852 xxx.
654 1796 746 1867 11,
782 1796 874 1867 12,
910 1795 1001 1866 13,
1033 1801 1098 1851 ιιι
1126 1792 1332 1853 doceat
1368 1813 1484 1852 non
1527 1812 1656 1852 esse
1684 1793 2022 1870 simpliciter
2055 1794 2314 1871 Legalia,
2357 1792 2460 1852 sed
2487 1791 2661 1851 etiam
2691 1790 2884 1847 Evan-

470 1872 676 1951 gelica.
762 1872 884 1930 Nec
913 1872 962 1931 si
973 1874 1124 1950 fides
1152 1872 1364 1932 dicitur
1398 1873 1727 1949 revelanda,
1761 1873 1894 1933 Gal.
1923 1873 2004 1932 iii.
2048 1876 2144 1948 23,
2175 1874 2300 1932 scil.
2329 1880 2657 1948 comparate
2692 1867 2885 1947 quoad

467 1953 767 2012 clariorem
796 1952 1333 2027 manifestationem,
1360 1953 1621 2030 sequitur
1646 1973 1764 2012 non
1791 1953 1967 2013 fuisse
1996 1953 2259 2013 absolute
2288 1953 2397 2012 sub
2427 1952 2575 2011 V.'r.

552 2032 777 2091 XXII.
823 2031 1149 2091 Discrimen
1179 2032 1508 2110 specificam
1538 2032 1803 2092 Foederis
1850 2053 1967 2091 non
2081 2041 2195 2093 test
2221 2032 2409 2092 facere
2437 2029 2730 2091 diversitas
2755 2048 2885 2087 con·

469 2113 692 2172 ditiones
732 2112 890 2189 Lege
918 2120 977 2171 et
1006 2112 1330 2189 Evangelio
1358 2133 1666 2190 expressae,
1698 2113 1854 2172 illius
1901 2054 2133 2190 quiggm
2177 2111 2513 2191 imperfecta
2538 2108 2884 2183 obedientia,

466 2193 635 2252 istius
662 2192 892 2251 veroin
918 2191 1051 2251 fide.
1135 2192 1285 2268 Quia
1326 2212 1445 2252 non
1486 2192 1883 2270 requirebatur
1929 2191 2132 2251 eodem
2174 2192 2363 2269 mod0,
2394 2212 2502 2251 nec
2530 2190 2774 2250 eundem
2824 2189 2886 2245 in

467 2272 641 2332 finem
665 2294 680 2350 3
723 2272 869 2330 fides
896 2272 1049 2331 enim
1071 2273 1133 2330 in
1163 2273 1454 2332 Christum
1481 2272 1884 2350 postulabatur
1909 2272 2197 2350 primarie,
2229 2281 2289 2332 et
2315 2271 2601 2350 praecipue
2622 2268 2883 2328 intende·

468 2351 675 2427 batur3
725 2352 842 2412 Sed
869 2351 1198 2411 obedientia
1222 2353 1477 2429 perfecta
1525 2354 1634 2412 sub
1679 2373 1850 2430 poena
1896 2353 2099 2412 mortis
2126 2360 2186 2411 et
2212 2351 2633 2411 maledictionis
2661 2356 2885 2408 tantum

465 2431 840 2492 subordinate
868 2440 928 2491 et
955 2432 1133 2491 relate
1160 2431 1236 2490 ad
1253 2432 1427 2491 fidem
1449 2441 1508 2492 et
1528 2433 1818 2510 justitiam
1839 2433 1992 2509 fidei,
2017 2431 2155 2510 quia
2175 2431 2573 2499 convincendo
2594 2429 2886 2489 hominem

465 2512 688 2590 peccati
716 2521 776 2572 et
803 2512 1156 2589 impotentiae
1198 2531 1335 2587 suae,
1366 2513 1615 2590 cogebat
1661 2511 1737 2572 ad
1777 2513 2150 2591 quaerendum
2190 2511 2508 2571 remedium
2552 2511 2611 2569 in
2655 2509 2885 2568 Christo

467 2613 570 2670 per
591 2592 783 2667 fidem,
815 2599 881 2651 ιιι
899 2591 1025 2668 jam
1054 2591 1292 2651 dictum.
1351 2591 1578 2651 Deinde
1607 2592 1738 2652 duae
1767 2593 1893 2653 istae
1921 2592 2280 2652 conditiones
2309 2599 2720 2670 proponuntur,
2750 2588 2890 2667 quia

465 2671 805 2731 necessariae
833 2680 968 2729 sunt
994 2670 1069 2728 ad
1097 2682 1461 2747 peccatorum
1491 2672 1735 2732 salutem
1760 2694 1774 2749 ;
1817 2673 2071 2750 perfecta
2111 2673 2440 2733 obedientia
2465 2672 2526 2730 in
2556 2670 2785 2731 Christo
2813 2668 2891 2727 ad

467 2752 546 2810 im
589 2751 825 2809 lendum
851 2776 908 2808 το
947 2749 1197 2825 &ambesa
1218 2757 1306 2809 τοῦ
1335 2750 1494 2826 νόμον,
1531 2752 1656 2810 siue
1684 2772 1799 2829 qua
1826 2772 1942 2811 non
1968 2753 2294 2830 patiebatur
2307 2753 2538 2830 justitia
2567 2750 2679 2810 Dei
2706 2750 2885 2809 vitam

468 2850 543 2888 no
588 2829 637 2888 is
665 2829 824 2904 dari;
867 2829 1013 2889 fides
1041 2850 1179 2889 vero
1205 2830 1268 2888 in
1296 2830 1480 2905 nobis,
1511 2840 1577 2891 ut
1602 2830 1857 2908 perfecta
1883 2831 2210 2892 obedientia
2230 2841 2290 2892 et
2327 2831 2641 2892 satisfactio
2671 2830 2889 2890 Christi

469 2910 638 2969 nobis
680 2909 1079 2987 applicaretur,
1110 2917 1170 2969 et
1197 2918 1394 2969 nostra
1418 2910 1583 2970 fieret
1609 2931 1712 2989 per
1737 2911 2173 2989 imputationem
2196 2934 2211 2989 3
2268 2920 2443 2989 atque
2469 2912 2552 2971 ita
2578 2910 2735 2989 quod
2761 2909 2887 2969 exi-

468 2990 717 3067 gebatur
742 3010 778 3048 a
804 2990 973 3049 nobis
1001 2990 1061 3048 in
1088 2989 1304 3049 foedere
1322 3010 1575 3067 operum,
1599 2990 1873 3069 impletur
1896 3011 2000 3069 per
2023 2993 2314 3051 Christum
2342 2993 2403 3051 in
2421 2990 2635 3051 foedere
2664 2990 2885 3067 gratiae.

471 3070 527 3129 N
530 3090 597 3129 ec
623 3068 936 3131 absurdum
965 3078 1055 3130 est
1080 3071 1191 3130 hoc
1237 3080 1408 3148 pacto
1430 3070 1902 3148 justificationem
1930 3071 2054 3131 fieri
2095 3091 2198 3150 per
2237 3091 2411 3149 opera
2446 3078 2508 3130 et
2546 3090 2651 3148 per
2690 3070 2884 3146 fidem,

471 3170 576 3228 per
619 3170 795 3228 opera
823 3150 1055 3226 Christi,
1086 3158 1146 3210 et
1173 3171 1276 3229 per
1313 3150 1485 3210 fidem
1524 3160 1799 3211 nostram.
1884 3151 2081 3228 Atque
2110 3152 2192 3210 ita
2223 3151 2391 3211 suavi
2419 3150 2718 3210 harmonia
2757 3150 2887 3208 Lex

472 3239 533 3290 et
562 3231 948 3308 Evangelium
978 3230 1152 3290 simul
1179 3239 1529 3290 concurrunt
1561 3231 1622 3288 in
1665 3230 1778 3290 hoc
1821 3230 2073 3303 foedere3
2121 3231 2248 3290 Lex
2290 3250 2408 3290 non
2455 3229 2890 3290 administratur

470 3311 595 3371 sine
641 3311 984 3388 Evangeli0,
1015 3331 1122 3370 nec
1168 3310 1553 3387 Evangelium
1582 3310 1708 3370 sine
1739 3311 1914 3389 Lege,
1944 3319 2011 3370 ut
2051 3310 2127 3369 sit
2154 3310 2338 3370 veluti
2369 3311 2584 3389 Legale
2615 3311 2885 3387 Evange-

472 3390 634 3462 lium,
663 3399 725 3450 et
754 3390 880 3449 Lex
900 3390 1258 3467 Evangelica
1280 3391 1666 3467 Evangelium
1689 3391 1924 3468 plenum
1942 3390 2286 3466 obedientia,
2311 3399 2371 3450 et
2399 3390 2526 3450 Lex
2554 3390 2727 3468 plena
2750 3389 2885 3449 fide.

473 3470 572 3529 Sic
601 3469 989 3545 Evangelium
1013 3490 1129 3528 non
1162 3469 1407 3529 destruit
1436 3469 1672 3546 Legem,
1705 3471 1809 3530 sed
1829 3490 1956 3530 eam
1983 3470 2222 3546 stabilit,
2256 3471 2424 3530 Rom.
2452 3470 2536 3529 iii.
2566 3473 2662 3546 31,
2692 3469 2885 3529 dando

470 3547 640 3607 nobis
668 3548 978 3621 Christum,
1010 3549 1110 3624 qui
1137 3548 1387 3625 perfecte
1415 3568 1543 3607 eam
1568 3550 1852 3628 implevit.
1937 3551 2017 3609 Et
2045 3551 2171 3609 Lex
2199 3569 2316 3609 non
2344 3557 2434 3609 est
2460 3559 2661 3610 eontra
2689 3550 2885 3608 Evan-

471 3628 707 3706 gelium,
740 3646 871 3685 cum
899 3626 975 3685 ad
1002 3627 1149 3686 illud
1176 3636 1241 3687 ut
1266 3627 1342 3686 ad
1369 3628 1543 3687 finem
1572 3648 1740 3689 suum
1768 3630 2038 3707 respiciat
2064 3639 2123 3689 et
2150 3649 2256 3689 nos
2276 3629 2644 3689 manuducat.

554 3706 815 3765 XXIII.
861 3707 1025 3767 Licet
1053 3708 1250 3767 Moses
1281 3706 1571 3768 Mediator
1596 3710 1781 3786 possit
1805 3720 2095 3788 utcunque
2113 3710 2228 3768 dici
2257 3710 2317 3767 in
2340 3709 2553 3769 foedere
2586 3709 2884 3783 Sinai‘tico,

468 3787 608 3864 quia
627 3786 786 3846 vices
804 3787 1154 3846 Internuntii
1176 3788 1416 3865 gerebat
1436 3789 1641 3848 stando
1660 3789 1810 3849 inter
1823 3790 1868 3849 J
1871 3791 2113 3849 ehovam
2137 3799 2198 3850 et
2221 3790 2524 3868 Populum,
2553 3791 2726 3849 Deut.
2745 3810 2803 3848 v.
2831 3792 2885 3863 1,

469 3867 571 3944 qui
620 3875 812 3926 tamen
856 3867 1143 3945 Populum
1189 3869 1314 3927 Deo
1351 3869 1720 3928 reconciliare
1768 3889 1886 3928 non
1934 3869 2121 3946 potuit
2145 3893 2160 3931 ι
2211 3871 2343 3928 Νοιι
2392 3869 2653 3947 sequitur
2699 3868 2889 3928 foedus

468 3946 633 4023 illud,
664 3948 833 4026 cujus
863 3947 1154 4007 Mediator
1191 3948 1416 4022 dieitur,
1447 3948 1625 4007 fuisse
1675 3950 1865 4026 specie
1903 3949 2196 4009 diversum
2234 3969 2270 4009 a
2312 3949 2527 4009 foedere
2575 3948 2794 4026 gratiae,
2827 3949 2888 4007 in

468 4047 584 4104 quo
633 4028 767 4088 talis
812 4028 1203 4088 reconciliatio
1247 4029 1558 4088 obtinetur.
1644 4029 1792 4104 Quia
1831 4028 1941 4089 fuit
1988 4037 2213 4089 tantum
2251 4029 2483 4107 typicus
2525 4024 2586 4089 e't
2611 4037 2886 4089 externus

470 4107 775 4184 Mediator,
806 4128 922 4166 nou
945 4109 1248 4185 primarius
1277 4116 1334 4168 et
1361 4128 1552 4183 verus,
1584 4128 1621 4167 a
1646 4129 1762 4185 quo
1791 4108 1933 4173 solo,
1963 4110 2203 4187 ejusque
2231 4109 2539 4187 sponsione
2568 4108 2735 4184 facta,
2766 4118 2825 4167 et
2850 4129 2888 4167 a

469 4188 595 4247 Deo
617 4196 915 4266 acceptata
935 4197 1116 4248 totam
1138 4188 1257 4246 vim
1276 4208 1439 4248 suam
1470 4197 1529 4248 et
1549 4188 1856 4248 efficaciam
1870 4188 1944 4247 ad
1957 4199 2319 4267 peecatorum
2343 4187 2885 4263 reconciliationem,

464 4277 525 4327 ct
552 4288 749 4327 eorum
777 4268 852 4327 ab
880 4276 1094 4328 aeterna
1123 4268 1522 4328 maledictione
1551 4269 1949 4328 liberationem
1978 4277 2038 4329 et
2064 4269 2317 4328 coelestis
2354 4270 2492 4329 vitae
2519 4267 2889 4328 donationem

465 4347 687 4408 habuit.
774 4349 971 4408 Potuit
998 4347 1231 4425 quidem
1277 4349 1491 4423 Moses,
1516 4348 1690 4426 juxta
1738 4350 1904 4425 enim
1931 4349 2276 4409 internuncii
2324 4369 2498 4427 quam
2547 4348 2885 4423 sustinebat,

465 4446 570 4487 suo
599 4427 772 4487 modo
799 4428 988 4487 foedus
1009 4426 1410 4505 quadantenus
1436 4429 1703 4488 effectum
1733 4430 1886 4504 dare,
1912 4430 2229 4488 voluntatis
2250 4430 2499 4507 partium
2521 4428 2890 4505 interpretem

466 4508 710 4583 agend0,
744 4518 809 4567 ut
850 4509 1179 4567 interventu
1221 4527 1418 4567 earum
1446 4529 1764 4569 cousensus
1808 4509 1996 4568 foedus
2046 4510 2232 4587 ipsum
2284 4510 2540 4568 iniretur.
2628 4508 2745 4567 Sed
2772 4527 2890 4566 uon

466 4587 655 4662 potuit
701 4587 943 4647 ulterius
973 4587 1494 4647 reconciliationem
1538 4609 1642 4665 per
1683 4596 1750 4648 'se
1797 4590 2111 4662 instituere,
2144 4590 2300 4666 quod
2339 4588 2615 4667 pertinuit
2663 4596 2888 4648 tantum

464 4665 539 4724 ad
570 4666 876 4741 Christum,
910 4668 1009 4745 qui
1039 4667 1237 4726 debuit
1267 4687 1391 4727 csse
1422 4674 1708 4744 ιῖρωποιὸς.
2521 4684 2526 4689 ’
