3221 5200
453 323 591 391 ‘324
1315 354 1496 395 Locus
1525 353 1785 395 memus
1814 355 2083 395 ruamus.
2475 336 2732 416 [Quffisr.
2762 353 2891 392 xrx.

1363 572 1754 648 QUAESTIO
1798 572 1989 631 XIX.

1043 751 1119 790 DE
1163 751 1435 791 SESSIONE
1476 751 1712 791 CHRISTI
1756 752 1838 790 AD
1882 752 2171 791 DEXTRAM
2215 752 2335 792 DEI.

485 893 643 960 Quid
657 894 727 951 sit
752 894 935 953 Sessio
983 893 1195 953 Christi
1228 894 1313 950 ad
1336 894 1625 951 Dextram
1653 891 1782 967 Dei,
1823 893 2138 952 Secundum
2168 914 2338 968 quam
2365 901 2634 951 naturam
2666 892 2891 953 Christo

838 973 1140 1046 conveniat,
1162 974 1247 1029 Et
1271 992 1348 1030 απ
1376 975 1459 1031 ad
1481 973 1617 1031 situs
1645 973 1920 1030 rationem
1938 974 2269 1048 pertineat!
2352 972 2500 1049 Neg.

560 1130 610 1189 Ι.
655 1131 911 1205 Quaestio
958 1132 1070 1191 ista
1116 1131 1439 1190 necessaria
1487 1139 1576 1190 est
1622 1139 1858 1209 propter
1900 1131 2281 1206 Lutheranos,
2318 1131 2418 1209 qui
2445 1138 2510 1189 ut
2536 1139 2755 1190 naturae
2783 1131 2890 1189 hu-

476 1228 662 1268 manae
692 1212 906 1270 Christi
933 1211 1453 1288 omnipraesentiam
1483 1219 1542 1268 et
1569 1211 2045 1289 omnipotentiam
2072 1212 2333 1288 probent,
2366 1210 2656 1269 Christum
2686 1231 2888 1269 secun-

477 1288 616 1347 dum
663 1290 973 1348 humanam
1027 1299 1290 1349 naturam
1337 1289 1412 1347 ad
1466 1289 1732 1348 dextram
1789 1290 1902 1349 Dei
1949 1288 2149 1349 sedere
2189 1289 2552 1367 pertendunt.
2640 1290 2723 1350 Ut
2750 1310 2891 1348 vero

477 1367 703 1426 facilius
731 1369 1104 1446 intelligatur,
1155 1369 1339 1445 prim0
1382 1368 1453 1426 de
1495 1369 1623 1445 ipsa
1666 1370 1934 1429 Sessione
1963 1370 2163 1446 paucis
2191 1370 2516 1445 dicendum,
2546 1369 2701 1428 unde
2729 1370 2893 1428 nullo

478 1448 713 1524 negotio
741 1448 1062 1526 colligetur,
1093 1448 1382 1523 quomodo
1412 1448 1642 1506 Christo
1672 1458 1976 1526 competat.

594 1594 605 1605 ·
1086 1528 1172 1585 II.
1215 1527 1397 1585 Sessio
1425 1529 1509 1586 ad
1532 1529 1797 1586 dextram
1837 1529 1958 1586 Dei
1996 1547 2113 1586 non
2139 1528 2368 1606 proprie
2396 1536 2455 1587 et
2474 1528 2772 1587 literaliter
2799 1528 2887 1584 in-

476 1590 964 1697 Βθῧῗξξξῃάἰέῗῖζ
1002 1607 1191 1684 telligi
1217 1614 1425 1684 potest,
1455 1627 1586 1665 cum
1606 1606 1768 1665 Deus
1795 1627 1902 1665 nec
1930 1607 2196 1666 dextram
2213 1628 2319 1666 nec
2348 1608 2636 1666 sinistram
2659 1609 2887 1683 habeat,

534 1711 821 1813 „ass
841 1712 964 1828 s:
1006 1686 1988 1825 sarphen?
2009 1687 2754 1826 samaraeus
2781 1688 2886 1824 ἰῆς

533 1833 652 1871 '²²³⁰‘
1005 1787 1065 1905 {t
1094 1847 1436 1922 Magnetum
1465 1787 1897 1922 consugtlildiue,
1918 1812 2018 1922 q’ui
2036 1846 2110 1904 ad
2128 1788 2391 1905 dgxtram
2420 1866 2582 1904 suam
2606 1787 2887 1904 conoii'alre

476 1925 679 2000 solent,
711 1926 921 2002 quibus
950 1927 1277 2002 proximum
1305 1945 1341 1983 a
1369 1944 1430 1983 se
1459 1933 1582 1983 tum
1609 1925 1862 2002 honoris,
1883 1934 2007 1984 tum
2024 1927 2295 2002 potentiae
2324 1925 2566 2003 gradum
2596 1926 2655 1983 in
2678 1926 2885 2002 guber-

474 2005 705 2063 natione
734 2006 1074 2064 concedunt.
1160 2005 1249 2063 De
1269 2004 1541 2081 proximo
1581 2006 1809 2063 honoris
1849 2007 2043 2082 qradu
2087 2005 2431 2081 intelligitur
2476 2006 2601 2063 haec
2642 2005 2886 2082 phrasis,

480 2087 509 2141 1
544 2084 692 2161 Reg.
721 2085 781 2143 ii.
815 2088 907 2160 19,
939 2086 1039 2144 ubi
1073 2085 1344 2142 Salomon
1373 2093 1613 2142 matrem
1663 2104 1825 2143 suam
1876 2085 2154 2160 singulari
2194 2085 2413 2143 honore
2456 2084 2763 2144 effecturus
2810 2085 2887 2142 ad

474 2163 738 2222 dextram
767 2185 929 2223 suam
979 2164 1241 2224 collocat.
1272 2165 1350 2222 Et
1381 2163 1534 2221 Psal.
1579 2165 1704 2223 xlv.
1734 2167 1789 2240 9,
1850 2164 2081 2241 Conjux
2110 2164 2310 2240 Regis,
2341 2164 2420 2222 id.
2453 2165 2715 2223 Ecclesia
2743 2164 2885 2222 dici-

474 2251 568 2301 tur
589 2252 739 2303 stare
763 2265 797 2302 a
814 2245 1021 2303 dextra
1045 2244 1294 2319 Messiae,
1314 2243 1392 2301 id.
1414 2245 1681 2321 proximo
1703 2245 1776 2302 ab
1793 2244 1920 2320 ipso
1942 2242 2243 2320 dignitatis
2264 2244 2467 2321 gradu.
2525 2245 2614 2303 De
2635 2245 2889 2319 Imperio

472 2342 612 2382 vero
631 2343 732 2382 seu
754 2325 918 2401 regni
940 2323 1433 2383 administratione
1454 2334 1779 2399 usurpatur,
1807 2323 2018 2382 Matth.
2041 2343 2143 2381 xx.
2174 2326 2269 2399 21,
2300 2325 2402 2382 ubi
2428 2333 2612 2383 mater
2638 2324 2885 2381 filiorum

473 2402 744 2461 Zebedaei
770 2405 930 2480 petit,
963 2413 1027 2463 ut
1053 2403 1159 2460 filii
1188 2404 1427 2462 sedeant
1463 2402 1537 2460 ad
1566 2403 1831 2461 dextram
1858 2412 1917 2462 et
1945 2402 2234 2461 sinistram
2264 2403 2479 2462 Christi
2505 2403 2566 2460 in
2594 2423 2772 2480 regno
2802 2403 2887 2480 ip-

474 2482 611 2556 sius,
643 2482 723 2540 id.
753 2485 1022 2559 primaria
1049 2484 1245 2541 munia
1266 2483 1493 2541 obeant.
2638 2503 2641 2505 ·

556 2562 675 2622 111.
723 2562 879 2623 Hinc
907 2572 1112 2623 natura
1145 2561 1431 2621 Sessionis
1482 2560 1697 2620 Christi
1736 2561 1812 2620 ad
1860 2561 2124 2620 dextram
2156 2561 2344 2621 Patris
2372 2561 2538 2621 facile
2567 2560 2883 2640 deprehen-

472 2641 644 2700 ditur.
732 2643 863 2702 Duo
892 2645 1044 2702 enim
1072 2643 1166 2700 hic
1194 2642 1479 2719 praecipue
1508 2641 1921 2717 designantur:
1969 2646 2021 2700 1.
2050 2644 2284 2700 Summa
2312 2646 2573 2718 majestas
2600 2653 2653 2701 et
2672 2644 2882 2719 ylaria,

473 2741 576 2797 per
603 2741 776 2798 quam
806 2742 1026 2782 summe
1055 2722 1344 2780 exaltatus
1362 2728 1451 2779 est
1471 2740 1506 2777 a
1529 2721 1673 2796 De0,
1700 2730 1759 2780 et
1778 2740 1988 2778 nomen
2018 2741 2191 2798 supra
2218 2742 2385 2779 omne
2414 2742 2623 2780 nomen
2643 2723 2883 2799 accepit,

476 2800 627 2858 Phil.
659 2800 717 2860 ii.
749 2805 802 2877 9,
839 2806 931 2877 10,
978 2801 1132 2860 Heb.
1177 2802 1213 2859 i.
1262 2803 1317 2858 3.
1402 2804 1458 2857 2.
1502 2800 1788 2858 Summum
1821 2800 2131 2875 imperium,
2164 2801 2320 2878 quod
2348 2810 2611 2878 potenter
2652 2811 2886 2860 exercet

472 2880 533 2937 in
562 2900 760 2940 omnes
790 2883 1109 2954 Creatura8‚
1161 2889 1220 2939 et
1267 2878 1425 2957 quod
1472 2880 1726 2938 ostendit
1761 2880 2041 2956 imprimis
2068 2880 2128 2937 in
2158 2880 2572 2957 gubernatione
2602 2890 2659 2940 et
2688 2881 2883 2939 defen·

473 2960 632 3018 sione
680 2962 974 3037 Ecclesiae,
1026 2960 1313 3036 quomodo
1348 2958 1670 3036 explicatur
1711 2980 1746 3017 a
1790 2959 1988 3034 Paulo,
2045 2962 2073 3017 1
2108 2960 2237 3018 Cor.
2268 2981 2368 3018 xv.
2413 2964 2508 3035 25,
2552 2961 2651 3017 ubi
2689 2987 2746 3018 το
2794 2981 2881 3019 se·

472 3038 606 3099 dere
636 3041 710 3099 ad
739 3042 1019 3117 dextram,
1055 3041 1207 3099 Psal.
1238 3061 1330 3099 cx.
1365 3043 1418 3113 l,
1449 3040 1687 3117 exponit
1716 3059 1817 3118 per
1841 3038 2115 3106 βισιλιῦιιυ
2142 3060 2400 3116 reynare,
2436 3043 2471 3072 “
2500 3042 2733 3115 Oportet
2758 3062 2883 3099 eum

471 3139 715 3195 reynare
755 3125 928 3181 donec
962 3121 1215 3198 posuerit
1254 3119 1559 3193 inimicos,''
1601 3118 1709 3178 ἅτε.
1798 3120 1893 3178 Sic
1937 3120 2087 3196 Eph.
2130 3119 2168 3179 i.
2213 3124 2307 3193 22,
2343 3120 2536 3178 Sessio
2563 3121 2676 3178 ista
2704 3140 2875 3197 expo-

470 3200 626 3259 nitur
652 3222 755 3278 per
782 3202 1196 3280 subjectionem
1226 3200 1480 3259 omnium
1509 3201 1634 3276 ejus
1675 3199 1937 3278 pedibus,
1963 3208 2038 3274 et,
2088 3203 2117 3257 1
2163 3199 2288 3258 Pet.
2317 3200 2397 3258 iii.
2429 3203 2523 3273 22,
2559 3202 2594 3232 “
2616 3199 2727 3273 Qui
2751 3220 2880 3277 pro-

469 3279 652 3337 fectus
677 3283 734 3338 in
764 3283 989 3356 coelum,
1022 3290 1110 3339 est
1138 3280 1213 3337 ad
1240 3280 1503 3338 dextram
1534 3280 1662 3354 Dei,
1688 3280 1965 3356 subjectis
1987 3279 2097 3357 ipsi
2127 3279 2377 3355 Angelis
2404 3287 2463 3337 et
2493 3280 2887 3339 Potestatibus

470 3378 536 3417 ac
568 3360 956 3419 Virtutibus.''

472 3475 504 3519 S
589 3477 601 3518 1
772 3478 811 3519 r,
1076 3437 1186 3494 IV.
1245 3437 1339 3492 Ex
1366 3437 1475 3494 hac
1497 3456 1636 3494 vero
1660 3436 1944 3495 Sessionis
1968 3437 2182 3497 Christi
2203 3437 2604 3511 declaratione,
2625 3438 2881 3514 proclive

508 3488 953 3585 εὲξιοιξζῗιῗηῖιῖἓ
997 3522 1086 3573 est
1113 3514 1404 3589 colligere,
1430 3515 1732 3588 Quomodo
1762 3516 1992 3573 Christo
2022 3526 2324 3594 competat,
2356 3537 2457 3576 seu
2486 3518 2775 3595 quodnam
2805 3518 2882 3575 sit

533 3591 615 3632 sed
632 3602 867 3644 personae.
996 3593 1263 3650 Sessiomb
1304 3593 1457 3651 istius
1497 3595 1810 3669 subjectum.
1888 3594 1987 3651 An
2015 3605 2219 3655 natura
2247 3598 2497 3655 humana
2525 3597 2877 3674 simpliciter,

471 3675 538 3726 ut
569 3667 882 3726 Lutherani
901 3671 1134 3745 vellent,
1158 3672 1467 3747 hypothesi
1485 3693 1601 3730 suae
1626 3673 1696 3730 de
1711 3676 2066 3752 παπαχουσίςι
2084 3675 2284 3734 Carnis
2315 3677 2528 3735 Christi
2556 3677 2876 3753 patrocina-

472 3747 626 3806 turi?
645 3747 740 3805 An
764 3769 901 3808 vero
919 3761 1123 3810 natura
1143 3750 1380 3810 divina?
1398 3762 1460 3811 ut
1482 3752 1599 3810 alii.
1631 3753 1730 3810 An
1748 3773 1886 3812 vero
1907 3754 2199 3814 Persona?
2221 3776 2348 3832 quae
2371 3766 2599 3833 recepta
2616 3764 2703 3815 est
2725 3755 2879 3831 apud

472 3827 841 3887 Orthodoxos
858 3831 1141 3890 sententia
1159 3852 1328 3907 quam
1353 3833 1662 3908 sequimur,
1684 3842 2000 3893 statuentes
2023 3836 2346 3893 Sessionem
2365 3836 2589 3911 proprie
2613 3836 2880 3894 Personae

474 3909 685 3967 Christi
709 3921 1030 3988 competere
1061 3910 1372 3969 secundum
1402 3922 1702 3989 utramque
1731 3923 2010 3987 naturam,
2037 3914 2139 3971 sed
2161 3935 2291 3973 cum
2318 3915 2512 3990 aliquo
2531 3915 2877 3973 discrimine.

552 3989 628 4047 V.
662 3990 834 4047 Ratio
863 4002 967 4065 est,
1001 3991 1150 4065 Quia
1181 3991 1374 4049 Sessio
1403 3991 1476 4049 ad
1505 3991 1768 4050 dextram
1798 4014 1911 4051 non
1935 4004 2023 4052 est
2051 3995 2368 4071 proprietas
2398 4003 2634 4068 naturae,
2664 3995 2759 4052 vel
2789 3994 2873 4051 di-

470 4069 640 4143 vinae,
672 4069 769 4126 vel
822 4071 1105 4144 humanae,
1151 4071 1253 4130 sed
1308 4072 1549 4147 diynz'tas
1596 4073 1896 4147 Personae3
1947 4081 2130 4131 status
2175 4084 2313 4151 puta
2354 4074 2640 4150 gloriosus
2672 4073 2875 4131 Perso-

473 4167 562 4207 nae
619 4149 849 4223 Christi,
897 4162 955 4209 et
1005 4151 1190 4210 Officii
1230 4151 1559 4210 Mediator-ii
1607 4152 2043 4225 administratiO,
2084 4154 2248 4230 cujus
2288 4154 2691 4228 ἐπιτελέα-ματα
2740 4162 2875 4212 sunt

472 4229 797 4287 communia
845 4231 951 4288 toti
982 4230 1268 4303 Personae,
1300 4239 1562 4306 respectu
1599 4232 1896 4307 utriusque
1926 4241 2163 4290 naturae.
2252 4234 2421 4292 Unde
2448 4235 2614 4305 Λόγος
2641 4253 2755 4290 non
2786 4232 2872 4289 di-

473 4306 551 4365 cit
581 4308 769 4381 Carni,
805 4309 954 4368 Sede
998 4309 1072 4367 ad
1101 4310 1362 4367 dextram
1392 4330 1578 4368 meam
1608 4355 1624 4383 ,
1674 4310 1776 4368 sed
1807 4311 1977 4368 Pater
2008 4312 2159 4369 Filio
2187 4313 2263 4369 ad
2293 4313 2554 4372 Officium
2588 4313 2871 4371 Mediato-

472 4385 618 4443 rium
639 4397 862 4445 vocato,
950 4389 1145 4465 Atque
1175 4390 1267 4447 hic
1280 4398 1545 4464 potesta-3,
1570 4390 1645 4447 ab
1667 4389 1930 4447 exercitio
1952 4390 2078 4466 ejus
2100 4390 2510 4469 distinguenda
2530 4401 2636 4451 est.
2679 4393 2872 4450 Potes·

472 4466 602 4521 tatis
629 4466 779 4523 euim
811 4468 1136 4545 subjectum
1158 4478 1245 4527 est
1278 4469 1547 4543 Persona,
1572 4487 1674 4526 seu
1704 4469 1965 4527 Christus
1984 4471 2286 4550 ,Θυίνθςυπος
2316 4473 2374 4529 in
2404 4492 2573 4530 carne
2603 4471 2874 4529 manifes-

470 4550 640 4616 tatus,
673 4565 787 4602 non
817 4567 956 4605 vero
985 4559 1202 4606 naturae
1232 4548 1584 4623 simpliciter,
1614 4548 1826 4625 quippe
1854 4549 2008 4625 quod
2055 4550 2157 4607 illa
2196 4561 2451 4627 potestas
2480 4572 2596 4609 non
2625 4551 2701 4608 sit
2727 4552 2877 4608 acci·

472 4621 613 4678 dens
657 4624 1002 4699 absolutum,
1034 4627 1190 4702 quod
1235 4628 1558 4685 necessario
1588 4628 1724 4687 insit
1752 4628 1987 4702 naturis,
2020 4629 2121 4686 sed
2151 4631 2398 4707 simplex
2427 4631 2647 4704 relatiO,
2680 4638 2743 4687 ut
2771 4650 2875 4706 po-
