3221 5200
523 351 639 411 336
1347 363 1530 406 mous
1559 363 1820 407 oremus
1848 365 2132 418 omarus.
2560 347 2812 431 [Qufflsr.
2868 370 2932 412 11.

520 508 731 566 Matth.
755 506 836 564 xi.
861 510 958 564 27.
1023 506 1166 580 Quis
1185 524 1446 565 enarrare
1469 507 1827 580 voluntatem
1846 509 1989 586 ejus,
2011 517 2070 568 et
2091 508 2430 586 sapientiam
2449 510 2706 569 divinam
2724 511 2784 569 in
2800 532 2926 589 my-

516 587 689 646 sterio
711 585 1108 644 absconditam
1128 583 1464 662 patefacere,
1485 586 1597 643 nisi
1620 588 1721 664 qui
1738 597 1827 648 est
1852 588 1914 645 in
1935 589 2065 647 sinu
2090 589 2296 663 Patris„
2321 590 2363 648 J
2368 590 2460 647 oh.
2485 590 2522 647 i.
2559 593 2648 662 18,
2682 599 2739 649 et
2766 591 2925 663 Λόγος

514 686 581 724 ac
604 665 899 742 Sapientia
915 673 1127 724 aeterna
1149 664 1300 722 Dei?
1343 664 1628 724 Homines
1644 667 1879 743 quidem
1896 668 2153 726 divinam
2170 669 2526 728 voluntatem
2547 670 2923 747 interpretan-

513 754 624 822 tur,
656 754 715 804 et
759 744 835 804 ad
877 764 985 802 nos
1020 744 1290 818 referunt,
1324 744 1429 803 sed
1457 746 1908 805 ministerialiter
1933 757 2192 823 tantum3
2259 747 2362 806 sed
2390 768 2719 825 supremum
2748 759 2808 809 et
2835 757 2924 809 ἁν-

513 825 762 885 ωηῦοωον
792 825 1169 900 Interpretem
1199 843 1370 900 agere
1413 844 1602 883 rerum
1652 826 1989 901 coelestium,
2041 828 2215 903 idque
2263 847 2379 885 non
2421 836 2661 887 externa
2701 838 2924 890 tantum

507 907 775 966 suasione
804 913 861 962 et
887 903 1312 980 praedicatione,
1345 904 1449 963 sed
1476 905 1701 964 interna
1726 905 2147 965 illuminatione
2169 915 2226 965 et
2253 907 2640 984 persuasione,
2675 909 2786 967 Dei
2814 918 2917 984 est,

509 1006 624 1044 non
653 983 918 1042 hominis.
1005 983 1228 1042 Rursus
1256 1003 1372 1059 qua
1415 984 1705 1062 Propheta
1748 985 1965 1063 Legem
1995 985 2167 1046 debet
2208 986 2477 1045 cordibus
2506 987 2833 1062 inscribere,
2864 1000 2922 1048 et

509 1065 591 1123 ita
619 1065 825 1123 docere
853 1060 1175 1138 efficaciter,
1206 1073 1272 1121 ut
1299 1063 1398 1122 det
1425 1083 1525 1122 cor
1550 1084 1785 1135 novum,
1818 1074 1877 1123 et
1917 1067 2137 1143 aperiat
2162 1074 2385 1124 mentes
2413 1066 2488 1124 ad
2517 1066 2923 1146 intelligendas

510 1145 853 1220 ScripturaS,
904 1149 968 1199 ut
1008 1142 1211 1201 fideles
1252 1143 1371 1201 sint
1411 1163 1546 1202 vere
1613 1142 1947 1221 θεοέίδακτοι,
2004 1147 2046 1205 J
2052 1146 2145 1203 oh.
2189 1146 2267 1204 vi.
2311 1149 2407 1220 45,
2453 1147 2562 1204 hoc
2603 1168 2742 1207 vero
2806 1169 2921 1206 non

503 1223 691 1300 potuit
718 1241 833 1299 qua
861 1222 1050 1296 hom0,
1082 1222 1186 1281 sed
1227 1242 1343 1299 qua
1385 1223 1562 1281 Deus.
1651 1224 1751 1282 Ad
1790 1245 1964 1302 quem
2012 1226 2198 1286 solum
2247 1226 2431 1284 multo
2459 1228 2646 1305 magis
2673 1228 2922 1305 pertinet

504 1303 752 1360 scribere
781 1302 842 1357 in
871 1300 1059 1376 corde,
1091 1322 1264 1378 quam
1293 1302 1352 1358 in
1381 1301 1592 1378 lapide.

825 1445 836 1456 ⁶
1029 1381 1175 1438 VII.
1221 1381 1349 1455 Qua
1375 1382 1656 1440 Sacerdos
1690 1382 1891 1442 debuit
1938 1381 2266 1441 satisfacere
2315 1404 2419 1460 pro
2462 1384 2630 1441 nobis
2669 1386 2921 1460 perfecte

587 1446 897 1498 sacerdotnm
979 1461 1224 1539 justitiae
1247 1458 1476 1533 divinae,
1493 1469 1552 1519 et
1567 1480 1673 1537 pro
1698 1461 2107 1520 Peccatoribus
2125 1462 2494 1536 intercedere,
2511 1463 2713 1521 debuit
2736 1473 2919 1522 morte

498 1564 603 1624 sua
629 1552 889 1618 mortem,
922 1550 981 1600 et
1024 1558 1153 1597 eum
1198 1539 1297 1615 qui
1339 1539 1589 1598 habebat
1617 1539 1921 1617 imperium
1963 1540 2166 1598 mortis
2195 1541 2442 1615 abolere,
2477 1542 2555 1598 Et
2588 1560 2695 1599 nos
2723 1562 2758 1599 a
2788 1543 2914 1601 Deo

498 1624 779 1682 alienatos
806 1619 1177 1680 reconciliare
1206 1627 1264 1676 et
1285 1618 1396 1693 ipsi
1416 1618 1477 1674 in
1500 1627 1777 1677 aeternum
1805 1620 1987 1676 unire.
2072 1619 2215 1693 Quis
2238 1639 2375 1678 vero
2397 1620 2509 1678 nisi
2541 1620 2703 1678 Deus
2731 1622 2919 1697 potuit

495 1711 860 1780 peccatorum
891 1699 1122 1758 infinito
1144 1696 1421 1756 demerito
1449 1697 1738 1756 infinitum
1766 1699 2033 1757 meritum
2062 1718 2366 1776 opponere,
2399 1709 2457 1758 et
2496 1703 2784 1780 ἅντίλυτςου
2830 1702 2915 1758 in-

493 1783 645 1841 finiti
672 1782 887 1841 valoris
923 1778 1166 1858 justitiae
1198 1777 1308 1836 Dei
1338 1777 1640 1836 exsolvere
1660 1780 1689 1835 ?
1772 1778 1914 1852 Quis
1941 1777 2054 1835 nisi
2086 1780 2247 1836 Deus
2273 1779 2461 1855 potuit
2481 1779 2708 1856 pondus
2731 1782 2830 1838 irae
2851 1781 2917 1839 α’·

497 1860 785 1921 Colman-ron
839 1861 1003 1933 serre,
1036 1867 1095 1918 et
1138 1877 1206 1915 eo
1255 1876 1373 1914 non
1420 1857 1716 1915 absorberi
1735 1860 1764 1915 Ρ
1846 1857 1989 1932 Quis
2017 1858 2129 1915 nisi
2159 1858 2319 1916 Deus
2341 1859 2545 1917 habuit
2571 1869 2914 1937 potestatem

495 1943 747 2019 ponendi
790 1941 1037 1999 animam
1082 1957 1184 2014 per
1226 1945 1470 1994 mortem
1510 1937 1913 2010 voluntariam,
1945 1945 2004 1996 et
2044 1957 2242 1996 rursus
2284 1957 2409 1996 eam
2455 1940 2783 1997 assumendi
2813 1959 2914 2017 per

496 2022 989 2094 resurrectionem,
1030 2017 1169 2076 Joh.
1199 2036 1260 2073 x.
1317 2018 1387 2075 18
1410 2018 1439 2073 Ρ
1520 2016 1665 2090 Quis
1707 2016 1819 2074 nisi
1862 2017 2022 2075 Deus
2070 2018 2257 2094 potuit
2298 2038 2401 2095 per
2445 2018 2719 2096 Spiritum
2751 2028 2913 2077 aeter-

495 2122 634 2160 num
677 2122 738 2161 se
768 2101 989 2173 offerre,
1019 2105 1211 2174 partes
1240 2096 1562 2154 Sacerdotis
1589 2105 1643 2153 et
1679 2096 1926 2154 Victimae
1954 2097 2128 2155 simul
2154 2097 2463 2174 implend0‚
2492 2099 2645 2156 Heb.
2676 2099 2756 2157 ix.
2793 2102 2864 2156 14
2886 2102 2914 2156 Ρ

497 2181 688 2240 Morte
731 2201 836 2240 sua
875 2186 1117 2238 mortem
1158 2175 1409 2251 vincere,
1454 2174 1749 2233 diabolum
1791 2175 2098 2251 debellare,
2145 2185 2415 2235 aeternam
2458 2177 2908 2255 redemptionem

495 2262 776 2339 sanguine
808 2280 912 2319 suo
941 2256 1217 2331 obtinere,
1249 2264 1309 2314 et
1336 2275 1472 2313 suos
1499 2255 1559 2311 in
1602 2263 1881 2313 aeternum
1909 2275 2156 2331 servare,
2192 2256 2344 2315 Heb.
2375 2257 2474 2314 vii.
2506 2260 2582 2315 25
2604 2260 2633 2315 Ρ

1025 2336 1208 2394 VIII.
1253 2334 1380 2409 Qua
1406 2337 1541 2393 Rex
1571 2334 1772 2393 debuit
1800 2354 1999 2411 regere
2021 2335 2348 2394 universam
2380 2336 2701 2395 Ecclesiam
2730 2336 2911 2395 Verbi

579 2400 648 2446 Et
671 2400 867 2458 R⁰ss¹¹⁰³
987 2417 1074 2473 sui
1105 2422 1348 2491 sceptro,
1385 2414 1662 2491 Spiritum
1696 2413 1971 2473 Sanctum
1999 2435 2130 2473 cum
2159 2415 2425 2473 omnibus
2448 2417 2568 2474 suis
2597 2416 2763 2474 donis
2784 2417 2911 2474 mit-

495 2507 633 2574 tere,
659 2518 866 2556 vocare
897 2495 1217 2568 efficaciter,
1250 2492 1425 2551 corda
1451 2494 1688 2569 aperire,
1723 2493 2031 2552 Diabolum
2063 2503 2373 2569 conterere,
2405 2504 2463 2553 et
2489 2496 2686 2554 hostes
2715 2515 2911 2554 omnes

498 2578 701 2637 salutis
729 2578 790 2635 in
833 2575 1148 2635 scabellum
1189 2572 1401 2650 pedum
1446 2591 1678 2649 ponere,
1710 2580 1767 2630 et
1797 2573 2119 2632 Ecclesiam
2161 2573 2498 2650 glorificare.
2586 2574 2728 2649 Quis
2771 2594 2909 2634 vero

495 2658 609 2715 nisi
640 2657 898 2734 potentia
939 2655 1158 2710 invicta
1197 2651 1488 2728 praeditus,
1535 2651 1615 2708 id.
1658 2668 1831 2709 verus
1876 2653 2035 2709 Deus
2075 2653 2405 2728 potuisset?
2487 2654 2645 2730 Ergo
2674 2674 2911 2730 quomo-

496 2737 799 2812 docunque
843 2740 1132 2809 spectetur
1166 2729 1428 2786 Christus
1479 2729 1783 2804 Mediator,
1830 2729 2029 2788 debuit
2075 2731 2186 2788 hoc
2236 2730 2437 2790 Officio
2487 2733 2743 2809 defungi,
2795 2755 2911 2793 non

496 2815 687 2872 minus
722 2812 1035 2871 secundum
1080 2801 1341 2866 naturam
1370 2806 1629 2865 divinam
1657 2826 1830 2883 quam
1858 2809 2185 2868 humanam.
2892 2844 2895 2847 ·

552 2919 595 2963 3.
609 2919 684 2963 Ex
710 2917 942 2962 Exinani-
1071 2889 1188 2946 IX.
1232 2887 1444 2961 Tertio,
1492 2887 1822 2946 Secundum
1864 2908 1989 2946 eam
2039 2897 2299 2947 naturam
2329 2888 2531 2948 debuit
2559 2911 2685 2949 esse
2722 2891 2909 2950 Medi-

654 2978 810 3029 tione;
987 2978 1128 3042 ator,
1180 2966 1495 3026 secundum
1534 2986 1708 3043 quam
1758 2987 1820 3026 se
1864 2968 2201 3043 exinanivit,
2254 2977 2311 3028 et
2339 2968 2579 3028 sormam
2623 2972 2776 3029 servi
2818 2992 2905 3029 as·

495 3052 757 3129 sumpsit,
789 3051 926 3128 quia
964 3068 1081 3107 non
1115 3047 1229 3105 alia
1257 3046 1328 3105 de
1358 3066 1531 3105 causa
1559 3066 1621 3106 se
1649 3047 1987 3122 exinanivit,
2018 3068 2190 3124 quam
2219 3058 2285 3108 ut
2320 3049 2431 3107 hoc
2462 3050 2663 3109 Officio
2706 3050 2900 3109 defun·

496 3141 745 3209 geretur.
831 3132 916 3189 At
957 3148 1018 3187 se
1047 3127 1368 3186 exinanivit
1405 3126 1721 3186 secundum
1760 3136 2024 3187 naturam
2062 3127 2336 3203 divinam,
2369 3149 2483 3187 non
2524 3131 2665 3189 reali
2707 3132 2906 3208 gloriae

493 3212 818 3271 essentialis
846 3208 1259 3283 imminutione,
1292 3206 1396 3266 sed
1423 3216 1667 3266 externa
1691 3207 1891 3285 gloriae
1920 3207 2289 3267 accidentalis
2317 3210 2717 3269 occultatione.

1059 3288 1141 3345 X.
1170 3288 1402 3363 Quarto,
1422 3287 1641 3346 Debuit
1661 3307 1786 3345 esse
1802 3286 2090 3346 Mediator
2111 3288 2424 3347 secundum
2440 3289 2597 3346 illam
2619 3299 2898 3363 naturam,

1015 3367 1331 3425 secundum
1359 3386 1531 3442 quam
1559 3366 1747 3443 potuit
1757 3368 1883 3442 jam
1911 3367 2133 3444 operari
2150 3376 2216 3426 ut
2246 3369 2534 3426 Mediator
2560 3388 2594 3425 a
2622 3368 2901 3444 principio

1015 3446 1233 3518 mundi,
1261 3446 1309 3503 si
1332 3445 1565 3520 quidem
1588 3444 1755 3502 Idem
1775 3445 1974 3504 debuit
1991 3466 2116 3505 esse
2137 3447 2278 3521 heri,
2303 3447 2492 3519 hodie,
2516 3456 2575 3505 et
2602 3447 2659 3503 in
2691 3446 2901 3504 secula.

498 3526 583 3584 At
610 3545 725 3582 non
766 3524 955 3601 potuit
996 3524 1218 3599 operari
1263 3524 1578 3581 secundum
1620 3531 1885 3582 naturam
1927 3525 2252 3601 humanam,
2290 3526 2392 3584 sed
2434 3535 2655 3583 tantum
2700 3545 2899 3583 secun-

496 3606 635 3662 dum
677 3603 951 3676 divinam,
984 3602 1296 3659 secundum
1327 3621 1517 3677 quam,
1548 3610 1614 3660 ut
1646 3603 1770 3678 jam
1805 3603 2107 3680 existebat,
2140 3606 2220 3663 ita
2247 3606 2434 3681 potuit
2459 3623 2658 3680 regere
2691 3604 2879 3662 Eccle-

494 3685 635 3742 siam
667 3702 846 3756 suam,
878 3691 936 3738 et
962 3680 1130 3738 donis
1164 3680 1431 3739 omnibus
1472 3681 1546 3739 ad
1576 3682 1821 3740 salutem
1849 3684 2187 3742 necessariis
2213 3683 2580 3760 locupletare.

493 3783 537 3828 5.
567 3782 643 3827 Ex
665 3779 852 3826 effectis
872 3781 977 3826 ΜΘ.
1099 3760 1218 3818 ΧΙ.
1262 3760 1494 3834 QuintO,
1533 3760 1683 3834 Quia
1728 3762 2027 3840 Praecipua
2053 3763 2257 3822 effecta
2285 3762 2657 3821 Mediationis
2688 3762 2900 3821 Christi

621 3841 864 3885 diationis.
1020 3841 1307 3917 pertinent
1356 3860 1517 3916 aeque
1574 3839 1651 3897 ad
1705 3851 1968 3900 naturam
2023 3842 2278 3901 divinam
2327 3864 2393 3901 ac
2448 3843 2522 3901 ad
2570 3844 2896 3901 humanam.

495 3919 701 3994 Qualia
729 3927 864 3977 sunt
895 3919 1224 3995 Redemptio
1254 3930 1307 3978 et
1321 3921 1505 3993 Solu-3,
1536 3921 1811 3979 Remissio
1829 3932 2207 3997 peccatorum,
2243 3924 2383 3980 Vitae
2404 3932 2625 3981 oeternoe
2653 3923 2895 3999 Iaryitio,

495 4020 624 4076 quae
653 3997 791 4057 talia
820 4006 970 4073 sunt,
1001 4008 1068 4058 ut
1111 3999 1222 4057 Dei
1263 3999 1441 4058 solius
1482 4000 1599 4058 sint
1640 4020 1813 4077 opera
1854 4010 1913 4061 et
1937 4001 2235 4061 beneficia.
2321 4003 2442 4060 Nec
2471 4002 2776 4061 dicendum
2806 4021 2898 4060 ac-

491 4079 678 4137 tiones
707 4078 847 4136 istas
876 4098 910 4135 a
940 4079 1167 4137 Christo
1194 4079 1424 4137 homine
1465 4078 1715 4156 pendere
1756 4100 1858 4156 per
1885 4081 2117 4139 modum
2147 4082 2528 4155 instrumenti,
2560 4103 2594 4139 a
2621 4081 2900 4139 Trinitate

494 4179 633 4216 vero
664 4166 727 4216 ut
755 4177 790 4214 a
853 4177 1027 4216 causa
1089 4158 1410 4236 principali.
1497 4158 1646 4232 Quia
1689 4159 1953 4218 Christus
1999 4180 2115 4218 non
2145 4170 2367 4219 tantum
2417 4161 2592 4218 habet
2619 4161 2894 4220 rationem

490 4237 872 4311 instrumenti,
906 4238 988 4295 sic
1030 4239 1183 4296 enim
1223 4238 1370 4295 nihil
1410 4239 1542 4314 plus
1583 4246 1916 4315 operaretur
1955 4239 2249 4313 ministriS,
2293 4240 2504 4316 quibus
2546 4241 2685 4298 talia
2726 4261 2898 4317 opera

489 4316 835 4393 quandoque
863 4317 1208 4391 tribuuntur,
1242 4317 1344 4375 sed
1385 4318 1558 4376 etiam
1601 4338 1789 4376 causae
1830 4319 2180 4395 principalis,
2210 4327 2327 4376 tam
2370 4319 2691 4394 meritoriae,
2724 4340 2896 4397 quam

489 4396 752 4454 efficacis
775 4396 932 4454 Hinc
952 4397 1204 4473 August.
1229 4397 1501 4455 Sermone
1524 4398 1596 4455 de
1617 4396 1856 4473 Ovibus,
1886 4401 1921 4430 ‘⁴
1945 4397 2235 4455 Divinitas
2258 4397 2380 4455 sine
2402 4399 2757 4457 humanitate
2779 4418 2896 4458 non

490 4486 579 4534 est
610 4475 942 4549 Mediatrix,
974 4495 1079 4533 nec
1114 4476 1441 4535 humanitas
1471 4477 1594 4535 sine
1626 4477 1962 4551 Divinitate,
1991 4477 2093 4535 sed
2134 4476 2284 4534 inter
2312 4476 2672 4536 divinitatem
2703 4488 2762 4537 et
2789 4480 2892 4537 hu-

489 4555 820 4613 manitatem
853 4555 1050 4629 solam,
1085 4554 1400 4614 Mediatrix
1428 4566 1515 4615 est
1544 4558 1798 4615 humana
1823 4556 2114 4631 divinitas,
2146 4564 2205 4614 et
2233 4556 2431 4614 divina
2458 4558 2844 4616 humanitas.'’

571 4633 689 4691 IX.
738 4634 935 4708 Sext0,
968 4634 1118 4707 Quia
1148 4636 1474 4695 Incarnatio
1516 4636 1669 4695 facta
1710 4646 1799 4695 est
1839 4635 2155 4695 inconfusis
2196 4637 2657 4714 proprietatibus,
2688 4645 2776 4695 est
2804 4657 2895 4695 ac·

493 3352 537 3396 4.
560 3351 632 3397 Ex
655 3352 953 3452 &afflatione
