3221 5200
308 393 537 443 08881.
570 370 641 453 1.]
1185 390 1263 431 nr.
1294 389 1843 431 saneris-tentem.
2613 373 2725 432 611

311 532 703 592 renovationis
731 531 988 592 internoe.
1073 534 1128 590 3.
1174 529 1423 589 Ratione
1464 530 1694 604 „abjecti
1717 529 2062 606 recipientis.
2150 529 2249 588 Ad
2278 529 2432 588 illam
2464 529 2637 588 homo
2665 549 2727 590 se

308 612 484 670 habet
531 631 606 669 ex
654 618 814 688 parte
866 611 978 669 Dei
1020 609 1375 669 absolventis
1416 608 1723 682 objective,
1772 608 1872 668 Ad
1912 610 2081 667 istam
2111 629 2250 668 vero
2292 629 2364 667 ex
2407 620 2569 686 parte
2615 610 2728 669 Dei

309 690 644 748 renovantis
674 691 1012 766 subjective.
1070 694 1126 747 4.
1160 690 1407 748 Ratione
1430 692 1736 764 yraduum.
1794 689 1837 747 J
1842 687 2149 747 ustificatio
2179 688 2239 745 in
2266 688 2374 746 hac
2404 688 2527 747 vita
2553 690 2725 765 plena

311 768 498 843 datur,
542 770 678 844 quia
705 768 875 844 plane
903 768 1339 827 reconciliamur
1370 769 1511 840 De0,
1545 768 1626 825 ita
1668 777 1732 826 111
1767 767 2070 843 justificati
2117 767 2230 825 fide
2274 787 2474 843 pacem
2514 767 2724 827 habea-

310 868 438 907 mus
468 847 623 925 apud
655 849 859 921 Deum,
891 867 998 906 nec
1042 847 1163 905 ulla
1208 846 1283 906 sit
1308 846 1578 904 fidelibus
1606 846 2026 921 condemnatio,
2075 845 2190 904 Sed
2232 845 2609 904 sanctificatio
2636 846 2721 905 in·

310 928 549 985 011081111-
577 927 809 1004 quidem
838 927 899 985 in
926 927 1035 985 hac
1064 927 1201 1000 vita,
1234 925 1336 984 sed
1364 945 1479 983 non
1508 925 1801 1002 perficitur
1816 926 1929 983 nisi
1952 926 2011 984 in
2035 926 2232 984 altera.
2316 924 2430 982 Illa
2456 924 2522 983 fit
2550 926 2722 985 simul

307 1016 367 1066 et
396 1006 590 1079 semel,
634 1007 781 1064 Haec
829 1026 968 1063 vero
1018 1005 1302 1082 gradatim
1351 1013 1409 1062 et
1457 1005 1802 1062 successive.
1888 1007 1943 1063 5.
1997 1005 2244 1064 Ratione
2288 1003 2521 1062 ordinis,
2609 1005 2722 1064 Illa

307 1086 463 1161 prior
510 1094 600 1143 081
648 1085 847 1143 01111110
890 1085 1094 1143 saltem
1127 1092 1364 1157 naturae,
1406 1083 1543 1160 quia
1584 1103 1700 1142 non
1751 1083 2071 1143 sanctificat
2110 1085 2271 1144 Deus
2311 1083 2425 1141 nisi
2467 1085 2722 1144 reconci-

306 1165 479 1223 liatos
506 1173 564 1222 et
584 1164 932 1240 justificatos
960 1183 1062 1240 per
1088 1162 1260 1220 fidem
1286 1184 1299 1236 ;
1349 1162 1469 1220 Ι818
1498 1182 1636 1219 vero
1665 1162 1940 1237 sequitur.

388 1243 507 1300 XI.
553 1244 831 1316 Quamvis
862 1243 1078 1301 Paulus
1106 1243 1166 1300 in
1196 1249 1398 1300 catena
1426 1240 1630 1299 salutis
1666 1241 2013 1298 mentionem
2042 1261 2158 1300 nou
2188 1241 2360 1301 faciat
2387 1261 2720 1319 expressam

305 1321 807 1395 sanctificationis;
855 1322 986 1379 Non
1014 1321 1272 1398 sequitur
1298 1340 1423 1378 eam
1463 1319 1744 1377 contineri
1772 1320 1879 1377 sub
1909 1340 2050 1379 voce
2070 1321 2521 1396 justificationis,
2553 1322 2718 1399 quasi

303 1419 435 1458 cum
463 1420 531 1457 ea
556 1399 976 1475 identificetur;
1021 1402 1157 1476 quia
1182 1400 1356 1476 longe
1386 1399 1591 1475 aptius,
1625 1398 1719 1457 vel
1747 1399 1855 1457 sub
1879 1400 2199 1459 Vocatione
2228 1401 2556 1476 includitur,
2588 1423 2717 1479 quae

304 1487 394 1538 est
422 1479 892 1538 sanctificationis
921 1480 1163 1553 initium,
1204 1479 1300 1538 vel
1341 1477 1497 1555 quod
1531 1478 1727 1536 verius
1784 1498 2100 1553 censemus,
2143 1479 2251 1538 sub
2279 1480 2714 1556 glorificatione,

303 1578 433 1635 quae
475 1567 564 1618 est
606 1560 733 1633 ejus
777 1559 1193 1618 consummatio
1235 1567 1294 1617 et
1334 1558 1833 1634 complementum,
1875 1567 1940 1617 ut
1983 1559 2358 1617 sanctificatio
2400 1568 2488 1618 est
2516 1560 2716 1634 gloriae

303 1639 682 1714 principium3
731 1638 903 1697 Unde
944 1659 1060 1696 nou
1103 1659 1231 1697 raro
1273 1637 1381 1696 sub
1423 1657 1565 1695 voce
1609 1637 1810 1714 gloriae
1853 1637 2204 1713 designatur,
2239 1638 2406 1695 Rom.
2437 1638 2518 1695 iii.
2548 1641 2643 1715 23,
2677 1645 2713 1700 2

306 1717 435 1774 Cor.
468 1717 546 1772 iii.
583 1719 675 1774 18.

385 1794 539 1851 XII.
585 1795 750 1853 Licet
793 1815 897 1870 per
944 1795 1452 1853 sanctificationem
1493 1794 1643 1867 justi
1691 1793 1896 1851 fiamus
1939 1793 2346 1868 habitualiter3
2390 1815 2505 1853 non
2543 1796 2714 1856 fimus

303 1881 494 1931 tamen
516 1872 665 1948 justi
692 1873 1049 1948 imputative,
1080 1874 1177 1931 vel
1205 1873 1395 1948 potius
1415 1872 1760 1946 justificati;
1792 1891 1897 1930 nec
1927 1872 2073 1929 ratio
2100 1873 2279 1949 etymi
2309 1873 2416 1932 1100
2446 1874 2711 1935 evincere

300 1960 506 2029 potest,
540 1959 604 2009 ut
632 1951 801 2009 antea
827 1951 1036 2008 visum.

379 2031 569 2089 XIII.
618 2030 680 2087 Si
713 2029 1102 2087 Sanctificatio
1130 2049 1235 2087 nos
1263 2036 1474 2105 purgat
1513 2029 1587 2087 ab
1630 2028 1787 2086 omni
1815 2040 2087 2107 peccato;
2132 2031 2241 2090 hoc
2270 2031 2710 2110 intelligendum

301 2117 527 2168 tantum
575 2108 768 2184 quoad
815 2108 1101 2166 maculam
1148 2108 1521 2166 inhaerentem
1570 2109 1632 2166 in
1679 2109 1864 2182 nobis,
1896 2129 2012 2168 non
2060 2130 2200 2168 vero
2248 2111 2439 2187 quoad
2487 2121 2708 2171 reatum

302 2189 691 2246 adhaerentem
720 2207 911 2245 coram
946 2188 1086 2261 De0,
1119 2195 1177 2245 et
1204 2206 1310 2245 nos
1338 2187 1621 2245 obnoxios
1649 2187 1984 2247 reddentem
2011 2188 2138 2264 ejus
2156 2189 2400 2265 judicio,

379 2267 559 2324 XIV.
605 2265 882 2340 Quamvis
935 2265 1323 2324 Sanctificatio
1368 2266 1441 2323 ab
1491 2266 1691 2324 eadem
1738 2286 1912 2326 causa
1957 2268 2206 2344 pendeat
2247 2289 2377 2328 cum
2407 2271 2450 2329 J
2454 2271 2706 2329 ustifica-

300 2345 473 2420 tione,
520 2346 791 2404 nimirum
835 2364 870 2402 a
918 2345 1198 2421 sanguine
1244 2354 1302 2403 et
1350 2353 1532 2403 morte
1576 2345 1809 2420 Christi,
1839 2365 1955 2404 non
1984 2355 2285 2424 propterea
2312 2349 2464 2407 idem
2495 2349 2710 2414 debent

300 2444 460 2499 esse;
506 2424 655 2498 Quia
681 2444 797 2482 non
836 2424 1037 2482 eodem
1080 2423 1251 2482 modo
1296 2423 1453 2484 illam
1500 2423 1783 2500 producit.
1868 2426 2017 2483 Nam
2045 2427 2418 2486 materialiter
2444 2449 2505 2488 se
2532 2430 2710 2491 habet

300 2504 376 2562 ad
397 2504 887 2580 justificationem,
921 2511 1204 2579 quatenus
1245 2511 1334 2561 est
1376 2503 1613 2561 materia
1643 2512 1701 2562 et
1729 2503 2163 2564 fundamentum
2193 2516 2403 2565 nostrae
2422 2509 2707 2585 justifica·

299 2583 491 2658 tionis,
524 2582 681 2661 quod
710 2582 1036 2642 immediate
1084 2582 1245 2641 illam
1289 2590 1420 2660 post
1458 2603 1519 2643 se
1561 2583 1772 2659 trahit;
1817 2584 1918 2645 sed
1947 2594 2212 2662 respectu
2240 2588 2708 2651 sanctificationis

297 2672 521 2722 tantum
550 2663 860 2723 efficienter
908 2672 966 2721 et
1008 2662 1273 2737 mediate,
1319 2671 1603 2739 quatenus
1641 2673 1730 2722 est
1771 2684 1944 2724 causa
1971 2665 2281 2742 impulsiva
2307 2675 2562 2744 externa,
2594 2689 2711 2747 qua

300 2744 461 2801 Deus
489 2752 755 2802 movetur
801 2741 876 2800 ad
922 2742 1091 2800 nobis
1127 2742 1382 2800 dandum
1435 2742 1712 2819 Spiritum
1766 2744 2038 2804 Sanctum
2085 2746 2553 2809 sanctificationis
2585 2750 2707 2813 Au-

298 2824 540 2881 thorem.
630 2823 720 2880 Ita
763 2822 823 2879 in
870 2822 1170 2898 Baptismo
1219 2830 1524 2898 utrumque
1578 2822 1921 2882 beneficium
1969 2826 2137 2883 nobis
2192 2826 2545 2904 obsignatur,
2606 2830 2708 2889 sed

297 2901 744 2977 unumquodque
785 2902 958 2976 juxta
1007 2921 1169 2959 811881
1218 2909 1393 2970 σχίσιν.
1479 2901 1783 2960 Induimus
1831 2903 1912 2962 ibi
1955 2904 2262 2979 Christum,
2309 2907 2440 2965 Gal.
2485 2908 2565 2965 iii.
2609 2912 2706 2985 27,

298 2988 571 3054 tanquam
610 2980 918 3053 justitiam,
970 2987 1029 3038 et
1083 2980 1609 3055 sanctificationem,
1669 2981 1712 3039 J
1716 2982 1971 3040 ustitiam
2027 3003 2156 3059 quae
2211 2993 2432 3042 reatum
2486 2989 2709 3061 peccati

298 3058 467 3131 tollit,
519 3065 578 3116 et
626 3057 943 3115 foeditatem
991 3057 1231 3115 maculae
1280 3059 1444 3134 tegit,
1499 3058 2022 3117 Sanctificationem
2063 3080 2220 3134 vere,
2266 3081 2394 3136 quae
2421 3066 2705 3125 maculam

297 3137 479 3213 ipsam
509 3135 694 3193 indies
722 3135 907 3194 aufert
935 3144 993 3194 et
1021 3135 1222 3193 abluit.
1314 3135 1563 3211 Sanguis
1606 3136 1837 3210 Christi,
1869 3137 2036 3213 cujus
2064 3158 2214 3214 aqua
2240 3149 2330 3198 est
2358 3143 2705 3220 symbolum,

300 3216 589 3292 duplicem
619 3214 737 3271 vim
764 3214 957 3287 habet,
988 3212 1276 3290 purgandi
1305 3222 1524 3272 reatum
1553 3234 1746 3272 coram
1789 3216 1934 3290 Deo,
1965 3224 2249 3292 quatenus
2277 3230 2365 3278 est
2394 3230 2571 3297 ave-20⁸»,
2603 3243 2708 3284 seu

296 3295 543 3371 pretium
571 3292 998 3369 redemptionis,
1050 3301 1109 3350 et
1154 3292 1440 3368 purgandi
1477 3292 1763 3351 maculam
1791 3293 1852 3351 in
1879 3295 2063 3371 nobis,
2095 3305 2378 3373 quatenus
2407 3307 2494 3359 est
2523 3312 2708 3377 aeva-23·

298 3394 398 3431 seu
427 3373 720 3430 lavacrum
751 3371 1219 3430 sanctificationis
1246 3391 1349 3447 per
1377 3370 1671 3448 Spiritum.

298 3490 626 3537 sanctificatio
676 3504 774 3534 non
900 3451 1043 3509 XV.
1089 3451 1368 3524 Quamvis
1411 3471 1548 3508 vero
1589 3451 2002 3528 distinguenda
2043 3474 2393 3534 censeamus,
2453 3468 2511 3519 et
2559 3480 2704 3521 nun-

353 3551 623 3611 sepamnda
650 3554 726 3592 est
748 3562 777 3592 a
804 3550 977 3607 quam
989 3529 1392 3589 confundenda
1402 3530 1516 3589 duo
1529 3530 1641 3589 ista
1652 3531 1957 3593 beneficiat
1983 3534 2076 3594 Ita
2086 3543 2278 3594 tamen
2290 3557 2551 3598 connexa
2574 3551 2709 3603 sunt

352 3608 732 3652 sustitit-,atione
818 3630 893 3669 ex
944 3610 1056 3668 Dei
1084 3609 1300 3678 ordine,
1331 3618 1390 3669 et
1417 3610 1499 3668 rei
1527 3619 1748 3686 natura,
1791 3622 1857 3672 ut
1893 3633 2185 3691 nunquam
2216 3618 2331 3676 sint
2359 3618 2708 3681 divellenda.

299 3691 466 3766 Quod
495 3692 590 3751 vel
619 3712 693 3750 ex
722 3711 791 3750 00
818 3690 1140 3749 luculenter
1179 3697 1421 3765 constat,
1465 3690 1623 3765 quod
1664 3711 1817 3768 saepe
1858 3713 1974 3752 una
2001 3694 2315 3772 eademque
2343 3718 2487 3757 voce
2516 3701 2707 3776 expri-

296 3780 545 3844 muntur,
578 3780 642 3829 ut
670 3791 847 3847 quum
873 3769 1188 3829 mundandi
1212 3778 1270 3828 et
1287 3770 1588 3845 purqandi
1609 3790 1676 3828 80
1706 3774 1935 3830 tollendi
1957 3774 2151 3832 verbis
2168 3774 2560 3851 designantur,
2592 3797 2709 3838 non

296 3848 469 3906 modo
488 3849 547 3906 in
568 3850 815 3907 diversis
826 3850 985 3923 locis,
1001 3848 1288 3907 sedetiam
1307 3850 1366 3906 in
1388 3848 1589 3907 eodem
1609 3858 1902 3924 contextu,
1923 3860 1988 3909 ut
2009 3852 2053 3910 J
2055 3853 2148 3910 oh.
2163 3853 2199 3909 i.
2215 3855 2311 3926 29,
2325 3872 2499 3928 quum
2512 3856 2710 3930 Aqnm

298 3928 415 3986 Dei
459 3927 669 3985 dicitur
716 3931 907 3985 tollere
947 3936 1239 4002 peccatum
1266 3928 1475 4001 mundi,
1520 3927 1598 3985 id.
1643 3936 1765 3986 tum
1807 3929 2116 3987 auferendo
2144 3938 2364 3989 reatum
2393 3941 2451 3990 et
2477 3952 2707 4008 poenam

296 4006 502 4064 merito
532 4006 848 4081 sanguinis,
879 4014 1002 4063 tum
1031 4005 1340 4063 auferendo
1380 4006 1663 4065 maculam
1705 4017 1764 4065 et
1805 4007 2003 4067 sordes
2045 4008 2297 4068 efficacia
2337 4009 2605 4090 Spiritus,
2649 4021 2709 4075 et

298 4087 486 4162 Apoc.
516 4084 554 4143 i.
586 4087 641 4157 5,
664 4084 875 4142 dicitur
902 4084 1166 4142 Christus
1194 4103 1301 4142 nos
1323 4087 1519 4144 lavare
1535 4087 1848 4160 apeccatis,
1865 4095 1987 4144 tum
2005 4087 2705 4171 quoadjustificationem,

297 4173 420 4224 tum
450 4164 643 4241 quoad
670 4163 1195 4239 sanctificationem,
1227 4182 1341 4239 quo
1370 4183 1542 4224 sensu
1571 4173 1740 4223 vestes
1768 4166 2031 4241 fidelium
2058 4166 2329 4226 dicuntur
2354 4169 2413 4229 in
2438 4173 2712 4249 sanquine

303 4246 517 4304 Christi
541 4245 830 4316 dealbatae,
865 4242 1050 4318 Apoc.
1081 4243 1181 4300 vii.
1216 4247 1307 4317 14,
1339 4244 1475 4319 quia
1517 4241 1734 4302 effusus
1763 4245 1823 4301 in
1854 4245 2035 4304 Cruce
2062 4247 2285 4322 peperit
2312 4250 2709 4312 remissionem

299 4333 683 4400 peccatorum,
731 4342 860 4398 quae
905 4321 1183 4381 effusione
1234 4321 1530 4399 sanguinis
1578 4322 1961 4398 peragebatur
2009 4325 2117 4383 sub
2169 4325 2344 4402 Lege,
2396 4336 2520 4387 tum
2574 4332 2713 4407 quia

298 4422 567 4479 aspersus
595 4401 752 4461 cordi
783 4400 1192 4461 conscientiam
1220 4410 1431 4479 purgat
1458 4402 1532 4459 ab
1561 4401 1830 4478 operibus
1857 4404 2099 4463 mortuis
2127 4406 2365 4481 peccati.

297 4520 495 4566 Veritas
537 4522 794 4566 connexio·
902 4480 1082 4539 XVI.
1131 4481 1308 4539 Istius
1356 4490 1546 4539 autem
1591 4481 1967 4544 connexionis
2021 4484 2336 4544 necessitas
2389 4494 2449 4546 et
2495 4488 2713 4550 veritas

358 4582 434 4626 nis
455 4581 601 4624 istius
630 4581 794 4636 prob.:
824 4559 1132 4637 colligitur,
1164 4568 1286 4619 tum
1316 4581 1351 4618 a
1377 4568 1538 4636 parte
1581 4559 1690 4619 Dei
1723 4560 2113 4639 justificantis,
2144 4573 2265 4622 tum
2299 4565 2513 4628 Christi
2560 4570 2709 4629 redi·

358 4638 399 4684 1·
433 4641 477 4686 Α
501 4643 640 4695 parte
661 4637 776 4689 1³⁹¹ss
834 4640 1060 4717 mentis,
1113 4648 1235 4700 tum
1305 4640 1551 4716 Spiritus
1621 4644 2028 4719 regenerantis,
2089 4653 2210 4703 tum
2266 4645 2308 4703 J
2314 4646 2713 4709 ustificationis
