3221 5200
338 366 560 416 Qufflzs'r.
592 344 771 430 xvia]
1255 413 1259 418 ,
1353 368 1433 407 m:
1464 368 1617 408 neor:
1646 367 1767 409 Dm.
2679 353 2753 410 99

333 528 452 586 pax
479 508 713 586 publica
739 507 1012 586 postulat,
1056 528 1185 585 quae
1214 509 1543 568 conservari
1585 528 1881 587 nunquam
1922 509 2150 587 poterit,
2182 509 2233 569 si
2260 508 2321 568 in
2349 529 2480 569 reos
2521 510 2753 588 gladius

335 589 544 665 stringi
573 608 690 647 non
718 598 930 666 posset,
961 597 1028 648 ut
1056 589 1276 648 Civitas
1304 610 1338 647 a
1365 589 1578 648 talibus
1607 590 1902 649 sceleratis
1928 600 2352 668 repurgaretur.

421 669 533 730 IV.
577 670 733 728 Huic
760 671 804 729 J
808 670 897 729 uri
924 669 1156 746 publico
1185 689 1300 728 non
1329 669 1650 746 intercedit,
1684 670 1796 729 Vel
1837 671 1956 729 Dea·
1981 672 2348 748 Praeceptum,
2379 669 2537 748 quod
2562 671 2754 749 priva-

327 755 430 824 ⁸tos
458 750 705 827 respicit,
751 770 868 809 non
907 750 1289 827 Magistratus
1317 759 1375 809 et
1405 750 1706 809 Ministros
1736 749 1848 809 Dei
1875 750 2107 828 publica
2133 751 2481 811 authoritate
2510 751 2753 811 instruc-

337 838 463 905 tos;
529 829 643 889 Vel
675 831 943 890 Charitas
974 830 1318 906 Christiana,
1349 850 1478 907 quae
1525 839 1718 908 potest
1764 830 2007 908 diligere
2050 852 2342 909 personaS,
2396 839 2454 891 et
2494 832 2753 890 animad-

335 920 559 969 vertere
602 911 665 968 in
710 912 961 970 scelera:
1009 911 1124 969 imo
1167 919 1453 988 pugnaret
1481 920 1683 969 contra
1707 911 1899 988 legem
1940 912 2253 989 charitatis,
2298 913 2651 971 facinorosos
2692 913 2754 971 in

331 990 646 1066 perniciem
678 991 843 1068 Reip.
875 1000 933 1050 et
958 991 1231 1068 injuriam
1259 992 1539 1049 bonorum
1567 991 1883 1068 impunitos
1910 992 2262 1069 relinquere;
2296 992 2407 1052 Vel
2436 993 2750 1072 oraculum,

333 1071 449 1129 Isa.
479 1070 562 1130 xi.
594 1073 648 1147 6,
701 1071 773 1129 de
817 1072 939 1148 lupi
966 1090 1128 1130 mora
1168 1091 1299 1129 cum
1341 1091 1533 1148 agno;
1577 1072 1714 1148 quia
1741 1071 1823 1129 ibi
1850 1091 1966 1130 non
1994 1072 2187 1150 agitur
2213 1073 2286 1132 de
2314 1073 2499 1132 officio
2531 1074 2752 1151 Magis-

330 1159 533 1226 tratus,
580 1151 685 1209 sed
711 1151 985 1226 fidelium,
1031 1150 1188 1228 quod
1215 1151 1276 1209 in
1304 1171 1372 1209 eo
1402 1150 1682 1227 consistit,
1704 1161 1768 1211 ut
1796 1152 1898 1228 qui
1925 1161 2095 1211 antea
2122 1154 2386 1213 crudeles
2413 1162 2472 1212 et
2499 1154 2751 1214 immites

331 1240 513 1306 erant,
546 1241 812 1308 suscepto
843 1232 1057 1290 Christi
1097 1231 1262 1309 jug0,
1314 1231 1620 1290 mitescant
1668 1240 1725 1290 et
1768 1231 1919 1290 inter
1961 1252 2023 1291 se
2064 1234 2301 1311 pacifice
2350 1234 2590 1303 vivant3
2635 1235 2750 1294 Vel

333 1311 515 1369 verba
543 1311 775 1386 Christi,
811 1313 955 1371 Mat.
987 1332 1043 1370 v.
1075 1314 1170 1387 39,
1203 1315 1299 1386 40,
1344 1333 1456 1371 non
1496 1312 1861 1371 resistendum
1888 1333 2002 1371 esse
2031 1317 2197 1390 malo,
2230 1313 2358 1390 &c.,
2403 1315 2540 1392 quia
2566 1325 2750 1393 agunt

332 1399 558 1449 tantum
607 1392 679 1451 de
728 1393 987 1450 vindicta
1011 1392 1255 1469 privata,
1286 1412 1402 1450 non
1429 1391 1680 1469 publica,
1711 1413 1840 1471 quaa
1862 1394 2092 1454 nomine
2124 1394 2252 1470 Dei,
2282 1394 2382 1473 qui
2411 1394 2487 1452 ad
2515 1415 2576 1454 se
2618 1396 2748 1454 vin-

333 1470 547 1529 dictam
574 1472 860 1549 pertinere
889 1473 1112 1548 asserit,
1143 1481 1478 1548 exercetur;
1525 1473 1628 1550 qui
1670 1492 1873 1532 sensus
1902 1483 1991 1532 est
2019 1474 2325 1533 verborum
2355 1475 2543 1551 Pauli,
2576 1476 2745 1537 Rom.

334 1552 438 1610 xii.
474 1556 564 1628 17,
614 1554 649 1585 “
679 1552 874 1612 Nolite
915 1553 1155 1612 reddere
1204 1553 1420 1611 malum
1466 1573 1572 1630 pro
1615 1554 1844 1629 malo;'’
1890 1554 2005 1612 Vel
2047 1555 2218 1614 Matt.
2249 1555 2415 1614 xxvi.
2445 1559 2540 1631 52,
2590 1558 2748 1634 “qui

334 1631 594 1707 gladium
623 1634 924 1710 acceperit,
957 1633 1152 1711 gladio
1180 1633 1449 1710 peribit,'’
1494 1633 1633 1710 quia
1676 1633 1837 1692 aliud
1880 1642 1969 1693 est
2015 1635 2275 1711 accipere
2320 1636 2578 1712 gladium
2622 1637 2746 1696 sine

334 1711 582 1788 datione,
614 1722 680 1773 ut
706 1733 907 1772 omnes
934 1714 1023 1772 illi
1051 1713 1284 1789 faciunt,
1336 1713 1436 1790 qui
1477 1734 1552 1771 ex
1582 1714 1844 1773 vindicta
1871 1715 2096 1792 privata
2123 1715 2286 1773 illum
2316 1716 2613 1792 arripiunt,
2645 1719 2746 1794 qui

332 1791 430 1850 hic
458 1792 816 1869 damnantur,
847 1794 1008 1853 aliud
1035 1794 1227 1853 datam
1259 1814 1294 1852 a
1324 1795 1451 1853 Deo
1479 1794 1739 1871 legitime
1769 1814 2055 1870 exercere,
2088 1793 2245 1871 quod
2272 1794 2491 1854 faciunt
2522 1796 2743 1873 Magis·

333 1881 550 1949 tratus;
597 1873 711 1933 Vel
759 1875 974 1933 factum
1022 1874 1235 1933 Christi
1281 1874 1598 1933 adulteram
1650 1894 1766 1932 non
1810 1875 2153 1950 damnantis,
2204 1874 2248 1934 J
2252 1876 2461 1934 ohann.
2491 1876 2613 1935 viii.
2650 1881 2741 1953 11,

329 1953 468 2029 quia
496 1954 758 2014 Christus
785 1975 903 2013 non
930 1955 1142 2032 agebat
1172 1955 1578 2031 Magistratum
1597 1963 1656 2013 et
1684 1955 1726 2014 J
1730 1955 1957 2015 udicem
1985 1956 2042 2013 in
2072 1956 2257 2032 terris,
2282 1956 2387 2015 sed
2416 1956 2748 2016 Ministrum

333 2034 804 2110 circumcisioniS,
839 2036 1007 2095 Rom.
1038 2056 1139 2094 xv.
1170 2039 1241 2111 8;
1287 2036 1402 2093 Vel
1432 2035 1735 2110 Parabola,
1783 2036 1953 2095 Matt.
1984 2036 2105 2094 xiii.
2138 2038 2233 2111 29,
2265 2039 2361 2112 30,
2394 2036 2464 2095 de
2510 2037 2746 2098 zizaniis

329 2133 445 2172 non
494 2115 872 2192 eradicandis,
919 2116 1057 2193 quia
1100 2115 1320 2173 zizania
1363 2115 1769 2192 intelliguntur
1794 2116 2129 2193 hypocritae,
2176 2135 2293 2175 non
2320 2117 2503 2194 aperti
2531 2117 2745 2178 facino-

330 2196 479 2272 rosi3
524 2216 630 2254 nec
674 2196 867 2272 agitur
915 2196 987 2257 de
1036 2196 1222 2255 officio
1273 2196 1656 2272 Magistratus
1705 2205 1763 2254 et
1810 2216 1981 2273 poena
2007 2196 2260 2273 politica,
2312 2197 2416 2256 sed
2443 2197 2516 2257 de
2546 2198 2743 2258 minis·

333 2275 478 2333 terio
522 2275 841 2353 disciplinae
892 2276 1332 2352 Ecclesiasticae,
1385 2276 1446 2332 in
1494 2276 1661 2353 cujus
1710 2277 1987 2336 exercitio
2029 2276 2275 2336 nonvult
2316 2297 2453 2336 suos
2494 2278 2576 2337 ita
2617 2299 2744 2340 esse

333 2354 570 2431 rigidos,
602 2376 672 2415 ne
699 2377 831 2416 cum
858 2357 1178 2435 hypocritis
1207 2357 1364 2433 ipsos
1391 2355 1593 2414 fideles
1623 2355 1933 2415 eradicent.

329 2471 813 2580 ³⁰50011³23³¹¹22⁰⁰A¹3“
854 2436 2745 2595 A.X‡‚.{‚{{³.¹‡²..⁶⁰qffi‘223031‘i033ss222u5133¹¹sstz152⁰111¹²³02¹322252

537 2565 549 2577 .
759 2549 811 2578 af-
1274 2561 1290 2591 ,
1957 2561 1971 2577 .

383 2592 515 2651 bapt.
535 2594 783 2639 asseritur.
851 2598 1021 2659 Unde
1055 2598 1339 2659 Smalzius
1368 2607 1570 2658 contra
1599 2598 1954 2674 Frantzium,
1986 2608 2168 2659 contr.
2201 2602 2235 2658 6
2263 2622 2277 2661 :
2325 2602 2361 2632 “
2391 2599 2560 2676 Quod
2589 2602 2742 2661 bella

326 2698 525 2755 gerere
554 2680 727 2740 liceat
754 2700 1051 2757 negamus,
1082 2688 1141 2739 et
1181 2679 1485 2756 indignum
1530 2679 1858 2740 Christiana
1883 2680 2096 2757 pietate
2125 2700 2252 2739 esse
2281 2678 2741 2742 contendimus.”

330 2759 450 2818 Nos
477 2771 678 2820 contra
704 2760 1097 2838 pertendimus
1125 2760 1167 2819 J
1173 2780 1240 2818 us
1270 2760 1407 2819 belli
1424 2760 1500 2819 ad
1530 2760 1939 2837 Magistratum
1968 2761 2272 2838 pertinere,
2297 2769 2356 2819 et
2371 2762 2446 2821 ab
2474 2783 2544 2821 eo
2570 2783 2741 2840 posse

328 2842 582 2899 exerceri
625 2842 903 2919 legitime,
950 2840 1180 2919 quando
1226 2841 1419 2918 agitur
1462 2841 1533 2900 de
1561 2840 1719 2900 bello
1756 2842 1936 2918 just0,
1990 2850 2048 2900 et
2088 2842 2446 2917 necessario;
2490 2863 2623 2901 nam
2652 2843 2739 2901 in-

319 2920 480 2996 justa
508 2932 566 2980 et
593 2922 912 2996 temeraria,
945 2942 1074 2998 quae
1124 2921 1247 2981 sine
1281 2922 1444 2997 justa
1485 2930 1545 2980 et
1584 2922 1910 2980 necessaria
1938 2941 2113 2980 causa
2140 2941 2215 2979 ex
2243 2922 2555 2981 ambitione
2584 2944 2742 2983 mera

326 3001 422 3058 vel
462 3003 706 3062 avaritia
734 3002 811 3060 ad
836 3001 981 3061 fines
1010 3001 1236 3079 imperii
1264 3001 1627 3078 ampliandos
1655 3001 2063 3079 suscipiuntur,
2088 3010 2363 3077 tanquam
2392 3022 2551 3061 mera
2567 3004 2740 3064 latro-

324 3079 474 3140 cinia
514 3082 882 3143 detestamur.

926 3161 1039 3221 VI.
1086 3161 1364 3221 Rationes
1406 3170 1558 3237 sunt,
1607 3164 1659 3220 1.
1693 3160 1842 3235 Quia
1883 3161 1994 3220 hoc
2038 3160 2202 3219 licuit
2228 3160 2291 3217 in
2318 3161 2396 3220 V.
2426 3162 2535 3237 T.;
2581 3163 2741 3240 Ergo

415 3219 456 3267 ¹·
477 3220 555 3265 Ex
578 3220 717 3269 V.'1·.
845 3243 1067 3302 licitum
1111 3242 1284 3301 debet
1325 3262 1452 3300 esse
1494 3242 1555 3299 in
1584 3242 1772 3317 Novo,
1805 3261 1937 3300 cum
1967 3240 2167 3299 eadem
2197 3240 2496 3319 utriusque
2526 3242 2602 3301 sit
2629 3243 2739 3304 hac

323 3319 385 3377 in
411 3330 573 3399 parte
602 3322 766 3382 ratio.
851 3323 975 3383 Nec
1020 3323 1178 3383 valet
1226 3322 1422 3381 Socini
1466 3322 1751 3400 exceptiO,
1783 3321 1893 3380 hoc
1941 3321 2164 3380 licitum
2195 3319 2371 3380 fuisse
2401 3321 2556 3398 olim,
2602 3324 2740 3401 quia

326 3401 485 3461 Deus
515 3403 713 3462 multis
740 3404 930 3463 modis
976 3403 1373 3462 declaraverat
1415 3422 1478 3461 se
1522 3410 1662 3461 tunc
1710 3402 1984 3480 temporis
2013 3401 2074 3460 id
2113 3422 2231 3460 non
2259 3402 2611 3479 improbare:
2654 3406 2741 3466 At

324 3482 432 3540 sub
461 3484 534 3542 N.
565 3484 722 3543 Test.
752 3485 914 3543 nulla
957 3485 1196 3560 ratione,
1244 3484 1340 3542 vel
1389 3503 1492 3561 per
1521 3483 1832 3558 Christum,
1864 3483 1959 3542 vel
2008 3503 2112 3561 pcr
2139 3483 2267 3560 ejus
2296 3483 2632 3561 Apostolos,
2678 3505 2741 3545 se

322 3561 574 3623 hostium
602 3564 1002 3623 invadentium
1042 3564 1532 3642 propulsationem
1575 3584 1708 3623 cum
1735 3584 1932 3623 eorum
1961 3583 2101 3623 nece
2130 3564 2501 3641 conjunctam
2530 3586 2737 3645 appro-

322 3641 477 3703 bare.
563 3645 712 3719 Quia
752 3665 821 3704 eo
866 3646 992 3722 ipso
1041 3666 1157 3722 quo
1207 3644 1471 3703 Christus
1515 3645 1895 3722 Magistratus
1924 3645 2374 3704 dominationem
2402 3665 2519 3704 non
2548 3657 2740 3707 sustu·

320 3721 406 3798 lit,
439 3725 540 3783 sed
590 3725 969 3800 confirmavit,
1017 3745 1087 3784 eo
1132 3725 1258 3803 ipso
1302 3724 1475 3783 etiarn
1517 3724 1619 3803 jus
1669 3725 1806 3783 belli
1835 3725 2073 3802 gerendi
2101 3724 2462 3802 approbavit,
2493 3745 2622 3784 cum
2665 3727 2742 3787 ad

323 3803 733 3882 Magistratum
774 3807 1074 3884 pertineat,
1123 3805 1387 3864 subditos
1435 3805 1716 3864 adversus
1744 3806 2012 3882 injustam
2046 3804 2382 3863 violentiam
2410 3804 2736 3883 defendere,

322 3885 479 3959 quod
520 3886 831 3964 aliquando
877 3887 1000 3945 sine
1045 3886 1200 3944 bello
1249 3884 1374 3944 fieri
1422 3905 1538 3944 non
1587 3905 1759 3962 posse
1801 3894 2020 3944 certum
2049 3893 2156 3944 est.
2240 3883 2414 3942 Adde
2442 3885 2599 3961 quod
2627 3886 2740 3946 ista

322 3984 439 4023 non
487 3975 623 4026 sunt
665 3967 815 4044 legis
861 3966 1130 4044 politicae,
1182 3965 1287 4025 sed
1330 3966 1568 4025 moralis
1618 3974 1678 4024 et
1720 3964 2018 4040 naturalis,
2049 3985 2179 4042 quae
2208 3984 2243 4023 a
2272 3964 2502 4023 Christo
2532 3966 2737 4024 confir-

317 4055 472 4105 mata
498 4055 606 4106 est.

921 4126 1071 4186 VII.
1119 4126 1420 4202 Secundo;
1467 4125 1633 4185 Idem
1676 4126 1793 4186 Jus
1832 4124 1895 4184 in
1929 4125 2100 4183 Novo
2129 4125 2382 4185 Testam.
2412 4144 2529 4183 non
2558 4127 2737 4185 scmel

407 4185 450 4231 ²·
473 4185 550 4231 Ex
576 4186 638 4232 N·
663 4186 719 4231 T.
881 4208 1260 4285 approbatum
1290 4215 1397 4266 est.
1483 4206 1680 4265 Primo
1708 4226 1744 4264 a
1770 4205 1814 4265 J
1817 4205 1911 4265 oh.
1944 4205 2226 4283 Baptista,
2272 4205 2373 4282 qui
2415 4205 2570 4264 viam
2616 4207 2736 4266 Do-

317 4284 458 4342 mini
502 4306 834 4364 praeparans
878 4289 1184 4347 militarem
1231 4287 1597 4364 disciplinam
1641 4285 1873 4363 legibus
1924 4285 2126 4360 sancit,
2175 4286 2318 4344 Luc.
2349 4285 2429 4343 iii.
2464 4289 2555 4360 14,
2597 4285 2737 4348 dum

318 4365 581 4425 hortatur
607 4367 822 4427 milites
848 4367 1040 4445 ipsum
1060 4368 1502 4445 interrogantes,
1527 4366 1670 4444 quid
1692 4365 1878 4424 facere
1906 4365 2186 4424 deberent
2212 4365 2288 4423 ad
2314 4365 2457 4423 iram
2486 4364 2737 4427 futuram

316 4444 652 4523 fugiendam
694 4456 754 4507 et
794 4448 978 4506 vitam
1019 4458 1291 4507 aeternam
1321 4446 1827 4524 consequendam;
1870 4466 1987 4505 non
2020 4445 2193 4523 jubet
2218 4455 2284 4505 ut
2311 4445 2616 4505 militarem
2646 4470 2735 4507 ar·

316 4535 435 4584 tem
463 4526 772 4606 deponant,
818 4529 976 4606 quod
1016 4528 1249 4588 omnino
1291 4528 1620 4587 faciendum
1669 4526 1890 4601 fuisset,
1936 4526 1985 4584 si
2027 4533 2181 4585 esset
2206 4545 2311 4603 per
2338 4546 2400 4585 se
2428 4527 2639 4587 vitiosa
2680 4538 2740 4590 et

313 4606 536 4682 illicita,
568 4609 673 4668 sed
702 4618 766 4667 ut
793 4609 854 4667 in
882 4629 951 4668 ea
977 4617 1276 4669 manentes
1295 4608 1553 4667 contenti
1582 4606 1699 4665 sint
1720 4605 2022 4683 stipendiis
2050 4606 2188 4682 suis,
2220 4614 2278 4665 et
2298 4606 2584 4667 neminem
2602 4629 2737 4669 con-

315 4687 553 4748 cutiant.
642 4688 762 4749 Ubi
809 4709 928 4749 non
963 4690 1136 4767 juvat
1178 4689 1370 4749 dicere
1408 4690 1452 4750 J
1455 4689 1741 4748 ohannem
1785 4686 1945 4766 loqui
1994 4695 2218 4747 tantum
2262 4687 2335 4748 de
2384 4688 2556 4748 modo
2583 4699 2738 4751 recte
