3221 5200
501 349 580 407 9ss
1401 363 1586 405 Locus
1617 362 1975 404 unnncmus.
2497 342 2747 424 [QuAEs'r.
2778 362 2904 402 xvi.

511 506 822 563 liberorum
860 507 1108 576 aetatem,
1152 509 1398 578 captum,
1442 508 1502 560 et
1536 500 1822 577 judicium
1864 500 2115 560 excedit.
2200 502 2501 576 Quomodo
2542 511 2776 580 possent
2803 501 2918 562 dici

512 585 572 641 in
601 582 869 641 omnibus
896 580 1014 639 illis
1043 581 1298 658 obsequi,
1330 581 1430 657 qui
1457 581 1517 637 in
1545 600 1683 639 casu
1709 580 2234 639 momentosissimo
2271 581 2389 641 illis
2430 583 2828 661 immorigeros
2856 601 2917 642 se

547 663 809 720 raebent?

505 683 545 740 p
596 741 814 798 XVII.
858 743 914 798 2.
956 740 1050 797 Ex
1077 737 1247 798 dictis
1275 738 1624 831 specialibus
1649 739 1763 797 huc
1791 738 2225 831 pertinentibus,
2257 738 2317 795 in
2345 739 2558 815 quibus
2585 740 2921 817 parentibus

513 817 1286 975 {2‘3321'3‘00313333153
1288 817 2310 973 ⁰ffiz.¹¹2„?2“ff;ms?;ss.3¹2ffi⁸;n
2329 818 2693 956 ῗῖἙὲηῗέἒ
2695 823 2917 973 ¹126&

517 979 783 1038 “Filiam
824 986 982 1036 tuam
1023 996 1140 1033 non
1182 975 1348 1035 dabis
1389 976 1511 1035 fflio
1551 978 1695 1054 ejus,
1739 997 1847 1035 nec
1885 977 2062 1034 filiam
2104 976 2260 1034 illius
2300 975 2546 1052 accipies
2574 975 2695 1033 filio
2737 984 2838 1034 tuo
2858 976 2915 1052 ;''

516 1060 675 1119 Jere.
706 1057 872 1114 xxix.
904 1060 958 1130 6,
1020 1059 1056 1089 “
1081 1056 1231 1113 Date
1273 1055 1410 1114 filiis
1438 1057 1649 1115 vestris
1689 1075 1918 1129 uxores,
1963 1064 2023 1115 et
2060 1055 2213 1113 filias
2251 1064 2476 1113 vestras
2517 1055 2650 1113 date
2692 1054 2833 1112 viris
2856 1055 2913 1129 ;''

519 1141 547 1195 1
584 1137 712 1195 Cor.
744 1136 845 1193 vii.
880 1137 976 1209 38,
1025 1136 1061 1167 ‘⁴
1085 1134 1198 1209 Qui
1238 1136 1603 1194 matrimonio
1656 1137 1856 1213 jungit
1900 1135 2187 1212 virginem
2229 1153 2389 1193 suam
2430 1135 2576 1192 bene
2618 1133 2770 1207 facit,
2815 1132 2917 1210 qui

509 1235 628 1273 non
660 1215 860 1291 jungit
887 1214 1094 1272 melius
1122 1214 1317 1272 facit.’'
1404 1215 1705 1289 Quomodo
1732 1234 1872 1273 vero
1901 1214 2013 1272 ista
2040 1213 2154 1272 dici
2182 1222 2432 1290 possent,
2463 1214 2576 1271 nisi
2606 1213 2916 1272 Parentum

509 1294 785 1372 potestati
812 1294 1234 1371 subjicerentur
1258 1294 1444 1368 liberi,
1475 1294 1728 1352 maxime
1756 1295 1815 1351 in
1843 1293 2193 1352 matrimonii
2220 1293 2605 1351 contractione
2622 1296 2651 1351 Ρ

1117 1372 1368 1431 XVIII.
1413 1376 1469 1444 3,
1515 1375 1811 1450 Expressa
1852 1373 1980 1430 Lex
2021 1379 2110 1430 est
2152 1371 2342 1429 Exod.
2385 1372 2529 1429 xxii.
2578 1374 2668 1445 16,
2706 1373 2797 1443 17,
2842 1369 2916 1430 de

1034 1451 1155 1509 filia
1183 1460 1554 1527 constuprata
1580 1461 1640 1510 et
1669 1452 1921 1527 seducta,
1954 1469 2084 1527 quae
2106 1470 2223 1508 non
2245 1450 2574 1526 collocatur,
2607 1450 2718 1508 nisi
2743 1449 2917 1508 Pater

1033 1531 1360 1604 assenserit,
1396 1532 1432 1563 ‘⁴
1450 1530 1499 1588 si
1529 1531 1825 1589 seduxerit
1852 1531 1984 1607 quis
2011 1530 2296 1606 virginem
2331 1529 2578 1588 necdum
2606 1529 2916 1605 desponsa·

509 1618 648 1686 tam,
678 1609 1090 1685 dormieritque
1130 1629 1261 1667 cum
1290 1629 1374 1685 ea,
1405 1608 1632 1668 dotabit
1678 1629 1822 1684 eam,
1854 1618 1914 1668 et
1952 1608 2190 1667 habebit
2233 1627 2359 1666 eam
2399 1628 2642 1667 uxorem
2660 1609 2716 1684 ;''
2759 1607 2917 1684 quod

512 1690 808 1767 repetitur,
842 1690 1016 1747 Deut.
1059 1688 1203 1746 111111.
1234 1690 1331 1747 29.
1416 1689 1504 1746 Ν6
1548 1696 1744 1747 tamen
1789 1690 1899 1747 hoc
1940 1688 2202 1747 absolute
2245 1687 2621 1763 intelligatur,
2654 1687 2758 1745 sed
2785 1707 2916 1745 cum

510 1769 839 1828 conditione
867 1786 1183 1827 consensus
1223 1767 1420 1844 patris,
1464 1767 1697 1827 additur
1724 1767 1918 1827 statim
1941 1791 1956 1828 ι
2001 1769 2039 1800 “
2065 1767 2129 1826 Si
2172 1766 2345 1824 Pater
2371 1766 2618 1843 virginis
2645 1765 2781 1824 dare
2810 1786 2912 1825 no-

510 1849 699 1923 luerit,
730 1847 892 1906 dabit
919 1847 1220 1925 pecuniam
1249 1847 1424 1924 juxta
1450 1846 1685 1905 modum
1712 1846 1924 1906 dotis.'’
2009 1846 2131 1904 Nec
2158 1846 2316 1903 valet
2343 1846 2608 1922 exceptio
2638 1845 2912 1904 Bellarm.

510 1928 613 1989 lib.
644 1928 716 1986 de
742 1927 991 1986 matrim.
1021 1947 1145 2004 cap.
1176 1929 1271 2002 20,
1302 1926 1401 2003 agi
1427 1945 1541 1984 non
1570 1926 1644 1984 de
1671 1924 2036 1984 matrimonio
2070 1927 2193 2002 jam
2223 1932 2533 1999 contracte,
2566 1924 2671 1982 sed
2711 1924 2783 1982 de
2824 1925 2914 1982 fu-

513 2016 660 2083 turo,
693 2026 866 2066 causa
894 2006 1076 2083 stupri
1116 2005 1527 2083 praecedentis:
1570 2004 1719 2078 Quia
1760 2012 1953 2063 manet
1990 2023 2214 2080 semper
2241 2003 2332 2060 vis
2359 2004 2718 2081 argumenti3
2764 2003 2814 2060 si
2856 2003 2918 2060 in

513 2095 799 2165 potestate
842 2086 1035 2144 Patris
1082 2085 1444 2161 relinquitur,
1490 2104 1564 2142 an
1605 2085 1750 2143 velit
1794 2084 1972 2141 filiam
2022 2090 2451 2159 constupratam
2501 2082 2812 2159 stupratori
2858 2082 2921 2140 id

512 2166 732 2242 petenti
761 2167 1000 2241 elocare,
1033 2166 1231 2242 utique
1263 2166 1321 2222 in
1343 2165 1476 2222 filias
1498 2164 1713 2242 nuptiis
1734 2182 2048 2222 consensus
2075 2162 2329 2239 parentis
2352 2162 2696 2239 supponitur
2720 2181 2919 2221 neees-

513 2246 701 2303 sarius
720 2267 734 2318 ;
779 2245 894 2303 imo
924 2254 981 2304 et
1009 2245 1214 2303 fortius
1236 2245 1468 2321 stringit
1487 2266 1501 2319 ;
1532 2264 1666 2302 nam
1689 2243 1739 2302 si
1756 2243 1867 2302 hoc
1887 2242 2044 2302 valet
2069 2249 2337 2318 respectu
2356 2240 2494 2300 filiae
2517 2249 2918 2318 constupratae,

510 2324 678 2398 cujus
706 2323 959 2382 dedecus
987 2325 1261 2400 conjugio
1291 2324 1521 2382 videtur
1547 2322 1877 2400 tegendum,
1907 2329 2121 2398 quanto
2148 2320 2338 2397 magis
2376 2330 2640 2398 respectu
2681 2321 2918 2396 integrae

510 2411 569 2460 et
597 2402 879 2461 illibatae?
921 2402 1087 2460 Idem
1115 2404 1392 2479 probatur
1419 2423 1453 2460 a
1479 2404 1622 2478 pari,
1653 2411 1720 2461 ut
1746 2410 1915 2461 antea
1934 2400 2123 2458 visum
2152 2420 2229 2458 ex
2251 2398 2426 2459 Num.
2457 2421 2602 2458 xxx.
2625 2403 2663 2458 4
2689 2422 2703 2458 ε
2748 2399 2918 2457 Pater

510 2489 703 2558 potest
743 2481 965 2539 irritare
992 2489 1196 2539 votum
1236 2481 1406 2539 filiae:
1452 2483 1612 2556 Ergo
1654 2488 1715 2540 et
1758 2479 2216 2554 matrimonium;
2263 2479 2313 2536 si
2352 2488 2571 2555 votum,
2616 2498 2744 2555 quae
2786 2497 2915 2553 pro-

510 2559 710 2618 missio
752 2566 840 2617 est
881 2558 1035 2616 facta
1079 2559 1205 2616 Deo
1247 2559 1446 2618 subest
1486 2569 1740 2635 paternae
1769 2558 2073 2635 voluntati,
2124 2566 2340 2637 quanto
2383 2559 2570 2637 magis
2615 2556 2916 2636 promissio

509 2638 839 2696 hominibus
865 2636 1062 2695 facta?

817 2777 828 2789 .
1116 2713 1304 2771 XIX.
1357 2716 1415 2771 4.
1460 2713 1556 2771 Ex
1603 2715 1772 2792 praxi
1821 2716 2094 2775 continua
2142 2726 2202 2778 et
2248 2716 2529 2793 exemplis
2576 2714 2808 2774 Veteris
2856 2724 2916 2774 et

508 2780 552 2823 4·
581 2777 658 2823 Ex
721 2792 832 2880 ¹⁶,}ss
852 2776 912 2821 v·
942 2780 994 2822 ⁰¹²
1035 2791 1191 2849 Novi
1218 2792 1591 2850 Testamenti.
1680 2793 1977 2853 Abraham
1999 2816 2104 2871 pro
2126 2798 2247 2855 filio
2276 2816 2379 2855 suo
2400 2796 2544 2873 petit
2573 2795 2914 2871 Rebeccam,

1036 2871 1249 2929 Genes.
1289 2870 1482 2946 xxiv.;
1531 2872 1736 2949 Hagar
1775 2893 1879 2950 pro
1910 2875 2175 2952 Ismaiile,
2210 2877 2358 2935 Gen.
2397 2875 2549 2950 xxi.;
2593 2873 2853 2934 Jacobus
2881 2895 2918 2933 a

511 2951 748 3010 Labane
788 2969 1000 3009 uxores
1041 2950 1204 3028 petit,
1245 2970 1370 3027 cap.
1400 2951 1598 3028 xxix.;
1643 2953 1778 3010 vide
1822 2953 2035 3011 similia
2074 2955 2343 3031 exempla
2381 2956 2442 3012 in
2484 2954 2696 3012 Calebo
2737 2953 2915 3012 filiam

514 3052 677 3091 suam
725 3030 1050 3110 pollicente,
1083 3032 1125 3091 J
1130 3029 1226 3089 ud.
1256 3031 1295 3090 i.
1330 3035 1443 3106 123
1489 3032 1562 3089 In
1609 3033 1965 3107 Samsonea
2005 3034 2343 3111 parentibus
2383 3053 2625 3092 uxorem
2668 3041 2915 3110 petente,

512 3113 556 3173 J
559 3112 657 3172 ud.
687 3113 810 3172 xiV.
841 3115 916 3187 83
963 3113 1036 3170 In
1077 3111 1358 3170 Israelitis
1399 3111 1473 3172 ad
1512 3112 1934 3190 Benjaminitas
1976 3132 2037 3171 se
2078 3112 2154 3170 ad
2193 3112 2258 3170 id
2298 3113 2809 3190 obstr-ingentibus,
2860 3119 2926 3171 ut

513 3213 621 3252 nec
648 3193 799 3252 filios
828 3193 1049 3269 darent,
1094 3202 1201 3251 ne‘c
1238 3192 1388 3251 filias
1429 3192 1504 3251 ab
1542 3192 1660 3251 illis
1702 3192 2043 3270 acciperent,
2089 3211 2213 3269 cap.
2243 3192 2409 3268 xxi.;
2457 3193 2530 3249 In
2558 3193 2809 3250 Thamar
2833 3211 2920 3249 re·

516 3274 838 3350 spondente
869 3272 1145 3331 Ammoni
1185 3292 1259 3331 ex
1300 3273 1432 3349 lege
1474 3280 1533 3331 et
1574 3271 2006 3346 consuetudine,
2050 3270 2488 3348 dispositionem
2531 3271 2791 3348 conjugii
2830 3269 2922 3328 sui

514 3352 860 3410 remittendo
889 3351 964 3409 ad
995 3352 1243 3424 Patrem,
1275 3353 1410 3410 Pete
1436 3372 1522 3409 me
1549 3372 1588 3410 a
1616 3374 1761 3429 rege,
1794 3355 1829 3410 2
1864 3352 2018 3410 Sam.
2047 3351 2171 3409 11111.
2205 3353 2299 3408 13.

1120 3429 1274 3486 XX.
1319 3432 1376 3487 5.
1420 3429 1533 3503 Qui
1559 3451 1675 3489 non
1705 3440 1838 3490 sunt
1867 3431 1956 3489 sui
1991 3429 2157 3507 juris,
2188 3449 2305 3487 non
2340 3435 2584 3504 possunt
2610 3426 2683 3484 de
2711 3445 2773 3486 se
2801 3434 2919 3485 sta-

1035 3514 1198 3564 tuere
1219 3529 1232 3580 ;
1263 3506 1370 3565 filii
1389 3508 1489 3583 qui
1518 3519 1653 3568 sunt
1675 3511 1782 3569 sub
1808 3518 2092 3587 potestate
2119 3508 2321 3586 patria,
2341 3526 2457 3564 non
2479 3514 2616 3564 sunt
2635 3505 2725 3564 sui
2745 3507 2916 3582 juris,

1042 3588 1095 3643 1.
1126 3585 1274 3659 Quia
1301 3595 1592 3661 ponuntur
1631 3589 1781 3648 inter
1822 3591 1973 3648 bona
2013 3596 2331 3667 parentum,
2362 3587 2404 3646 J
2410 3585 2501 3644 ob.
2531 3586 2570 3643 i.
2600 3589 2656 3659 2,
2692 3587 2784 3660 10,
2820 3589 2913 3661 12,

514 3670 714 3738 utpote
743 3662 842 3739 qui
882 3671 1016 3721 sunt
1053 3684 1087 3721 a
1123 3665 1474 3742 parentibus,
1506 3675 1564 3725 et
1606 3669 1826 3745 seipsos
1868 3669 1939 3727 iis
1978 3668 2207 3728 debent.
2271 3669 2327 3724 2.
2360 3665 2551 3723 Licuit
2577 3665 2916 3741 parentibus

514 3742 728 3801 liberos
757 3742 1006 3801 vendere
1044 3743 1106 3800 in
1147 3753 1404 3820 egestate
1432 3745 1508 3803 ad
1548 3749 1933 3823 serviendum,
1967 3748 2157 3807 Exod.
2187 3747 2311 3804 xxi.
2342 3750 2397 3804 7.
2454 3748 2510 3805 3.
2531 3744 2751 3803 Votum
2779 3744 2915 3803 filiae

514 3823 771 3881 irritatur
797 3843 833 3880 a
858 3832 1111 3899 parente,
1143 3824 1378 3883 Numer.
1409 3845 1554 3884 xxx.
1584 3828 1722 3904 quia
1748 3836 1837 3886 est
1864 3828 1973 3886 sub
2001 3829 2128 3905 ejus
2155 3833 2457 3906 potestate.
2542 3825 2691 3882 Nam
2722 3824 2771 3882 si
2799 3845 2915 3883 non

512 3903 652 3962 licet
679 3902 751 3961 de
771 3903 940 3962 bonis
961 3904 1214 3979 paternis
1235 3905 1453 3981 absque
1475 3916 1774 3983 parentum
1799 3926 2084 3965 consensu
2103 3907 2427 3980 decernere,
2459 3903 2510 3962 si
2531 3904 2916 3962 distrahendas

513 3983 789 4060 pecuniis,
821 3990 880 4041 ct
907 3983 1278 4042 venundandi
1306 3984 1469 4043 fundi
1507 3987 1669 4044 nulla
1708 3987 1828 4044 filio
1868 3994 2126 4062 potestas
2154 3986 2357 4062 datur3
2402 3983 2691 4061 quomodo
2718 3984 2919 4042 liceret

513 4063 599 4121 illi
643 4062 716 4121 de
758 4062 948 4138 seipso
989 4062 1340 4141 disponere?
1386 4065 1542 4141 quod
1583 4066 1645 4122 in
1685 4065 1854 4124 bonis
1897 4065 2062 4123 fundi
2109 4066 2408 4138 nefarium,
2452 4064 2514 4121 id
2551 4065 2611 4121 in
2658 4063 2919 4139 personis

515 4143 690 4219 longe
739 4142 1142 4219 damnabilius,
1193 4152 1259 4201 ut
1301 4144 1570 4203 nimirum
1640 4145 1725 4203 rei
1792 4144 1993 4202 alienae
2038 4144 2140 4202 fiat
2187 4142 2553 4202 abalienatio.
2639 4142 2918 4200 Punimus

517 4222 687 4297 fures,
719 4221 819 4298 qui
846 4222 1147 4299 pecuniam
1177 4231 1235 4282 et
1263 4225 1679 4301 supellectilem
1721 4224 1973 4301 eripiunt
2012 4223 2212 4282 invitis
2235 4222 2521 4300 Dominis,
2553 4222 2657 4281 sed
2684 4221 2921 4299 gravius

515 4301 730 4361 furtum
758 4308 848 4359 est
874 4301 935 4359 in
961 4322 1022 4361 re
1049 4303 1222 4379 longe
1252 4303 1526 4362 chariore.

557 4422 588 4466 6
622 4424 703 4468 Ab
724 4426 943 4470 absurdis
1122 4382 1310 4440 XXI.
1371 4386 1426 4441 6.
1459 4382 1750 4441 Absurdis
1793 4381 2153 4459 gravissimis
2201 4388 2442 4458 urgetur
2485 4378 2769 4437 sententia
2797 4377 2925 4435 Ad-

589 4455 600 4466 ’
946 4460 958 4473 ’
1039 4460 1459 4538 versariorum3
1522 4463 1655 4520 Non
1697 4462 1871 4520 modo
1911 4461 2050 4538 quia
2078 4460 2205 4519 Lex
2233 4461 2434 4518 divina
2475 4460 2547 4517 de
2575 4456 2927 4516 honorandis

521 4533 865 4593 Parentibus
891 4537 1157 4615 violatur,
1191 4541 1533 4601 Authoritas
1563 4543 1800 4600 Patrum
1840 4540 2234 4614 labefactatur,
2264 4541 2540 4597 honestas
2575 4537 2809 4615 publica
2849 4556 2925 4595 ex

517 4621 736 4670 naturae
765 4613 895 4689 lege
921 4636 1266 4693 promanans
1292 4622 1695 4698 proculcatur3
1743 4620 1861 4682 Sed
1887 4621 2062 4681 etiam
2091 4620 2253 4680 Patri
2277 4619 2463 4677 invito
2504 4618 2691 4676 haercs
2718 4616 2924 4675 adnas-

567 1439 613 1484 3.
642 1436 799 1483 Exod.
820 1437 941 1483 xxii.

613 1535 619 1542 .
670 1494 741 1550 16,
763 1494 835 1542 17.

513 3492 557 3535 6.
600 3492 729 3541 Quia
769 3493 860 3535 filii
898 3506 996 3535 non

575 3553 689 3593 sunt
710 3549 784 3593 sui
798 3549 943 3604 juris.
