3221 5200
499 363 615 417 274
1334 378 1516 419 Locus
1549 379 1804 419 nncums
1829 377 2097 417 TERTIUS.
2547 358 2793 439 [Qirms‘r.
2824 380 2908 419 w.

492 525 756 576 concrete
785 538 889 595 pro
911 525 1033 578 toto
1053 519 1339 595 personali
1366 519 1596 594 Christi,
1630 519 1785 597 quod
1809 527 2035 580 constat
2056 539 2131 578 ex
2160 538 2405 597 persona
2433 519 2600 591 Λόγου
2628 529 2687 579 et
2707 529 2912 579 natura

491 598 760 671 humana,
793 619 908 676 quo
952 619 1125 657 sensu
1155 608 1394 658 vocatur
1422 602 1617 657 Mater
1648 601 1895 673 Domini,
1924 597 2064 658 Luc.
2098 600 2134 658 i.
2182 602 2278 671 43,
2311 599 2413 657 sed
2443 621 2557 659 non
2587 601 2821 677 praecisc
2851 609 2910 659 et

492 678 782 737 abstracte
811 680 1031 738 ratione
1064 680 1330 738 Deitatis,
1417 681 1510 738 Ita
1532 689 1715 738 mater
1744 681 1856 738 Dei
1885 680 2096 738 dicitur
2120 681 2499 759 speczficative,
2525 680 2602 740 id.
2634 681 2776 757 ejuS,
2809 681 2909 757 qui

494 758 661 816 Deus
690 767 795 835 est,
829 759 932 818 sed
961 779 1075 817 non
1097 761 1513 836 reduplicative,
1545 780 1662 836 qua
1685 761 1845 818 Deus
1874 769 1981 818 est.

573 838 763 896 XIX.
809 840 1097 916 Quicquid
1125 849 1324 899 natum
1347 849 1436 898 est
1464 861 1539 898 ex
1557 861 1726 898 carne
1756 860 1889 898 caro
1919 850 2023 915 est,
2056 841 2097 898 J
2103 840 2195 897 oh.
2227 838 2306 897 iii.
2338 842 2393 898 6.
2425 839 2562 898 nim.
2594 839 2909 898 secundum

488 927 709 977 naturae
738 920 1014 994 ordinem,
1074 929 1132 978 et
1179 920 1350 978 modo
1379 921 1645 995 naturali,
1679 940 1780 979 seu
1810 921 2178 998 generatione
2208 917 2496 978 ordinaria
2537 927 2596 978 et
2623 921 2907 994 univoca3

488 1016 604 1054 non
647 1018 787 1055 vero
830 1008 995 1057 extra
1036 1000 1313 1074 ordinem,
1347 1010 1405 1059 et
1434 1001 1605 1059 modo
1655 1000 2092 1077 supernaturali,
2138 999 2293 1076 quod
2336 1000 2431 1057 hic
2474 999 2707 1058 factum.
2754 1000 2911 1057 Hinc

487 1077 624 1134 licet
654 1076 917 1134 Christus
945 1098 1020 1135 ex
1052 1078 1281 1136 Adamo
1311 1090 1609 1155 peccatore
1640 1089 1827 1139 ortum
1858 1080 2106 1154 duxerit,
2137 1099 2253 1137 non
2287 1087 2480 1137 tamen
2509 1088 2807 1156 peccatum
2837 1080 2910 1137 ab

489 1175 558 1212 eo
587 1155 766 1213 traxit
794 1157 889 1214 vel
931 1157 1274 1233 imputatum
1318 1160 1411 1216 vel
1455 1159 1779 1232 inhaerens;
1824 1160 1962 1236 quia
2002 1180 2119 1217 non
2146 1159 2444 1217 descendit
2475 1159 2547 1217 ab
2577 1159 2702 1236 ipso
2745 1180 2817 1217 ex
2847 1160 2908 1216 vi

489 1234 888 1310 promissionis
919 1238 1224 1311 generalis,
1261 1239 1503 1296 Crescite
1532 1249 1584 1296 et
1610 1239 2062 1313 multiplicamini
2074 1263 2099 1310 ,·
2142 1238 2244 1295 sed
2266 1240 2479 1297 virtute
2508 1239 2910 1315 promissionis

489 1313 755 1389 specialis
784 1313 855 1371 de
884 1315 1112 1373 Semine
1141 1317 1431 1390 mulieris;
1480 1319 1556 1374 Et
1577 1319 1713 1375 licet
1743 1317 1994 1376 fueritin
2019 1316 2247 1375 Adamo
2266 1317 2457 1392 quoad
2479 1327 2759 1390 naturam,
2791 1339 2906 1375 non

487 1401 680 1450 tamen
719 1393 911 1467 quoad
956 1394 1268 1452 Personam
1299 1404 1358 1453 et
1387 1405 1599 1454 statum
1630 1397 1921 1469 moralem,
1972 1416 2073 1453 seu
2116 1395 2445 1453 soederalem
2476 1396 2772 1468 rationem,
2803 1416 2907 1470 per

488 1491 660 1548 quam
705 1471 770 1529 fit
815 1481 880 1530 ut
939 1474 1156 1550 posteri
1206 1473 1421 1531 Adami
1464 1494 1681 1548 omneS,
1730 1483 1974 1550 excepto
2025 1475 2270 1547 Christo,
2321 1483 2557 1551 peccato
2602 1476 2730 1552 ejus
2774 1494 2900 1551 par-

488 1550 746 1627 tieipent.

1411 1792 1799 1867 QUAESTIO
1868 1793 1978 1851 VI.

816 1970 894 2008 DE
937 1970 1236 2008 VERITATE
1281 1970 1756 2027 INCARNATonIS,
1802 1971 1875 2009 ΕΤ
1918 1971 2142 2011 UNIONE
2186 1969 2617 2010 HYPOSTATICA.

592 2116 684 2172 An
696 2114 859 2192 filius
890 2112 1004 2169 Dei
1028 2113 1320 2169 Naturam
1353 2113 1683 2170 Humanam
1712 2113 1769 2170 in
1807 2112 2087 2169 Unitatem
2117 2114 2381 2169 Personoe
2409 2112 2771 2187 assumpserit
2792 2114 2819 2170 ,ἲ

1217 2187 1240 2201 ’
1366 2191 1590 2250 Affirm.
1624 2200 1824 2250 contra
1856 2191 2048 2251 Socin.

569 2355 618 2413 Ι.
665 2355 812 2411 Duae
856 2359 988 2409 sunt
1034 2350 1093 2407 in
1145 2350 1450 2426 Religione
1498 2350 1825 2410 Christiana
1870 2351 2230 2426 Quaestiones
2278 2372 2395 2428 prae
2425 2351 2647 2409 caeteris
2695 2351 2907 2409 arduae.

492 2435 686 2491 Prima
715 2433 786 2490 de
821 2431 1058 2490 Unitate
1088 2431 1261 2487 trium
1296 2431 1678 2489 Personarum
1722 2431 1781 2488 in
1810 2451 1926 2489 una
1956 2431 2225 2490 Essentia
2253 2431 2311 2488 in
2342 2432 2655 2507 Trinitate;
2704 2431 2909 2489 Altera

489 2514 559 2572 de
606 2513 836 2572 Unione
880 2510 1122 2567 duarum
1168 2510 1514 2568 Naturarum
1558 2512 1620 2568 in
1661 2531 1777 2568 una
1834 2511 2089 2570 Persona
2147 2511 2202 2568 in
2236 2512 2656 2570 Incarnatione.
2743 2511 2907 2569 Licet

488 2605 679 2653 autem
709 2591 954 2650 multum
984 2590 1134 2647 inter
1155 2589 1521 2663 sedifferant,
1554 2591 1691 2666 quia
1719 2591 1776 2648 in
1799 2591 1985 2667 prima
2011 2591 2204 2667 agitur
2230 2589 2303 2649 de
2335 2591 2571 2650 Unitate
2604 2592 2902 2666 Essentiae,

486 2684 544 2731 et
563 2672 842 2730 Trinitate
866 2670 1244 2726 Personarum
1272 2692 1285 2743 3
1333 2670 1406 2727 In
1432 2671 1615 2727 altera
1636 2690 1773 2728 vero
1796 2670 1867 2728 de
1895 2671 2131 2729 Unitate
2164 2672 2449 2745 Personae,
2476 2680 2533 2729 et
2555 2672 2905 2730 Diversitate

487 2754 870 2811 Naturarmn:
916 2749 1134 2806 Tamen
1162 2748 1341 2807 altera
1383 2750 1619 2808 alterius
1662 2750 2051 2825 cognitionem
2099 2770 2216 2808 non
2259 2770 2459 2826 parum
2483 2752 2671 2827 juvat.
2758 2753 2907 2809 Nam

484 2841 550 2891 ut
594 2833 652 2889 in
695 2829 976 2887 Trinitate
1020 2829 1212 2887 unitas
1254 2829 1517 2888 essentiae
1562 2848 1677 2887 non
1707 2829 1963 2906 impedit,
2009 2830 2317 2906 quominus
2359 2830 2645 2888 distinctae
2690 2832 2805 2889 sint
2833 2832 2906 2889 ab

486 2912 736 2970 invicem
771 2910 1053 2983 Personae,
1087 2919 1144 2967 ct
1172 2909 1744 2967 incommunicabiles
1785 2930 1980 2968 earum
2010 2911 2388 2987 proprietates
2418 2919 2476 2968 et
2505 2912 2865 2987 operationes
2891 2934 2904 2971 ε

488 2995 581 3051 Ita
613 2992 768 3051 Unio
801 2991 1146 3048 Naturarum
1176 2990 1236 3047 in
1269 2990 1522 3047 Persona
1546 2990 1777 3064 Christi,
1810 3010 1926 3048 non
1949 2992 2141 3049 obstat
2168 2986 2475 3069 quomin'us
2504 3002 2561 3050 et
2586 2991 2820 3050 Naturae
2850 3001 2906 3051 et

485 3094 680 3133 earum
710 3071 1090 3150 proprietates
1119 3070 1434 3129 inconfusae
1464 3080 1735 3129 maneant
1763 3081 1821 3130 et
1850 3071 2156 3130 distinctae.

1095 3152 1180 3209 II.
1227 3152 1358 3209 Non
1389 3152 1677 3226 Quaeritur
1705 3152 1777 3210 de
1807 3153 2050 3211 veritate
2082 3152 2316 3210 Naturae
2357 3152 2641 3225 humanae,
2673 3152 2809 3229 quia
2837 3172 2906 3209 ea

1011 3233 1280 3307 utrinque
1337 3240 1426 3289 est
1475 3232 1533 3288 in
1591 3231 1892 3306 confesso;
1960 3234 2080 3291 Nec
2125 3231 2197 3289 de
2242 3233 2484 3289 veritate
2532 3241 2750 3288 naturae
2807 3240 2906 3289 aut

1013 3311 1343 3385 hypostasis
1376 3312 1510 3368 Filii
1542 3312 1671 3381 Dei,
1703 3311 1840 3388 quia
1867 3312 2005 3369 alibi
2048 3312 2119 3369 de
2163 3331 2231 3368 ea
2272 3320 2463 3368 actum
2493 3319 2598 3368 est.
2674 3310 2789 3367 Sed
2832 3311 2904 3368 de

485 3395 903 3454 Incarnationis
949 3390 1196 3461 veritate,
1244 3390 1341 3445 An
1391 3390 1576 3447 Filius
1623 3392 1733 3447 Dci
1774 3399 2035 3448 naturam
2080 3391 2387 3446 humanam
2431 3389 2803 3464 assumpserit
2845 3390 2904 3446 in

486 3475 765 3533 unitatem
812 3472 1098 3538 Personae,
1131 3466 1212 3524 ita
1259 3475 1324 3524 ut
1367 3467 1516 3524 idem
1542 3468 1641 3542 qui
1676 3468 1860 3525 Filius
1889 3469 2000 3525 Dei
2029 3476 2166 3541 erat,
2200 3467 2385 3524 factus
2409 3467 2484 3524 sit
2510 3486 2611 3542 per
2632 3467 2903 3525 unionem

482 3549 906 3627 hypostaticam
941 3544 1124 3601 Filius
1150 3545 1402 3602 hominis
1423 3550 1451 3603 P
1521 3547 1653 3603 Hoc
1682 3555 1945 3604 asserunt
1975 3546 2315 3619 Orthodoxi,
2346 3556 2561 3621 negant
2593 3547 2901 3606 Sociniani.

570 3629 689 3686 ΙΙΙ.
738 3627 866 3684 Non
897 3623 1185 3700 Quaeritur
1226 3623 1298 3681 de
1350 3625 1562 3682 Unione
1601 3626 1837 3700 physica
1879 3635 1937 3683 et
1978 3626 2271 3682 essentiali
2313 3626 2554 3683 duarum
2598 3647 2785 3685 rerum
2829 3629 2905 3686 ad

485 3706 946 3770 constituendam
992 3723 1163 3760 unam
1206 3703 1432 3761 tertiam
1475 3714 1756 3779 naturam,
1787 3713 1853 3762 ut
1894 3705 2085 3762 anima
2112 3705 2307 3764 unitur
2334 3707 2558 3783 corpori
2587 3707 2662 3765 ad
2691 3710 2901 3768 consti-

483 3789 761 3850 tuendum
815 3785 1128 3845 hominem.
1213 3783 1346 3843 Non
1395 3784 1466 3842 de
1515 3786 1716 3843 unione
1759 3788 1972 3866 σκυτικῇ
2014 3793 2070 3844 et
2113 3788 2369 3863 relativa,
2400 3807 2529 3864 quae
2578 3788 2637 3845 in
2694 3790 2905 3849 unione

485 3872 806 3930 animorum
856 3876 914 3927 et
962 3883 1245 3923 consensu
1294 3864 1658 3924 voluntatum
1708 3868 1988 3937 consistit,
2034 3867 2221 3944 qualis
2270 3877 2359 3927 est
2405 3869 2542 3927 unio
2570 3871 2901 3929 amicorum.

487 3954 618 4011 Non
650 3951 721 4008 de
751 3950 952 4008 unione
980 3949 1339 4026 tagathon-mg?
1367 3965 1469 4022 per
1498 3966 1711 4003 meram
1740 3948 2125 4021 assistentiam,
2171 3949 2359 4023 qualis
2388 3958 2510 4007 erat
2540 3950 2901 4028 Angelorum

483 4054 614 4092 cum
658 4030 993 4107 corporibus
1035 4027 1362 4102 assumptis.
1448 4026 1577 4082 Non
1622 4026 1694 4085 de
1744 4029 1957 4086 Unione
1996 4026 2243 4109 ἲςαστικῇ
2279 4030 2470 4106 quoad
2512 4032 2831 4101 efficaciam,
2854 4040 2907 4087 et

482 4112 930 4172 mestentationem
959 4107 1303 4185 generalem,
1349 4126 1464 4182 qua
1492 4106 1685 4164 omnia
1727 4118 1861 4167 sunt
1903 4108 1960 4166 in
1994 4110 2136 4184 De0,
2169 4121 2226 4168 et
2255 4130 2360 4168 nos
2390 4110 2446 4166 in
2471 4129 2539 4167 eo
2569 4129 2783 4183 sumus,
2816 4110 2902 4166 vi-

484 4195 692 4264 vimuS,
714 4200 772 4250 et
799 4207 1114 4259 movemur,
1140 4187 1274 4244 Act.
1300 4186 1443 4244 xvii.
1467 4188 1564 4259 28,
1610 4187 1740 4243 Non
1759 4187 1831 4246 de
1862 4189 2075 4247 Unione
2095 4191 2324 4265 mystica
2352 4200 2404 4247 et
2423 4190 2619 4265 qratia
2647 4189 2903 4247 fidelium

485 4294 617 4333 cum
648 4272 894 4331 Christo,
983 4270 1110 4326 Non
1141 4266 1212 4324 de
1252 4267 1466 4325 Unione
1519 4264 1729 4324 ὅυσιόὸιι
1759 4288 1861 4325 seu
1889 4269 2168 4327 assentiali
2195 4270 2573 4328 Personarum
2604 4269 2903 4328 Trinitatis

486 4355 546 4412 in
590 4373 707 4411 una
755 4350 1022 4410 essentia.
1112 4346 1229 4404 Sed
1278 4347 1349 4404 de
1398 4348 1612 4411 Unione
1642 4349 2031 4423 Hypostatica,
2076 4369 2179 4424 per
2206 4348 2652 4425 assumptionem
2682 4358 2901 4408 naturae

485 4435 752 4492 humanae
783 4432 840 4489 in
862 4430 1142 4488 unitatem
1176 4427 1444 4485 Pcrsonae
1473 4427 1657 4499 Λόγου.
1717 4430 1858 4501 Quae
1888 4428 1969 4485 ita
1996 4437 2253 4501 vocatur,
2285 4440 2405 4487 tum
2436 4429 2656 4487 ratione
2668 4434 2900 4505 formae,

485 4513 623 4589 quia
652 4513 726 4569 sit
755 4512 814 4568 in
848 4511 1102 4567 Persona
1130 4506 1312 4579 Λόγου,
1345 4515 1466 4565 tum
1492 4509 1709 4567 ratione
1741 4508 1977 4583 termini,
2003 4508 2138 4583 quia
2159 4508 2235 4565 ad
2263 4529 2387 4565 eam
2407 4510 2763 4569 terminatur.
2810 4512 2902 4569 Ita

496 4592 641 4649 Unio
666 4591 983 4664 personalis
1012 4596 1117 4661 est,
1150 4587 1251 4644 sed
1280 4607 1397 4643 non
1428 4588 1829 4663 Personarum,
1861 4596 1925 4646 ut
1962 4589 2106 4646 Unio
2135 4597 2491 4663 naturarum,
2524 4590 2627 4648 sed
2655 4611 2769 4649 non
2799 4610 2900 4647 na-

487 4670 709 4730 turalis.
799 4670 862 4726 Si
891 4667 1124 4744 quando
1153 4677 1394 4723 vocatur
1422 4687 1457 4724 a
1491 4669 1778 4743 PatribuS‚
1810 4678 1875 4727 ut
1905 4669 2142 4744 Cyrillo,
2178 4668 2394 4727 Anath.
2441 4673 2495 4743 3,
2532 4670 2686 4728 Unio
2717 4674 2902 4739 φυηκίι

545 3208 713 3253 Status
745 3204 911 3255 Quaes-

647 3265 810 3310 tionis.
