3221 5200
536 347 650 404 142
1444 360 1629 403 Locus
1656 357 2018 401 nnnncmus.
2510 332 2766 415 [Quaesr.
2798 353 2947 395 xxV.

529 502 749 564 sanctio
798 501 912 561 ista
954 499 1107 562 facta
1147 500 1337 578 fuerit,
1382 509 1442 561 et
1481 500 1774 580 quomodo
1815 500 1892 559 sit
1932 495 2329 576 intelligenda,
2361 495 2584 556 dicetur
2610 494 2671 553 in
2700 515 2944 572 sequen·

531 585 705 643 tibus,

527 700 1012 805 Amatam·
1054 660 2944 816 d„3}‘siff’mffifflsssffsstssssfssssiffiiffossb‘Ju'ffiffffissi

644 818 717 864 De
742 820 868 876 jure.
1054 822 1193 881 litur
1219 823 1311 881 vis
1340 822 1517 899 Legis
1546 830 1604 880 et
1632 820 2068 879 fundamentum
2097 818 2486 895 obligationiS,
2530 816 2689 894 quod
2729 815 2946 874 factum

528 912 618 963 est
658 924 761 981 per
792 904 1004 964 Christi
1026 912 1260 961 mortem
1300 902 1361 959 in
1403 922 1518 979 qua
1558 900 1844 979 siquidem
1872 899 2106 974 delevit,
2148 919 2257 958 nec
2298 907 2523 958 tantum
2565 896 2798 971 delevit,
2844 896 2949 955 sed

529 984 835 1062 discerpsit
879 984 1112 1062 penitus
1155 982 1601 1060 chirographum
1649 981 1818 1041 nobis
1860 981 2226 1054 contrarium,
2286 978 2440 1037 sacta
2500 977 2722 1037 scilicet
2774 976 2949 1054 plena

1053 1063 1379 1122 debitorum
1412 1062 1716 1137 solutione,
1749 1061 1872 1120 Col.
1900 1061 1961 1119 ii.
1997 1063 2089 1118 14.
2177 1058 2463 1134 SecundO,
2494 1057 2688 1136 quoad
2697 1060 2943 1133 sactum,

1051 1142 1284 1220 quando
1312 1142 1503 1221 reipsa
1529 1151 1588 1201 et
1616 1143 1688 1202 de
1711 1142 1862 1201 facto
1894 1141 2021 1199 Lex
2043 1149 2232 1198 cessat
2249 1139 2525 1216 obligare,
2547 1146 2605 1196 et
2632 1137 2948 1214 abrogatur

530 1230 796 1299 respectu
822 1222 1091 1281 hominis·
1137 1222 1297 1284 Illud
1323 1222 1537 1282 factum
1566 1231 1657 1282 est
1685 1221 1857 1282 simul
1885 1231 1944 1281 et
1973 1220 2167 1294 semel,
2201 1220 2333 1278 Hoc
2361 1239 2501 1278 vero
2531 1218 2858 1279 successive
2886 1226 2948 1278 et

530 1322 633 1379 per
659 1301 910 1378 gradus;
958 1303 1030 1361 In
1059 1303 1160 1361 illo
1188 1303 1488 1380 abrogatio
1516 1302 1670 1363 faeta
1698 1311 1786 1361 est
1812 1300 2094 1362 meritorie
2122 1309 2181 1360 et
2208 1300 2525 1375 causaliter,
2573 1299 2645 1356 In
2671 1298 2783 1357 isto
2808 1300 2947 1373 sor-

530 1382 755 1440 malitcr
782 1391 839 1440 et
866 1384 1124 1456 affective.

612 1461 733 1519 XI.
780 1462 936 1521 Hinc
983 1465 1095 1522 tria
1142 1462 1429 1540 Tempora
1485 1461 1955 1522 caeremoniarum
2004 1469 2269 1519 accurate
2314 1467 2451 1519 sunt
2498 1457 2946 1535 distinguenda:

531 1540 781 1618 primum
810 1561 924 1618 quo
951 1544 1106 1617 vivoe,
1140 1542 1457 1602 secundum
1479 1563 1594 1619 quo
1624 1552 1874 1617 mortuoe,
1905 1542 2138 1600 tertium
2156 1560 2272 1617 quo
2290 1540 2626 1614 mortifer-ce:
2666 1538 2943 1612 Primum,

532 1621 754 1680 ratione
799 1622 1150 1681 institutionis
1195 1623 1415 1698 divinoe,
1469 1642 1584 1700 quo
1613 1623 1787 1681 modo
1816 1622 2047 1681 fuerunt
2087 1641 2204 1679 non
2232 1620 2404 1678 modo
2433 1619 2624 1693 licitae,
2658 1618 2760 1677 sed
2788 1620 2948 1680 utiles

532 1711 592 1760 et
619 1703 946 1760 necessariae
974 1704 1082 1762 sub
1105 1703 1179 1761 V.
1205 1702 1293 1778 T.,
1318 1722 1433 1778 quo
1463 1722 1639 1762 sensu
1667 1702 2030 1761 circumcisio
2051 1700 2373 1762 celebratur
2398 1708 2465 1759 ut
2493 1699 2749 1776 sigillum
2771 1699 2797 1775 j
2806 1700 2945 1758 usti·

531 1781 627 1840 tiae
655 1781 809 1858 fidei,
843 1783 1011 1841 Rom.
1043 1783 1121 1841 iv,
1157 1786 1248 1857 ll,
1299 1793 1358 1841 et
1399 1783 1486 1841 illi
1525 1803 1802 1860 magnum
1843 1782 2212 1859 privilegium
2240 1780 2529 1854 tribuitur,
2576 1780 2744 1838 Rom.
2775 1779 2856 1838 iii.
2888 1784 2943 1852 2,

531 1861 689 1932 quod
718 1881 753 1919 a
780 1862 903 1939 pari
931 1863 1061 1920 aliis
1090 1862 1445 1922 caeremoniis
1473 1863 1750 1941 applicari
1786 1871 2007 1940 potest:
2055 1861 2401 1936 Secundum,
2433 1860 2652 1920 ratione
2680 1885 2941 1932 emaru-

531 1938 717 2007 Cae'cuue
745 1952 804 2001 et
832 1943 1144 2002 toleramioe
1170 1945 1446 2018 kumanoe,
1477 1964 1593 2020 quo
1621 1942 1794 2002 modo
1822 1943 2115 2020 abrogatae
2157 1942 2280 2019 jam
2310 1941 2382 1999 de
2418 1941 2550 2017 jure
2579 1960 2681 2016 per
2706 1949 2950 1999 mortem

534 2022 766 2098 Christi,
819 2021 986 2081 factae
1043 2031 1179 2083 sunt
1219 2033 1460 2082 mortuae
1503 2032 1561 2082 et
1602 2023 1949 2099 adiaphorae,
1995 2042 2124 2099 quae
2168 2028 2479 2098 potuerunt
2522 2029 2716 2078 tamen
2757 2019 2948 2079 adhuc

532 2102 871 2178 aliquandiu
919 2102 1215 2161 observari
1257 2102 1332 2161 ad
1372 2102 1682 2162 lucrandos
1722 2103 1763 2163 J
1769 2103 1967 2162 udaeos
2016 2101 2289 2176 infirmoe,
2340 2100 2513 2159 modo
2554 2100 2616 2158 id
2663 2100 2826 2158 fieret
2872 2120 2949 2158 ex

533 2182 812 2241 charitate
840 2191 1082 2255 tantum,
1106 2202 1222 2241 non
1244 2202 1384 2241 vero
1406 2202 1482 2242 ex
1510 2182 1884 2243 necessitate:
1913 2182 2189 2256 Tertium,
2213 2189 2479 2258 respectu
2495 2182 2700 2239 abusus
2714 2182 2949 2239 Judaeo-

532 2282 661 2319 rum
690 2271 748 2320 et
774 2263 1438 2339 Pseudo-Apostolorum,
1470 2283 1506 2322 a
1532 2263 1745 2340 quibus
1771 2262 2126 2340 urgebantur
2153 2261 2261 2320 sub
2292 2261 2632 2338 EvangeliO,
2678 2269 2952 2336 tanquam

535 2340 612 2399 ad
640 2341 886 2400 salutem
914 2342 1272 2419 necessariae,
1305 2363 1435 2402 cum
1465 2343 1735 2421 opinione
1763 2342 1971 2418 meriti,
2003 2362 2119 2418 quo
2147 2350 2317 2418 pacto
2347 2341 2513 2400 factae
2543 2349 2679 2400 sunt
2704 2340 2950 2400 lethales

534 2427 594 2479 et
619 2421 944 2480 mortiferae.
1032 2421 1236 2496 Quoad
1256 2423 1522 2500 primum,
1548 2424 1911 2482 celebrantur
1939 2431 2004 2481 ut
2031 2421 2369 2480 necessariae
2398 2441 2473 2480 ex
2490 2421 2616 2479 -Dei
2642 2429 2948 2498 praecepte.

537 2501 743 2573 Quoad
771 2500 1106 2575 secundum,
1140 2501 1539 2579 deprimuntur
1565 2511 1631 2562 ut
1658 2524 1751 2562 res
1778 2502 1945 2560 nihili
1988 2510 2047 2561 et
2090 2501 2500 2575 indifferenteS,
2535 2506 2566 2559 1
2600 2501 2817 2561 Corint.
2848 2501 2949 2559 vii.

539 2581 631 2655 19,
684 2579 855 2640 Rom.
900 2581 1022 2639 xiv.
1066 2583 1122 2640 3.
1166 2585 1224 2641 4.
1310 2581 1513 2656 Quoad
1556 2583 1807 2657 tertium,
1838 2582 2185 2643 damnantur
2224 2588 2290 2642 ut
2330 2581 2594 2641 exitiales
2639 2589 2698 2640 et
2741 2581 2949 2658 noxiae,

537 2659 670 2718 Gal.
700 2679 758 2717 v.
788 2664 846 2719 4.
932 2660 1190 2719 Primum
1229 2662 1592 2738 protenditur
1633 2682 1669 2721 a
1710 2663 2004 2722 sanctione
2035 2662 2212 2739 Legis
2254 2683 2437 2739 usque
2466 2661 2540 2719 ad
2567 2670 2796 2739 tempus
2824 2659 2951 2744 ὃιος-

533 2739 715 2802 θύα-ως
758 2748 816 2798 et
862 2746 1107 2798 mortem
1154 2741 1366 2800 Christi
1391 2765 1405 2815 ;
1456 2742 1785 2801 Secundum
1834 2756 1887 2800 a·
1908 2752 2092 2801 morte
2120 2743 2337 2802 Christi
2384 2762 2567 2819 usque
2598 2741 2673 2800 ad
2719 2742 2951 2819 plenam

537 2818 853 2895 Evangelii
881 2828 941 2878 et
967 2818 1252 2879 libertatis
1281 2821 1623 2881 Christianae
1652 2822 2201 2898 manifestationem3
2247 2823 2506 2882 Tertium
2534 2822 2609 2881 ab
2640 2822 2951 2899 Evangelii

533 2898 997 2977 promulgatione
1025 2907 1084 2957 et
1112 2900 1500 2960 destructione
1528 2901 1757 2980 Templi
1784 2901 1860 2961 ad
1886 2901 2060 2960 finem
2086 2903 2306 2961 mundi.

618 2978 772 3037 XII.
823 2980 968 3038 Haec
996 2990 1188 3040 autem
1217 2981 1533 3059 abrogatiO,
1565 3002 1683 3042 non
1711 2982 1822 3043 fuit
1849 2982 2097 3059 simplex
2125 2984 2367 3057 abolitio,
2399 3002 2501 3060 per
2527 3001 2699 3057 quam
2728 2981 2951 3058 aliquid

533 3058 618 3120 ita
644 3059 857 3120 desinit
885 3080 1029 3136 esse,
1061 3068 1128 3121 ut
1153 3061 1298 3120 nihil
1340 3062 1451 3140 ipsi
1480 3062 1767 3139 succedat,
1800 3062 1903 3122 sed
1929 3063 2123 3140 potius
2151 3064 2547 3123 consummatio
2576 3070 2633 3120 et
2655 3062 2946 3139 perfecti0‚

538 3140 721 3199 Hebr.
753 3141 874 3199 viii.
907 3143 961 3217 6,
1013 3161 1129 3219 qua
1177 3142 1263 3200 illi
1311 3143 1469 3219 quod
1512 3143 1911 3221 imperfectum
1956 3152 2046 3202 est
2088 3143 2308 3220 aliquid
2337 3142 2645 3220 perfectius
2673 3141 2948 3218 succedit,

534 3232 706 3297 prout
726 3241 946 3281 aurorae
974 3223 1170 3282 lumen
1203 3223 1373 3299 Solis,
1405 3232 1463 3283 et
1490 3223 1742 3284 infantili
1771 3223 1927 3284 aetati
1955 3223 2171 3282 adulta.
2259 3223 2353 3282 Ita
2380 3223 2648 3281 nimirum
2693 3223 2948 3281 Circum-

534 3301 737 3360 cisioni
768 3304 806 3360 ir
834 3304 1125 3382 γςάμματι,
1158 3303 1436 3363 successit
1463 3304 1838 3363 Circumcisio
1866 3304 1928 3363 in
1956 3304 2187 3380 spiritu;
2234 3302 2503 3362 Victimis
2531 3302 2716 3360 brutis
2757 3310 2951 3360 tauro·

536 3401 664 3439 rum
693 3391 751 3440 et
778 3383 1086 3457 hircorum,
1103 3383 1358 3441 Victima
1387 3383 1642 3442 coelestis
1683 3392 1742 3443 et
1782 3383 2097 3459 rationalis,
2127 3391 2269 3460 puta
2297 3382 2509 3460 Agnus
2540 3381 2687 3456 Dei3
2735 3381 2950 3440 Immo-

536 3459 738 3517 lationi
766 3461 838 3517 ab
866 3461 1098 3519 homine
1126 3462 1282 3520 nudo
1311 3462 1494 3535 factae,
1547 3483 1730 3540 eoque
1758 3472 2076 3540 peccatore,
2127 3463 2454 3521 Immolatio
2483 3484 2518 3522 a
2547 3462 2774 3521 Christo
2801 3463 2949 3520 θαι-

537 3543 708 3618 θςάπρ
736 3548 795 3597 et
824 3540 1188 3598 sanctissimo
1211 3563 1226 3616 3
1272 3541 1446 3600 rebus
1475 3544 1736 3618 terrenis,
1767 3563 1859 3602 res
1888 3544 2185 3617 coelestes3
2240 3543 2537 3602 Sacerdoti
2565 3542 2810 3616 mortali,
2843 3542 2949 3600 im-

537 3618 797 3676 mortalis
826 3626 884 3676 et
912 3618 1195 3695 coelestis3
1231 3621 1569 3680 Sanctuario
1587 3622 1880 3681 mundano
1908 3631 1967 3681 et
1995 3623 2338 3696 manufactO,
2364 3623 2688 3682 Sacrarium
2718 3622 2951 3681 coeleste

537 3705 594 3754 et
617 3701 1011 3778 ἇχηςοποίητοη
1055 3700 1291 3776 puritati
1320 3699 1527 3774 carnis,
1552 3703 1773 3780 puritas
1796 3703 2191 3778 conscientiae3
2237 3703 2418 3763 cultui
2439 3703 2656 3761 carnali
2680 3711 2738 3761 et
2758 3710 2951 3761 exter-

536 3796 630 3852 no,
663 3793 873 3859 aurem
901 3783 1080 3850 λογιιὸ
1108 3789 1166 3839 et
1195 3781 1527 3858 spiritualis,
1561 3783 1729 3841 Rom.
1754 3782 1856 3841 xii.
1892 3786 1943 3855 1,
1981 3786 2011 3841 1
2047 3784 2172 3842 Pet.
2205 3782 2262 3841 ii.
2287 3785 2342 3841 5.

1143 3860 1335 3920 XIII.
1381 3861 1550 3935 Quod
1577 3872 1668 3921 est
1708 3863 1860 3941 juris
1902 3862 2087 3922 divini
2128 3862 2424 3935 naturaliS,
2456 3868 2546 3920 est
2573 3860 2948 3936 immutabile,

608 3912 949 4017 Rafffiuffi'fu‘
1062 3939 1365 4000 fundatum
1410 3941 1623 4019 quippe
1667 3943 1728 4000 in
1772 3943 2075 4002 sanctitate
2120 3943 2231 4001 Dei
2274 3941 2620 4001 immutabili
2644 3964 2658 4017 ς
2705 3940 2808 4000 sed
2834 3961 2953 3998 non

1061 4021 1275 4097 pariter
1302 4021 1459 4098 quod
1486 4031 1576 4081 est
1594 4023 1746 4100 juris
1775 4023 1958 4081 divini
1986 4023 2239 4101 positivi,
2270 4021 2428 4099 quod
2461 4020 2735 4080 fundatur
2758 4020 2820 4078 in
2862 4040 2954 4077 ar-

533 4098 708 4157 bitrio
738 4099 1133 4176 Legislatoris,
1165 4101 1266 4178 qui
1295 4112 1359 4160 ut
1389 4102 1606 4179 Legem
1637 4102 1797 4161 dedit
1826 4103 1946 4161 suis
1975 4102 2047 4161 de
2070 4102 2277 4177 causiS,
2302 4109 2493 4179 potest
2515 4101 2689 4159 etiam
2709 4109 2951 4174 mutare,

535 4178 587 4237 si
616 4178 865 4238 libuerit.
953 4180 1080 4240 Lex
1109 4182 1524 4241 caeremonialis
1551 4202 1668 4241 non
1697 4192 1785 4242 est
1805 4183 1955 4261 juris
1983 4182 2280 4258 naturalis,
2313 4181 2416 4241 sed
2446 4189 2669 4240 tantum
2696 4180 2951 4257 positivi,

532 4278 664 4335 quae
692 4279 807 4316 non
827 4259 996 4336 jussa
1023 4269 1113 4319 est
1139 4260 1276 4337 quia
1295 4261 1473 4337 justa,
1507 4262 1610 4320 sed
1629 4261 1793 4339 justa
1818 4272 1908 4322 est
1935 4262 2072 4338 quia
2090 4263 2274 4339 jussa.

618 4338 799 4397 XIV.
846 4339 1235 4417 Abrogationi
1260 4340 1437 4418 Legis
1460 4343 1874 4401 caeremonialia
1895 4361 2012 4401 non
2034 4351 2321 4420 repugnat
2348 4340 2660 4400 constantia
2689 4349 2742 4397 et
2758 4340 2954 4397 immu-

533 4418 776 4476 tabilitas
803 4419 933 4494 Dei,
965 4420 1100 4497 quia
1127 4440 1243 4479 non
1272 4420 1432 4480 dedit
1460 4441 1583 4480 eam
1617 4431 1682 4480 ut
1709 4430 1967 4481 maneret
1994 4422 2052 4479 in
2079 4430 2438 4500 perpetuum,
2483 4421 2586 4480 sed
2616 4427 2837 4478 tantum
2879 4419 2958 4477 ad

532 4504 778 4573 tempus,
810 4498 891 4556 ita
917 4508 983 4558 ut
1011 4508 1231 4559 mutata
1260 4500 1336 4558 sit
1365 4501 1492 4558 Lex
1522 4522 1595 4559 cx
1626 4501 1971 4560 immutabili
1996 4502 2106 4561 Dei
2136 4503 2454 4577 voluntate,
2475 4501 2576 4577 qui
2604 4519 2711 4557 nec
2739 4499 2956 4575 incepit

533 4575 686 4633 velle
715 4577 872 4653 quod
908 4578 1159 4653 nolebat,
1203 4600 1311 4638 nec
1350 4579 1523 4640 desiit
1552 4581 1704 4639 velle
1732 4580 1890 4656 quod
1918 4581 2168 4657 volebat,
2222 4581 2326 4641 sed
2358 4580 2621 4657 implevit
2649 4579 2955 4637 consilium

527 4654 690 4730 quod
718 4667 948 4733 ceperat
977 4658 1297 4718 Ecclesiam
1327 4679 1490 4719 suam
1515 4661 1911 4721 minorennem
1930 4670 2087 4722 certo
2110 4670 2365 4740 tempore
2388 4660 2489 4720 tali
2514 4661 2672 4736 Lege
2695 4658 2954 4737 regendi,

651 1116 725 1162 De
746 1117 888 1161 sacto·
