3221 5200
501 355 621 411 470
1308 371 1491 412 Locus
1533 370 1793 412 nncmus
1824 370 2097 420 omres·
2549 350 2838 431 [ρυλες-Γ.
2872 370 2964 411 xv.

505 521 624 572 tam
653 512 712 569 in
740 520 931 570 mente
961 519 1020 570 et
1047 513 1363 589 voluntate,
1395 533 1568 590 quam
1599 515 1659 571 in
1689 513 1990 573 affectibus
2019 511 2413 586 occurrebant,
2443 532 2478 569 a
2507 513 2705 589 gratia
2738 533 2961 571 neces·

508 592 660 650 sario
686 592 811 649 fieri
839 592 1039 651 debuit
1069 592 1337 652 distincte
1365 615 1401 651 a
1432 594 1648 652 Verbo·

592 672 908 732 XXXVI.
956 674 1197 732 Frustra
1217 682 1588 751 reponeretur
1615 675 1710 732 hic
1732 694 1862 732 cum
1887 674 2205 746 Remonst.,
2235 671 2588 749 apertionem
2612 672 2804 730 istam
2826 692 2960 730 cor-

512 750 602 809 dis
658 753 829 811 etiam
880 773 983 830 per
1026 754 1288 812 Verbum
1335 755 1460 812 fieri
1521 755 1796 830 potuisse,
1847 762 1912 812 ut
1959 753 2117 829 alibi,
2165 754 2301 811 Act.
2347 752 2512 809 xxvi.
2562 754 2660 824 18,
2718 752 2965 811 Paulus

509 831 721 890 dicitur
751 836 786 865 ‘⁴
807 833 1020 892 missus
1047 833 1124 891 ad
1153 834 1373 892 Gentes
1402 834 1477 891 ad
1505 833 1877 910 aperiendum
1906 834 2104 892 oculos
2122 834 2394 910 ipsarum,
2424 840 2490 890 ut
2517 841 2957 889 converteren-

507 920 603 970 tur
649 932 682 969 a
727 914 979 971 tenebris
1023 913 1099 970 ad
1145 913 1332 970 lucem
1354 915 1406 987 ;‘'
1455 915 1654 989 Atque
1683 915 1765 972 ita
1792 933 1910 971 non
1936 913 2186 992 [differre
2215 913 2290 971 ab
2317 912 2661 986 attentione,
2691 912 2811 969 sed
2842 932 2960 988 pro

508 1011 624 1049 uno
654 993 971 1067 eodemque
1000 992 1166 1066 sumi,
1197 1001 1262 1050 ut
1294 993 1453 1051 Deus
1481 1014 1582 1052 cor
1608 994 1697 1052 illi
1724 994 2016 1071 aperuisse
2045 993 2286 1066 dicatur,
2319 1012 2495 1068 quum
2523 991 2653 1067 ipsa
2683 992 2960 1050 attendit

509 1072 704 1130 verbis
737 1072 920 1145 Pauli,
966 1072 1226 1148 nihilque
1275 1072 1434 1131 aliud
1474 1073 1654 1149 innui,
1686 1093 1858 1150 quam
1907 1073 2370 1150 praedicationem
2404 1071 2572 1129 Pauli
2599 1071 2794 1130 fuisse
2828 1072 2958 1130 effi·

511 1170 722 1225 eacem,
769 1160 827 1208 et
853 1151 1027 1228 hujus
1056 1151 1411 1211 efficacitatis
1437 1153 1669 1212 laudem
1699 1173 1824 1212 esse
1856 1154 1982 1212 Deo
2010 1154 2195 1231 primo
2218 1152 2472 1211 omnium
2500 1171 2693 1210 rerum
2724 1153 2961 1209 motor-i

508 1229 892 1289 tribuendam.
979 1231 1127 1289 Nam
1170 1232 1309 1291 licet
1354 1233 1545 1292 cordis
1589 1234 1809 1311 apertio
1854 1235 2029 1291 etiam
2059 1254 2163 1292 suo
2211 1232 2384 1291 modo
2414 1232 2611 1290 Verbo
2641 1231 2963 1290 tribuatur

512 1310 816 1386 objective,
848 1318 1131 1386 quatenus
1160 1331 1262 1389 per
1288 1313 1563 1371 moralem
1593 1333 1825 1372 causam
1853 1313 1979 1371 fieri
2007 1323 2214 1391 potest,
2246 1313 2384 1389 quia
2409 1331 2526 1370 non
2555 1312 2680 1370 sine
2711 1310 2959 1388 Verbo,

509 1389 612 1447 sed
640 1388 714 1447 ad
742 1391 867 1466 ejus
896 1391 1276 1468 praesentiam,
1308 1391 1430 1450 fieri
1461 1393 1609 1452 solet
1632 1415 1647 1469 3
1693 1401 1751 1452 et
1781 1394 2066 1452 Ministris
2093 1393 2275 1451 Verbi
2320 1391 2686 1450 adscribatur
2714 1391 2954 1450 instru-

507 1470 848 1546 mentaliter,
894 1471 1031 1547 quia
1059 1480 1193 1530 sunt
1222 1491 1455 1548 organa,
1486 1473 1699 1549 quibus
1730 1474 1889 1532 Deus
1938 1474 2013 1531 ad
2040 1475 2150 1532 hoc
2198 1493 2344 1550 opus
2371 1472 2586 1545 utitur3
2632 1471 2775 1528 Non
2806 1491 2951 1548 pos-

511 1557 598 1607 set
647 1557 839 1607 tamen
888 1551 1226 1626 simpliciter
1273 1572 1307 1609 a
1356 1552 1570 1628 Verb0,
1604 1553 1700 1611 vel
1744 1574 1847 1631 per
1881 1553 2143 1612 Verbum
2172 1573 2207 1611 a
2236 1554 2395 1610 Viris
2427 1552 2535 1609 Dei
2566 1554 2949 1627 propositum

508 1627 672 1701 effici,
719 1629 831 1686 nisi
880 1629 954 1688 ad
1001 1631 1260 1689 Verbum
1310 1631 1609 1691 accederet
1657 1633 1748 1691 vis
1794 1633 2019 1691 interna
2066 1634 2312 1710 Spiritus
2341 1653 2375 1689 a
2404 1632 2601 1690 Verbo
2630 1630 2945 1705 distincta,

508 1709 675 1785 cujus
703 1709 1030 1769 interventu
1061 1711 1319 1770 Verbum
1350 1713 1709 1770 extrinsecus
1731 1713 1908 1771 menti
1938 1714 2292 1789 propositum
2336 1712 2410 1769 ab
2439 1732 2507 1769 ea
2534 1730 2665 1768 cum
2696 1710 2818 1768 fide
2849 1731 2947 1769 re-

509 1789 769 1865 cipiatur.
856 1790 1025 1864 Quod
1076 1792 1265 1850 Lucas
1315 1792 1584 1851 distincte
1607 1800 1787 1866 notat,
1819 1813 1995 1869 quum
2047 1794 2127 1851 ait
2155 1793 2340 1870 primo
2372 1792 2619 1868 Lydiam
2646 1792 2948 1849 audivisse

510 1867 778 1945 Paulum,
801 1870 862 1927 id
880 1879 985 1944 est,
1011 1871 1335 1929 interfuisse
1355 1873 1482 1948 ejus
1511 1873 1790 1948 concioni,
1814 1883 1871 1931 et
1894 1873 2154 1931 Verbum
2184 1872 2565 1949 ejussauribus
2587 1871 2898 1946 excepisse
2922 1894 2943 1944 3

508 1949 656 2022 Quia
698 1970 835 2007 vero
883 1951 1094 2008 frustra
1141 1971 1309 2009 aures
1363 1952 1494 2009 ferit
1544 1952 1767 2026 Orator,
1809 1952 1921 2010 nisi
1976 1973 2075 2010 cor
2122 1961 2336 2011 reseret
2385 1952 2635 2024 Creator,
2667 1960 2730 2008 et
2777 1950 2945 2009 Ver-

508 2028 644 2086 bum
700 2030 990 2088 incassum
1056 2031 1264 2089 ostium
1318 2032 1507 2089 cordis
1563 2052 1666 2109 per
1729 2033 2189 2091 incredulitatem
2231 2039 2289 2090 et
2336 2030 2722 2108 ignorantiam
2768 2031 2937 2089 elau-

509 2127 636 2167 sum
685 2110 956 2185 pulsaret,
1002 2110 1112 2168 nisi
1156 2130 1257 2187 per
1306 2111 1550 2187 gratiam
1612 2111 1739 2186 Dei,
1786 2112 2075 2189 operantis
2120 2112 2180 2170 id
2229 2112 2416 2188 ipsum
2459 2111 2623 2188 quod·
2643 2111 2941 2187 praecipit,

509 2189 856 2264 aperiretur;
908 2190 1049 2248 Ideo
1092 2190 1254 2250 addit
1299 2192 1486 2250 Deum
1529 2193 1822 2268 aperuisse
1864 2192 1951 2249 illi
1995 2212 2094 2250 cor
2133 2200 2199 2250 ut
2226 2191 2549 2250 attenderet
2590 2190 2665 2248 ad
2692 2210 2763 2247 ea
2792 2211 2937 2267 quae

508 2267 861 2327 docebantur
888 2289 924 2327 a
955 2271 1153 2345 Paulo,
1184 2271 1358 2329 finem
1387 2279 1446 2330 et
1467 2271 1735 2330 effectum
1763 2272 1930 2330 istius
1957 2272 2269 2348 apertionis
2297 2271 2570 2330 notando.
2616 2270 2820 2346 Atque
2855 2272 2941 2330 ita

509 2348 619 2406 tria
636 2348 730 2405 hic
759 2349 1029 2409 distincte
1057 2360 1443 2426 recensentur,
1475 2372 1604 2428 quoe
1635 2353 1692 2410 in
1716 2351 2037 2410 Vocatione
2068 2351 2283 2409 efficaci
2325 2361 2671 2409 occurrunt:
2711 2351 2935 2426 Primo,

508 2428 660 2486 actio
706 2428 871 2487 Pauli
914 2430 1298 2506 praedicantis,
1335 2431 1425 2509 (2)
1457 2432 1606 2489 actio
1649 2431 1760 2488 Dei
1803 2451 1902 2490 cor
1942 2432 2266 2508 aperientiS,
2313 2440 2371 2489 et
2415 2430 2506 2509 (3)
2538 2431 2689 2489 actio
2720 2430 2937 2506 Lydiae

512 2505 774 2565 Verbum
804 2509 975 2566 corde
1005 2518 1201 2586 aperto
1240 2511 1353 2568 fide
1403 2511 1839 2587 amplectentis3
1871 2532 1998 2588 quae
2028 2512 2138 2569 tria
2165 2532 2239 2570 ex
2274 2510 2489 2569 Verbis
2520 2511 2691 2569 anae
2724 2521 2938 2587 sponte

511 2584 698 2645 fluunt
723 2610 736 2646 :
783 2588 867 2646 Ut
914 2609 1027 2647 non
1057 2589 1463 2649 recurrendum
1494 2591 1569 2650 sit
1610 2591 1687 2649 ad
1714 2591 1958 2669 figuram
1988 2591 2341 2668 Hendiadin,
2372 2602 2437 2650 ut
2466 2592 2685 2670 apertio
2717 2591 2935 2666 cordis,

508 2673 567 2724 et
595 2667 855 2741 attentiO,
880 2688 982 2744 pro
1003 2689 1119 2726 uno
1141 2669 1459 2746 eodemque
1489 2682 1804 2745 sumantur,
1849 2672 2004 2749 quod
2047 2682 2309 2731 coactum
2351 2692 2476 2731 esse
2507 2681 2566 2731 et
2606 2673 2798 2729 minus
2827 2692 2934 2748 ap·

506 2745 762 2822 positum
790 2746 984 2803 verbis
1015 2747 1188 2805 Lucae
1231 2750 1485 2825 proclive
1529 2759 1618 2807 est
1660 2751 1845 2809 cuivis
1884 2772 2214 2829 agnoscere.
2304 2753 2368 2811 Si
2395 2773 2535 2810 vero
2565 2752 2702 2809 alibi
2733 2751 2933 2810 cordis

509 2824 730 2900 apertio
758 2824 977 2882 homini
999 2828 1343 2904 praecipitur,
1376 2828 1562 2904 Apoc.
1593 2829 1674 2888 iii.
1706 2834 1801 2904 20,
1831 2832 1942 2890 hoc
1965 2832 2030 2891 fit
2052 2833 2125 2889 ad
2153 2833 2468 2891 notandum
2500 2833 2626 2909 ejus
2656 2831 2933 2903 officium,

507 2923 624 2961 non
652 2905 824 2963 vires.
912 2905 1136 2965 Deinde
1167 2908 1241 2965 ad
1275 2909 1398 2984 jam
1430 2909 1687 2967 Vocatos
1716 2912 1941 2987 proprie
1970 2913 2230 2970 refertur.
2316 2913 2528 2988 Terti0,
2554 2933 2668 2970 non
2708 2911 2774 2971 fit
2802 2911 2933 2969 sine

510 2983 622 3041 Dei
644 2985 848 3076 gratia,
880 3005 1008 3063 quae
1036 2994 1102 3046 ut
1130 2988 1417 3066 objective
1437 2989 1664 3066 agendo
1682 2990 1892 3067 pulsat,
1913 2991 1993 3049 ita
2017 2993 2335 3069 subjective
2365 2992 2654 3070 operando
2677 2992 2789 3051 sibi
2817 2992 2936 3068 ipsi

518 3076 720 3141 aperit.

1115 3149 1471 3210 XXXVII.
1517 3150 1752 3226 QuartO,
1801 3151 1915 3209 Pro
1946 3152 2149 3210 Gratia
2192 3152 2522 3211 immediata
2550 3152 2773 3209 faciunt
2800 3152 2935 3211 loca

506 3225 551 3268 4.
570 3224 643 3269 Ex
663 3226 783 3271 ¹0⁶5ss
813 3228 861 3271 11¹
884 3229 988 3283 qui·
1030 3229 1148 3305 illa,
1180 3231 1236 3288 in
1270 3230 1481 3307 quibus
1503 3232 1689 3290 virtus
1744 3232 1992 3308 Spiritus
2027 3232 2085 3291 S.
2117 3232 2175 3288 in
2205 3232 2373 3290 nobis
2402 3232 2692 3309 operantis
2730 3242 2934 3309 aperte

561 3284 981 3401 ξίιῖῗιῖὶῖἰῗῖίηὲξιξῖ
1021 3309 1396 3387 distinguitur
1423 3331 1457 3368 a
1512 3311 1710 3369 Verbo
1734 3334 1749 3387 ;
1770 3320 1834 3369 ut
1867 3316 1895 3369 1
1929 3312 2132 3370 Thess.
2164 3313 2201 3369 i.
2259 3315 2313 3387 5,
2347 3314 2401 3387 6,
2463 3315 2499 3345 “
2539 3312 2932 3389 Evangelium

566 3406 651 3443 tur
672 3414 700 3444 a
717 3400 894 3446 verbo.
1023 3391 1343 3462 nostrum,’'
1364 3390 1551 3466 inquit
1569 3390 1973 3467 Apost.,“non
1991 3392 2098 3450 fuit
2116 3392 2191 3449 ad
2210 3413 2314 3451 vos
2334 3391 2391 3450 in
2412 3411 2672 3450 sermone
2683 3401 2933 3471 tantum,

1027 3468 1198 3526 sedet
1209 3469 1269 3525 in
1280 3468 1493 3527 virtute
1523 3478 1580 3528 et
1602 3471 1817 3547 Spiritu
1836 3471 2105 3547 Sancto,''
2137 3470 2653 3549 &c.;quodparum
2668 3476 2935 3551 apposite

507 3544 810 3619 diceretur,
844 3545 891 3601 si
925 3545 1172 3620 Spiritus
1201 3567 1316 3603 non
1344 3547 1511 3605 aliter
1539 3559 1754 3625 ageret,
1785 3571 1957 3626 quam
2013 3572 2115 3628 per
2160 3572 2496 3627 sermonem,
2531 3561 2591 3611 et
2618 3553 2932 3630 objective.

511 3623 607 3681 Sic
636 3622 774 3681 alibi
803 3623 875 3681 de
906 3623 1191 3682 Ministris
1220 3626 1401 3684 Verbi
1430 3627 1693 3704 loquens,
1730 3633 1755 3686 1
1793 3631 1921 3689 Cor.
1953 3631 2032 3689 iii.
2066 3634 2119 3706 6,
2154 3637 2208 3708 7,
2241 3635 2296 3708 9,
2333 3636 2368 3665 ‘⁴
2394 3632 2612 3691 Paulus
2640 3633 2927 3709 plantat,’'

508 3701 713 3779 inquit,
749 3705 785 3734 ‘⁴
832 3703 1078 3781 Apollos
1127 3704 1295 3781 rigat,
1330 3705 1432 3763 sed
1480 3707 1640 3765 Deus
1670 3708 1770 3767 dat
1814 3709 2267 3788 incrementum;
2300 3732 2486 3789 neque
2537 3713 2636 3789 qui
2681 3714 2929 3790 plantat,

505 3801 692 3859 neque
721 3782 820 3860 qui
865 3784 1017 3861 rigat
1065 3792 1153 3843 est
1208 3786 1533 3863 quiequam,
1593 3789 1696 3847 sed
1727 3790 1887 3849 Deus
1926 3791 2069 3850 dans
2125 3792 2557 3851 incrementum.
2645 3793 2757 3851 Dei
2786 3814 2933 3871 ergo

504 3883 703 3923 sumus
731 3863 1104 3942 cooperarii,’'
1136 3863 1243 3924 ὅτε.
1318 3866 1435 3925 Ubi
1465 3887 1580 3925 non
1603 3878 1825 3928 tantum
1858 3871 2017 3929 Deus
2040 3880 2097 3929 et
2123 3873 2385 3931 homines
2414 3882 2797 3950 opponuntur,
2830 3876 2939 3934 sed

505 3945 656 4003 actio
684 3945 933 4003 hominis
978 3946 1293 4022 plantantis
1342 3956 1400 4005 et
1429 3948 1673 4024 rigantis
1722 3971 1826 4027 per
1875 3951 2134 4009 Verbum
2181 3962 2375 4029 aperte
2425 3953 2804 4030 distinguitur
2849 3956 2930 4013 ab

505 4025 730 4083 actione
761 4024 985 4083 interna
1016 4027 1126 4085 Dei
1156 4027 1348 4085 dantis
1377 4027 1810 4104 incrementum,
1842 4030 1903 4087 id
1932 4039 2037 4105 est,
2069 4032 2188 4090 vim
2219 4034 2597 4110 germinandi,
2632 4035 2929 4093 crescendi

505 4113 564 4163 et
591 4104 993 4164 fructificandi.
1083 4106 1251 4165 Unde
1284 4108 1553 4185 plantans
1584 4119 1643 4168 et
1672 4110 1869 4186 rigans
1897 4111 2044 4169 nihil
2074 4132 2199 4171 esse
2229 4113 2499 4172 dicuntur
2525 4114 2749 4172 ratione
2791 4134 2927 4191 ope-

504 4184 744 4243 rationis
774 4185 1046 4261 ipsorum,
1076 4206 1192 4244 non
1222 4187 1485 4246 absolute
1542 4198 1600 4247 et
1630 4190 1982 4266 simpliciter,
2015 4193 2181 4268 quasi
2225 4213 2438 4252 vanum
2490 4193 2565 4252 sit
2593 4213 2791 4252 eorum
2820 4194 2927 4252 mi·

502 4263 819 4341 nisterium,
853 4265 954 4323 sed
1003 4274 1327 4343 comparate
1356 4287 1472 4344 prae
1524 4269 1668 4343 Dee,
1701 4269 1837 4347 quia
1889 4271 2035 4329 nihil
2088 4282 2298 4349 praetcr
2345 4283 2640 4333 externam
2697 4294 2931 4352 operam

504 4344 761 4403 conferre
787 4354 1047 4422 possunt,
1079 4367 1209 4423 quse
1239 4346 1360 4405 sine
1393 4348 1519 4406 Deo
1549 4349 1738 4408 inanis
1767 4349 1930 4425 foret,
1963 4352 2064 4428 qui
2107 4373 2224 4411 non
2264 4362 2488 4413 tantum
2519 4374 2649 4412 cum
2679 4355 2822 4432 ipsis
2850 4355 2927 4413 ad

504 4422 918 4499 plantationem
948 4434 1006 4483 et
1033 4425 1376 4502 rigationem
1406 4436 1705 4487 externam
1735 4431 2039 4507 concurrit,
2072 4433 2173 4491 sed
2198 4434 2355 4511 quod
2377 4434 2730 4511 praecipuum
2754 4444 2845 4494 est
2862 4436 2925 4494 in

503 4502 612 4561 hoc
642 4524 829 4581 opere,
850 4504 1030 4562 vitam
1061 4514 1119 4564 et
1146 4515 1521 4582 augmentum
1551 4519 1837 4586 operatur,
1862 4511 1922 4567 in
1951 4532 2066 4588 quo
2096 4513 2319 4572 nullum
2348 4515 2523 4573 habet
2545 4522 2766 4589 eme-731.
2810 4516 2925 4574 At·

506 4601 617 4657 que
648 4584 728 4641 ita
759 4583 974 4641 Paulus
1003 4585 1076 4641 ad
1106 4586 1469 4644 concordiam
1502 4589 1830 4649 Corinthios
1863 4591 2140 4668 hortatur,
2173 4603 2231 4653 et
2260 4595 2333 4653 ad
2376 4595 2779 4672 praevertenda
2806 4596 2925 4655 dis·

500 4661 648 4718 sidia
677 4671 735 4720 et
762 4662 1058 4735 factiones,
1112 4685 1240 4740 quae
1298 4667 1596 4725 occasione
1655 4670 1957 4729 Pastorum
2015 4673 2163 4732 inter
2191 4695 2291 4732 eos
2347 4676 2695 4734 videbantur
2721 4698 2734 4734 :
2780 4676 2930 4736 Cum
