3221 5200
487 316 603 373 502
1308 333 1496 373 Locus
1527 330 1794 372 nscnuus
1825 331 2112 375 Qum-rus,
2537 315 2795 395 [ths‘r.
2828 333 2928 372 xi.

491 475 636 531 facit
663 474 822 531 bona
848 476 1057 533 futura
1084 472 1402 532 subsistere
1431 471 1792 546 speculative
1822 471 1884 528 in
1926 471 2234 529 intellectu
2274 488 2379 545 per
2418 492 2762 542 assensum3
2806 476 2921 530 sed

495 553 788 626 praecipue
809 555 1065 627 practice
1087 553 1150 609 in
1172 553 1347 609 corde
1368 569 1472 624 per
1492 549 1772 607 fiduciam
1793 557 1853 607 et
1873 567 2051 623 spem.
2120 548 2299 606 Unde
2322 548 2478 607 Heb.
2504 551 2584 608 iii.
2609 552 2665 620 6,
2694 550 2785 619 14,
2807 559 2919 605 ὁσί-

497 659 654 685 ewm
674 632 814 687 fidei
841 651 946 706 per
974 640 1216 705 σαρῥηίω
1240 637 1300 686 et
1329 629 1610 686 fiduciam
1631 628 1876 701 exponit
1899 626 2140 684 Paulus.
2227 626 2328 684 Ita
2356 636 2556 698 ἴλιγχος
2585 630 2804 685 dicitur
2824 629 2926 684 in-

499 709 840 780 visibilium,
861 711 1004 785 quia
1028 729 1135 784 per
1159 708 1495 765 fiducialem
1522 705 2048 780 apprehensionem
2077 706 2235 763 sistit
2262 709 2437 764 oculo
2463 707 2604 766 fidei
2626 715 2919 780 tanquam

499 787 828 862 praesentia,
859 808 991 863 quse
1021 785 1342 844 invisibilia
1369 792 1510 841 sunt
1537 783 1725 852 oculis
1752 784 2047 857 corporis;
2096 790 2166 840 ut
2202 783 2297 840 hic
2329 804 2451 844 non
2472 793 2688 860 agatur
2714 787 2788 842 de
2809 785 2923 842 de-

499 866 929 923 monstratione
957 883 1115 922 mere
1142 864 1339 938 logica
1365 871 1424 920 et
1445 862 1785 930 theoretica,
1809 881 1943 936 quae
1962 862 2267 937 scientiam
2293 864 2504 937 gignit,
2527 865 2629 921 sed
2649 865 2723 919 de
2744 880 2926 937 prac-

499 943 615 999 tica
641 950 702 999 et
727 945 1010 1013 fiduciali,
1033 963 1167 1017 quae
1190 942 1421 1000 aditum
1448 943 1526 998 ad
1550 941 1748 997 Deum
1777 948 1965 1014 parat,
1992 940 2165 998 Rom.
2179 959 2234 996 v.
2261 942 2316 1011 2,
2330 942 2486 999 Heb.
2515 943 2595 998 xi.
2616 942 2671 998 6.
2716 941 2845 998 Nec
2862 941 2922 998 si

501 1021 658 1078 inter
674 1029 844 1079 actus
860 1023 1016 1091 fidei,
1027 1024 1102 1079 de
1121 1039 1241 1096 qua
1256 1018 1770 1094 loquiturPauluS‚
1783 1018 1939 1075 Heb.
1951 1020 2053 1089 xi.,
2065 1018 2322 1077 refertur
2339 1021 2552 1078 notitia
2564 1019 2921 1086 Creationis,

500 1117 619 1154 ver.
645 1099 699 1167 3,
725 1101 990 1173 sequitur
1010 1099 1250 1157 excludi
1276 1100 1354 1155 fid
1364 1099 1591 1167 uciam;
1622 1097 1763 1170 quia
1788 1098 1969 1153 unius
1989 1097 2201 1172 positio
2224 1116 2345 1155 non
2367 1107 2454 1155 est
2476 1098 2739 1156 exclusio
2766 1098 2925 1153 alte-

499 1177 642 1234 riuS.
728 1178 907 1245 Quod
933 1178 1107 1235 facile
1135 1196 1210 1235 ex
1236 1176 1521 1250 exemplis
1547 1176 1624 1232 ab
1654 1175 1949 1249 Apostolo
1979 1176 2175 1233 allatis
2213 1177 2354 1232 fidei
2397 1176 2644 1234 Patrum
2685 1175 2923 1249 colligi·-
3000 1217 3009 1224 .

502 1263 617 1323 tur,
641 1274 776 1329 qnae
794 1274 913 1312 non
934 1263 1171 1314 tantum
1198 1262 1338 1312 sunt
1364 1253 1728 1328 speculativa
1742 1254 1974 1323 mentis,
2004 1255 2105 1310 sed
2127 1262 2186 1310 et
2212 1255 2515 1312 fiducialia
2536 1254 2745 1322 cordiS,
2768 1271 2923 1327 qua-

503 1340 676 1390 tenus
707 1333 913 1391 Patres
940 1334 1430 1409 promissionibus
1462 1331 1572 1388 Dei
1602 1350 1724 1387 non
1765 1332 1960 1387 solum
1986 1337 2144 1387 certo
2173 1333 2406 1402 assensi,
2431 1334 2533 1390 sed
2571 1340 2631 1388 et
2669 1332 2923 1387 firmiter

502 1412 705 1468 confisi
732 1412 995 1484 fuerunt,
1020 1420 1089 1470 ut
1108 1412 1380 1485 exempla
1403 1408 1651 1478 Enochi,
1675 1408 1739 1465 N
1742 1409 1929 1478 oachi,
1957 1410 2538 1481 Abrahami,·Mosis‚
2562 1418 2621 1467 et
2642 1410 2922 1478 aliorum,

505 1497 817 1547 testantur.

588 1566 745 1623 XII.
793 1568 972 1636 Quod
1001 1587 1109 1642 pro
1138 1570 1368 1643 objecto
1395 1568 1576 1624 habet
1603 1573 1799 1622 totum
1836 1565 1944 1622 Dei
1982 1565 2249 1623 Verbum
2277 1574 2399 1623 tam
2440 1569 2709 1642 generice
2736 1585 2921 1641 quam

507 1645 788 1717 specifice,
820 1648 882 1703 id
912 1666 1029 1703 non
1070 1653 1159 1703 est
1196 1646 1431 1714 fiducia,
1462 1645 1671 1701 fateor.
1757 1643 1873 1700 Sed
1903 1645 2064 1717 quod
2106 1663 2214 1718 pro
2244 1646 2475 1719 objecto
2517 1646 2814 1703 communi
2855 1652 2924 1700 et

505 1724 778 1796 generico
807 1726 986 1782 habet
1015 1731 1209 1781 totum
1233 1724 1344 1781 Dei
1375 1723 1665 1789 Verbum,
1696 1729 1888 1795 potest
1915 1722 2131 1778 habere
2158 1741 2268 1797 pro
2296 1725 2535 1797 proprio
2564 1731 2626 1781 et
2650 1724 2924 1798 specifico

507 1800 920 1874 promissiones
945 1802 1173 1875 gratiae.
1260 1803 1410 1870 Quae
1441 1802 1551 1858 sub
1583 1800 1736 1856 illud
1765 1801 2003 1869 cadunt,
2032 1819 2138 1873 per
2164 1819 2480 1871 assensum,
2511 1804 2614 1858 sed
2642 1822 2775 1876 quae
2805 1802 2923 1859 sub

510 1881 640 1947 hoc,
670 1898 776 1953 per
816 1895 1116 1937 assensum
1145 1880 1322 1936 simul
1350 1887 1409 1936 et
1435 1878 1730 1946 fiduciam,
1762 1879 2102 1935 creduntur.

590 1956 786 2014 XIII.
838 1959 1008 2016 Licet
1042 1967 1095 2013 τὸ
1127 1959 1363 2014 credere
1410 1957 1733 2031 aliquando
1782 1964 2049 2013 sumatur
2092 1975 2200 2030 pro
2241 1958 2509 2014 assentiri
2560 1958 2924 2032 simplicite&

511 2033 574 2090 N
578 2053 656 2090 on
685 2037 952 2110 sequitur
979 2055 1207 2112 semper
1232 2037 1318 2093 ita
1343 2036 1515 2105 sumi,
1545 2035 1644 2091 vel
1670 2041 1859 2090 totam
1887 2041 2164 2091 naturam
2190 2036 2326 2092 fidei
2356 2038 2483 2092 solo
2512 2054 2756 2093 assensu
2781 2055 2926 2093 con-

512 2113 703 2183 tineri,
734 2115 879 2188 quia
905 2114 1037 2172 aliis
1064 2114 1387 2171 innumeris
1414 2114 1476 2169 in
1504 2113 1651 2170 locis
1676 2123 1727 2167 n*
1750 2113 1983 2169 credere
2012 2119 2315 2169 assensum
2356 2121 2416 2170 et
2455 2115 2734 2171 fiduciam
2762 2132 2927 2171 com-

510 2191 807 2263 plectitur.

595 2269 774 2327 XIV.
819 2271 1079 2329 'Pantum
1108 2274 1291 2340 abest,
1322 2279 1390 2328 ut
1416 2290 1490 2328 ex
1529 2272 1801 2344 exemplo
1826 2271 2107 2339 Abrahae,
2136 2271 2211 2326 de
2239 2289 2358 2343 quo
2388 2269 2563 2328 Rom.
2591 2271 2689 2341 iv„
2717 2271 2925 2345 colligi

509 2348 695 2421 possit
720 2350 898 2405 fidem
927 2369 1046 2406 non
1074 2369 1199 2408 esse
1234 2350 1532 2418 fiduciam,
1562 2356 1633 2404 ut
1660 2368 1736 2405 ex
1772 2367 1841 2406 eo
1869 2349 2086 2405 invicte
2115 2348 2552 2405 demonstretur
2593 2350 2925 2406 necessario

512 2426 573 2481 in
603 2444 674 2483 ea
700 2427 948 2497 includi,
978 2428 1120 2502 quia
1147 2447 1268 2486 non
1295 2434 1493 2501 posset
1517 2426 1637 2483 dici
1662 2437 2005 2497 πληροφορηθεὶς,
2030 2433 2089 2482 et
2117 2425 2426 2483 credidisse
2452 2429 2553 2484 sub
2594 2448 2693 2503 spe
2720 2437 2941 2503 contra*

511 2524 686 2578 spem,
717 2505 832 2561 nisi
872 2523 977 2579 per
1021 2508 1323 2574 fiduciam,
1372 2511 1665 2578 quatenus
1712 2507 1943 2561 firmam
1990 2505 2048 2561 in
2095 2505 2269 2561 corde
2291 2507 2559 2580 concepit
2577 2508 2651 2563 de
2673 2506 2925 2564 veritate

514 2589 573 2640 et
592 2583 862 2658 potentia
883 2583 997 2642 Dei
1017 2585 1314 2653 fiduciam,
1338 2583 1476 2639 licet
1498 2583 1701 2641 omnia
1716 2581 2010 2640 contraria
2029 2583 2389 2641 viderentur.
2422 2584 2522 2642 Ita
2543 2604 2662 2644 ver.
2687 2585 2780 2653 20,
2798 2603 2921 2643 non

512 2669 711 2735 posset
737 2662 854 2718 dici
883 2681 996 2719 non
1023 2665 1303 2720 hoesitasse
1331 2659 1659 2737 diffidentia,
1688 2661 1801 2718 nisi
1830 2668 2124 2734 quatenus
2160 2680 2264 2735 per
2302 2662 2581 2720 fiduciam
2620 2664 2709 2719 illi
2736 2682 2929 2737 oppo-

513 2739 687 2794 sitam
728 2740 1106 2798 confirmatus
1132 2740 1248 2796 fuit
1294 2741 1577 2797 adversus
1618 2757 1689 2797 ea
1729 2739 1932 2795 omnia
1969 2759 2103 2814 quae
2137 2740 2369 2798 obstare
2396 2742 2746 2798 videbantur
2784 2759 2926 2813 pro-

517 2816 780 2872 missioni
809 2816 1045 2874 divinae.
1552 2851 1562 2859 -

594 2893 738 2952 XV.
784 2894 848 2952 Si
876 2896 1093 2952 fiducia
1122 2914 1161 2953 a
1189 2896 1565 2954 Scholasticis
1590 2896 1811 2953 dicitur
1836 2916 1961 2970 spes
1989 2899 2284 2966 roborata,
2326 2899 2440 2956 hoc
2468 2898 2924 2971 intelligendum

512 2972 589 3027 de
615 2972 834 3030 fiducia
861 2974 1003 3048 spei,
1033 2993 1166 3048 quae
1196 2993 1234 3032 a
1257 2975 1493 3045 fiducia,
1524 2994 1657 3049 quae
1686 2975 1924 3049 propria
1951 2983 2039 3032 est
2064 2976 2219 3045 fidei,
2249 2977 2451 3034 differt
2471 2977 2531 3033 in
2560 2976 2757 3045 variiS‚
2787 2975 2932 3051 quia

515 3050 623 3107 illa
639 3057 727 3107 est
754 3058 992 3110 tantum
1018 3052 1210 3110 futuri
1237 3054 1398 3123 boni,
1419 3054 1532 3111 ista
1558 3072 1699 3111 vero
1722 3060 1811 3111 est
1836 3055 2155 3128 praesentiS,
2184 3055 2280 3111 vel
2308 3056 2479 3129 quasi
2507 3055 2827 3129 praesentis,
2858 3061 2932 3111 ut

515 3135 576 3186 et
601 3130 902 3203 praeteriti.
935 3131 1058 3189 Illa
1083 3151 1191 3207 pro
1220 3133 1451 3208 objecto
1491 3132 1683 3207 magis
1710 3134 1893 3189 habet
1919 3153 2035 3190 rem
2083 3130 2270 3200 Verbi,
2303 3132 2385 3190 id.
2414 3134 2570 3190 bona
2596 3132 2925 3207 promissa;

519 3206 648 3264 Ista
674 3226 814 3265 vero
842 3210 1039 3284 potius
1058 3208 1306 3269 Verbum
1332 3213 1435 3282 rei,
1465 3229 1570 3268 seu
1590 3211 2004 3285 promissiones
2029 3211 2229 3286 ipsiuS.
2276 3211 2377 3268 Ita
2403 3219 2601 3269 tamen
2619 3210 2928 3281 differunt,

517 3293 587 3343 ut
612 3304 734 3343 una
761 3289 842 3344 ub
869 3290 1058 3346 altera
1083 3292 1355 3365 pendeat,
1386 3308 1493 3347 nec
1519 3290 1773 3346 invicem
1815 3290 2075 3364 separari
2103 3290 2343 3364 possint.

1447 3506 1833 3579 QUAESTIO
1878 3507 1996 3564 XI.

1421 3684 1498 3723 DE
1541 3684 1797 3723 oss-JECTO
1844 3685 2019 3758 b'IDEI.

526 3830 824 3897 Quodnam
864 3825 934 3883 sit
974 3825 1237 3900 objectum
1280 3825 1449 3883 Fidei
1473 3826 1528 3882 in
1552 3828 1800 3961 qenge?
1870 3828 1950 3883 Ec
1978 3826 2066 3881 An
2100 3825 2183 3880 illi
2207 3826 2419 3884 subesse
2453 3827 2630 3901 possit
2653 3828 2871 3899 salsum
2898 3826 2928 3882 ,²

1707 3925 1797 3983 eg.

603 4068 653 4125 1.
697 4067 846 4141 Quia
877 4067 1029 4123 circa
1067 4063 1203 4122 fidei
1238 4067 1516 4141 Objectum
1557 4065 1735 4124 variae
1762 4073 2067 4123 moventur
2097 4065 2471 4139 QuaestioneS‚
2520 4064 2608 4122 De
2650 4063 2768 4121 illis
2808 4063 2925 4120 dis-

520 4149 697 4207 tincte
725 4145 1012 4222 agendum
1039 4167 1052 4219 ;
1104 4144 1259 4220 quod
1287 4158 1532 4223 quatuor
1562 4145 2060 4221 Propositionibus
2088 4144 2536 4221 complectimur.

526 4255 691 4299 Prima
713 4252 1000 4309 propositio,
1125 4225 1209 4282 II.
1257 4225 1451 4283 Prima
1493 4225 1853 4301 Propositio:
1903 4227 2180 4300 Objeclum
2205 4226 2353 4303 fidei
2391 4226 2546 4282 debet
2564 4244 2678 4281 esse
2712 4242 2924 4297 verum,

580 4313 640 4357 do
654 4311 858 4367 objecto
878 4309 1004 4362 fidoi,
1046 4324 1145 4362 nec
1198 4305 1286 4361 illi
1314 4314 1500 4381 potest
1539 4306 1756 4362 subesse
1783 4307 2022 4379 falsum.
2110 4304 2280 4363 Ratio
2330 4305 2454 4378 est,'
2482 4304 2619 4379 quia
2665 4302 2925 4361 Verbum

581 4369 1004 4473 ξξξξωάθξζξζῖῗ
1048 4383 1159 4442 Dei
1201 4384 1386 4441 solum
1428 4393 1516 4442 est
1557 4385 1843 4461 objectum
1888 4383 2040 4457 fidei,
2085 4384 2240 4459 quod
2275 4393 2363 4444 est
2391 4385 2773 4455 verissimum,
2817 4401 2927 4440 nec

582 4499 708 4530 sum.
753 4459 764 4479 '
1043 4471 1234 4540 potest
1261 4463 1365 4520 ulli
1394 4465 1569 4522 errori
1598 4465 1695 4523 vel
1724 4464 2022 4522 mendacio
2065 4463 2378 4522 obnoxium
2422 4484 2565 4538 esse,
2598 4483 2714 4520 non
2741 4462 2930 4538 magis

523 4564 694 4678 paam
729 4543 887 4600 Deus
915 4542 1037 4619 ipse
1065 4543 1194 4619 ejus
1220 4543 1442 4616 author,
1464 4544 1564 4619 qui
1592 4553 1681 4604 est
1708 4544 1996 4621 ipsissima
2016 4543 2246 4617 veritas,
2278 4544 2490 4620 quique
2512 4554 2576 4602 nt
2598 4563 2713 4600 non
2741 4549 2938 4619 potest

546 4622 662 4693 alli,
695 4622 775 4677 ita
803 4641 908 4677 nec
936 4631 1124 4696 potest
1153 4641 1478 4697 quenquam
1530 4622 1744 4697 fallere,
1794 4624 2019 4681 mentiri
2048 4623 2293 4680 nescius.
2383 4625 2465 4680 At
2494 4624 2539 4679 si
2571 4622 2704 4680 fidei
2734 4629 2935 4696 posset
