3221 5200
537 360 656 416 120
1421 371 1604 415 Locus
1633 373 1997 416 monemus
2529 348 2781 432 [Quaes'r.
2814 369 2956 409 xxx.-

535 535 666 575 mus
693 523 753 574 et
782 515 941 592 Lege
967 514 1225 591 vetitam,
1248 515 1331 574 ita
1357 522 1418 574 et
1444 515 1639 592 quoad
1665 536 1865 575 omnes
1886 523 2050 576 actus
2071 523 2132 574 et
2157 520 2349 572 motus
2376 511 2511 571 inde
2534 512 2801 587 orientes,
2825 509 2959 569 sive

537 605 853 672 sequantur
878 595 1174 654 formalem
1203 595 1521 654 voluntatis
1555 615 1916 671 consensum,
1949 597 2072 655 sive
2100 614 2230 653 eum
2265 591 2626 652 antecedant.

1143 674 1264 732 XI.
1329 675 1541 750 Primo,
1591 675 1740 749 Quia
1787 675 2023 734 damnat
2068 695 2169 733 eos
2217 671 2696 749 concupiscentiae
2737 677 2953 744 motus,

538 729 899 832 Probatpgtzme
915 743 1022 788 1³00·
1063 773 1210 831 quos
1235 755 1468 813 nonnisi
1493 775 1598 832 per
1627 755 1844 832 Legem
1888 756 2160 832 scriptam
2186 754 2361 811 homo
2404 770 2753 828 cognoscere
2782 757 2947 827 potu·

1060 833 1219 909 isset,
1247 841 1315 893 ut
1344 834 1666 912 Apostolus
1691 842 1954 894 testatur.
2040 834 2125 892 At
2165 842 2357 892 motus
2381 830 2694 890 voluntarii
2724 849 2951 889 *concu-

538 913 834 990 piscentiae
858 932 980 972 non
1004 913 1192 990 ignoti
1219 913 1451 972 fuerunt
1477 913 1621 991 ipsis
1649 914 1933 989 Ethnicis,
1964 922 2030 972 ut
2048 914 2246 973 vitiosi
2274 920 2333 971 et
2360 910 2689 970 inordinati.
2775 905 2955 969 Unde

538 992 688 1053 illud
719 993 972 1071 Senecae,
1002 995 1187 1052 Latro
1215 1003 1297 1052 est
1322 1003 1626 1071 antequam
1652 995 1902 1073 inquinet
1924 1014 2141 1070 manus,
2172 1000 2232 1051 et
2258 993 2301 1051 J
2305 991 2585 1066 uvenali3,
2956 1021 2957 1028 κ

1019 1155 1180 1211 Nam
1206 1155 1381 1212 scelus
1407 1154 1562 1212 intra
1586 1173 1647 1212 se
1675 1163 1889 1214 tantum
1917 1153 2018 1232 qui
2040 1153 2249 1231 coqitat
2272 1154 2447 1210 ullum

1021 1234 1192 1292 Facti
1215 1233 1426 1292 em'men
1451 1235 1630 1292 habet.

541 1392 600 1450 2.
651 1388 802 1464 Quia
843 1390 991 1450 tales
1029 1399 1224 1452 motus
1249 1409 1367 1450 non
1408 1393 1762 1452 conveniunt
1805 1391 2098 1452 sanctitati
2125 1399 2185 1451 et
2230 1388 2483 1469 puritati,
2513 1407 2688 1465 quam
2717 1386 2878 1445 Deus
2918 1405 2965 1444 a·

540 1468 711 1528 nobis
738 1470 1010 1547 postulat,
1029 1479 1089 1530 et
1107 1471 1446 1549 perfectioni
1464 1472 1757 1550 requisitae
1779 1472 2009 1531 amandi
2040 1473 2229 1531 Deum
2257 1477 2380 1530 toto
2408 1468 2580 1528 corde
2608 1475 2667 1526 et
2687 1465 2960 1525 omnibus

542 1548 765 1609 viribus
788 1570 805 1626 ς
849 1550 1108 1627 Ideoque
1134 1571 1252 1609 non
1278 1560 1524 1628 possunt
1550 1572 1669 1610 non
1696 1571 1823 1610 esse
1851 1552 2047 1611 vitiosi
2075 1560 2134 1611 et
2178 1550 2363 1627 ἄνομοι.
2449 1551 2504 1607 3.
2536 1547 2684 1623 Quia
2710 1546 2809 1605 alii
2830 1566 2952 1604 mo-

542 1636 639 1687 tus
658 1629 783 1706 jam
810 1630 979 1690 vetiti
1006 1639 1141 1690 sunt
1168 1631 1298 1689 aliis
1325 1631 1644 1710 praeceptiS,
1676 1631 1736 1689 in
1764 1631 1975 1708 quibus
2005 1631 2131 1690 Lex
2156 1631 2241 1690 ita
2279 1628 2546 1708 prohibet
2572 1635 2736 1686 actus
2763 1633 2955 1684 exter-

541 1727 667 1783 nos,
698 1718 764 1769 ut
791 1710 928 1786 quia
976 1719 1065 1769 est
1099 1710 1413 1788 spiritualis
1461 1712 1636 1770 etiam
1683 1711 1919 1770 damnet
1964 1712 2239 1769 internos.
2326 1708 2423 1767 Sic
2452 1707 2681 1766 Christo
2729 1705 2960 1764 adulter

544 1788 771 1865 dicitur,
801 1789 903 1866 qui
929 1790 1130 1850 uxoris
1158 1790 1360 1849 alienae
1388 1792 1725 1869 pudicitiam
1754 1791 1937 1850 oculis
1965 1791 2182 1849 delibat
2210 1798 2269 1848 et
2295 1786 2625 1866 aspiciendo
2654 1785 2953 1863 concupis·
3050 1779 3056 1788 ’

543 1868 640 1942 cit,
685 1870 898 1929 Matth.
942 1889 1002 1928 v.
1032 1872 1144 1946 283
1189 1879 1249 1929 et
1288 1870 1548 1929 Johanni
1596 1874 1633 1905 ‘⁴
1673 1870 1963 1930 homicida
2003 1878 2093 1929 est
2135 1869 2236 1947 qui
2284 1868 2409 1927 odit
2450 1867 2683 1926 fratrem
2725 1866 2952 1938 suum,'’

549 1949 579 2005 1
602 1949 645 2007 J
649 1968 702 2007 0.
730 1949 814 2007 iii.
843 1951 936 2009 15.
1022 1950 1087 2009 Si
1112 1970 1253 2027 ergo
1270 1951 1417 2009 tales
1444 1960 1637 2010 motus
1654 1959 1878 2010 tantum
1896 1957 2182 2024 vetantur,
2212 1948 2361 2006 nihil
2386 1947 2525 2006 novi
2552 1945 2958 2024 praeciperetur

544 2035 646 2086 aut
672 2029 1072 2106 prohiberetur
1097 2038 1384 2108 praecepto
1425 2030 1538 2089 isto
1581 2050 1756 2106 supra
1795 2030 2033 2106 reliqua,
2063 2028 2222 2106 quod
2262 2027 2592 2086 absurdum.
2677 2023 2957 2099 Quamvis

545 2108 699 2165 enim
727 2128 844 2167 non
871 2128 1150 2186 negemus
1175 2110 1288 2168 hoc
1315 2118 1664 2188 praeceptum
1694 2109 2084 2186 superioribus
2126 2107 2387 2166 additum
2415 2125 2543 2165 esse
2582 2125 2686 2182 per
2720 2103 2956 2162 modum

545 2187 765 2264 regulae
792 2188 1096 2265 generalis,
1126 2189 1245 2248 illis
1272 2189 1334 2248 in
1361 2185 1484 2249 foro
1514 2189 1881 2248 conscientiae
1923 2187 2253 2265 expressius
2281 2184 2642 2245 declarandis
2688 2193 2747 2242 et
2773 2182 2955 2261 appli-

546 2267 766 2343 candis,
796 2267 1018 2345 aliquid
1045 2276 1239 2328 tamen
1266 2268 1506 2329 ulterius
1534 2268 1828 2346 designari
1856 2267 2150 2327 distinctio
2177 2274 2592 2344 praeceptorum
2634 2262 2958 2322 necessario

545 2346 819 2423 postulat,
850 2347 1008 2424 quod
1033 2348 1179 2406 nihil
1221 2348 1379 2407 aliud
1407 2368 1534 2409 esse
1575 2356 1784 2426 potest,
1815 2367 1988 2425 quam
2030 2345 2509 2423 concupiscentiae
2549 2344 2782 2401 habitus
2826 2362 2957 2400 cum

546 2426 748 2503 primis
788 2428 917 2504 ejus
957 2427 1248 2504 motibus3
1298 2437 1364 2487 ut
1404 2428 1487 2487 ita
1530 2428 1881 2502 ostendatur,
1913 2434 2194 2504 quantum
2236 2426 2364 2484 Lex
2406 2424 2605 2489 divina
2631 2422 2857 2481 differat
2884 2422 2959 2479 ab

546 2505 831 2644 Ιιιιιιᾶαῃίε,
863 2526 993 2584 quse
1019 2515 1212 2566 motus
1256 2515 1481 2566 tantum
1509 2516 1781 2567 externos
1828 2507 2158 2584 respiciunt,
2188 2525 2296 2565 nec
2337 2503 2413 2562 ad
2459 2503 2674 2561 fontem
2701 2502 2839 2560 mali
2867 2521 2961 2560 as-

547 2604 656 2644 cen
696 2593 820 2644 unt.

1158 2664 1315 2725 XII.
1360 2665 1641 2740 Quamvis
1680 2671 1736 2725 τὶ
1778 2664 2015 2739 ἀποίου-ιον,
2060 2664 2220 2742 quod
2261 2672 2351 2724 est
2404 2661 2856 2722 involuntarium
2897 2668 2963 2735 et

1077 2742 1324 2802 invitum
1351 2765 1456 2822 per
1493 2745 1833 2804 nolitionem
1861 2746 2187 2823 positivam,
2218 2763 2335 2802 non
2378 2743 2454 2801 sit
2492 2750 2809 2819 peccatum,
2839 2760 2958 2798 non

1075 2823 1336 2900 sequitur
1360 2825 1506 2882 nihil
1533 2825 1814 2883 rationem
1842 2824 2066 2902 peccati
2091 2824 2304 2882 habere
2333 2841 2522 2899 posse,
2553 2820 2710 2898 quod
2736 2840 2850 2878 non
2881 2820 2958 2879 sit

550 2897 756 2959 ίιοῦσιυ
784 2906 843 2958 et
868 2899 1261 2961 voluntarium
1282 2903 1599 2963 formaliter
1627 2912 1685 2962 et
1713 2904 1911 2963 stricte
1953 2925 2029 2963 ex
2058 2903 2376 2962 deliberato
2397 2909 2559 2959 motu
2586 2908 2645 2959 et
2672 2919 2958 2958 consensu

551 2979 909 3057 voluntatis;
974 2981 1058 3041 sic
1106 2983 1260 3041 enim
1307 3003 1415 3043 nec
1458 2992 1761 3061 peccatum
1805 2983 2104 3061 originale,
2155 3003 2262 3042 nec
2309 2988 2547 3059 peccata
2595 2980 2957 3056 ignorantiae,

552 3067 748 3117 essent
773 3079 912 3118 vera
951 3070 1229 3139 peccata:
1284 3063 1387 3123 sed
1416 3063 1626 3123 sufficit
1652 3072 1719 3124 ut
1745 3064 2136 3122 voluntarium
2165 3062 2390 3120 dicatur
2424 3061 2557 3135 late,
2588 3059 2725 3137 quia
2750 3059 2957 3117 volun-

552 3147 731 3197 tatem
758 3139 949 3216 afficit,
979 3150 1039 3201 et
1078 3142 1165 3200 illi
1205 3142 1463 3202 inhaeret.
1549 3143 1715 3203 Licet
1756 3163 1895 3221 ergo
1933 3151 2123 3201 motus
2150 3142 2335 3219 primo
2355 3139 2527 3218 primi
2566 3158 2684 3197 non
2711 3139 2827 3197 sint
2853 3158 2964 3197 vo·-

552 3218 789 3278 luntarii
814 3221 992 3297 priori
1029 3242 1219 3296 sensu,
1250 3223 1398 3282 bene
1439 3230 1634 3283 tamen
1671 3224 1754 3283 ita
1778 3230 2062 3283 vocantur
2087 3220 2406 3300 posteriori,
2438 3220 2576 3298 quia
2599 3217 2960 3277 voluntatem

551 3298 824 3375 afficiunt,
855 3308 914 3359 et
941 3302 1001 3358 in
1029 3320 1099 3359 ea
1126 3302 1538 3379 subjectantur.
1577 3298 1596 3311 ⁶
2359 3354 2371 3365 .

636 3378 828 3436 XIII.
873 3379 1038 3438 Licet
1066 3381 1211 3438 tales
1240 3389 1431 3439 motus
1458 3401 1575 3439 non
1603 3382 1720 3441 sint
1747 3382 1807 3439 in
1834 3389 2033 3440 nostra
2069 3387 2372 3456 potestate,
2402 3392 2519 3437 non
2546 3376 2736 3436 minus
2764 3384 2961 3435 tamen

557 3464 692 3514 sunt
731 3456 1059 3532 inordinati,
1103 3458 1242 3535 quia
1277 3479 1384 3517 nec
1423 3460 1640 3519 bonum
1682 3481 1827 3537 opus
1869 3459 2169 3537 quodlibet
2200 3467 2291 3517 est
2329 3459 2391 3515 in
2417 3465 2616 3516 nostra
2651 3464 2956 3534 potestate,

557 3534 726 3609 eujus
752 3541 947 3593 tamen
972 3537 1208 3595 omissio
1249 3557 1367 3595 non
1391 3538 1584 3597 minus
1623 3548 1710 3598 est
1754 3540 1965 3598 vitiosa
1997 3548 2057 3598 et
2093 3538 2455 3613 inordinata;
2500 3536 2627 3595 Lex
2665 3555 2805 3613 ergo
2840 3556 2961 3595 non

557 3612 806 3671 attendit
832 3614 906 3672 ad
935 3615 1090 3673 vires
1116 3615 1383 3692 hominis,
1415 3617 1517 3676 sed
1545 3618 1620 3676 ad
1649 3619 1897 3678 officium
1921 3641 1936 3695 ;
1966 3639 2084 3677 non
2104 3617 2243 3694 quid
2265 3617 2465 3695 possit,
2488 3616 2587 3674 vel
2613 3635 2731 3673 non
2755 3616 2961 3693 possit,

557 3690 661 3750 sed
703 3692 845 3769 quid
871 3701 1136 3754 teneatur
1161 3703 1433 3772 praestare
1463 3696 1522 3754 in
1550 3698 1882 3757 moralibus.

639 3771 819 3829 XIV.
865 3773 1065 3833 Motus
1106 3774 1584 3853 concupiscentiae
1627 3780 1917 3836 naturales
1956 3796 2075 3835 non
2114 3783 2358 3855 possunt
2385 3774 2501 3834 dici
2541 3773 2654 3832 nisi
2693 3782 2961 3852 respectu

558 3859 778 3911 naturae
806 3863 1088 3931 corruptae
1115 3873 1151 3912 a
1177 3874 1293 3931 qua
1318 3853 1538 3932 fluunt;
1570 3876 1686 3914 non
1714 3877 1854 3915 vero
1882 3865 2146 3934 respectu
2172 3864 2391 3914 naturae
2420 3874 2574 3914 sanae
2602 3862 2661 3912 et
2688 3853 2958 3946 integram

559 3949 692 3988 nam
722 3932 770 3990 si
801 3932 1066 3992 Adamus
1106 3952 1402 4011 nunquam
1428 3943 1742 4012 peccasset,
1774 3937 1921 3996 tales
1961 3943 2155 3996 motus
2189 3954 2485 4012 nunquam
2519 3942 2793 4011 expertus
2819 3933 2960 3992 fms-

559 4017 666 4086 set,
697 4012 799 4089 qui
825 4013 1141 4073 vitiositate
1169 4032 1363 4074 carere
1390 4033 1507 4073 non
1533 4022 1798 4093 possunt.

621 2727 801 2773 Fontes
824 2728 960 2774 Solu·

688 2785 896 2831 tionum.
