3221 5200
533 311 648 370 49ss
1314 326 1506 368 Locus
1536 318 1805 368 oremus
1833 326 2122 371 oum-rus.
2585 308 2865 381 [cums-r.
2917 321 3012 362 ιι,

624 468 701 525 V.
745 467 877 524 Nos
902 468 1082 525 fidem
1108 467 1172 523 in
1201 471 1490 542 conceptu
1518 485 1628 524 suo
1657 468 1932 526 notitiam
1961 467 2264 523 includere
2291 465 2625 531 statuimus,
2653 480 2786 519 non
2812 463 3002 536 quod

543 547 686 604 fides
709 546 786 603 sit
813 547 1087 604 absolute
1114 546 1273 601 idem
1305 565 1439 603 cum
1468 546 1699 615 notitia,
1733 547 1826 602 vel
1875 547 2038 620 quod
2068 546 2303 601 credere
2332 545 2491 599 idem
2528 542 2605 598 sit
2644 559 2715 597 ac
2748 541 3000 597 intolli-

542 642 699 698 gere,
737 631 807 680 ut
847 625 1131 681 Bellarm.
1174 641 1485 698 perperam
1527 624 1885 680 sententiam
1928 630 2192 680 nostram
2244 620 2547 696 proponit3
2606 619 2732 676 Sed
2790 621 3000 692 quod,

542 721 679 759 cum
706 720 896 776 genus
925 702 1197 759 omnium
1225 702 1540 759 habituum
1569 702 1646 758 sit
1670 702 1903 771 notitia,
1932 702 2079 757 fides
2107 709 2306 758 autem
2335 700 2463 774 ipso
2493 697 2727 754 fatente
2761 697 2849 753 sit
2884 698 3001 753 ha-

541 780 700 837 bitus
727 781 1083 848 intellectus,
1112 778 1259 835 fides
1286 781 1465 837 etiam
1506 781 1836 837 necessario
1878 780 2155 836 notitiam
2191 779 2407 835 debeat
2434 775 2753 849 complecti
2788 783 2864 831 ut
2913 778 2997 831 sit

543 876 699 916 vera.
785 859 965 916 Unde
995 863 1158 930 patet
1184 875 1306 913 non
1334 858 1494 914 bona
1519 859 1636 913 fide
1659 857 2096 914 Bellarminum
2122 863 2383 913 mentem
2404 852 2639 912 Calviui
2667 871 2997 926 exponere

542 955 730 1011 quum
757 937 859 1005 ait,
891 943 925 968 “
952 935 1111 992 Eum
1140 933 1352 1004 dicere,
1383 953 1503 990 non
1546 935 1901 1008 ignorantia,
1933 954 2041 991 nec
2068 953 2273 991 sensus
2316 931 2501 989 nostri
2543 931 2990 1000 submissione,

543 1015 647 1071 sed
671 1013 1012 1087 cognitione
1041 1018 1200 1067 certa
1227 1019 1287 1068 et
1313 1014 1625 1086 explorata
1651 1031 1905 1086 regnum
1932 1013 2214 1070 coelorum
2239 1011 2445 1080 adiri,”
2470 1017 2538 1065 ut
2566 1027 2641 1064 ex
2669 1010 2818 1082 ejus
2846 1028 2991 1065 ver-

542 1092 632 1147 bis
659 1091 862 1164 colligi
891 1096 1099 1164 potest.
1165 1088 1260 1146 Sic
1288 1091 1444 1146 enim
1471 1090 1572 1146 ille
1593 1091 1883 1164 loquitur,
1900 1091 2002 1147 lib.
2023 1090 2103 1147 iii.
2133 1090 2328 1147 Instit.
2349 1107 2472 1162 cap.
2498 1089 2553 1156 2,
2572 1106 2614 1142 s,
2642 1087 2700 1155 2,
2733 1087 2994 1144 “Scho-

535 1168 727 1226 lastici
755 1175 1154 1224 commentum
1181 1166 1546 1224 fabricarunt
1573 1168 1877 1242 implicitae
1903 1168 2059 1236 fidei,
2089 1186 2211 1242 quo
2240 1166 2481 1223 nomine
2502 1182 2768 1222 crassam
2799 1165 2985 1238 igno-

542 1245 797 1303 rantiam
859 1253 1154 1313 ornanteS,
1210 1246 1435 1302 miserae
1489 1247 1815 1320 plebeculae
1869 1265 2006 1303 cum
2069 1263 2289 1319 magna
2349 1243 2603 1318 pernicie
2669 1242 2984 1300 illudunt.

541 1323 807 1381 Hoccine
836 1324 1069 1379 credere
1098 1330 1203 1390 est,
1232 1324 1382 1379 nihil
1405 1323 1754 1396 intelligere,
1784 1325 1964 1380 modo
1994 1342 2235 1380 sensum
2257 1330 2431 1379 tuum
2460 1320 2820 1377 obedienter
2865 1320 2985 1378 Ec-

543 1400 739 1458 clesiae
758 1400 1104 1457 submittas?
1135 1400 1269 1456 Non
1292 1402 1352 1457 in
1376 1401 1881 1475 ignoratione,sed
1904 1402 1964 1457 in
1987 1401 2325 1476 cognitione
2348 1400 2460 1457 sita
2480 1407 2570 1456 est
2589 1400 2760 1466 fides,
2786 1406 2986 1473 atque

540 1480 650 1536 illa
676 1479 919 1553 quidem
948 1495 1067 1534 non
1115 1477 1227 1534 Dei
1272 1481 1471 1547 mod0,
1503 1481 1605 1536 sed
1648 1480 1867 1536 divinae
1897 1479 2241 1536 voluntatis.
2285 1478 2416 1535 Nec
2456 1477 2615 1534 enim
2655 1495 2732 1533 ex
2764 1495 2846 1532 eo
2888 1497 2984 1534 sa-

538 1558 730 1614 lutem
757 1556 1194 1630 consequimur,
1224 1559 1319 1613 vel
1362 1559 1526 1631 quod
1568 1558 1761 1631 parati
1790 1577 1997 1614 sumus
2037 1576 2144 1632 pro
2173 1575 2314 1613 vero
2355 1555 2631 1630 amplecti
2673 1554 2982 1630 quicquid

543 1634 810 1692 Ecclesia
826 1635 1258 1709 praescripserit,
1284 1637 1376 1692 vel
1397 1637 1560 1709 quod
1577 1635 1935 1710 inquirendi,
1959 1635 2474 1708 cognoscendique
2490 1632 2874 1707 provinciam
2894 1636 2979 1691 ad

538 1715 732 1788 ipsam
771 1715 1123 1787 relegamu8‚
1168 1716 1269 1770 sed
1312 1715 1554 1788 quando
1599 1714 1797 1770 Deum
1840 1714 2217 1787 agnoscimus
2257 1713 2429 1769 nobis
2466 1730 2589 1769 esse
2630 1711 2983 1785 propitium

548 1790 786 1849 Patrem
806 1792 1286 1848 reconciliatione
1314 1811 1418 1866 per
1448 1791 1750 1849 Christum
1778 1791 1953 1859 facta,
1986 1795 2086 1848 διο.
2170 1790 2306 1847 Hac
2326 1791 2573 1864 inquam
2601 1789 2981 1862 cognitione,

542 1889 664 1927 non
687 1888 891 1927 sensus
917 1869 1106 1927 nostri
1137 1870 1542 1938 submissione,
1572 1869 1905 1941 ingressum
1934 1870 1995 1925 in
2026 1887 2276 1942 regnum
2300 1869 2411 1925 Dei
2435 1867 2844 1935 obtinemus,”
2869 1871 2982 1924 &a

545 1989 569 2032 1
630 1986 696 2031 fid
810 2002 828 2022 c
957 1989 1015 2031 u-
1141 1947 1257 2004 VI.
1306 1946 1381 2003 In
1410 1948 1525 2004 fide
1553 1947 1782 2004 includi
1810 1947 2082 2004 notitia-m
2111 1954 2290 2020 patet,
2324 1947 2376 2004 1.
2410 1946 2570 2013 Quia
2612 1963 2719 2018 per
2762 1945 2985 2001 notiti-

574 2002 726 2089 ntianff
753 2001 1014 2103 ῗιῖξὺέἓιιη
1057 2045 1151 2084 am
1195 2025 1493 2094 definitur,
1524 2024 1669 2083 Haec
1710 2037 1791 2082 est
1823 2025 1940 2082 vila
1980 2036 2196 2083 oeterna
2237 2036 2303 2081 ut
2321 2036 2373 2082 te
2415 2033 2774 2098 coynosoaut,
2823 2022 2981 2080 Joh.

605 2102 632 2147 1
652 2103 744 2148 Ex.
769 2104 880 2147 Joh.
903 2106 1015 2149 xvii.
1057 2105 1198 2162 xvii.
1213 2104 1267 2160 3.
1318 2103 1449 2161 Nec
1469 2105 1583 2160 hoc
1603 2106 1681 2160 ad
1705 2104 2104 2178 cognitionem
2126 2102 2468 2161 intuitivam
2494 2101 2699 2176 patriae
2722 2109 2979 2158 tantum

602 2162 646 2205 3.
1057 2183 1328 2252 refertur,
1353 2185 1454 2238 sed
1478 2182 1552 2239 ad
1578 2182 1979 2255 cognitionem
2002 2183 2324 2240 salutarem
2345 2182 2484 2238 fidei
2501 2181 2677 2236 debet
2697 2180 2984 2248 extendi,

545 2278 679 2334 quae
708 2258 766 2315 in
794 2258 890 2314 via
919 2262 1261 2332 requiritur,
1291 2279 1472 2334 quam
1504 2260 1773 2317 Christus
1812 2261 2089 2334 proponit
2116 2267 2185 2316 ut
2224 2261 2488 2316 medium
2517 2265 2746 2314 certum
2772 2264 2839 2313 et
2881 2257 2981 2314 in-

543 2336 796 2395 fallibile
825 2338 1223 2413 consequendi
1254 2339 1427 2395 istam
1453 2338 1658 2408 vitam,
1682 2345 1742 2394 et
1768 2357 1890 2413 quo
1919 2339 2049 2413 ipsa
2075 2340 2135 2395 in
2176 2339 2347 2395 nobis
2373 2339 2704 2404 inchoatur,
2737 2335 2767 2392 1
2821 2335 2867 2391 J
2871 2338 2978 2392 oh.

544 2435 600 2473 v.
618 2414 710 2472 13.
760 2413 857 2471 Sic
887 2413 1005 2472 Isa.
1036 2417 1139 2472 liii.
1176 2416 1265 2484 11,
1300 2417 1510 2473 Servus
1537 2438 1696 2472 meus
1712 2419 1910 2492 justus
1925 2416 2260 2494 jusltflcabt't
2286 2416 2495 2472 multos
2517 2414 2840 2488 coquitt'one
2860 2416 2979 2483 sui,

544 2494 624 2550 id.
656 2493 789 2560 fide,
821 2511 952 2565 quae
981 2495 1108 2550 sola
1135 2512 1242 2550 nos
1262 2494 1569 2566 justificat.
1657 2495 1836 2552 Unde
1863 2497 2004 2552 alibi
2027 2498 2157 2570 ejus
2177 2502 2345 2551 actus
2372 2513 2478 2569 per
2497 2493 2976 2550 intellectionem

549 2569 918 2639 describitur,
940 2570 1095 2628 Heb.
1119 2571 1197 2628 xi.
1229 2571 1283 2640 3,
1330 2578 1363 2604 “
1378 2572 1524 2630 Fide
1546 2572 1940 2647 intelligimus
1977 2576 2178 2633 secula
2199 2591 2322 2631 esse
2343 2579 2547 2648 aptata
2560 2570 2766 2629 Verbo
2787 2571 2976 2629 Dei.'’

549 2649 631 2707 Et
657 2648 698 2704 J
704 2649 799 2703 oli.
829 2646 905 2703 vi.
938 2649 1030 2716 69,
1064 2657 1098 2681 ‘⁴
1121 2649 1511 2719 Credidimus,
1541 2658 1601 2707 et
1623 2653 1977 2723 agnovimus
2004 2661 2063 2710 te
2092 2672 2214 2711 esse
2246 2652 2547 2711 Christum
2590 2650 2820 2708 Filium
2851 2650 2972 2708 Dei

550 2724 886 2792 Viventis,’'
913 2724 1014 2780 ubi
1043 2726 1256 2782 notitia
1297 2727 1541 2782 additur
1566 2728 1705 2784 fidei
1740 2732 1814 2785 ad
1859 2731 1989 2804 ejus
2029 2731 2324 2805 exegesin,
2352 2737 2422 2785 ut
2463 2730 2755 2785 innuatur
2799 2729 2866 2785 in
2896 2748 2976 2786 eo

546 2802 804 2879 positam
845 2819 985 2857 esse.
1072 2803 1239 2859 Alibi
1276 2805 1422 2860 fides
1465 2805 1818 2879 exprimitur
1859 2827 1964 2882 per
2004 2818 2295 2880 :neap-31«-
2320 2817 2539 2873 minue,
2569 2808 2981 2866 certitudinem

545 2880 951 2956 intelliyevltioe‚
986 2879 1209 2938 COIOSS.
1240 2881 1299 2937 il.
1325 2882 1378 2950 2,
1403 2900 1507 2955 per
1555 2893 1789 2952 laes'yuuen
1812 2895 2044 2956 ἇληθιῖας,
2075 2888 2112 2943 2
2140 2886 2291 2944 Tim.
2313 2885 2394 2942 ili.
2425 2886 2483 2948 7.

545 2985 587 3030 2.
636 2985 766 3035 Quia
805 2984 925 3029 fides
968 2991 1017 3027 „t
1141 2957 1298 3016 VII.
1344 2959 1398 3016 2.
1446 2959 1604 3026 Quia
1630 2962 1775 3019 fides
1797 2972 1858 3020 et
1882 2963 2153 3021 Verbum
2181 2971 2322 3021 sunt
2340 2965 2546 3033 relata,
2581 2963 2755 3020 Rom.
2783 2982 2848 3020 x.
2874 2965 2977 3034 17,

605 3044 822 3089 Verbum
898 3049 1017 3087 sunt
1057 3037 1098 3093 J
1103 3039 1200 3093 oh.
1233 3038 1307 3094 vi.
1336 3037 1431 3093 45.
1478 3038 1642 3112 Ergo
1672 3041 1774 3097 ubi
1802 3049 1890 3098 est
1915 3044 2077 3111 fides,
2108 3042 2191 3098 ibi
2218 3042 2394 3097 debet
2419 3059 2543 3097 esse
2565 3041 2794 3109 notitia,
2820 3043 2978 3115 qnia

609 3104 779 3147 relata.
1061 3115 1333 3172 Verbum
1376 3133 1496 3172 non
1553 3125 1749 3191 potest
1795 3120 1950 3176 credi
2001 3138 2109 3176 nec
2148 3118 2327 3193 recipi
2374 3120 2488 3175 nisi
2530 3128 2934 3193 cognoscatur
2960 3143 2978 3179 :

547 3216 689 3254 nam
717 3203 788 3252 ut
814 3195 1002 3268 ignoti
1033 3194 1204 3250 nulla
1231 3202 1321 3251 est
1347 3195 1584 3268 cupid0‚
1626 3196 1712 3253 ita
1758 3215 1867 3253 nec
1893 3216 2181 3254 assensus.
2267 3195 2348 3253 Et
2384 3198 2432 3252 si
2466 3198 2611 3254 fides
2638 3205 2728 3254 est
2754 3216 2828 3253 ex
2863 3217 2982 3255 au-

548 3275 682 3331 ditu
712 3273 917 3342 Verbi,
948 3281 1007 3330 et
1035 3291 1108 3328 ex
1135 3270 1509 3328 institutione
1541 3271 1752 3343 Patris,
1783 3282 1818 3307 “
1845 3274 2392 3348 Quisquis2audivit
2408 3282 2468 3330 et
2490 3275 2697 3332 didicit
2717 3294 2756 3332 a
2785 3272 2978 3333 Patre

548 3351 713 3408 venit
739 3351 815 3406 ad
849 3349 1209 3417 Christum‚”
1240 3348 1281 3404 J
1288 3350 1381 3405 oh.
1412 3350 1489 3405 vi.
1522 3351 1618 3421 45,
1649 3353 1951 3426 quomodo
1979 3360 2175 3426 potest
2201 3370 2325 3409 esse
2360 3352 2486 3413 sine
2514 3353 2775 3411 notitia?
2863 3356 2974 3412 An

549 3428 741 3483 fidelis
768 3433 963 3499 potest
989 3443 1112 3482 esse
1142 3432 1430 3484 samanae
1461 3427 1585 3484 sine
1614 3430 1953 3502 cognitione
1981 3449 2180 3487 rerum
2211 3448 2343 3504 quae
2372 3449 2411 3488 a
2438 3430 2568 3487 Deo
2598 3432 2942 3490 docentur?

547 3529 591 3573 3.
623 3528 752 3576 Quia
779 3528 1019 3571 confessio
1142 3502 1339 3560 VIII.
1391 3504 1445 3559 3.
1494 3504 1656 3571 Quia
1701 3507 2126 3565 confessionem
2168 3509 2308 3564 fidei
2344 3510 2537 3578 edere,
2567 3515 2629 3565 et
2670 3510 2976 3568 rationem

608 3585 720 3629 fidei
756 3586 896 3628 nobis
932 3586 1018 3628 im-
1060 3579 1190 3652 ejus
1228 3582 1474 3637 reddere
1506 3582 1813 3654 jubemur,
1858 3584 2013 3642 Rom
2064 3607 2120 3644 x.
2155 3586 2246 3654 10,
2299 3594 2334 3620 “
2361 3586 2553 3644 Corde
2582 3587 2846 3643 creditur
2887 3589 2969 3645 ad

610 3649 827 3701 peratur.
1052 3657 1368 3731 justitiam,
1398 3665 1458 3715 et
1485 3677 1586 3716 ore
1614 3662 1681 3718 fit
1707 3662 1994 3719 confessio
2023 3667 2100 3721 ad
2138 3665 2450 3721 salutem.’'
2536 3664 2617 3721 Et
2656 3665 2685 3721 1
2719 3664 2849 3721 Pet.
2880 3666 2968 3722 iii.

552 3737 642 3807 15,
676 3743 710 3769 ‘⁴
735 3733 940 3793 Estote
969 3736 1155 3810 parati
1185 3737 1260 3793 ad
1291 3736 1581 3794 rationem
1602 3740 1968 3798 reddendam
1990 3743 2133 3816 spei,
2152 3761 2285 3816 quae
2309 3749 2396 3799 est
2422 3742 2484 3797 in
2507 3742 2693 3811 vobis,
2716 3742 2969 3800 cuilibet

548 3814 831 3891 petenti.’'
916 3813 1077 3889 Ergo
1107 3813 1321 3872 notitia
1346 3815 1409 3871 in
1448 3815 1562 3872 fide
1590 3818 1918 3875 necessaria
1945 3827 2051 3877 est.
2124 3819 2275 3886 Quis
2302 3819 2462 3875 enim
2490 3820 2708 3876 dixerit
2734 3821 2971 3878 conses-

547 3894 778 3952 sionem·
801 3891 914 3960 edi,
939 3899 1000 3949 et
1025 3893 1315 3949 rationem
1343 3894 1511 3950 reddi
1539 3913 1711 3968 posse
1739 3914 1936 3951 rerum
1964 3897 2349 3971 ignotarum?

630 3970 746 4027 IX.
790 3971 847 4026 4.
881 3970 1043 4037 Quia
1068 3972 1285 4044 passim
1315 3972 1529 4029 notitia
1556 3973 1617 4028 in
1646 3974 1761 4029 fide
1790 3974 2131 4046 requiritur.
2165 3976 2325 4032 Hinc
2342 3972 2590 4033 Verbum
2610 3976 2762 4052 fidei
2791 3995 2973 4034 voca·

549 4057 650 4105 tur
677 4049 963 4123 sapientia
991 4059 1044 4104 et
1092 4050 1453 4124 intelliyentia
1493 4050 1780 4120 fidelium,
1828 4050 2005 4109 Deut.
2052 4052 2130 4110 iv.
2160 4054 2214 4111 6.
2280 4052 2435 4109 Dan.
2484 4054 2566 4109 ix.
2618 4055 2714 4123 22,
2765 4062 2801 4086 “
2827 4053 2965 4129 Ego

555 4126 748 4196 veni,''
777 4126 975 4200 inquit
1004 4126 1297 4199 Angelus,
1329 4137 1364 4160 ‘⁴
1388 4136 1457 4184 ut
1485 4127 1815 4200 intelligere
1856 4135 1915 4184 te
1944 4129 2191 4202 faciam3
2220 4131 2489 4205 intellige
2516 4132 2766 4187 verbum
2785 4139 2847 4188 et
2874 4134 2969 4190 in·

549 4204 753 4277 tellige
781 4203 1127 4260 visionem.’'
1194 4204 1464 4262 Christus
1503 4205 1680 4278 jubet
1721 4207 1975 4263 scrutari
2006 4206 2360 4283 Scripturas,
2399 4208 2541 4265 Joh.
2572 4227 2627 4266 v.
2680 4208 2774 4277 39,
2798 4212 2971 4283 quod

549 4281 674 4337 sine
703 4281 1041 4355 cognitione
1067 4281 1194 4336 fieri
1221 4283 1446 4355 nequit.
1505 4282 1865 4339 Laudantur
1891 4284 2250 4357 Beroeenses‚
2274 4288 2437 4360 quod
2460 4287 2683 4344 auditis
2703 4305 2740 4343 a
2770 4286 2974 4346 Paulo

549 4366 769 4414 temere
796 4376 917 4413 non
948 4357 1320 4429 crediderint,
1351 4362 1453 4416 sed
1480 4378 1558 4416 an
1588 4377 1726 4416 cum
1772 4360 2093 4436 Scripturis
2134 4365 2578 4435 concordarent,
2620 4365 2834 4422 sedulo
2878 4367 2975 4423 in-

549 4434 975 4507 vestigaverint
1001 4443 1299 4507 ae'vangc'vorvu
1330 4465 1412 4497 τις
1439 4447 1637 4510 γριφὰς,
1662 4442 2007 4512 conferente-3
2035 4441 2390 4516 scripturas,
2416 4443 2555 4499 Act.
2573 4441 2714 4497 XVII.
2740 4442 2831 4499 11.
2891 4444 2979 4503 Et

550 4510 694 4567 alibi
723 4509 952 4568 Paulus
977 4513 1192 4571 laudat
1220 4513 1576 4584 CorinthioS,
1607 4518 1773 4590 quod
1814 4517 1987 4575 ditati
2029 4518 2147 4577 sint
2175 4519 2338 4577 omni
2371 4520 2727 4594 cognitione,
2762 4519 2795 4576 1
2829 4520 2976 4582 Cor.

550 4585 588 4642 i.
619 4586 674 4659 5,
703 4595 764 4646 et
790 4597 1071 4662 provocat
1095 4593 1173 4650 ad
1201 4610 1410 4650 eorum
1429 4594 1749 4669 judicium,
1779 4614 1828 4654 c.
1856 4614 1913 4653 x.
1948 4596 2040 4669 15,
2069 4596 2349 4657 Judicate
2371 4598 2480 4673 ipsi
2507 4597 2665 4674 quod
2693 4597 2821 4657 dico
2842 4623 2864 4657 :
2911 4613 2984 4662 ut
