<?xml version="1.0" encoding="UTF-8"?>
<!DOCTYPE html PUBLIC "-//W3C//DTD XHTML 1.0 Transitional//EN"
    "http://www.w3.org/TR/xhtml1/DTD/xhtml1-transitional.dtd">
<html xmlns="http://www.w3.org/1999/xhtml" xml:lang="en" lang="en">
 <head>
  <title>
</title>
<meta http-equiv="Content-Type" content="text/html;charset=utf-8" />
  <meta name='ocr-system' content='tesseract 3.04.00' />
  <meta name='ocr-capabilities' content='ocr_page ocr_carea ocr_par ocr_line ocrx_word'/>
</head>
<body>
  <div class='ocr_page' id='page_1' title='image "./institutiotheol01turrgoog_0186.png"; bbox 0 0 3221 5200; ppageno 0'>
   <div class='ocr_carea' id='block_1_1' title="bbox 519 334 2929 416">
    <p class='ocr_par' dir='ltr' id='par_1_1' title="bbox 519 334 2929 416">
     <span class='ocr_line' id='line_1_1' title="bbox 519 334 2929 416; baseline -0.002 -15"><span class='ocrx_word' id='word_1_1' title='bbox 519 343 633 401; x_wconf 84' lang='lat'>158</span> <span class='ocrx_word' id='word_1_2' title='bbox 1407 355 1592 396; x_wconf 77' lang='lat' dir='ltr'>Locus</span> <span class='ocrx_word' id='word_1_3' title='bbox 1621 355 2021 396; x_wconf 57' lang='lat' dir='ltr'>nvom-:cuma</span> <span class='ocrx_word' id='word_1_4' title='bbox 2581 334 2833 416; x_wconf 70' lang='lat' dir='ltr'>[QUAEST.</span> <span class='ocrx_word' id='word_1_5' title='bbox 2865 358 2929 398; x_wconf 90' lang='lat'>11.</span> 
     </span>
    </p>
   </div>
   <div class='ocr_carea' id='block_1_2' title="bbox 511 494 2933 1376">
    <p class='ocr_par' dir='ltr' id='par_1_2' title="bbox 511 494 2933 1376">
     <span class='ocr_line' id='line_1_2' title="bbox 515 494 2928 575; baseline 0 -17"><span class='ocrx_word' id='word_1_6' title='bbox 515 501 787 559; x_wconf 78' lang='lat' dir='ltr'>dicuntur</span> <span class='ocrx_word' id='word_1_7' title='bbox 823 497 1007 573; x_wconf 79' lang='lat' dir='ltr'>factae,</span> <span class='ocrx_word' id='word_1_8' title='bbox 1040 495 1232 555; x_wconf 87' lang='lat' dir='ltr'>Galat.</span> <span class='ocrx_word' id='word_1_9' title='bbox 1261 495 1344 555; x_wconf 90' lang='lat' dir='ltr'>iii.</span> <span class='ocrx_word' id='word_1_10' title='bbox 1380 499 1471 571; x_wconf 86' lang='grc'>16,</span> <span class='ocrx_word' id='word_1_11' title='bbox 1503 506 1563 556; x_wconf 92' lang='lat' dir='ltr'>et</span> <span class='ocrx_word' id='word_1_12' title='bbox 1590 496 1744 573; x_wconf 88' lang='lat' dir='ltr'>quia,</span> <span class='ocrx_word' id='word_1_13' title='bbox 1781 505 1847 556; x_wconf 98' lang='grc' dir='ltr'>ιιι</span> <span class='ocrx_word' id='word_1_14' title='bbox 1876 498 2063 574; x_wconf 87' lang='lat' dir='ltr'>Caput</span> <span class='ocrx_word' id='word_1_15' title='bbox 2090 505 2149 556; x_wconf 93' lang='lat' dir='ltr'>et</span> <span class='ocrx_word' id='word_1_16' title='bbox 2179 494 2458 573; x_wconf 76' lang='lat' dir='ltr'><strong>Princeps</strong></span> <span class='ocrx_word' id='word_1_17' title='bbox 2497 497 2696 574; x_wconf 89' lang='lat' dir='ltr'>populi</span> <span class='ocrx_word' id='word_1_18' title='bbox 2726 498 2832 575; x_wconf 88' lang='lat' dir='ltr'>sui,</span> <span class='ocrx_word' id='word_1_19' title='bbox 2866 499 2928 558; x_wconf 92' lang='lat' dir='ltr'>in</span> 
     </span>
     <span class='ocr_line' id='line_1_3' title="bbox 513 577 2931 655; baseline -0 -17"><span class='ocrx_word' id='word_1_20' title='bbox 513 580 780 638; x_wconf 88' lang='lat' dir='ltr'>omnibus</span> <span class='ocrx_word' id='word_1_21' title='bbox 808 578 1022 655; x_wconf 89' lang='lat' dir='ltr'>primas</span> <span class='ocrx_word' id='word_1_22' title='bbox 1051 586 1225 651; x_wconf 88' lang='lat' dir='ltr'>tenet,</span> <span class='ocrx_word' id='word_1_23' title='bbox 1258 586 1322 635; x_wconf 90' lang='lat' dir='ltr'>ut</span> <span class='ocrx_word' id='word_1_24' title='bbox 1349 577 1494 634; x_wconf 85' lang='lat' dir='ltr'>nihil</span> <span class='ocrx_word' id='word_1_25' title='bbox 1523 577 1636 636; x_wconf 88' lang='lat' dir='ltr'>nisi</span> <span class='ocrx_word' id='word_1_26' title='bbox 1676 578 1738 635; x_wconf 91' lang='lat' dir='ltr'>in</span> <span class='ocrx_word' id='word_1_27' title='bbox 1777 577 1903 655; x_wconf 90' lang='lat' dir='ltr'>ipso</span> <span class='ocrx_word' id='word_1_28' title='bbox 1932 587 1990 636; x_wconf 93' lang='lat' dir='ltr'>et</span> <span class='ocrx_word' id='word_1_29' title='bbox 2018 578 2091 636; x_wconf 91' lang='lat' dir='ltr'>ab</span> <span class='ocrx_word' id='word_1_30' title='bbox 2119 577 2245 654; x_wconf 86' lang='lat' dir='ltr'>ipso</span> <span class='ocrx_word' id='word_1_31' title='bbox 2276 577 2524 635; x_wconf 78' lang='lat' dir='ltr'><strong>obtineri</strong></span> <span class='ocrx_word' id='word_1_32' title='bbox 2563 577 2783 654; x_wconf 80' lang='lat' dir='ltr'>possit:</span> <span class='ocrx_word' id='word_1_33' title='bbox 2829 580 2931 637; x_wconf 90' lang='lat' dir='ltr'>An</span> 
     </span>
     <span class='ocr_line' id='line_1_4' title="bbox 511 657 2932 731; baseline 0 -14"><span class='ocrx_word' id='word_1_34' title='bbox 511 680 652 718; x_wconf 81' lang='lat' dir='ltr'>vero</span> <span class='ocrx_word' id='word_1_35' title='bbox 681 659 870 717; x_wconf 85' lang='lat' dir='ltr'>foedus</span> <span class='ocrx_word' id='word_1_36' title='bbox 899 665 1256 716; x_wconf 87' lang='lat' dir='ltr'>contractum</span> <span class='ocrx_word' id='word_1_37' title='bbox 1286 657 1362 716; x_wconf 90' lang='lat' dir='ltr'>sit</span> <span class='ocrx_word' id='word_1_38' title='bbox 1389 658 1450 714; x_wconf 90' lang='lat' dir='ltr'>in</span> <span class='ocrx_word' id='word_1_39' title='bbox 1480 658 1710 716; x_wconf 87' lang='lat' dir='ltr'>Christo</span> <span class='ocrx_word' id='word_1_40' title='bbox 1740 678 1869 716; x_wconf 88' lang='lat' dir='ltr'>cum</span> <span class='ocrx_word' id='word_1_41' title='bbox 1899 666 2020 717; x_wconf 88' lang='lat' dir='ltr'>toto</span> <span class='ocrx_word' id='word_1_42' title='bbox 2055 657 2303 731; x_wconf 86' lang='lat' dir='ltr'>Semine,</span> <span class='ocrx_word' id='word_1_43' title='bbox 2333 666 2400 715; x_wconf 90' lang='lat' dir='ltr'>ut</span> <span class='ocrx_word' id='word_1_44' title='bbox 2427 677 2542 716; x_wconf 90' lang='lat' dir='ltr'>non</span> <span class='ocrx_word' id='word_1_45' title='bbox 2573 667 2692 717; x_wconf 89' lang='lat' dir='ltr'>tam</span> <span class='ocrx_word' id='word_1_46' title='bbox 2719 659 2932 718; x_wconf 88' lang='lat' dir='ltr'>habeat</span> 
     </span>
     <span class='ocr_line' id='line_1_5' title="bbox 512 737 2933 815; baseline 0 -17"><span class='ocrx_word' id='word_1_47' title='bbox 512 741 795 798; x_wconf 88' lang='lat' dir='ltr'>rationem</span> <span class='ocrx_word' id='word_1_48' title='bbox 827 738 1016 796; x_wconf 88' lang='lat' dir='ltr'>Partis</span> <span class='ocrx_word' id='word_1_49' title='bbox 1058 737 1467 813; x_wconf 87' lang='lat' dir='ltr'>contrahentis,</span> <span class='ocrx_word' id='word_1_50' title='bbox 1510 758 1688 815; x_wconf 89' lang='lat' dir='ltr'>quam</span> <span class='ocrx_word' id='word_1_51' title='bbox 1720 738 1909 797; x_wconf 89' lang='lat' dir='ltr'>Partis</span> <span class='ocrx_word' id='word_1_52' title='bbox 1951 737 2172 813; x_wconf 56' lang='lat' dir='ltr'>mediae,</span> <span class='ocrx_word' id='word_1_53' title='bbox 2218 757 2348 814; x_wconf 80' lang='lat' dir='ltr'>quae</span> <span class='ocrx_word' id='word_1_54' title='bbox 2389 737 2541 796; x_wconf 91' lang='lat' dir='ltr'>inter</span> <span class='ocrx_word' id='word_1_55' title='bbox 2584 737 2933 798; x_wconf 75' lang='lat' dir='ltr'>dissidentes</span> 
     </span>
     <span class='ocr_line' id='line_1_6' title="bbox 515 817 2927 895; baseline -0.001 -16"><span class='ocrx_word' id='word_1_56' title='bbox 515 829 630 880; x_wconf 85' lang='lat' dir='ltr'>stat</span> <span class='ocrx_word' id='word_1_57' title='bbox 658 819 733 878; x_wconf 92' lang='lat' dir='ltr'>ad</span> <span class='ocrx_word' id='word_1_58' title='bbox 775 839 875 878; x_wconf 90' lang='lat' dir='ltr'>eos</span> <span class='ocrx_word' id='word_1_59' title='bbox 908 817 1378 893; x_wconf 87' lang='lat' dir='ltr'>reconciliandos,</span> <span class='ocrx_word' id='word_1_60' title='bbox 1422 827 1488 877; x_wconf 90' lang='lat' dir='ltr'>ut</span> <span class='ocrx_word' id='word_1_61' title='bbox 1529 818 1660 877; x_wconf 88' lang='lat' dir='ltr'>aliis</span> <span class='ocrx_word' id='word_1_62' title='bbox 1702 819 1884 877; x_wconf 87' lang='lat' dir='ltr'>satius</span> <span class='ocrx_word' id='word_1_63' title='bbox 1912 819 2160 877; x_wconf 85' lang='lat' dir='ltr'>videtur.</span> <span class='ocrx_word' id='word_1_64' title='bbox 2249 817 2633 894; x_wconf 76' lang='lat' dir='ltr'>Super-fluum,</span> <span class='ocrx_word' id='word_1_65' title='bbox 2672 818 2927 895; x_wconf 85' lang='lat' dir='ltr'>inquam,</span> 
     </span>
     <span class='ocr_line' id='line_1_7' title="bbox 514 897 2931 975; baseline -0 -16"><span class='ocrx_word' id='word_1_66' title='bbox 514 910 605 960; x_wconf 88' lang='lat' dir='ltr'>est</span> <span class='ocrx_word' id='word_1_67' title='bbox 633 899 706 959; x_wconf 90' lang='lat' dir='ltr'>de</span> <span class='ocrx_word' id='word_1_68' title='bbox 735 920 803 959; x_wconf 90' lang='lat' dir='ltr'>eo</span> <span class='ocrx_word' id='word_1_69' title='bbox 826 899 1164 975; x_wconf 87' lang='lat' dir='ltr'>disceptare,</span> <span class='ocrx_word' id='word_1_70' title='bbox 1190 898 1326 975; x_wconf 89' lang='lat' dir='ltr'>quia</span> <span class='ocrx_word' id='word_1_71' title='bbox 1346 917 1438 956; x_wconf 89' lang='lat' dir='ltr'>res</span> <span class='ocrx_word' id='word_1_72' title='bbox 1460 898 1662 957; x_wconf 88' lang='lat' dir='ltr'>eodem</span> <span class='ocrx_word' id='word_1_73' title='bbox 1685 899 1869 974; x_wconf 80' lang='lat' dir='ltr'>redit3</span> <span class='ocrx_word' id='word_1_74' title='bbox 1902 899 1981 957; x_wconf 91' lang='lat' dir='ltr'>Et</span> <span class='ocrx_word' id='word_1_75' title='bbox 2002 908 2220 957; x_wconf 89' lang='lat' dir='ltr'>certum</span> <span class='ocrx_word' id='word_1_76' title='bbox 2242 907 2332 957; x_wconf 90' lang='lat' dir='ltr'>est</span> <span class='ocrx_word' id='word_1_77' title='bbox 2353 900 2565 974; x_wconf 69' lang='lat' dir='ltr'>duple-z·</span> <span class='ocrx_word' id='word_1_78' title='bbox 2585 897 2680 955; x_wconf 84' lang='lat' dir='ltr'>hic</span> <span class='ocrx_word' id='word_1_79' title='bbox 2690 909 2931 974; x_wconf 81' lang='lat' dir='ltr'>pactum</span> 
     </span>
     <span class='ocr_line' id='line_1_8' title="bbox 516 977 2931 1056; baseline 0 -19"><span class='ocrx_word' id='word_1_80' title='bbox 516 981 839 1039; x_wconf 89' lang='lat' dir='ltr'>necessario</span> <span class='ocrx_word' id='word_1_81' title='bbox 868 977 1281 1037; x_wconf 88' lang='lat' dir='ltr'>attendendum</span> <span class='ocrx_word' id='word_1_82' title='bbox 1319 999 1465 1054; x_wconf 90' lang='lat' dir='ltr'>esse,</span> <span class='ocrx_word' id='word_1_83' title='bbox 1495 979 1594 1037; x_wconf 83' lang='lat' dir='ltr'>vel</span> <span class='ocrx_word' id='word_1_84' title='bbox 1633 978 1806 1037; x_wconf 90' lang='lat' dir='ltr'>unius</span> <span class='ocrx_word' id='word_1_85' title='bbox 1847 979 2223 1056; x_wconf 88' lang='lat' dir='ltr'>ejusdemque</span> <span class='ocrx_word' id='word_1_86' title='bbox 2265 978 2420 1055; x_wconf 89' lang='lat' dir='ltr'>pacti</span> <span class='ocrx_word' id='word_1_87' title='bbox 2462 977 2605 1035; x_wconf 87' lang='lat' dir='ltr'>duas</span> <span class='ocrx_word' id='word_1_88' title='bbox 2645 987 2842 1053; x_wconf 88' lang='lat' dir='ltr'>partes</span> <span class='ocrx_word' id='word_1_89' title='bbox 2869 988 2931 1038; x_wconf 91' lang='lat' dir='ltr'>et</span> 
     </span>
     <span class='ocr_line' id='line_1_9' title="bbox 515 1058 2928 1138; baseline -0.001 -20"><span class='ocrx_word' id='word_1_90' title='bbox 515 1060 748 1138; x_wconf 88' lang='lat' dir='ltr'>gradus.</span> <span class='ocrx_word' id='word_1_91' title='bbox 836 1060 1006 1117; x_wconf 81' lang='lat' dir='ltr'>Prius</span> <span class='ocrx_word' id='word_1_92' title='bbox 1045 1058 1289 1118; x_wconf 87' lang='lat' dir='ltr'>Paetum</span> <span class='ocrx_word' id='word_1_93' title='bbox 1327 1067 1430 1134; x_wconf 89' lang='lat' dir='ltr'>est,</span> <span class='ocrx_word' id='word_1_94' title='bbox 1476 1058 1635 1136; x_wconf 91' lang='lat' dir='ltr'>quod</span> <span class='ocrx_word' id='word_1_95' title='bbox 1677 1059 1822 1116; x_wconf 76' lang='lat' dir='ltr'>inter</span> <span class='ocrx_word' id='word_1_96' title='bbox 1862 1061 2097 1117; x_wconf 80' lang='lat' dir='ltr'>Patrem</span> <span class='ocrx_word' id='word_1_97' title='bbox 2138 1069 2193 1118; x_wconf 73' lang='lat' dir='ltr'>ct</span> <span class='ocrx_word' id='word_1_98' title='bbox 2225 1060 2438 1116; x_wconf 76' lang='lat' dir='ltr'>Filium</span> <span class='ocrx_word' id='word_1_99' title='bbox 2478 1058 2797 1133; x_wconf 81' lang='lat' dir='ltr'>intercedit,</span> <span class='ocrx_word' id='word_1_100' title='bbox 2851 1058 2928 1116; x_wconf 89' lang='lat' dir='ltr'>ad</span> 
     </span>
     <span class='ocr_line' id='line_1_10' title="bbox 515 1138 2929 1217; baseline -0.001 -18"><span class='ocrx_word' id='word_1_101' title='bbox 515 1161 661 1217; x_wconf 88' lang='lat' dir='ltr'>opus</span> <span class='ocrx_word' id='word_1_102' title='bbox 691 1138 1131 1215; x_wconf 90' lang='lat' dir='ltr'>Redemptionis</span> <span class='ocrx_word' id='word_1_103' title='bbox 1169 1138 1590 1216; x_wconf 88' lang='lat' dir='ltr'>exequendum.</span> <span class='ocrx_word' id='word_1_104' title='bbox 1679 1139 1975 1198; x_wconf 82' lang='lat' dir='ltr'>Posterius</span> <span class='ocrx_word' id='word_1_105' title='bbox 2020 1148 2125 1214; x_wconf 90' lang='lat' dir='ltr'>est,</span> <span class='ocrx_word' id='word_1_106' title='bbox 2173 1138 2331 1215; x_wconf 90' lang='lat' dir='ltr'>quod</span> <span class='ocrx_word' id='word_1_107' title='bbox 2374 1139 2536 1196; x_wconf 89' lang='lat' dir='ltr'>Deus</span> <span class='ocrx_word' id='word_1_108' title='bbox 2564 1158 2687 1195; x_wconf 82' lang='lat' dir='ltr'>cum</span> <span class='ocrx_word' id='word_1_109' title='bbox 2715 1139 2929 1196; x_wconf 65' lang='lat' dir='ltr'>Ekctis</span> 
     </span>
     <span class='ocr_line' id='line_1_11' title="bbox 513 1217 2926 1296; baseline -0 -19"><span class='ocrx_word' id='word_1_110' title='bbox 513 1220 575 1277; x_wconf 92' lang='lat' dir='ltr'>in</span> <span class='ocrx_word' id='word_1_111' title='bbox 605 1219 835 1278; x_wconf 89' lang='lat' dir='ltr'>Christo</span> <span class='ocrx_word' id='word_1_112' title='bbox 864 1219 1165 1294; x_wconf 87' lang='lat' dir='ltr'>contrahit,</span> <span class='ocrx_word' id='word_1_113' title='bbox 1197 1218 1270 1278; x_wconf 90' lang='lat' dir='ltr'>de</span> <span class='ocrx_word' id='word_1_114' title='bbox 1307 1219 1425 1278; x_wconf 84' lang='lat' dir='ltr'>illis</span> <span class='ocrx_word' id='word_1_115' title='bbox 1468 1239 1571 1296; x_wconf 90' lang='lat' dir='ltr'>per</span> <span class='ocrx_word' id='word_1_116' title='bbox 1597 1227 1659 1278; x_wconf 91' lang='lat' dir='ltr'>et</span> <span class='ocrx_word' id='word_1_117' title='bbox 1684 1228 1918 1296; x_wconf 91' lang='lat' dir='ltr'>propter</span> <span class='ocrx_word' id='word_1_118' title='bbox 1947 1219 2238 1278; x_wconf 85' lang='lat' dir='ltr'>Christum</span> <span class='ocrx_word' id='word_1_119' title='bbox 2269 1218 2563 1277; x_wconf 78' lang='lat' dir='ltr'>salvandis</span> <span class='ocrx_word' id='word_1_120' title='bbox 2592 1217 2700 1277; x_wconf 91' lang='lat' dir='ltr'>sub</span> <span class='ocrx_word' id='word_1_121' title='bbox 2730 1219 2926 1276; x_wconf 91' lang='lat' dir='ltr'>condi-</span> 
     </span>
     <span class='ocr_line' id='line_1_12' title="bbox 515 1297 2929 1376; baseline 0.001 -18"><span class='ocrx_word' id='word_1_122' title='bbox 515 1300 671 1358; x_wconf 89' lang='lat' dir='ltr'>tione</span> <span class='ocrx_word' id='word_1_123' title='bbox 699 1299 837 1357; x_wconf 88' lang='lat' dir='ltr'>fidei</span> <span class='ocrx_word' id='word_1_124' title='bbox 865 1307 924 1358; x_wconf 91' lang='lat' dir='ltr'>et</span> <span class='ocrx_word' id='word_1_125' title='bbox 949 1298 1377 1376; x_wconf 68' lang='lat' dir='ltr'>resipiscentiae.</span> <span class='ocrx_word' id='word_1_126' title='bbox 1463 1299 1634 1357; x_wconf 82' lang='lat' dir='ltr'>Prius</span> <span class='ocrx_word' id='word_1_127' title='bbox 1676 1298 1741 1358; x_wconf 88' lang='lat' dir='ltr'>fit</span> <span class='ocrx_word' id='word_1_128' title='bbox 1769 1319 1899 1357; x_wconf 88' lang='lat' dir='ltr'>cum</span> <span class='ocrx_word' id='word_1_129' title='bbox 1946 1299 2232 1376; x_wconf 86' lang='lat' dir='ltr'>Sponsore</span> <span class='ocrx_word' id='word_1_130' title='bbox 2262 1308 2321 1357; x_wconf 88' lang='lat' dir='ltr'>et</span> <span class='ocrx_word' id='word_1_131' title='bbox 2348 1299 2535 1375; x_wconf 88' lang='lat' dir='ltr'>capite</span> <span class='ocrx_word' id='word_1_132' title='bbox 2564 1297 2641 1356; x_wconf 90' lang='lat' dir='ltr'>ad</span> <span class='ocrx_word' id='word_1_133' title='bbox 2682 1298 2929 1362; x_wconf 85' lang='lat' dir='ltr'>salutem</span> 
     </span>
    </p>
   </div>
   <div class='ocr_carea' id='block_1_3' title="bbox 506 1378 2929 4707">
    <p class='ocr_par' dir='ltr' id='par_1_3' title="bbox 512 1378 2928 2332">
     <span class='ocr_line' id='line_1_13' title="bbox 517 1378 2596 1457; baseline -0 -20"><span class='ocrx_word' id='word_1_134' title='bbox 517 1379 945 1457; x_wconf 78' lang='lat' dir='ltr'>Membrorum3</span> <span class='ocrx_word' id='word_1_135' title='bbox 993 1378 1289 1438; x_wconf 82' lang='lat' dir='ltr'>Posterius</span> <span class='ocrx_word' id='word_1_136' title='bbox 1316 1379 1382 1438; x_wconf 91' lang='lat' dir='ltr'>fit</span> <span class='ocrx_word' id='word_1_137' title='bbox 1408 1399 1539 1437; x_wconf 90' lang='lat' dir='ltr'>cum</span> <span class='ocrx_word' id='word_1_138' title='bbox 1570 1379 1853 1438; x_wconf 89' lang='lat' dir='ltr'>Membris</span> <span class='ocrx_word' id='word_1_139' title='bbox 1878 1379 1940 1437; x_wconf 89' lang='lat' dir='ltr'>in</span> <span class='ocrx_word' id='word_1_140' title='bbox 1970 1380 2170 1456; x_wconf 82' lang='lat' dir='ltr'>Capite</span> <span class='ocrx_word' id='word_1_141' title='bbox 2199 1387 2258 1438; x_wconf 90' lang='lat' dir='ltr'>et</span> <span class='ocrx_word' id='word_1_142' title='bbox 2290 1379 2596 1456; x_wconf 89' lang='lat' dir='ltr'>Sponsore.</span> 
     </span>
     <span class='ocr_line' id='line_1_14' title="bbox 515 1458 2926 1598; baseline -0.001 -1"><span class='ocrx_word' id='word_1_143' title='bbox 515 1493 717 1597; x_wconf 39' lang='lat'>&amp;²⁰¹³</span> <span class='ocrx_word' id='word_1_144' title='bbox 750 1495 996 1597; x_wconf 66' lang='lat'>¹:¹²1‘3{1.¹&#39;“·</span> <span class='ocrx_word' id='word_1_145' title='bbox 1039 1459 1601 1598; x_wconf 55' lang='lat' dir='ltr'>...fflssmpfflss</span> <span class='ocrx_word' id='word_1_146' title='bbox 1621 1459 1836 1598; x_wconf 58' lang='grc' dir='ltr'>ηῗῗῖῗ</span> <span class='ocrx_word' id='word_1_147' title='bbox 1864 1468 1929 1562; x_wconf 47' lang='lat'>⁸³</span> <span class='ocrx_word' id='word_1_148' title='bbox 1942 1458 2926 1598; x_wconf 50' lang='grc' dir='ltr'>,Ἔαὲῗῗὲἰὲῐέοέἳῗῗωέἲᾶἴ</span> 
     </span>
     <span class='ocr_line' id='line_1_15' title="bbox 570 1559 2928 1696; baseline 0 -20"><span class='ocrx_word' id='word_1_149' title='bbox 570 1567 818 1668; x_wconf 52' lang='grc' dir='ltr'>Ρξίῗδῖω·</span> <span class='ocrx_word' id='word_1_150' title='bbox 915 1567 997 1597; x_wconf 63' lang='lat' dir='ltr'>um</span> <span class='ocrx_word' id='word_1_151' title='bbox 1038 1619 1195 1695; x_wconf 87' lang='lat' dir='ltr'>poris</span> <span class='ocrx_word' id='word_1_152' title='bbox 1241 1619 1331 1678; x_wconf 90' lang='lat' dir='ltr'>sui</span> <span class='ocrx_word' id='word_1_153' title='bbox 1385 1619 1636 1696; x_wconf 86' lang='lat' dir='ltr'>mystici,</span> <span class='ocrx_word' id='word_1_154' title='bbox 1680 1630 1741 1679; x_wconf 93' lang='lat' dir='ltr'>et</span> <span class='ocrx_word' id='word_1_155' title='bbox 1777 1565 2137 1678; x_wconf 53' lang='lat' dir='ltr'>vbffniatem</span> <span class='ocrx_word' id='word_1_156' title='bbox 2178 1560 2314 1677; x_wconf 55' lang='lat' dir='ltr'>Filii</span> <span class='ocrx_word' id='word_1_157' title='bbox 2365 1639 2426 1677; x_wconf 87' lang='lat' dir='ltr'>se</span> <span class='ocrx_word' id='word_1_158' title='bbox 2460 1583 2537 1678; x_wconf 64' lang='lat' dir='ltr'>’ut</span> <span class='ocrx_word' id='word_1_159' title='bbox 2581 1559 2928 1696; x_wconf 56' lang='lat' dir='ltr'>Spgnsorem</span> 
     </span>
     <span class='ocr_line' id='line_1_16' title="bbox 514 1697 2927 1782; baseline 0.001 -29"><span class='ocrx_word' id='word_1_160' title='bbox 514 1715 619 1773; x_wconf 91' lang='lat' dir='ltr'>pro</span> <span class='ocrx_word' id='word_1_161' title='bbox 661 1697 942 1755; x_wconf 89' lang='lat' dir='ltr'>Membris</span> <span class='ocrx_word' id='word_1_162' title='bbox 979 1699 1101 1757; x_wconf 90' lang='lat' dir='ltr'>suis</span> <span class='ocrx_word' id='word_1_163' title='bbox 1143 1699 1398 1758; x_wconf 87' lang='lat' dir='ltr'>sistentis</span> <span class='ocrx_word' id='word_1_164' title='bbox 1426 1700 1501 1757; x_wconf 91' lang='lat' dir='ltr'>ad</span> <span class='ocrx_word' id='word_1_165' title='bbox 1541 1698 1886 1782; x_wconf 55' lang='grc' dir='ltr'>ἀπολῶ-ςυστ,</span> <span class='ocrx_word' id='word_1_166' title='bbox 1921 1700 2092 1758; x_wconf 90' lang='lat' dir='ltr'>istam</span> <span class='ocrx_word' id='word_1_167' title='bbox 2132 1698 2538 1776; x_wconf 78' lang='lat' dir='ltr'>peragendam.</span> <span class='ocrx_word' id='word_1_168' title='bbox 2628 1699 2726 1757; x_wconf 84' lang='lat' dir='ltr'>Sic</span> <span class='ocrx_word' id='word_1_169' title='bbox 2774 1698 2927 1757; x_wconf 89' lang='lat' dir='ltr'>enim</span> 
     </span>
     <span class='ocr_line' id='line_1_17' title="bbox 519 1776 2924 1854; baseline 0 -19"><span class='ocrx_word' id='word_1_170' title='bbox 519 1776 817 1853; x_wconf 73' lang='lat' dir='ltr'>Scriptura.</span> <span class='ocrx_word' id='word_1_171' title='bbox 855 1788 1228 1853; x_wconf 73' lang='lat' dir='ltr'>repraesentat</span> <span class='ocrx_word' id='word_1_172' title='bbox 1269 1779 1437 1837; x_wconf 89' lang='lat' dir='ltr'>nobis</span> <span class='ocrx_word' id='word_1_173' title='bbox 1483 1780 1712 1838; x_wconf 86' lang='lat' dir='ltr'>Patrem</span> <span class='ocrx_word' id='word_1_174' title='bbox 1747 1785 1809 1837; x_wconf 84' lang='lat' dir='ltr'>in</span> <span class='ocrx_word' id='word_1_175' title='bbox 1852 1780 2173 1838; x_wconf 86' lang='lat' dir='ltr'>oeconomia</span> <span class='ocrx_word' id='word_1_176' title='bbox 2201 1780 2420 1853; x_wconf 87' lang='lat' dir='ltr'>salutis,</span> <span class='ocrx_word' id='word_1_177' title='bbox 2462 1787 2526 1837; x_wconf 90' lang='lat' dir='ltr'>ut</span> <span class='ocrx_word' id='word_1_178' title='bbox 2555 1778 2924 1854; x_wconf 87' lang='lat' dir='ltr'>stipulantem</span> 
     </span>
     <span class='ocr_line' id='line_1_18' title="bbox 515 1856 2926 1937; baseline 0 -24"><span class='ocrx_word' id='word_1_179' title='bbox 515 1856 901 1916; x_wconf 81' lang='lat' dir='ltr'>obedientiam</span> <span class='ocrx_word' id='word_1_180' title='bbox 947 1858 1085 1916; x_wconf 84' lang='lat' dir='ltr'>Filii</span> <span class='ocrx_word' id='word_1_181' title='bbox 1126 1859 1216 1917; x_wconf 88' lang='lat' dir='ltr'>sui</span> <span class='ocrx_word' id='word_1_182' title='bbox 1257 1859 1333 1916; x_wconf 86' lang='lat' dir='ltr'>ad</span> <span class='ocrx_word' id='word_1_183' title='bbox 1373 1867 1617 1917; x_wconf 89' lang='lat' dir='ltr'>mortem</span> <span class='ocrx_word' id='word_1_184' title='bbox 1662 1880 1863 1936; x_wconf 88' lang='lat' dir='ltr'>usque,</span> <span class='ocrx_word' id='word_1_185' title='bbox 1912 1867 1971 1918; x_wconf 90' lang='lat' dir='ltr'>et</span> <span class='ocrx_word' id='word_1_186' title='bbox 2017 1880 2121 1937; x_wconf 91' lang='lat' dir='ltr'>pro</span> <span class='ocrx_word' id='word_1_187' title='bbox 2167 1879 2237 1917; x_wconf 89' lang='lat' dir='ltr'>ea</span> <span class='ocrx_word' id='word_1_188' title='bbox 2279 1859 2391 1934; x_wconf 88' lang='lat' dir='ltr'>ipsi</span> <span class='ocrx_word' id='word_1_189' title='bbox 2437 1859 2926 1935; x_wconf 82' lang='lat' dir='ltr'>repromittentem</span> 
     </span>
     <span class='ocr_line' id='line_1_19' title="bbox 514 1937 2922 2015; baseline 0 -22"><span class='ocrx_word' id='word_1_190' title='bbox 514 1956 725 1995; x_wconf 91' lang='lat' dir='ltr'>nomen</span> <span class='ocrx_word' id='word_1_191' title='bbox 754 1956 928 2013; x_wconf 87' lang='lat' dir='ltr'>supra</span> <span class='ocrx_word' id='word_1_192' title='bbox 954 1958 1123 1996; x_wconf 89' lang='lat' dir='ltr'>omne</span> <span class='ocrx_word' id='word_1_193' title='bbox 1145 1958 1372 2012; x_wconf 92' lang='lat' dir='ltr'>nomen,</span> <span class='ocrx_word' id='word_1_194' title='bbox 1403 1947 1469 1997; x_wconf 90' lang='lat' dir='ltr'>ut</span> <span class='ocrx_word' id='word_1_195' title='bbox 1492 1939 1679 2015; x_wconf 85' lang='lat' dir='ltr'>Caput</span> <span class='ocrx_word' id='word_1_196' title='bbox 1702 1940 2033 1998; x_wconf 88' lang='lat' dir='ltr'>Electorum</span> <span class='ocrx_word' id='word_1_197' title='bbox 2064 1940 2142 1998; x_wconf 88' lang='lat' dir='ltr'>sit</span> <span class='ocrx_word' id='word_1_198' title='bbox 2167 1939 2228 1996; x_wconf 92' lang='lat' dir='ltr'>in</span> <span class='ocrx_word' id='word_1_199' title='bbox 2256 1939 2442 2015; x_wconf 90' lang='lat' dir='ltr'>gloria</span> <span class='ocrx_word' id='word_1_200' title='bbox 2466 1959 2480 2013; x_wconf 87' lang='lat'>;</span> <span class='ocrx_word' id='word_1_201' title='bbox 2527 1937 2740 1995; x_wconf 87' lang='lat' dir='ltr'>Filium</span> <span class='ocrx_word' id='word_1_202' title='bbox 2763 1956 2922 2012; x_wconf 83' lang='lat' dir='ltr'>ver0,</span> 
     </span>
     <span class='ocr_line' id='line_1_20' title="bbox 512 2016 2924 2095; baseline 0 -21"><span class='ocrx_word' id='word_1_203' title='bbox 512 2025 580 2075; x_wconf 88' lang='lat' dir='ltr'>ut</span> <span class='ocrx_word' id='word_1_204' title='bbox 608 2035 669 2075; x_wconf 89' lang='lat' dir='ltr'>se</span> <span class='ocrx_word' id='word_1_205' title='bbox 698 2016 996 2076; x_wconf 84' lang='lat' dir='ltr'>sistentem</span> <span class='ocrx_word' id='word_1_206' title='bbox 1030 2018 1106 2075; x_wconf 87' lang='lat' dir='ltr'>ad</span> <span class='ocrx_word' id='word_1_207' title='bbox 1146 2017 1468 2076; x_wconf 83' lang='lat' dir='ltr'>faciendam</span> <span class='ocrx_word' id='word_1_208' title='bbox 1496 2018 1856 2077; x_wconf 82' lang='lat' dir='ltr'>voluntatem</span> <span class='ocrx_word' id='word_1_209' title='bbox 1889 2019 2096 2095; x_wconf 78' lang='lat' dir='ltr'>Patris,</span> <span class='ocrx_word' id='word_1_210' title='bbox 2141 2027 2201 2077; x_wconf 90' lang='lat' dir='ltr'>et</span> <span class='ocrx_word' id='word_1_211' title='bbox 2240 2018 2666 2095; x_wconf 87' lang='lat' dir='ltr'>promittentem</span> <span class='ocrx_word' id='word_1_212' title='bbox 2694 2016 2924 2074; x_wconf 89' lang='lat' dir='ltr'>fidelem</span> 
     </span>
     <span class='ocr_line' id='line_1_21' title="bbox 512 2096 2926 2175; baseline 0 -22"><span class='ocrx_word' id='word_1_213' title='bbox 512 2104 573 2154; x_wconf 91' lang='lat' dir='ltr'>et</span> <span class='ocrx_word' id='word_1_214' title='bbox 601 2105 961 2156; x_wconf 77' lang='lat' dir='ltr'>constantem</span> <span class='ocrx_word' id='word_1_215' title='bbox 1001 2097 1174 2156; x_wconf 86' lang='lat' dir='ltr'>officii</span> <span class='ocrx_word' id='word_1_216' title='bbox 1218 2097 1333 2155; x_wconf 90' lang='lat' dir='ltr'>sibi</span> <span class='ocrx_word' id='word_1_217' title='bbox 1376 2097 1709 2156; x_wconf 87' lang='lat' dir='ltr'>demandati</span> <span class='ocrx_word' id='word_1_218' title='bbox 1750 2099 2169 2174; x_wconf 82' lang='lat' dir='ltr'>executionem,</span> <span class='ocrx_word' id='word_1_219' title='bbox 2214 2098 2649 2175; x_wconf 86' lang='lat' dir='ltr'>restipulantem</span> <span class='ocrx_word' id='word_1_220' title='bbox 2677 2096 2926 2172; x_wconf 88' lang='lat' dir='ltr'>denique</span> 
     </span>
     <span class='ocr_line' id='line_1_22' title="bbox 513 2176 2924 2312; baseline 0.001 -80"><span class='ocrx_word' id='word_1_221' title='bbox 513 2195 756 2312; x_wconf 67' lang='lat' dir='ltr'>reglnum</span> <span class='ocrx_word' id='word_1_222' title='bbox 786 2185 845 2236; x_wconf 89' lang='lat' dir='ltr'>et</span> <span class='ocrx_word' id='word_1_223' title='bbox 871 2177 1116 2254; x_wconf 86' lang='lat' dir='ltr'>gloriam</span> <span class='ocrx_word' id='word_1_224' title='bbox 1145 2177 1258 2236; x_wconf 87' lang='lat' dir='ltr'>sibi</span> <span class='ocrx_word' id='word_1_225' title='bbox 1283 2178 1644 2256; x_wconf 76' lang='lat' dir='ltr'>promissam.</span> <span class='ocrx_word' id='word_1_226' title='bbox 1717 2178 1859 2253; x_wconf 73' lang='lat' dir='ltr'>Quae</span> <span class='ocrx_word' id='word_1_227' title='bbox 1888 2178 2082 2237; x_wconf 88' lang='lat' dir='ltr'>omnia</span> <span class='ocrx_word' id='word_1_228' title='bbox 2108 2193 2200 2237; x_wconf 80' lang='lat' dir='ltr'>ex‘</span> <span class='ocrx_word' id='word_1_229' title='bbox 2216 2179 2513 2256; x_wconf 86' lang='lat' dir='ltr'>Scriptura</span> <span class='ocrx_word' id='word_1_230' title='bbox 2539 2197 2654 2235; x_wconf 93' lang='lat' dir='ltr'>non</span> <span class='ocrx_word' id='word_1_231' title='bbox 2682 2176 2924 2236; x_wconf 89' lang='lat' dir='ltr'>obscure</span> 
     </span>
     <span class='ocr_line' id='line_1_23' title="bbox 513 2265 884 2332; baseline 0 -19"><span class='ocrx_word' id='word_1_232' title='bbox 513 2274 582 2313; x_wconf 89' lang='lat' dir='ltr'>co</span> <span class='ocrx_word' id='word_1_233' title='bbox 632 2265 884 2332; x_wconf 74' lang='lat' dir='ltr'>iguntur.</span> 
     </span>
    </p>

    <p class='ocr_par' dir='ltr' id='par_1_4' title="bbox 506 2335 2929 4707">
     <span class='ocr_line' id='line_1_24' title="bbox 596 2335 2927 2415; baseline 0.001 -23"><span class='ocrx_word' id='word_1_234' title='bbox 596 2335 776 2394; x_wconf 90' lang='lat' dir='ltr'>XIV.</span> <span class='ocrx_word' id='word_1_235' title='bbox 822 2337 912 2395; x_wconf 90' lang='lat' dir='ltr'>De</span> <span class='ocrx_word' id='word_1_236' title='bbox 952 2338 1064 2395; x_wconf 91' lang='lat' dir='ltr'>hoc</span> <span class='ocrx_word' id='word_1_237' title='bbox 1100 2344 1269 2414; x_wconf 87' lang='lat' dir='ltr'>pacto</span> <span class='ocrx_word' id='word_1_238' title='bbox 1311 2356 1588 2414; x_wconf 90' lang='lat' dir='ltr'>expressa</span> <span class='ocrx_word' id='word_1_239' title='bbox 1628 2337 1695 2397; x_wconf 84' lang='lat' dir='ltr'>fit</span> <span class='ocrx_word' id='word_1_240' title='bbox 1721 2338 1955 2412; x_wconf 85' lang='lat' dir='ltr'>mentio,</span> <span class='ocrx_word' id='word_1_241' title='bbox 1988 2337 2130 2396; x_wconf 90' lang='lat' dir='ltr'>Luc.</span> <span class='ocrx_word' id='word_1_242' title='bbox 2161 2336 2307 2396; x_wconf 86' lang='lat' dir='ltr'>xxii.</span> <span class='ocrx_word' id='word_1_243' title='bbox 2339 2340 2434 2413; x_wconf 83' lang='lat'>29,</span> <span class='ocrx_word' id='word_1_244' title='bbox 2470 2338 2654 2415; x_wconf 90' lang='lat' dir='ltr'>“Ego</span> <span class='ocrx_word' id='word_1_245' title='bbox 2683 2337 2927 2414; x_wconf 89' lang='lat' dir='ltr'>dispono</span> 
     </span>
     <span class='ocr_line' id='line_1_25' title="bbox 512 2415 2922 2494; baseline 0.001 -22"><span class='ocrx_word' id='word_1_246' title='bbox 512 2415 682 2474; x_wconf 83' lang='lat' dir='ltr'>vobis</span> <span class='ocrx_word' id='word_1_247' title='bbox 712 2416 999 2492; x_wconf 84' lang='lat' dir='ltr'>Regnum,</span> <span class='ocrx_word' id='word_1_248' title='bbox 1032 2418 1182 2475; x_wconf 89' lang='lat' dir='ltr'>sicut</span> <span class='ocrx_word' id='word_1_249' title='bbox 1219 2416 1505 2494; x_wconf 87' lang='lat' dir='ltr'>disposuit</span> <span class='ocrx_word' id='word_1_250' title='bbox 1544 2416 1692 2475; x_wconf 85' lang='lat' dir='ltr'>illud</span> <span class='ocrx_word' id='word_1_251' title='bbox 1732 2418 1878 2476; x_wconf 84' lang='lat' dir='ltr'>mihi</span> <span class='ocrx_word' id='word_1_252' title='bbox 1921 2419 2167 2493; x_wconf 88' lang='lat' dir='ltr'>Pater;&#39;&#39;</span> <span class='ocrx_word' id='word_1_253' title='bbox 2212 2426 2272 2475; x_wconf 84' lang='lat' dir='ltr'>et</span> <span class='ocrx_word' id='word_1_254' title='bbox 2300 2418 2416 2477; x_wconf 86' lang='lat' dir='ltr'>Isa.</span> <span class='ocrx_word' id='word_1_255' title='bbox 2448 2419 2571 2477; x_wconf 83' lang='lat' dir='ltr'>xlii.</span> <span class='ocrx_word' id='word_1_256' title='bbox 2607 2422 2657 2492; x_wconf 92' lang='lat'>1,</span> <span class='ocrx_word' id='word_1_257' title='bbox 2691 2422 2746 2494; x_wconf 85' lang='lat'>2,</span> <span class='ocrx_word' id='word_1_258' title='bbox 2780 2420 2833 2492; x_wconf 86' lang='lat'>6,</span> <span class='ocrx_word' id='word_1_259' title='bbox 2868 2419 2922 2475; x_wconf 86' lang='grc'>7.</span> 
     </span>
     <span class='ocr_line' id='line_1_26' title="bbox 513 2494 2923 2576; baseline 0 -24"><span class='ocrx_word' id='word_1_260' title='bbox 513 2494 587 2552; x_wconf 83' lang='grc' dir='ltr'>Ιιι</span> <span class='ocrx_word' id='word_1_261' title='bbox 617 2515 685 2553; x_wconf 91' lang='lat' dir='ltr'>eo</span> <span class='ocrx_word' id='word_1_262' title='bbox 718 2496 891 2554; x_wconf 89' lang='lat' dir='ltr'>Pater</span> <span class='ocrx_word' id='word_1_263' title='bbox 926 2497 1266 2576; x_wconf 87' lang='lat' dir='ltr'>proponitur</span> <span class='ocrx_word' id='word_1_264' title='bbox 1291 2505 1358 2556; x_wconf 92' lang='lat' dir='ltr'>ut</span> <span class='ocrx_word' id='word_1_265' title='bbox 1385 2516 1602 2555; x_wconf 84' lang='lat' dir='ltr'>vocans</span> <span class='ocrx_word' id='word_1_266' title='bbox 1634 2497 1868 2571; x_wconf 88' lang='lat' dir='ltr'>Filium,</span> <span class='ocrx_word' id='word_1_267' title='bbox 1899 2506 1959 2557; x_wconf 91' lang='lat' dir='ltr'>et</span> <span class='ocrx_word' id='word_1_268' title='bbox 1985 2517 2130 2574; x_wconf 91' lang='lat' dir='ltr'>opus</span> <span class='ocrx_word' id='word_1_269' title='bbox 2159 2497 2363 2556; x_wconf 87' lang='lat' dir='ltr'>salutis</span> <span class='ocrx_word' id='word_1_270' title='bbox 2391 2507 2602 2556; x_wconf 80' lang='lat' dir='ltr'>nostrae</span> <span class='ocrx_word' id='word_1_271' title='bbox 2642 2497 2729 2554; x_wconf 84' lang='lat' dir='ltr'>illi</span> <span class='ocrx_word' id='word_1_272' title='bbox 2771 2517 2923 2554; x_wconf 88' lang='lat' dir='ltr'>com·</span> 
     </span>
     <span class='ocr_line' id='line_1_27' title="bbox 511 2574 2919 2656; baseline 0.001 -23"><span class='ocrx_word' id='word_1_273' title='bbox 511 2574 783 2635; x_wconf 86' lang='lat' dir='ltr'>mittens:</span> <span class='ocrx_word' id='word_1_274' title='bbox 831 2578 866 2609; x_wconf 93' lang='lat'><strong>“</strong></span> <span class='ocrx_word' id='word_1_275' title='bbox 887 2575 1002 2634; x_wconf 90' lang='lat' dir='ltr'>Hic</span> <span class='ocrx_word' id='word_1_276' title='bbox 1032 2584 1121 2635; x_wconf 91' lang='lat' dir='ltr'>est</span> <span class='ocrx_word' id='word_1_277' title='bbox 1149 2593 1354 2635; x_wconf 80' lang='lat' dir='ltr'>servus</span> <span class='ocrx_word' id='word_1_278' title='bbox 1380 2596 1560 2652; x_wconf 89' lang='lat' dir='ltr'>meus,</span> <span class='ocrx_word' id='word_1_279' title='bbox 1591 2596 1705 2655; x_wconf 87' lang='lat' dir='ltr'>ego</span> <span class='ocrx_word' id='word_1_280' title='bbox 1731 2586 2031 2656; x_wconf 86' lang='lat' dir='ltr'>protegam</span> <span class='ocrx_word' id='word_1_281' title='bbox 2060 2597 2209 2652; x_wconf 88' lang='lat' dir='ltr'>eum,</span> <span class='ocrx_word' id='word_1_282' title='bbox 2242 2577 2480 2637; x_wconf 84' lang='lat' dir='ltr'>Electus</span> <span class='ocrx_word' id='word_1_283' title='bbox 2507 2595 2671 2635; x_wconf 90' lang='lat' dir='ltr'>meus</span> <span class='ocrx_word' id='word_1_284' title='bbox 2715 2576 2774 2633; x_wconf 90' lang='lat' dir='ltr'>in</span> <span class='ocrx_word' id='word_1_285' title='bbox 2803 2595 2919 2652; x_wconf 89' lang='lat' dir='ltr'>quo</span> 
     </span>
     <span class='ocr_line' id='line_1_28' title="bbox 511 2655 2924 2735; baseline 0.001 -24"><span class='ocrx_word' id='word_1_286' title='bbox 511 2655 704 2712; x_wconf 81' lang='lat' dir='ltr'>anima</span> <span class='ocrx_word' id='word_1_287' title='bbox 747 2675 876 2713; x_wconf 86' lang='lat' dir='ltr'>mea</span> <span class='ocrx_word' id='word_1_288' title='bbox 922 2656 1034 2714; x_wconf 90' lang='lat' dir='ltr'>sibi</span> <span class='ocrx_word' id='word_1_289' title='bbox 1078 2656 1441 2732; x_wconf 85' lang='lat' dir='ltr'>complacuit,</span> <span class='ocrx_word' id='word_1_290' title='bbox 1487 2655 1596 2715; x_wconf 66' lang='grc' dir='ltr'>ὅτε.</span> <span class='ocrx_word' id='word_1_291' title='bbox 1683 2658 1813 2735; x_wconf 89' lang='lat' dir='ltr'>Ego</span> <span class='ocrx_word' id='word_1_292' title='bbox 1854 2659 1897 2716; x_wconf 85' lang='lat' dir='ltr'>J</span> <span class='ocrx_word' id='word_1_293' title='bbox 1901 2658 2089 2716; x_wconf 75' lang='lat' dir='ltr'>ehova</span> <span class='ocrx_word' id='word_1_294' title='bbox 2128 2666 2187 2716; x_wconf 87' lang='lat' dir='ltr'>te</span> <span class='ocrx_word' id='word_1_295' title='bbox 2214 2658 2422 2714; x_wconf 87' lang='lat' dir='ltr'>vocavi</span> <span class='ocrx_word' id='word_1_296' title='bbox 2468 2657 2529 2714; x_wconf 86' lang='lat' dir='ltr'>in</span> <span class='ocrx_word' id='word_1_297' title='bbox 2570 2656 2817 2732; x_wconf 61' lang='lat' dir='ltr'>justitia,</span> <span class='ocrx_word' id='word_1_298' title='bbox 2865 2664 2924 2714; x_wconf 81' lang='lat' dir='ltr'>et</span> 
     </span>
     <span class='ocr_line' id='line_1_29' title="bbox 512 2734 2920 2813; baseline 0 -22"><span class='ocrx_word' id='word_1_299' title='bbox 512 2734 722 2792; x_wconf 91' lang='lat' dir='ltr'>tenebo</span> <span class='ocrx_word' id='word_1_300' title='bbox 750 2753 983 2792; x_wconf 89' lang='lat' dir='ltr'>manum</span> <span class='ocrx_word' id='word_1_301' title='bbox 1012 2743 1186 2811; x_wconf 89' lang='lat' dir='ltr'>tuam,</span> <span class='ocrx_word' id='word_1_302' title='bbox 1219 2744 1279 2795; x_wconf 90' lang='lat' dir='ltr'>et</span> <span class='ocrx_word' id='word_1_303' title='bbox 1305 2736 1566 2795; x_wconf 89' lang='lat' dir='ltr'>retinebo</span> <span class='ocrx_word' id='word_1_304' title='bbox 1593 2745 1670 2812; x_wconf 88' lang='lat' dir='ltr'>te,</span> <span class='ocrx_word' id='word_1_305' title='bbox 1702 2747 1760 2797; x_wconf 89' lang='lat' dir='ltr'>et</span> <span class='ocrx_word' id='word_1_306' title='bbox 1787 2737 1939 2795; x_wconf 83' lang='lat' dir='ltr'>dabo</span> <span class='ocrx_word' id='word_1_307' title='bbox 1967 2745 2026 2795; x_wconf 90' lang='lat' dir='ltr'>te</span> <span class='ocrx_word' id='word_1_308' title='bbox 2063 2737 2124 2794; x_wconf 90' lang='lat' dir='ltr'>in</span> <span class='ocrx_word' id='word_1_309' title='bbox 2165 2736 2355 2794; x_wconf 81' lang='lat' dir='ltr'>foedus</span> <span class='ocrx_word' id='word_1_310' title='bbox 2396 2735 2612 2813; x_wconf 81' lang='lat' dir='ltr'>populi,</span> <span class='ocrx_word' id='word_1_311' title='bbox 2645 2744 2704 2793; x_wconf 90' lang='lat' dir='ltr'>et</span> <span class='ocrx_word' id='word_1_312' title='bbox 2732 2735 2920 2793; x_wconf 89' lang='lat' dir='ltr'>lucem</span> 
     </span>
     <span class='ocr_line' id='line_1_30' title="bbox 513 2813 2923 2894; baseline 0.001 -23"><span class='ocrx_word' id='word_1_313' title='bbox 513 2813 772 2890; x_wconf 88' lang='lat' dir='ltr'>gentium</span> <span class='ocrx_word' id='word_1_314' title='bbox 795 2814 850 2889; x_wconf 88' lang='lat'>;’&#39;</span> <span class='ocrx_word' id='word_1_315' title='bbox 896 2814 974 2873; x_wconf 90' lang='lat' dir='ltr'>Et</span> <span class='ocrx_word' id='word_1_316' title='bbox 1002 2834 1126 2892; x_wconf 87' lang='lat' dir='ltr'>cap.</span> <span class='ocrx_word' id='word_1_317' title='bbox 1158 2815 1303 2873; x_wconf 85' lang='lat' dir='ltr'>xlix.</span> <span class='ocrx_word' id='word_1_318' title='bbox 1335 2818 1391 2891; x_wconf 84' lang='lat'>6,</span> <span class='ocrx_word' id='word_1_319' title='bbox 1425 2819 1461 2849; x_wconf 92' lang='lat'><strong>“</strong></span> <span class='ocrx_word' id='word_1_320' title='bbox 1485 2818 1617 2894; x_wconf 87' lang='lat' dir='ltr'>Ego</span> <span class='ocrx_word' id='word_1_321' title='bbox 1645 2827 1702 2877; x_wconf 90' lang='lat' dir='ltr'>te</span> <span class='ocrx_word' id='word_1_322' title='bbox 1729 2817 1866 2876; x_wconf 88' lang='lat' dir='ltr'>dedi</span> <span class='ocrx_word' id='word_1_323' title='bbox 1906 2818 1964 2874; x_wconf 89' lang='lat' dir='ltr'>in</span> <span class='ocrx_word' id='word_1_324' title='bbox 1992 2816 2180 2874; x_wconf 84' lang='lat' dir='ltr'>foedus</span> <span class='ocrx_word' id='word_1_325' title='bbox 2227 2816 2444 2892; x_wconf 87' lang='lat' dir='ltr'>populi,</span> <span class='ocrx_word' id='word_1_326' title='bbox 2476 2825 2535 2874; x_wconf 92' lang='lat' dir='ltr'>et</span> <span class='ocrx_word' id='word_1_327' title='bbox 2561 2822 2628 2873; x_wconf 89' lang='lat' dir='ltr'>ut</span> <span class='ocrx_word' id='word_1_328' title='bbox 2655 2815 2737 2873; x_wconf 89' lang='lat' dir='ltr'>sis</span> <span class='ocrx_word' id='word_1_329' title='bbox 2765 2816 2923 2873; x_wconf 84' lang='lat' dir='ltr'>salus</span> 
     </span>
     <span class='ocr_line' id='line_1_31' title="bbox 512 2894 2924 2973; baseline 0.001 -23"><span class='ocrx_word' id='word_1_330' title='bbox 512 2912 642 2951; x_wconf 88' lang='lat' dir='ltr'>mea</span> <span class='ocrx_word' id='word_1_331' title='bbox 668 2912 851 2969; x_wconf 88' lang='lat' dir='ltr'>usque</span> <span class='ocrx_word' id='word_1_332' title='bbox 880 2894 957 2952; x_wconf 86' lang='lat' dir='ltr'>ad</span> <span class='ocrx_word' id='word_1_333' title='bbox 984 2895 1380 2956; x_wconf 81' lang='lat' dir='ltr'>extremitates</span> <span class='ocrx_word' id='word_1_334' title='bbox 1406 2904 1574 2955; x_wconf 78' lang='lat' dir='ltr'>terrae</span> <span class='ocrx_word' id='word_1_335' title='bbox 1593 2899 1651 2972; x_wconf 87' lang='lat'>;”</span> <span class='ocrx_word' id='word_1_336' title='bbox 1695 2917 1824 2973; x_wconf 82' lang='lat' dir='ltr'>quae</span> <span class='ocrx_word' id='word_1_337' title='bbox 1852 2897 2082 2955; x_wconf 82' lang='lat' dir='ltr'>vocatio</span> <span class='ocrx_word' id='word_1_338' title='bbox 2110 2895 2444 2954; x_wconf 82' lang='lat' dir='ltr'>extenditur</span> <span class='ocrx_word' id='word_1_339' title='bbox 2469 2894 2545 2953; x_wconf 89' lang='lat' dir='ltr'>ad</span> <span class='ocrx_word' id='word_1_340' title='bbox 2585 2904 2704 2954; x_wconf 89' lang='lat' dir='ltr'>tres</span> <span class='ocrx_word' id='word_1_341' title='bbox 2730 2904 2924 2971; x_wconf 86' lang='lat' dir='ltr'>partes</span> 
     </span>
     <span class='ocr_line' id='line_1_32' title="bbox 515 2973 2923 3053; baseline 0.001 -23"><span class='ocrx_word' id='word_1_342' title='bbox 515 2973 777 3032; x_wconf 89' lang='lat' dir='ltr'>Muneris</span> <span class='ocrx_word' id='word_1_343' title='bbox 807 2974 1138 3033; x_wconf 75' lang='lat' dir='ltr'>Mediator-ii</span> <span class='ocrx_word' id='word_1_344' title='bbox 1163 2997 1179 3035; x_wconf 67' lang='grc' dir='ltr'>ι</span> <span class='ocrx_word' id='word_1_345' title='bbox 1220 2976 1296 3034; x_wconf 91' lang='lat' dir='ltr'>ad</span> <span class='ocrx_word' id='word_1_346' title='bbox 1328 2976 1744 3051; x_wconf 77' lang='lat' dir='ltr'>Sacerdotium,</span> <span class='ocrx_word' id='word_1_347' title='bbox 1777 2978 1875 3034; x_wconf 89' lang='lat' dir='ltr'>Ps.</span> <span class='ocrx_word' id='word_1_348' title='bbox 1904 2995 1998 3035; x_wconf 86' lang='lat' dir='ltr'>cx.</span> <span class='ocrx_word' id='word_1_349' title='bbox 2030 2979 2101 3052; x_wconf 74' lang='lat'>43</span> <span class='ocrx_word' id='word_1_350' title='bbox 2149 2976 2536 3053; x_wconf 83' lang='lat' dir='ltr'>Prophetiam,</span> <span class='ocrx_word' id='word_1_351' title='bbox 2569 2975 2685 3034; x_wconf 90' lang='lat' dir='ltr'>Isa.</span> <span class='ocrx_word' id='word_1_352' title='bbox 2713 2975 2818 3034; x_wconf 83' lang='lat' dir='ltr'>lxi.</span> <span class='ocrx_word' id='word_1_353' title='bbox 2849 2980 2923 3051; x_wconf 77' lang='lat'>23</span> 
     </span>
     <span class='ocr_line' id='line_1_33' title="bbox 515 3054 2925 3133; baseline 0.001 -22"><span class='ocrx_word' id='word_1_354' title='bbox 515 3054 803 3130; x_wconf 87' lang='lat' dir='ltr'>Regnum,</span> <span class='ocrx_word' id='word_1_355' title='bbox 837 3054 933 3113; x_wconf 90' lang='lat' dir='ltr'>Ps.</span> <span class='ocrx_word' id='word_1_356' title='bbox 965 3055 1023 3113; x_wconf 86' lang='lat' dir='ltr'>ii.</span> <span class='ocrx_word' id='word_1_357' title='bbox 1055 3057 1111 3114; x_wconf 86' lang='lat'>8.</span> <span class='ocrx_word' id='word_1_358' title='bbox 1198 3055 1325 3114; x_wconf 86' lang='lat' dir='ltr'>Lex</span> <span class='ocrx_word' id='word_1_359' title='bbox 1366 3056 1601 3115; x_wconf 86' lang='lat' dir='ltr'>foederis</span> <span class='ocrx_word' id='word_1_360' title='bbox 1629 3077 1668 3115; x_wconf 87' lang='lat' dir='ltr'>a</span> <span class='ocrx_word' id='word_1_361' title='bbox 1695 3058 1867 3115; x_wconf 86' lang='lat' dir='ltr'>Patre</span> <span class='ocrx_word' id='word_1_362' title='bbox 1904 3056 2156 3133; x_wconf 87' lang='lat' dir='ltr'>ponitur,</span> <span class='ocrx_word' id='word_1_363' title='bbox 2186 3066 2257 3115; x_wconf 77' lang='grc' dir='ltr'>ιιι.Ι</span> <span class='ocrx_word' id='word_1_364' title='bbox 2282 3056 2361 3114; x_wconf 91' lang='lat' dir='ltr'>sit</span> <span class='ocrx_word' id='word_1_365' title='bbox 2398 3055 2586 3115; x_wconf 87' lang='lat' dir='ltr'>foedus</span> <span class='ocrx_word' id='word_1_366' title='bbox 2628 3055 2827 3133; x_wconf 86' lang='lat' dir='ltr'>populi</span> <span class='ocrx_word' id='word_1_367' title='bbox 2865 3065 2925 3114; x_wconf 76' lang='lat' dir='ltr'>et</span> 
     </span>
     <span class='ocr_line' id='line_1_34' title="bbox 512 3134 2924 3214; baseline 0 -22"><span class='ocrx_word' id='word_1_368' title='bbox 512 3134 646 3192; x_wconf 86' lang='lat' dir='ltr'>Lux</span> <span class='ocrx_word' id='word_1_369' title='bbox 668 3134 946 3211; x_wconf 86' lang='lat' dir='ltr'>gentium,</span> <span class='ocrx_word' id='word_1_370' title='bbox 969 3144 1036 3195; x_wconf 93' lang='grc' dir='ltr'>ιιι</span> <span class='ocrx_word' id='word_1_371' title='bbox 1054 3145 1233 3212; x_wconf 91' lang='lat' dir='ltr'>ponat</span> <span class='ocrx_word' id='word_1_372' title='bbox 1254 3137 1506 3195; x_wconf 89' lang='lat' dir='ltr'>animam</span> <span class='ocrx_word' id='word_1_373' title='bbox 1528 3157 1634 3214; x_wconf 91' lang='lat' dir='ltr'>pro</span> <span class='ocrx_word' id='word_1_374' title='bbox 1656 3136 1881 3211; x_wconf 78' lang='lat' dir='ltr'>ovibus,</span> <span class='ocrx_word' id='word_1_375' title='bbox 1906 3137 1949 3194; x_wconf 85' lang='lat' dir='ltr'>J</span> <span class='ocrx_word' id='word_1_376' title='bbox 1954 3136 2163 3194; x_wconf 83' lang='lat' dir='ltr'>ohann.</span> <span class='ocrx_word' id='word_1_377' title='bbox 2188 3157 2246 3194; x_wconf 87' lang='lat' dir='ltr'>x.</span> <span class='ocrx_word' id='word_1_378' title='bbox 2276 3138 2368 3211; x_wconf 89' lang='lat'>18,</span> <span class='ocrx_word' id='word_1_379' title='bbox 2396 3140 2431 3169; x_wconf 73' lang='lat'>‘⁴</span> <span class='ocrx_word' id='word_1_380' title='bbox 2448 3137 2558 3195; x_wconf 93' lang='lat' dir='ltr'>hoc</span> <span class='ocrx_word' id='word_1_381' title='bbox 2576 3144 2924 3214; x_wconf 75' lang='lat' dir='ltr'>praeceptum</span> 
     </span>
     <span class='ocr_line' id='line_1_35' title="bbox 510 3215 2923 3293; baseline 0 -20"><span class='ocrx_word' id='word_1_382' title='bbox 510 3215 706 3291; x_wconf 81' lang='lat' dir='ltr'>accepi</span> <span class='ocrx_word' id='word_1_383' title='bbox 736 3235 774 3272; x_wconf 87' lang='lat' dir='ltr'>a</span> <span class='ocrx_word' id='word_1_384' title='bbox 801 3216 973 3275; x_wconf 90' lang='lat' dir='ltr'>Patre</span> <span class='ocrx_word' id='word_1_385' title='bbox 1001 3217 1190 3274; x_wconf 86' lang='lat' dir='ltr'>me0.’&#39;</span> <span class='ocrx_word' id='word_1_386' title='bbox 1278 3217 1378 3275; x_wconf 85' lang='lat' dir='ltr'>nli</span> <span class='ocrx_word' id='word_1_387' title='bbox 1407 3216 1554 3293; x_wconf 87' lang='lat' dir='ltr'>Legi</span> <span class='ocrx_word' id='word_1_388' title='bbox 1581 3216 1889 3293; x_wconf 84' lang='lat' dir='ltr'>promissio</span> <span class='ocrx_word' id='word_1_389' title='bbox 1911 3236 1946 3274; x_wconf 90' lang='lat' dir='ltr'>a</span> <span class='ocrx_word' id='word_1_390' title='bbox 1969 3217 2143 3276; x_wconf 86' lang='lat' dir='ltr'>Patre</span> <span class='ocrx_word' id='word_1_391' title='bbox 2169 3215 2417 3292; x_wconf 83' lang='lat' dir='ltr'>additur,</span> <span class='ocrx_word' id='word_1_392' title='bbox 2449 3236 2564 3274; x_wconf 90' lang='lat' dir='ltr'>non</span> <span class='ocrx_word' id='word_1_393' title='bbox 2594 3216 2766 3274; x_wconf 89' lang='lat' dir='ltr'>modo</span> <span class='ocrx_word' id='word_1_394' title='bbox 2794 3235 2923 3292; x_wconf 91' lang='lat' dir='ltr'>pro-</span> 
     </span>
     <span class='ocr_line' id='line_1_36' title="bbox 511 3295 2924 3370; baseline -0.001 -16"><span class='ocrx_word' id='word_1_395' title='bbox 511 3295 777 3354; x_wconf 87' lang='lat' dir='ltr'>tectionis</span> <span class='ocrx_word' id='word_1_396' title='bbox 806 3303 865 3354; x_wconf 88' lang='lat' dir='ltr'>et</span> <span class='ocrx_word' id='word_1_397' title='bbox 892 3297 1097 3354; x_wconf 87' lang='lat' dir='ltr'>auxilii</span> <span class='ocrx_word' id='word_1_398' title='bbox 1137 3296 1200 3354; x_wconf 89' lang='lat' dir='ltr'>in</span> <span class='ocrx_word' id='word_1_399' title='bbox 1241 3297 1582 3356; x_wconf 83' lang='lat' dir='ltr'>executione</span> <span class='ocrx_word' id='word_1_400' title='bbox 1622 3296 1899 3370; x_wconf 89' lang='lat' dir='ltr'>muneris,</span> <span class='ocrx_word' id='word_1_401' title='bbox 1931 3296 2047 3354; x_wconf 87' lang='lat' dir='ltr'>Isa.</span> <span class='ocrx_word' id='word_1_402' title='bbox 2078 3295 2203 3353; x_wconf 85' lang='lat' dir='ltr'>xlii.</span> <span class='ocrx_word' id='word_1_403' title='bbox 2236 3299 2289 3369; x_wconf 86' lang='grc'>6,</span> <span class='ocrx_word' id='word_1_404' title='bbox 2324 3300 2383 3370; x_wconf 86' lang='grc'>7,</span> <span class='ocrx_word' id='word_1_405' title='bbox 2410 3305 2470 3354; x_wconf 91' lang='lat' dir='ltr'>et</span> <span class='ocrx_word' id='word_1_406' title='bbox 2509 3295 2694 3353; x_wconf 83' lang='lat' dir='ltr'>felicis</span> <span class='ocrx_word' id='word_1_407' title='bbox 2735 3295 2924 3370; x_wconf 86' lang='lat' dir='ltr'>operis</span> 
     </span>
     <span class='ocr_line' id='line_1_37' title="bbox 511 3373 2922 3453; baseline -0.001 -21"><span class='ocrx_word' id='word_1_408' title='bbox 511 3393 816 3432; x_wconf 88' lang='lat' dir='ltr'>successus</span> <span class='ocrx_word' id='word_1_409' title='bbox 843 3395 947 3450; x_wconf 88' lang='lat' dir='ltr'>per</span> <span class='ocrx_word' id='word_1_410' title='bbox 976 3376 1086 3433; x_wconf 90' lang='lat' dir='ltr'>Dei</span> <span class='ocrx_word' id='word_1_411' title='bbox 1114 3377 1584 3453; x_wconf 87' lang='lat' dir='ltr'>acceptationem,</span> <span class='ocrx_word' id='word_1_412' title='bbox 1618 3375 1733 3433; x_wconf 90' lang='lat' dir='ltr'>Isa.</span> <span class='ocrx_word' id='word_1_413' title='bbox 1764 3376 1910 3433; x_wconf 85' lang='lat' dir='ltr'>xlix.</span> <span class='ocrx_word' id='word_1_414' title='bbox 1946 3378 1997 3450; x_wconf 94' lang='lat' dir='ltr'>l,</span> <span class='ocrx_word' id='word_1_415' title='bbox 2030 3380 2086 3449; x_wconf 80' lang='lat'>2,</span> <span class='ocrx_word' id='word_1_416' title='bbox 2119 3378 2173 3449; x_wconf 87' lang='lat'>3,</span> <span class='ocrx_word' id='word_1_417' title='bbox 2205 3378 2271 3448; x_wconf 86' lang='grc'>4,.</span> <span class='ocrx_word' id='word_1_418' title='bbox 2295 3378 2350 3449; x_wconf 86' lang='grc'>5,</span> <span class='ocrx_word' id='word_1_419' title='bbox 2384 3378 2437 3449; x_wconf 88' lang='grc'>6,</span> <span class='ocrx_word' id='word_1_420' title='bbox 2470 3374 2525 3449; x_wconf 88' lang='grc'>8,</span> <span class='ocrx_word' id='word_1_421' title='bbox 2559 3373 2663 3431; x_wconf 87' lang='lat' dir='ltr'>sed</span> <span class='ocrx_word' id='word_1_422' title='bbox 2690 3382 2750 3432; x_wconf 76' lang='lat' dir='ltr'>et</span> <span class='ocrx_word' id='word_1_423' title='bbox 2775 3388 2922 3430; x_wconf 79' lang='lat' dir='ltr'>mer-</span> 
     </span>
     <span class='ocr_line' id='line_1_38' title="bbox 509 3452 2921 3533; baseline 0 -23"><span class='ocrx_word' id='word_1_424' title='bbox 509 3453 672 3511; x_wconf 85' lang='lat' dir='ltr'>cedis</span> <span class='ocrx_word' id='word_1_425' title='bbox 698 3461 757 3510; x_wconf 89' lang='lat' dir='ltr'>et</span> <span class='ocrx_word' id='word_1_426' title='bbox 797 3454 1018 3529; x_wconf 71' lang='lat' dir='ltr'>praemii</span> <span class='ocrx_word' id='word_1_427' title='bbox 1058 3455 1119 3512; x_wconf 92' lang='lat' dir='ltr'>in</span> <span class='ocrx_word' id='word_1_428' title='bbox 1148 3455 1364 3513; x_wconf 87' lang='lat' dir='ltr'>semine</span> <span class='ocrx_word' id='word_1_429' title='bbox 1393 3455 1696 3533; x_wconf 87' lang='lat' dir='ltr'>spirituali,</span> <span class='ocrx_word' id='word_1_430' title='bbox 1727 3464 1787 3513; x_wconf 91' lang='lat' dir='ltr'>et</span> <span class='ocrx_word' id='word_1_431' title='bbox 1815 3454 2167 3514; x_wconf 78' lang='lat' dir='ltr'>exaltatione</span> <span class='ocrx_word' id='word_1_432' title='bbox 2209 3453 2319 3530; x_wconf 90' lang='lat' dir='ltr'>ipsi</span> <span class='ocrx_word' id='word_1_433' title='bbox 2348 3471 2637 3526; x_wconf 87' lang='lat' dir='ltr'>concessa,</span> <span class='ocrx_word' id='word_1_434' title='bbox 2673 3453 2787 3510; x_wconf 87' lang='lat' dir='ltr'>Isa.</span> <span class='ocrx_word' id='word_1_435' title='bbox 2816 3452 2921 3511; x_wconf 89' lang='lat' dir='ltr'>liii.</span> 
     </span>
     <span class='ocr_line' id='line_1_39' title="bbox 518 3530 2919 3612; baseline -0 -23"><span class='ocrx_word' id='word_1_436' title='bbox 518 3535 609 3605; x_wconf 92' lang='grc'>10,</span> <span class='ocrx_word' id='word_1_437' title='bbox 645 3534 680 3563; x_wconf 86' lang='grc'>“</span> <span class='ocrx_word' id='word_1_438' title='bbox 704 3532 1022 3608; x_wconf 89' lang='lat' dir='ltr'>Postquam</span> <span class='ocrx_word' id='word_1_439' title='bbox 1043 3533 1235 3591; x_wconf 87' lang='lat' dir='ltr'>anima</span> <span class='ocrx_word' id='word_1_440' title='bbox 1255 3535 1384 3610; x_wconf 85' lang='lat' dir='ltr'>ejus</span> <span class='ocrx_word' id='word_1_441' title='bbox 1404 3556 1466 3593; x_wconf 89' lang='lat' dir='ltr'>se</span> <span class='ocrx_word' id='word_1_442' title='bbox 1488 3534 1746 3612; x_wconf 88' lang='lat' dir='ltr'>posuerit</span> <span class='ocrx_word' id='word_1_443' title='bbox 1767 3534 2110 3593; x_wconf 87' lang='lat' dir='ltr'>sacrificium</span> <span class='ocrx_word' id='word_1_444' title='bbox 2132 3550 2236 3609; x_wconf 90' lang='lat' dir='ltr'>pro</span> <span class='ocrx_word' id='word_1_445' title='bbox 2258 3541 2437 3607; x_wconf 87' lang='lat' dir='ltr'>reatu,</span> <span class='ocrx_word' id='word_1_446' title='bbox 2461 3530 2687 3589; x_wconf 83' lang='lat' dir='ltr'>videbit</span> <span class='ocrx_word' id='word_1_447' title='bbox 2707 3550 2919 3606; x_wconf 86' lang='lat' dir='ltr'>semen,</span> 
     </span>
     <span class='ocr_line' id='line_1_40' title="bbox 510 3610 2924 3692; baseline 0 -24"><span class='ocrx_word' id='word_1_448' title='bbox 510 3619 571 3669; x_wconf 89' lang='lat' dir='ltr'>et</span> <span class='ocrx_word' id='word_1_449' title='bbox 600 3610 1021 3686; x_wconf 88' lang='lat' dir='ltr'>beneplacitum</span> <span class='ocrx_word' id='word_1_450' title='bbox 1049 3613 1092 3670; x_wconf 84' lang='lat' dir='ltr'>J</span> <span class='ocrx_word' id='word_1_451' title='bbox 1097 3613 1297 3671; x_wconf 80' lang='lat' dir='ltr'>ehovae</span> <span class='ocrx_word' id='word_1_452' title='bbox 1325 3614 1387 3671; x_wconf 87' lang='lat' dir='ltr'>in</span> <span class='ocrx_word' id='word_1_453' title='bbox 1408 3616 1537 3692; x_wconf 90' lang='lat' dir='ltr'>ejus</span> <span class='ocrx_word' id='word_1_454' title='bbox 1564 3634 1740 3673; x_wconf 90' lang='lat' dir='ltr'>manu</span> <span class='ocrx_word' id='word_1_455' title='bbox 1770 3613 2255 3691; x_wconf 88' lang='lat' dir='ltr'>prosperabitur.&#39;&#39;</span> <span class='ocrx_word' id='word_1_456' title='bbox 2327 3610 2671 3687; x_wconf 87' lang='lat' dir='ltr'>Acceptatio</span> <span class='ocrx_word' id='word_1_457' title='bbox 2699 3630 2735 3669; x_wconf 88' lang='lat' dir='ltr'>a</span> <span class='ocrx_word' id='word_1_458' title='bbox 2760 3621 2924 3688; x_wconf 86' lang='lat' dir='ltr'>parte</span> 
     </span>
     <span class='ocr_line' id='line_1_41' title="bbox 515 3689 2923 3768; baseline 0.001 -21"><span class='ocrx_word' id='word_1_459' title='bbox 515 3690 652 3748; x_wconf 83' lang='lat' dir='ltr'>Filii</span> <span class='ocrx_word' id='word_1_460' title='bbox 681 3689 741 3747; x_wconf 93' lang='lat' dir='ltr'>in</span> <span class='ocrx_word' id='word_1_461' title='bbox 771 3690 880 3748; x_wconf 88' lang='lat' dir='ltr'>hoc</span> <span class='ocrx_word' id='word_1_462' title='bbox 906 3691 1098 3766; x_wconf 87' lang='lat' dir='ltr'>posita</span> <span class='ocrx_word' id='word_1_463' title='bbox 1123 3701 1244 3767; x_wconf 88' lang='lat' dir='ltr'>est;</span> <span class='ocrx_word' id='word_1_464' title='bbox 1290 3693 1460 3767; x_wconf 85' lang='lat' dir='ltr'>Quod</span> <span class='ocrx_word' id='word_1_465' title='bbox 1492 3694 1629 3753; x_wconf 88' lang='lat' dir='ltr'>huic</span> <span class='ocrx_word' id='word_1_466' title='bbox 1660 3695 1850 3753; x_wconf 88' lang='lat' dir='ltr'>Patris</span> <span class='ocrx_word' id='word_1_467' title='bbox 1877 3692 2165 3751; x_wconf 85' lang='lat' dir='ltr'>voluntati</span> <span class='ocrx_word' id='word_1_468' title='bbox 2192 3699 2253 3750; x_wconf 92' lang='lat' dir='ltr'>et</span> <span class='ocrx_word' id='word_1_469' title='bbox 2281 3690 2427 3767; x_wconf 84' lang='lat' dir='ltr'>Legi</span> <span class='ocrx_word' id='word_1_470' title='bbox 2456 3690 2691 3749; x_wconf 83' lang='lat' dir='ltr'>foederis</span> <span class='ocrx_word' id='word_1_471' title='bbox 2718 3700 2923 3768; x_wconf 78' lang='lat' dir='ltr'>sponte·</span> 
     </span>
     <span class='ocr_line' id='line_1_42' title="bbox 512 3769 2923 3851; baseline 0 -23"><span class='ocrx_word' id='word_1_472' title='bbox 512 3790 574 3829; x_wconf 92' lang='lat' dir='ltr'>se</span> <span class='ocrx_word' id='word_1_473' title='bbox 603 3769 935 3829; x_wconf 88' lang='lat' dir='ltr'>submiserit</span> <span class='ocrx_word' id='word_1_474' title='bbox 974 3791 1077 3848; x_wconf 89' lang='lat' dir='ltr'>pro</span> <span class='ocrx_word' id='word_1_475' title='bbox 1116 3772 1284 3831; x_wconf 91' lang='lat' dir='ltr'>nobis</span> <span class='ocrx_word' id='word_1_476' title='bbox 1313 3774 1667 3851; x_wconf 90' lang='lat' dir='ltr'>spondendo,</span> <span class='ocrx_word' id='word_1_477' title='bbox 1701 3774 1854 3833; x_wconf 89' lang='lat' dir='ltr'>Heb.</span> <span class='ocrx_word' id='word_1_478' title='bbox 1886 3794 1945 3832; x_wconf 89' lang='lat' dir='ltr'>x.</span> <span class='ocrx_word' id='word_1_479' title='bbox 1977 3775 2031 3848; x_wconf 87' lang='lat'>5,</span> <span class='ocrx_word' id='word_1_480' title='bbox 2067 3774 2103 3804; x_wconf 90' lang='lat'><strong>“</strong></span> <span class='ocrx_word' id='word_1_481' title='bbox 2126 3772 2349 3847; x_wconf 89' lang='lat' dir='ltr'>Corpus</span> <span class='ocrx_word' id='word_1_482' title='bbox 2375 3771 2587 3847; x_wconf 86' lang='lat' dir='ltr'>aptasti</span> <span class='ocrx_word' id='word_1_483' title='bbox 2629 3771 2829 3846; x_wconf 86' lang='lat' dir='ltr'>mihi,&#39;&#39;</span> <span class='ocrx_word' id='word_1_484' title='bbox 2861 3770 2923 3828; x_wconf 91' lang='lat' dir='ltr'>id</span> 
     </span>
     <span class='ocr_line' id='line_1_43' title="bbox 510 3850 2920 3931; baseline -0 -22"><span class='ocrx_word' id='word_1_485' title='bbox 510 3859 617 3924; x_wconf 84' lang='lat' dir='ltr'>est,</span> <span class='ocrx_word' id='word_1_486' title='bbox 648 3870 741 3909; x_wconf 90' lang='lat' dir='ltr'>me</span> <span class='ocrx_word' id='word_1_487' title='bbox 768 3850 827 3907; x_wconf 91' lang='lat' dir='ltr'>in</span> <span class='ocrx_word' id='word_1_488' title='bbox 857 3869 1087 3909; x_wconf 86' lang='lat' dir='ltr'>servum</span> <span class='ocrx_word' id='word_1_489' title='bbox 1109 3860 1273 3911; x_wconf 88' lang='lat' dir='ltr'>tuum</span> <span class='ocrx_word' id='word_1_490' title='bbox 1295 3853 1590 3927; x_wconf 87' lang='lat' dir='ltr'>addixisti,</span> <span class='ocrx_word' id='word_1_491' title='bbox 1624 3855 1846 3931; x_wconf 88' lang='lat' dir='ltr'>Corpus</span> <span class='ocrx_word' id='word_1_492' title='bbox 1873 3874 1977 3931; x_wconf 89' lang='lat' dir='ltr'>per</span> <span class='ocrx_word' id='word_1_493' title='bbox 1999 3850 2456 3909; x_wconf 88' lang='lat' dir='ltr'>Incarnationem</span> <span class='ocrx_word' id='word_1_494' title='bbox 2482 3850 2623 3908; x_wconf 85' lang='lat' dir='ltr'>mihi</span> <span class='ocrx_word' id='word_1_495' title='bbox 2652 3850 2920 3928; x_wconf 83' lang='lat' dir='ltr'>aptando,</span> 
     </span>
     <span class='ocr_line' id='line_1_44' title="bbox 514 3930 2924 4008; baseline -0.002 -18"><span class='ocrx_word' id='word_1_496' title='bbox 514 3934 550 3965; x_wconf 81' lang='lat'>‘⁴</span> <span class='ocrx_word' id='word_1_497' title='bbox 574 3932 738 3990; x_wconf 82' lang='lat' dir='ltr'>Tunc</span> <span class='ocrx_word' id='word_1_498' title='bbox 780 3930 922 4006; x_wconf 84' lang='lat' dir='ltr'>dixi,</span> <span class='ocrx_word' id='word_1_499' title='bbox 969 3932 1121 3991; x_wconf 87' lang='lat' dir='ltr'>Ecce</span> <span class='ocrx_word' id='word_1_500' title='bbox 1150 3933 1321 3991; x_wconf 82' lang='lat' dir='ltr'>venio</span> <span class='ocrx_word' id='word_1_501' title='bbox 1362 3933 1549 3992; x_wconf 83' lang='lat' dir='ltr'>facere</span> <span class='ocrx_word' id='word_1_502' title='bbox 1578 3934 1936 3993; x_wconf 84' lang='lat' dir='ltr'>voluntatem</span> <span class='ocrx_word' id='word_1_503' title='bbox 1976 3940 2152 4006; x_wconf 61' lang='lat' dir='ltr'>turm,</span> <span class='ocrx_word' id='word_1_504' title='bbox 2200 3930 2363 3989; x_wconf 87' lang='lat' dir='ltr'>Deus</span> <span class='ocrx_word' id='word_1_505' title='bbox 2402 3930 2500 4005; x_wconf 87' lang='lat' dir='ltr'>mi,</span> <span class='ocrx_word' id='word_1_506' title='bbox 2531 3931 2745 4008; x_wconf 85' lang='lat' dir='ltr'>volupe</span> <span class='ocrx_word' id='word_1_507' title='bbox 2782 3930 2924 3987; x_wconf 85' lang='lat' dir='ltr'>mihi</span> 
     </span>
     <span class='ocr_line' id='line_1_45' title="bbox 507 4009 2924 4086; baseline -0.001 -16"><span class='ocrx_word' id='word_1_508' title='bbox 507 4019 618 4086; x_wconf 86' lang='lat' dir='ltr'>est,</span> <span class='ocrx_word' id='word_1_509' title='bbox 632 4021 691 4071; x_wconf 91' lang='lat' dir='ltr'>et</span> <span class='ocrx_word' id='word_1_510' title='bbox 711 4012 836 4070; x_wconf 90' lang='lat' dir='ltr'>Lex</span> <span class='ocrx_word' id='word_1_511' title='bbox 865 4020 967 4070; x_wconf 90' lang='lat' dir='ltr'>tua</span> <span class='ocrx_word' id='word_1_512' title='bbox 993 4022 1083 4072; x_wconf 86' lang='lat' dir='ltr'>est</span> <span class='ocrx_word' id='word_1_513' title='bbox 1109 4012 1172 4070; x_wconf 90' lang='lat' dir='ltr'>in</span> <span class='ocrx_word' id='word_1_514' title='bbox 1197 4013 1389 4072; x_wconf 90' lang='lat' dir='ltr'>medio</span> <span class='ocrx_word' id='word_1_515' title='bbox 1410 4015 1699 4072; x_wconf 76' lang='lat' dir='ltr'>viscerum</span> <span class='ocrx_word' id='word_1_516' title='bbox 1726 4014 2042 4072; x_wconf 86' lang='lat' dir='ltr'>meorum.&#39;’</span> <span class='ocrx_word' id='word_1_517' title='bbox 2087 4011 2215 4070; x_wconf 83' lang='lat' dir='ltr'>Nee</span> <span class='ocrx_word' id='word_1_518' title='bbox 2236 4009 2411 4069; x_wconf 88' lang='lat' dir='ltr'>modo</span> <span class='ocrx_word' id='word_1_519' title='bbox 2430 4011 2617 4069; x_wconf 86' lang='lat' dir='ltr'>Filius</span> <span class='ocrx_word' id='word_1_520' title='bbox 2643 4012 2755 4069; x_wconf 90' lang='lat' dir='ltr'>hoc</span> <span class='ocrx_word' id='word_1_521' title='bbox 2783 4010 2841 4066; x_wconf 84' lang='lat' dir='ltr'>in</span> <span class='ocrx_word' id='word_1_522' title='bbox 2861 4028 2924 4067; x_wconf 83' lang='lat' dir='ltr'>se</span> 
     </span>
     <span class='ocr_line' id='line_1_46' title="bbox 509 4090 2921 4171; baseline -0.002 -22"><span class='ocrx_word' id='word_1_523' title='bbox 509 4092 743 4168; x_wconf 88' lang='lat' dir='ltr'>recepit,</span> <span class='ocrx_word' id='word_1_524' title='bbox 765 4090 867 4150; x_wconf 86' lang='lat' dir='ltr'>sed</span> <span class='ocrx_word' id='word_1_525' title='bbox 884 4100 944 4150; x_wconf 90' lang='lat' dir='ltr'>et</span> <span class='ocrx_word' id='word_1_526' title='bbox 970 4093 1159 4170; x_wconf 88' lang='lat' dir='ltr'>reipsa</span> <span class='ocrx_word' id='word_1_527' title='bbox 1176 4093 1459 4171; x_wconf 82' lang='lat' dir='ltr'>praestitit,</span> <span class='ocrx_word' id='word_1_528' title='bbox 1492 4092 1682 4169; x_wconf 74' lang='lat' dir='ltr'>factus</span> <span class='ocrx_word' id='word_1_529' title='bbox 1709 4113 1784 4151; x_wconf 88' lang='lat' dir='ltr'>ex</span> <span class='ocrx_word' id='word_1_530' title='bbox 1813 4093 2069 4167; x_wconf 89' lang='lat' dir='ltr'>muliere,</span> <span class='ocrx_word' id='word_1_531' title='bbox 2101 4101 2162 4151; x_wconf 92' lang='lat' dir='ltr'>et</span> <span class='ocrx_word' id='word_1_532' title='bbox 2188 4091 2296 4150; x_wconf 87' lang='lat' dir='ltr'>sub</span> <span class='ocrx_word' id='word_1_533' title='bbox 2316 4091 2493 4168; x_wconf 88' lang='lat' dir='ltr'>Lege,</span> <span class='ocrx_word' id='word_1_534' title='bbox 2516 4090 2708 4149; x_wconf 76' lang='lat' dir='ltr'>Galat.</span> <span class='ocrx_word' id='word_1_535' title='bbox 2739 4090 2817 4147; x_wconf 76' lang='lat' dir='ltr'>iv.</span> <span class='ocrx_word' id='word_1_536' title='bbox 2848 4093 2884 4145; x_wconf 88' lang='lat'>4</span> <span class='ocrx_word' id='word_1_537' title='bbox 2906 4110 2921 4163; x_wconf 87' lang='lat'>;</span> 
     </span>
     <span class='ocr_line' id='line_1_47' title="bbox 510 4169 2920 4250; baseline -0.002 -19"><span class='ocrx_word' id='word_1_538' title='bbox 510 4172 553 4231; x_wconf 86' lang='lat' dir='ltr'>J</span> <span class='ocrx_word' id='word_1_539' title='bbox 556 4172 726 4230; x_wconf 90' lang='lat' dir='ltr'>ohan.</span> <span class='ocrx_word' id='word_1_540' title='bbox 748 4192 847 4229; x_wconf 82' lang='lat' dir='ltr'>xv.</span> <span class='ocrx_word' id='word_1_541' title='bbox 873 4174 965 4246; x_wconf 87' lang='grc'>10,</span> <span class='ocrx_word' id='word_1_542' title='bbox 992 4176 1028 4206; x_wconf 88' lang='grc'>“</span> <span class='ocrx_word' id='word_1_543' title='bbox 1048 4174 1180 4249; x_wconf 90' lang='lat' dir='ltr'>Ego</span> <span class='ocrx_word' id='word_1_544' title='bbox 1202 4174 1432 4231; x_wconf 82' lang='lat' dir='ltr'>servavi</span> <span class='ocrx_word' id='word_1_545' title='bbox 1452 4174 1750 4250; x_wconf 84' lang='lat' dir='ltr'>Praecepta</span> <span class='ocrx_word' id='word_1_546' title='bbox 1773 4172 1963 4231; x_wconf 80' lang='lat' dir='ltr'>Patris</span> <span class='ocrx_word' id='word_1_547' title='bbox 1984 4170 2114 4246; x_wconf 89' lang='lat' dir='ltr'>mei,</span> <span class='ocrx_word' id='word_1_548' title='bbox 2140 4181 2197 4231; x_wconf 89' lang='lat' dir='ltr'>et</span> <span class='ocrx_word' id='word_1_549' title='bbox 2214 4190 2420 4229; x_wconf 89' lang='lat' dir='ltr'>maneo</span> <span class='ocrx_word' id='word_1_550' title='bbox 2442 4172 2501 4227; x_wconf 91' lang='lat' dir='ltr'>in</span> <span class='ocrx_word' id='word_1_551' title='bbox 2524 4172 2651 4248; x_wconf 88' lang='lat' dir='ltr'>ejus</span> <span class='ocrx_word' id='word_1_552' title='bbox 2668 4169 2920 4243; x_wconf 84' lang='lat' dir='ltr'>amore,”</span> 
     </span>
     <span class='ocr_line' id='line_1_48' title="bbox 507 4250 2922 4330; baseline -0.002 -20"><span class='ocrx_word' id='word_1_553' title='bbox 507 4260 569 4310; x_wconf 88' lang='lat' dir='ltr'>et</span> <span class='ocrx_word' id='word_1_554' title='bbox 597 4251 971 4327; x_wconf 87' lang='lat' dir='ltr'>restipulatur</span> <span class='ocrx_word' id='word_1_555' title='bbox 997 4253 1240 4329; x_wconf 88' lang='lat' dir='ltr'>gloriam</span> <span class='ocrx_word' id='word_1_556' title='bbox 1271 4252 1362 4311; x_wconf 86' lang='lat' dir='ltr'>sui</span> <span class='ocrx_word' id='word_1_557' title='bbox 1399 4253 1598 4330; x_wconf 87' lang='lat' dir='ltr'>ipsius,</span> <span class='ocrx_word' id='word_1_558' title='bbox 1631 4262 1691 4311; x_wconf 90' lang='lat' dir='ltr'>et</span> <span class='ocrx_word' id='word_1_559' title='bbox 1718 4252 1961 4311; x_wconf 88' lang='lat' dir='ltr'>salutem</span> <span class='ocrx_word' id='word_1_560' title='bbox 1992 4252 2263 4329; x_wconf 84' lang='lat' dir='ltr'>Corporis</span> <span class='ocrx_word' id='word_1_561' title='bbox 2291 4250 2400 4324; x_wconf 84' lang='lat' dir='ltr'>sui,</span> <span class='ocrx_word' id='word_1_562' title='bbox 2432 4250 2571 4309; x_wconf 86' lang='lat' dir='ltr'>Joh.</span> <span class='ocrx_word' id='word_1_563' title='bbox 2602 4250 2745 4308; x_wconf 78' lang='lat' dir='ltr'>xvii.</span> <span class='ocrx_word' id='word_1_564' title='bbox 2777 4252 2832 4323; x_wconf 80' lang='lat'>4,</span> <span class='ocrx_word' id='word_1_565' title='bbox 2865 4251 2922 4306; x_wconf 79' lang='lat'>5.</span> 
     </span>
     <span class='ocr_line' id='line_1_49' title="bbox 511 4328 2918 4408; baseline -0.002 -18"><span class='ocrx_word' id='word_1_566' title='bbox 511 4333 546 4364; x_wconf 76' lang='lat'>‘⁴</span> <span class='ocrx_word' id='word_1_567' title='bbox 574 4331 913 4390; x_wconf 83' lang='lat' dir='ltr'>Glorificavi</span> <span class='ocrx_word' id='word_1_568' title='bbox 954 4341 1011 4390; x_wconf 89' lang='lat' dir='ltr'>te</span> <span class='ocrx_word' id='word_1_569' title='bbox 1041 4332 1101 4389; x_wconf 89' lang='lat' dir='ltr'>in</span> <span class='ocrx_word' id='word_1_570' title='bbox 1128 4341 1298 4405; x_wconf 88' lang='lat' dir='ltr'>terra,</span> <span class='ocrx_word' id='word_1_571' title='bbox 1331 4332 1728 4391; x_wconf 88' lang='lat' dir='ltr'>consummavi</span> <span class='ocrx_word' id='word_1_572' title='bbox 1758 4351 1902 4408; x_wconf 89' lang='lat' dir='ltr'>opus</span> <span class='ocrx_word' id='word_1_573' title='bbox 1930 4332 2087 4408; x_wconf 89' lang='lat' dir='ltr'>quod</span> <span class='ocrx_word' id='word_1_574' title='bbox 2114 4332 2258 4388; x_wconf 83' lang='lat' dir='ltr'>mihi</span> <span class='ocrx_word' id='word_1_575' title='bbox 2285 4330 2611 4389; x_wconf 82' lang='lat' dir='ltr'>faciendum</span> <span class='ocrx_word' id='word_1_576' title='bbox 2642 4328 2918 4403; x_wconf 79' lang='lat' dir='ltr'>dederas3</span> 
     </span>
     <span class='ocr_line' id='line_1_50' title="bbox 511 4407 2923 4489; baseline -0.002 -21"><span class='ocrx_word' id='word_1_577' title='bbox 511 4410 589 4469; x_wconf 84' lang='lat' dir='ltr'>Et</span> <span class='ocrx_word' id='word_1_578' title='bbox 628 4431 782 4469; x_wconf 89' lang='lat' dir='ltr'>nunc</span> <span class='ocrx_word' id='word_1_579' title='bbox 823 4411 1085 4488; x_wconf 86' lang='lat' dir='ltr'>glorifica</span> <span class='ocrx_word' id='word_1_580' title='bbox 1111 4431 1226 4487; x_wconf 83' lang='lat' dir='ltr'>me,</span> <span class='ocrx_word' id='word_1_581' title='bbox 1254 4413 1443 4488; x_wconf 89' lang='lat' dir='ltr'>Pater,</span> <span class='ocrx_word' id='word_1_582' title='bbox 1474 4411 1630 4489; x_wconf 90' lang='lat' dir='ltr'>apud</span> <span class='ocrx_word' id='word_1_583' title='bbox 1672 4411 1937 4488; x_wconf 87' lang='lat' dir='ltr'>teipsum,</span> <span class='ocrx_word' id='word_1_584' title='bbox 1968 4431 2043 4469; x_wconf 81' lang='lat' dir='ltr'>ea</span> <span class='ocrx_word' id='word_1_585' title='bbox 2074 4411 2277 4488; x_wconf 82' lang='lat' dir='ltr'>gloria,</span> <span class='ocrx_word' id='word_1_586' title='bbox 2309 4424 2484 4487; x_wconf 85' lang='lat' dir='ltr'>quam</span> <span class='ocrx_word' id='word_1_587' title='bbox 2525 4408 2681 4485; x_wconf 80' lang='lat' dir='ltr'>apud</span> <span class='ocrx_word' id='word_1_588' title='bbox 2720 4415 2778 4465; x_wconf 85' lang='lat' dir='ltr'>te</span> <span class='ocrx_word' id='word_1_589' title='bbox 2819 4407 2923 4464; x_wconf 86' lang='lat' dir='ltr'>ha-</span> 
     </span>
     <span class='ocr_line' id='line_1_51' title="bbox 507 4488 2922 4568; baseline -0 -22"><span class='ocrx_word' id='word_1_590' title='bbox 507 4488 732 4565; x_wconf 88' lang='lat' dir='ltr'>bebam,</span> <span class='ocrx_word' id='word_1_591' title='bbox 764 4491 1099 4568; x_wconf 87' lang='lat' dir='ltr'>priusquam</span> <span class='ocrx_word' id='word_1_592' title='bbox 1126 4491 1378 4550; x_wconf 88' lang='lat' dir='ltr'>mundus</span> <span class='ocrx_word' id='word_1_593' title='bbox 1405 4500 1635 4550; x_wconf 86' lang='lat' dir='ltr'>extaret</span> <span class='ocrx_word' id='word_1_594' title='bbox 1653 4492 1709 4567; x_wconf 88' lang='lat'>;’&#39;</span> <span class='ocrx_word' id='word_1_595' title='bbox 1755 4499 1814 4549; x_wconf 93' lang='lat' dir='ltr'>et</span> <span class='ocrx_word' id='word_1_596' title='bbox 1854 4510 1911 4549; x_wconf 80' lang='lat' dir='ltr'>v,</span> <span class='ocrx_word' id='word_1_597' title='bbox 1947 4494 2038 4565; x_wconf 90' lang='lat'>16,</span> <span class='ocrx_word' id='word_1_598' title='bbox 2075 4494 2167 4566; x_wconf 87' lang='grc'>17,</span> <span class='ocrx_word' id='word_1_599' title='bbox 2201 4493 2238 4524; x_wconf 88' lang='grc'>“</span> <span class='ocrx_word' id='word_1_600' title='bbox 2263 4490 2447 4549; x_wconf 82' lang='lat' dir='ltr'>Serva</span> <span class='ocrx_word' id='word_1_601' title='bbox 2474 4506 2573 4547; x_wconf 88' lang='lat' dir='ltr'>eos</span> <span class='ocrx_word' id='word_1_602' title='bbox 2601 4488 2661 4544; x_wconf 88' lang='lat' dir='ltr'>in</span> <span class='ocrx_word' id='word_1_603' title='bbox 2690 4488 2922 4545; x_wconf 85' lang='lat' dir='ltr'>nomine</span> 
     </span>
     <span class='ocr_line' id='line_1_52' title="bbox 506 4568 2929 4676; baseline 0 -52"><span class='ocrx_word' id='word_1_604' title='bbox 506 4576 626 4641; x_wconf 86' lang='lat' dir='ltr'>tuo,</span> <span class='ocrx_word' id='word_1_605' title='bbox 666 4588 814 4676; x_wconf 56' lang='lat' dir='ltr'>qn&#39;os</span> <span class='ocrx_word' id='word_1_606' title='bbox 850 4571 994 4629; x_wconf 85' lang='lat' dir='ltr'>mihi</span> <span class='ocrx_word' id='word_1_607' title='bbox 1034 4570 1264 4645; x_wconf 85' lang='lat' dir='ltr'>dedisti,</span> <span class='ocrx_word' id='word_1_608' title='bbox 1308 4571 1604 4632; x_wconf 79' lang='lat' dir='ltr'>sanctifica</span> <span class='ocrx_word' id='word_1_609' title='bbox 1644 4590 1745 4629; x_wconf 89' lang='lat' dir='ltr'>eos</span> <span class='ocrx_word' id='word_1_610' title='bbox 1784 4570 1842 4627; x_wconf 91' lang='lat' dir='ltr'>in</span> <span class='ocrx_word' id='word_1_611' title='bbox 1888 4570 2131 4630; x_wconf 73' lang='lat' dir='ltr'>veritate</span> <span class='ocrx_word' id='word_1_612' title='bbox 2170 4578 2288 4645; x_wconf 80' lang='lat' dir='ltr'>tua,</span> <span class='ocrx_word' id='word_1_613' title='bbox 2320 4568 2583 4627; x_wconf 83' lang='lat' dir='ltr'>Verbum</span> <span class='ocrx_word' id='word_1_614' title='bbox 2625 4574 2789 4626; x_wconf 71' lang='lat' dir='ltr'>mum</span> <span class='ocrx_word' id='word_1_615' title='bbox 2834 4574 2929 4625; x_wconf 85' lang='lat' dir='ltr'>est</span> 
     </span>
     <span class='ocr_line' id='line_1_53' title="bbox 508 4648 741 4707; baseline 0.013 -3"><span class='ocrx_word' id='word_1_616' title='bbox 508 4648 741 4707; x_wconf 85' lang='lat' dir='ltr'>veritas.</span> 
     </span>
    </p>
   </div>
   <div class='ocr_carea' id='block_1_4' title="bbox 975 4852 1008 4873">
    <p class='ocr_par' dir='ltr' id='par_1_5' title="bbox 975 4852 1008 4873">
     <span class='ocr_line' id='line_1_54' title="bbox 975 4852 1008 4873; baseline 0 0"><span class='ocrx_word' id='word_1_617' title='bbox 975 4852 1008 4873; x_wconf 62' lang='lat' dir='ltr'><em>O</em></span> 
     </span>
    </p>
   </div>
  </div>
 </body>
</html>
