3221 5200
518 281 640 339 420
1317 293 1499 336 Locus
1529 290 1791 335 nscmus
1823 295 2115 343 QUARTUS.
2519 274 2770 358 [Quaesr.
2812 295 2952 337 xiv.

522 459 709 496 arcem
736 437 933 495 salutis
955 436 1012 494 in
1042 436 1357 512 Evanyelio
1376 439 1747 512 patefactum.
1835 437 1897 495 Si
1946 436 2121 513 hujus
2141 436 2294 511 fidei,
2345 436 2444 512 qui
2492 444 2583 494 est
2608 446 2772 495 actus
2798 437 2942 496 fidei

521 517 793 591 formaliS,
826 516 967 573 mihi
994 515 1259 573 conscius
1289 536 1436 590 sum,
1487 535 1722 592 possum
1753 523 1812 574 et
1857 516 2041 575 debeo
2084 516 2288 575 elicere
2330 526 2515 574 actum
2545 518 2694 595 fidei
2717 516 2789 576 de
2818 537 2944 593 quo

522 598 728 674 agitur,
754 617 868 674 quo
898 596 1068 654 credo
1098 595 1388 653 Christum
1417 615 1521 671 pro
1551 615 1642 653 me
1671 596 1985 673 poenitente
2013 605 2071 654 et
2099 596 2173 653 ad
2202 597 2388 671 ipsum
2412 595 2777 673 confugiente
2807 617 2941 655 esse

521 686 826 750 mortuum,
871 676 967 752 qui
1012 683 1174 733 actus
1216 684 1456 732 vocatur
1495 694 1844 751 cmzsequens,
1887 676 2024 752 quia
2066 676 2322 751 sequitur
2376 675 2674 747 directum,
2731 677 2942 752 quoin

525 758 815 816 Christum
844 755 1033 829 cred0,
1065 764 1123 812 et
1151 754 1224 811 ad
1266 773 1397 812 eum
1427 763 1491 813 ut
1531 755 1764 813 unicum
1807 765 1864 813 et
1906 755 2382 831 perfectissimum
2436 756 2798 815 Servatorem
2841 775 2943 814 me

522 838 771 915 recipio;
817 845 875 894 et
904 834 1323 907 consolatorius,
1375 834 1511 909 quia
1565 834 1958 893 consolatione
2007 844 2065 893 et
2110 834 2322 911 gaudio
2366 834 2645 892 ineffabili
2682 836 2938 893 animam

524 917 714 975 fidelis
742 913 1052 993 perfundit.
1140 914 1284 971 Cum
1313 933 1451 990 ergo
1480 933 1650 971 nemo
1689 914 1872 990 possit
1899 915 2110 973 habere
2138 923 2328 972 actum
2356 915 2510 972 hunc
2539 915 2846 991 specialem
2877 925 2942 975 et

522 996 801 1054 reflexum
856 993 1007 1067 fidei,
1071 992 1183 1050 nisi
1225 992 1657 1069 praesuppositis
1726 994 1856 1052 aliis
1897 994 2368 1071 praecedentibus,
2430 1001 2488 1051 et
2543 1013 2696 1052 verae
2749 996 2938 1072 poeni·

524 1076 719 1133 tentiae
750 1073 978 1148 studio;
1024 1080 1183 1150 patet
1210 1092 1325 1130 non
1355 1092 1555 1131 omnes
1590 1074 1775 1131 teneri
1819 1073 2052 1132 credere
2082 1073 2370 1131 Christum
2400 1094 2503 1149 pro
2533 1094 2595 1132 se
2623 1088 2935 1150 mortuum,

526 1154 630 1212 sed
658 1162 881 1212 tantum
912 1153 1340 1229 Resipiscentes
1368 1162 1426 1211 et
1455 1154 1784 1227 CredenteS,
1817 1154 1895 1212 id.
1921 1173 2118 1211 omnes
2146 1172 2221 1210 ex
2243 1153 2538 1229 agnitione
2565 1164 2936 1230 peccatorum

523 1244 580 1292 et
610 1252 781 1293 sensu
807 1233 906 1290 irae
939 1232 1050 1290 Dei
1079 1232 1355 1290 contritos
1403 1241 1462 1291 et
1490 1233 1888 1309 confugientes
1932 1232 2009 1289 ad
2057 1232 2363 1306 Christum,
2414 1242 2473 1291 et
2500 1234 2654 1311 apud
2682 1253 2813 1293 eum
2843 1255 2933 1294 re·

522 1313 852 1372 missionem
883 1319 1245 1388 peccatorum
1268 1321 1605 1388 quaerentes,
1640 1314 1877 1389 ejusque
1905 1312 2110 1370 merito
2138 1312 2303 1370 unice
2340 1312 2609 1371 nitentes.

606 1393 910 1451 XLVIII.
997 1392 1238 1449 Frustra
1258 1392 1388 1467 quis
1405 1400 1667 1467 regeret:
1702 1395 1754 1448 1.
1788 1394 1824 1423 ‘⁴
1848 1391 2187 1449 Mandatum
2208 1391 2340 1450 fidei
2371 1392 2430 1448 in
2454 1392 2746 1452 Christum
2775 1413 2930 1451 com-

523 1472 698 1549 plecti
727 1491 925 1529 omnes
953 1472 1079 1550 ejus
1108 1470 1323 1547 gradus
1353 1480 1409 1528 et
1438 1480 1601 1528 actus
1626 1493 1640 1546 3
1671 1469 1932 1546 ideoque,
1964 1490 2162 1529 omnes
2204 1471 2340 1528 illos
2357 1480 2537 1546 actus,
2568 1482 2627 1531 et
2654 1473 2802 1531 inter
2829 1493 2935 1531 eos

523 1552 807 1626 ultimum,
838 1571 954 1628 quo
982 1551 1113 1627 quis
1141 1549 1324 1608 credit
1353 1549 1642 1608 Christum
1664 1570 1768 1626 pro
1798 1570 1858 1608 se
1881 1569 2007 1609 esse
2028 1558 2333 1625 mortuum,
2353 1551 2514 1628 exigi
2541 1553 2615 1610 ab
2644 1553 2928 1626 omnibus,

525 1632 735 1708 quibus
762 1631 1095 1689 mandatum
1127 1628 1398 1689 credendi
1424 1630 1819 1706 proponitur.''
1852 1630 2000 1704 Quia
2028 1649 2098 1688 ea
2113 1639 2202 1688 est
2223 1639 2441 1705 natura,
2467 1640 2530 1690 et
2547 1631 2933 1709 dependentia

523 1712 763 1770 istorum
776 1720 1009 1770 actuum
1037 1709 1111 1768 ab
1134 1709 1399 1783 invicem,
1429 1719 1494 1767 ut
1511 1709 1715 1767 ultimo
1744 1728 1858 1767 non
1884 1710 1959 1768 sit
1986 1710 2149 1768 locus
2177 1710 2299 1768 sine
2313 1710 2616 1787 prioribus,
2642 1712 2932 1771 nectertio

525 1792 648 1850 sine
678 1791 948 1865 secund0,
972 1810 1080 1848 nec
1112 1789 1365 1847 secundo
1415 1789 1538 1847 sine
1566 1789 1770 1865 primo,
1804 1790 1958 1847 Dum
1977 1809 2118 1865 ergo
2143 1789 2476 1848 mandatum
2500 1791 2770 1849 credendi
2798 1812 2931 1868 pro-

521 1872 771 1947 ponitur,
801 1871 1022 1947 primus
1049 1878 1213 1928 actus
1240 1869 1314 1927 ab
1336 1869 1567 1927 homine
1590 1875 1889 1944 peccatore
1917 1870 2187 1945 exigitur,
2213 1889 2328 1927 non
2355 1878 2420 1928 ut
2448 1869 2508 1927 in
2536 1890 2604 1927 eo
2634 1871 2929 1946 subsistat,

525 1950 626 2008 sed
644 1960 709 2009 ut
730 1970 798 2009 eo
820 1950 1050 2008 demum
1079 1949 1338 2025 praestito
1352 1948 1753 2025 progrediatur
1773 1949 1848 2006 ad
1876 1948 2209 2024 secundum,
2240 1968 2354 2006 non
2376 1950 2633 2026 praestito
2655 1969 2809 2025 vero,
2827 1970 2933 2008 ne-

524 2050 830 2107 quaquam.
863 2029 984 2088 Nec
1012 2029 1168 2087 enim
1185 2028 1283 2085 ille
1312 2036 1503 2106 potest
1529 2028 1627 2087 vel
1654 2028 1827 2086 debet
1855 2027 2084 2087 credere
2104 2028 2392 2087 Christum
2421 2048 2548 2087 esse
2578 2030 2929 2107 Redempto-

524 2129 643 2168 rem
663 2128 848 2183 suum,
880 2110 980 2186 qui
1007 2128 1124 2166 non
1151 2108 1280 2166 vult
1301 2127 1616 2185 agnoscere
1639 2108 1929 2167 Christum
1959 2128 2085 2167 esse
2115 2108 2329 2167 Filium
2361 2109 2490 2182 Dei,
2521 2117 2580 2168 et
2607 2109 2930 2187 redempto-

522 2209 643 2247 rem
671 2189 984 2263 hominum,
1009 2207 1117 2246 nec
1144 2186 1317 2246 debet
1345 2187 1574 2245 credere
1625 2207 1752 2247 esse
1780 2207 1948 2247 suum
1965 2186 1974 2193 ’
1994 2188 2437 2264 Redemptorem
2486 2188 2548 2245 in
2600 2190 2930 2266 hypothesi,

521 2269 624 2345 qui
651 2289 768 2327 non
796 2268 1102 2328 crediderit
1130 2286 1256 2325 esse
1301 2266 1747 2343 Redemptorem
1795 2268 2050 2325 omnium
2092 2267 2154 2324 in
2183 2286 2244 2325 se
2273 2256 2626 2327 creflentium
2654 2269 2716 2326 in
2743 2269 2931 2328 thesi:

522 2349 627 2407 sed
654 2348 755 2424 qui
781 2347 1172 2425 praecedentes
1199 2355 1379 2420 actus,
1427 2347 1527 2423 qui
1569 2356 1705 2404 sunt
1752 2346 2185 2406 fundamentum
2230 2347 2404 2425 hujus
2440 2348 2732 2424 postremi,
2778 2349 2838 2405 in
2867 2368 2931 2407 se

522 2427 919 2504 deprehendit,
949 2427 1048 2485 ille
1077 2426 1307 2484 demum
1335 2433 1527 2503 potest
1553 2435 1613 2485 et
1634 2426 1807 2485 debet
1827 2428 1981 2485 hunc
2009 2428 2179 2485 etiam
2209 2447 2462 2486 exerere.

606 2506 850 2563 XLIX.
892 2510 949 2563 2.
999 2505 1351 2581 “Quotquot
1392 2505 1672 2581 jubentur
1719 2506 1950 2564 credere
1995 2507 2055 2563 in
2102 2507 2409 2581 Christum,
2460 2507 2656 2583 juberi
2716 2507 2930 2568 habere

521 2584 695 2644 fidem
716 2585 1149 2662 justificantem,
1188 2583 1473 2660 siquidem
1520 2584 1684 2643 nulla
1730 2585 1842 2644 alia
1869 2594 2061 2663 potest
2103 2606 2230 2645 esse
2260 2586 2565 2664 salutaris;
2611 2588 2713 2647 sed
2754 2586 2928 2646 fidem

513 2664 928 2742 justificantem
957 2664 1279 2723 necessario
1306 2664 1615 2740 importare
1644 2666 2085 2742 applicationem
2103 2667 2523 2742 particularem,
2542 2676 2608 2726 ut
2628 2668 2931 2726 credamus

523 2744 818 2803 Christum
835 2744 1020 2801 nonin
1033 2743 1322 2802 communi
1334 2751 1555 2800 tantum
1568 2753 1857 2803 mortuum
1876 2764 2002 2804 esse
2023 2766 2126 2822 pro
2144 2746 2489 2820 hominibus,
2511 2747 2614 2805 sed
2635 2767 2738 2824 pro
2759 2746 2933 2806 nobis

521 2825 583 2882 in
634 2823 982 2901 particulari,
1013 2822 1149 2900 quia
1178 2823 1321 2880 alias
1348 2842 1465 2881 non
1493 2822 1748 2882 differret
1775 2845 1808 2882 a
1835 2825 1949 2882 fide
1976 2825 2250 2884 historica
2276 2826 2666 2902 reproborum,
2715 2826 2841 2884 Imo
2869 2836 2934 2886 et

521 2905 776 2982 ipsorum
813 2903 1173 2979 Daemonum,
1205 2903 1304 2980 qui
1326 2903 1436 2961 hoc
1453 2911 1698 2979 possunt
1714 2903 2003 2963 credere.'’
2049 2905 2225 2981 Resp.
2271 2905 2477 2964 Fidem
2492 2906 2930 2982 justificantem,

521 3005 651 3062 quae
679 2985 993 3062 imperatur
1012 2984 1072 3042 in
1096 2983 1436 3060 Evangelio,
1458 2983 1759 3060 complecti
1784 2984 2016 3061 quidem
2039 2980 2230 3042 varios
2252 2984 2384 3043 illos
2412 2994 2592 3058 actus,
2616 2985 2688 3044 de
2717 2986 2935 3062 quibus

522 3065 793 3141 diximus,
840 3065 944 3123 sed
986 3083 1452 3141 unumquemque
1496 3063 1557 3121 in
1603 3083 1709 3122 suo
1754 3063 1971 3138 ordine,
2020 3064 2203 3141 primo
2251 3064 2483 3140 quidem
2534 3065 2814 3125 directum
2870 3075 2936 3124 et

519 3144 835 3221 formalem,
883 3145 984 3221 qui
1026 3144 1464 3222 justificatorius
1512 3142 1737 3219 dicitur,
1789 3143 1889 3220 qui
1934 3143 2195 3202 consistit
2222 3143 2282 3200 in
2328 3143 2552 3222 judicio
2600 3145 2934 3203 intellectus

519 3226 758 3302 practici
800 3225 873 3283 de
903 3225 1132 3282 Christo
1181 3223 1306 3282 solo
1350 3232 1407 3282 et
1448 3223 1867 3300 perfectissimo
1921 3223 2275 3282 credentium
2318 3231 2377 3282 et
2418 3224 2816 3301 poenitentium
2853 3225 2934 3282 ad

520 3304 709 3380 ipsum
729 3303 878 3362 serio
896 3302 1348 3379 confugientium
1373 3302 1775 3378 Redemptore,
1801 3311 1859 3361 et
1882 3301 1939 3359 in
1960 3302 2186 3379 refugio
2206 3303 2524 3362 voluntatis
2541 3304 2615 3362 ad
2634 3304 2928 3363 Christum

522 3382 925 3457 confugientis,
956 3390 1015 3438 et
1042 3382 1102 3437 in
1130 3381 1257 3457 ipso
1285 3381 1452 3439 unice
1481 3381 1905 3456 recumbentis;
1938 3383 2193 3441 secundo
2219 3402 2358 3441 vero
2386 3382 2665 3442 reflexum
2694 3392 2754 3442 et
2789 3402 2927 3442 con-

521 3460 872 3534 solatorium,
924 3459 1026 3535 qui
1071 3460 1260 3535 posito
1288 3460 1471 3535 primo
1515 3470 1717 3535 sponte
1760 3461 2037 3537 sequitur.
2121 3462 2272 3520 Nam
2314 3483 2389 3521 ex
2417 3482 2533 3539 quo
2588 3463 2758 3521 video
2811 3481 2926 3536 me,

517 3557 856 3618 persuasum
885 3536 958 3596 de
995 3537 1370 3614 promissione
1401 3538 1772 3614 Evangelica,
1805 3540 2114 3617 confugere
2144 3542 2291 3600 serio
2320 3541 2395 3600 ad
2425 3543 2734 3617 Christum,
2765 3551 2823 3600 et
2848 3542 2929 3600 ab

520 3639 589 3678 eo
617 3637 735 3677 uno
768 3616 1055 3694 justitiam
1100 3624 1160 3674 et
1199 3616 1376 3673 vitam
1407 3626 1730 3693 expectare,
1782 3628 1840 3677 et
1884 3618 1985 3677 ino
2026 3619 2150 3694 niti,
2195 3641 2428 3697 possum
2472 3630 2530 3679 et
2556 3621 2741 3679 debeo
2768 3629 2930 3679 certo

519 3699 793 3775 colligere
823 3697 1114 3756 Christum
1142 3716 1245 3773 pro
1294 3715 1385 3754 me
1413 3706 1700 3755 mortuum
1730 3717 1874 3771 esse,
1906 3718 2036 3756 cum
2074 3719 2148 3758 ex
2180 3699 2504 3778 Evangelio
2532 3701 2673 3758 mihi
2702 3710 2929 3760 constet

517 3799 623 3856 pro
665 3778 932 3838 omnibus
981 3776 1346 3836 credentibus
1394 3785 1452 3835 et
1495 3776 1909 3853 poenitentibus
1937 3798 2067 3836 eum
2097 3799 2224 3838 esse
2252 3788 2558 3839 mortuum.
2633 3779 2803 3839 Unde
2849 3780 2930 3838 ad

517 3860 946 3936 Argumentum
975 3856 1160 3915 facilis
1188 3864 1277 3915 est
1324 3856 1638 3933 responsiO,
1670 3856 1943 3934 Quisquis
1972 3866 2198 3918 tenetur
2243 3860 2455 3918 habere
2502 3860 2675 3918 fidem
2711 3858 2928 3936 justifi-

518 3948 763 4013 cantem,
795 3945 1023 3997 tenetur
1043 3937 1274 3996 credere
1298 3937 1588 3996 Christum
1618 3956 1721 4012 pro
1751 3956 1813 3995 se
1841 3945 2165 3998 mortuum:
2208 3941 2354 3997 Actu
2362 3941 2513 4017 fidei
2535 3939 2852 3998 immediato
2872 3948 2932 3997 et

518 4021 746 4093 directo,
771 4037 922 4094 nego
945 4040 959 4093 ;
991 4017 1107 4076 Sed
1123 4017 1412 4095 actufidei
1429 4018 1637 4092 reflexo
1659 4026 1713 4074 et
1725 4019 2075 4089 secundarie,
2099 4019 2368 4093 conced0,
2394 4019 2490 4077 vel
2511 4020 2570 4076 in
2586 4039 2749 4078 sensu
2775 4037 2927 4076 com-

507 4100 713 4176 posito,
745 4106 803 4156 et
850 4096 1267 4175 praesupposito
1315 4096 1501 4174 primo
1546 4095 1681 4154 fidei
1725 4105 1876 4172 actu,
1922 4097 2025 4155 sed
2067 4117 2184 4155 non
2232 4098 2290 4156 in
2329 4119 2492 4157 sensu
2520 4101 2711 4171 ἀίυίεο,
2741 4107 2799 4156 et
2855 4118 2930 4156 eo

520 4179 762 4237 secluso·
848 4177 972 4235 Nec
1014 4184 1318 4253 propterea
1343 4176 1489 4235 fides
1531 4174 1788 4234 fidelium
1819 4178 2125 4235 conveniet
2152 4197 2283 4236 cum
2313 4177 2426 4236 fide
2453 4179 2827 4255 reproborum
2866 4189 2931 4236 et

517 4257 862 4316 daemonum.
911 4257 1076 4314 Licet
1109 4255 1261 4314 enim
1304 4255 1534 4333 reprobi
1572 4256 1798 4332 possint
1845 4256 2155 4315 theoretice
2202 4256 2434 4316 credere
2463 4258 2757 4317 Christum
2798 4277 2930 4316 esse

519 4338 734 4396 Filium
767 4335 894 4410 Dei,
926 4343 984 4393 et
1015 4334 1461 4411 Redemptorem
1487 4336 1804 4410 hominum,
1840 4355 2136 4414 nunquam
2165 4345 2355 4395 tamen
2385 4338 2635 4413 practice
2679 4338 2762 4396 ita
2790 4356 2930 4396 vere

515 4416 589 4475 de
617 4436 685 4475 eo
712 4415 1132 4492 persuadentur
1158 4435 1260 4491 per
1300 4435 1598 4474 assensum
1638 4415 1964 4474 fiducialem
1992 4416 2190 4476 Verbo
2223 4417 2349 4490 Dei,
2379 4425 2445 4475 ut
2472 4417 2547 4475 ad
2572 4417 2763 4495 ipsum
2792 4436 2933 4475 con·

516 4495 758 4572 fugiant,
791 4504 849 4554 et
876 4496 937 4552 in
965 4514 1096 4553 eum
1118 4493 1285 4552 unice
1313 4495 1668 4554 recumbant.
1713 4495 1861 4554 Nam
1892 4497 1940 4553 si
1970 4517 2106 4556 vere
2133 4497 2392 4574 persuasi
2420 4506 2613 4555 essent
2636 4496 2934 4556 Christum

516 4593 642 4633 esse
669 4576 902 4634 unicum
947 4582 1005 4632 et
1033 4574 1347 4651 perfectum
1402 4575 1767 4634 Servatorem
1815 4575 2170 4637 credentium
2209 4585 2267 4635 et
2295 4576 2713 4654 poenitentium,
2763 4585 2939 4636 extra
