<?xml version="1.0" encoding="UTF-8"?>
<!DOCTYPE html PUBLIC "-//W3C//DTD XHTML 1.0 Transitional//EN"
    "http://www.w3.org/TR/xhtml1/DTD/xhtml1-transitional.dtd">
<html xmlns="http://www.w3.org/1999/xhtml" xml:lang="en" lang="en">
 <head>
  <title>
</title>
<meta http-equiv="Content-Type" content="text/html;charset=utf-8" />
  <meta name='ocr-system' content='tesseract 3.04.00' />
  <meta name='ocr-capabilities' content='ocr_page ocr_carea ocr_par ocr_line ocrx_word'/>
</head>
<body>
  <div class='ocr_page' id='page_1' title='image "./institutiotheol01turrgoog_0571.png"; bbox 0 0 3221 5200; ppageno 0'>
   <div class='ocr_carea' id='block_1_1' title="bbox 268 312 2687 392">
    <p class='ocr_par' dir='ltr' id='par_1_1' title="bbox 268 312 2687 392">
     <span class='ocr_line' id='line_1_1' title="bbox 268 312 2687 392; baseline 0.003 -21"><span class='ocrx_word' id='word_1_1' title='bbox 268 330 502 378; x_wconf 69' lang='lat' dir='ltr'><strong>QUAES&#39;I&#39;.</strong></span> <span class='ocrx_word' id='word_1_2' title='bbox 533 312 712 392; x_wconf 83' lang='lat' dir='ltr'><strong>xvu.]</strong></span> <span class='ocrx_word' id='word_1_3' title='bbox 1117 333 1195 372; x_wconf 75' lang='lat' dir='ltr'><strong>nr:</strong></span> <span class='ocrx_word' id='word_1_4' title='bbox 1226 333 1562 374; x_wconf 64' lang='lat' dir='ltr'><strong>vocar-lons</strong></span> <span class='ocrx_word' id='word_1_5' title='bbox 1592 333 1667 372; x_wconf 73' lang='lat' dir='ltr'><strong>nr</strong></span> <span class='ocrx_word' id='word_1_6' title='bbox 1708 333 1867 372; x_wconf 71' lang='lat' dir='ltr'><strong>rins.</strong></span> <span class='ocrx_word' id='word_1_7' title='bbox 2571 321 2687 378; x_wconf 71' lang='lat'><strong>543</strong></span> 
     </span>
    </p>
   </div>
   <div class='ocr_carea' id='block_1_2' title="bbox 263 471 2690 4676">
    <p class='ocr_par' dir='ltr' id='par_1_2' title="bbox 263 471 2690 4676">
     <span class='ocr_line' id='line_1_2' title="bbox 263 471 2685 551; baseline 0.003 -23"><span class='ocrx_word' id='word_1_8' title='bbox 263 471 468 529; x_wconf 77' lang='lat' dir='ltr'><strong>latias.</strong></span> <span class='ocrx_word' id='word_1_9' title='bbox 555 472 702 529; x_wconf 88' lang='lat' dir='ltr'><strong>Nam</strong></span> <span class='ocrx_word' id='word_1_10' title='bbox 731 472 830 548; x_wconf 92' lang='lat' dir='ltr'><strong>qui</strong></span> <span class='ocrx_word' id='word_1_11' title='bbox 853 479 1042 530; x_wconf 81' lang='lat' dir='ltr'><strong>certus</strong></span> <span class='ocrx_word' id='word_1_12' title='bbox 1061 481 1212 532; x_wconf 88' lang='lat' dir='ltr'><strong>esset</strong></span> <span class='ocrx_word' id='word_1_13' title='bbox 1230 473 1302 532; x_wconf 91' lang='lat' dir='ltr'><strong>de</strong></span> <span class='ocrx_word' id='word_1_14' title='bbox 1325 474 1509 533; x_wconf 89' lang='lat' dir='ltr'><strong>salute</strong></span> <span class='ocrx_word' id='word_1_15' title='bbox 1532 492 1654 544; x_wconf 86' lang='lat' dir='ltr'><strong>sua,</strong></span> <span class='ocrx_word' id='word_1_16' title='bbox 1678 491 1865 549; x_wconf 90' lang='lat' dir='ltr'><strong>neque</strong></span> <span class='ocrx_word' id='word_1_17' title='bbox 1884 472 1957 530; x_wconf 89' lang='lat' dir='ltr'><strong>ad</strong></span> <span class='ocrx_word' id='word_1_18' title='bbox 1976 473 2292 549; x_wconf 91' lang='lat' dir='ltr'><strong>patrocinia</strong></span> <span class='ocrx_word' id='word_1_19' title='bbox 2325 475 2685 551; x_wconf 87' lang='lat' dir='ltr'><strong>Sanctorum,</strong></span> 
     </span>
     <span class='ocr_line' id='line_1_3' title="bbox 266 551 2685 632; baseline 0.003 -24"><span class='ocrx_word' id='word_1_20' title='bbox 266 571 466 626; x_wconf 89' lang='lat' dir='ltr'><strong>neque</strong></span> <span class='ocrx_word' id='word_1_21' title='bbox 495 551 571 608; x_wconf 91' lang='lat' dir='ltr'><strong>ad</strong></span> <span class='ocrx_word' id='word_1_22' title='bbox 597 552 802 610; x_wconf 88' lang='lat' dir='ltr'><strong>merita</strong></span> <span class='ocrx_word' id='word_1_23' title='bbox 832 552 1173 628; x_wconf 74' lang='lat' dir='ltr'>Martyrum,</span> <span class='ocrx_word' id='word_1_24' title='bbox 1205 574 1390 630; x_wconf 91' lang='lat' dir='ltr'><strong>neque</strong></span> <span class='ocrx_word' id='word_1_25' title='bbox 1419 553 1496 611; x_wconf 88' lang='lat' dir='ltr'><strong>ad</strong></span> <span class='ocrx_word' id='word_1_26' title='bbox 1527 551 1855 612; x_wconf 79' lang='lat' dir='ltr'><strong>Sacerdotis</strong></span> <span class='ocrx_word' id='word_1_27' title='bbox 1882 553 2304 612; x_wconf 80' lang='lat' dir='ltr'>absolutionem</span> <span class='ocrx_word' id='word_1_28' title='bbox 2332 554 2685 632; x_wconf 78' lang='lat' dir='ltr'><strong>confugeret,</strong></span> 
     </span>
     <span class='ocr_line' id='line_1_4' title="bbox 267 632 1561 708; baseline 0.002 -20"><span class='ocrx_word' id='word_1_29' title='bbox 267 651 410 706; x_wconf 76' lang='lat' dir='ltr'><strong>quae</strong></span> <span class='ocrx_word' id='word_1_30' title='bbox 439 639 527 690; x_wconf 86' lang='lat' dir='ltr'><strong>est</strong></span> <span class='ocrx_word' id='word_1_31' title='bbox 557 632 835 690; x_wconf 82' lang='lat' dir='ltr'><strong>Romame</strong></span> <span class='ocrx_word' id='word_1_32' title='bbox 864 633 1185 708; x_wconf 81' lang='lat' dir='ltr'><strong>tyrannidis</strong></span> <span class='ocrx_word' id='word_1_33' title='bbox 1214 633 1561 691; x_wconf 87' lang='lat' dir='ltr'><strong>carnificina.</strong></span> 
     </span>
     <span class='ocr_line' id='line_1_5' title="bbox 680 709 2684 788; baseline 0 -19"><span class='ocrx_word' id='word_1_34' title='bbox 680 777 689 788; x_wconf 90' lang='lat'><strong>.</strong></span> <span class='ocrx_word' id='word_1_35' title='bbox 887 711 965 769; x_wconf 93' lang='lat' dir='ltr'><strong>V.</strong></span> <span class='ocrx_word' id='word_1_36' title='bbox 1010 712 1334 770; x_wconf 90' lang='lat' dir='ltr'><strong>Arminiani</strong></span> <span class='ocrx_word' id='word_1_37' title='bbox 1365 732 1482 770; x_wconf 91' lang='lat' dir='ltr'><strong>non</strong></span> <span class='ocrx_word' id='word_1_38' title='bbox 1509 712 1685 787; x_wconf 87' lang='lat' dir='ltr'><strong>longe</strong></span> <span class='ocrx_word' id='word_1_39' title='bbox 1726 713 1942 771; x_wconf 89' lang='lat' dir='ltr'><strong>abeunt</strong></span> <span class='ocrx_word' id='word_1_40' title='bbox 1982 709 2076 767; x_wconf 91' lang='lat' dir='ltr'><strong>hic</strong></span> <span class='ocrx_word' id='word_1_41' title='bbox 2104 730 2139 768; x_wconf 88' lang='lat' dir='ltr'><strong>a</strong></span> <span class='ocrx_word' id='word_1_42' title='bbox 2170 711 2507 770; x_wconf 86' lang='lat' dir='ltr'><strong>Pontificiis.</strong></span> <span class='ocrx_word' id='word_1_43' title='bbox 2554 713 2684 771; x_wconf 88' lang='lat' dir='ltr'><strong>Col·</strong></span> 
     </span>
     <span class='ocr_line' id='line_1_6' title="bbox 270 774 2687 877; baseline 0.001 -29"><span class='ocrx_word' id='word_1_44' title='bbox 270 774 765 877; x_wconf 44' lang='lat' dir='ltr'><strong>Sontefflgsssslnnmi-</strong></span> <span class='ocrx_word' id='word_1_45' title='bbox 806 790 1094 849; x_wconf 85' lang='lat' dir='ltr'><strong>locutores</strong></span> <span class='ocrx_word' id='word_1_46' title='bbox 1125 792 1303 868; x_wconf 87' lang='lat' dir='ltr'><strong>Hagi.</strong></span> <span class='ocrx_word' id='word_1_47' title='bbox 1359 795 1395 826; x_wconf 89' lang='lat'>“</span> <span class='ocrx_word' id='word_1_48' title='bbox 1420 791 1741 850; x_wconf 79' lang='lat' dir='ltr'><strong>Laudabile</strong></span> <span class='ocrx_word' id='word_1_49' title='bbox 1770 800 1829 851; x_wconf 91' lang='lat' dir='ltr'><strong>et</strong></span> <span class='ocrx_word' id='word_1_50' title='bbox 1855 790 1997 849; x_wconf 91' lang='lat' dir='ltr'><strong>utile</strong></span> <span class='ocrx_word' id='word_1_51' title='bbox 2015 791 2179 849; x_wconf 88' lang='lat' dir='ltr'><strong>esse’&#39;</strong></span> <span class='ocrx_word' id='word_1_52' title='bbox 2211 790 2430 851; x_wconf 91' lang='lat' dir='ltr'><strong>ducunt</strong></span> <span class='ocrx_word' id='word_1_53' title='bbox 2461 795 2495 824; x_wconf 91' lang='lat'><strong>“</strong></span> <span class='ocrx_word' id='word_1_54' title='bbox 2518 791 2687 850; x_wconf 90' lang='lat' dir='ltr'><strong>dubi-</strong></span> 
     </span>
     <span class='ocr_line' id='line_1_7' title="bbox 625 865 2690 949; baseline 0.001 -21"><span class='ocrx_word' id='word_1_55' title='bbox 625 865 638 878; x_wconf 80' lang='grc'><strong><em>’</em></strong></span> <span class='ocrx_word' id='word_1_56' title='bbox 805 878 944 944; x_wconf 89' lang='lat' dir='ltr'><strong>tare,</strong></span> <span class='ocrx_word' id='word_1_57' title='bbox 972 870 1070 927; x_wconf 89' lang='lat' dir='ltr'><strong>An</strong></span> <span class='ocrx_word' id='word_1_58' title='bbox 1097 871 1139 927; x_wconf 93' lang='lat' dir='ltr'><strong>ii</strong></span> <span class='ocrx_word' id='word_1_59' title='bbox 1157 891 1382 949; x_wconf 79' lang='lat' dir='ltr'><strong>semper</strong></span> <span class='ocrx_word' id='word_1_60' title='bbox 1398 871 1575 929; x_wconf 89' lang='lat' dir='ltr'><strong>futuri</strong></span> <span class='ocrx_word' id='word_1_61' title='bbox 1592 869 1905 948; x_wconf 88' lang='lat' dir='ltr'><strong>simus,qui</strong></span> <span class='ocrx_word' id='word_1_62' title='bbox 1922 889 2074 929; x_wconf 90' lang='lat' dir='ltr'><strong>nunc</strong></span> <span class='ocrx_word' id='word_1_63' title='bbox 2097 870 2351 928; x_wconf 84' lang='lat' dir='ltr'><strong>sumus.’&#39;</strong></span> <span class='ocrx_word' id='word_1_64' title='bbox 2396 872 2690 930; x_wconf 87' lang='lat' dir='ltr'><strong>Verentur</strong></span> 
     </span>
     <span class='ocr_line' id='line_1_8' title="bbox 268 947 2686 1027; baseline 0.002 -23"><span class='ocrx_word' id='word_1_65' title='bbox 268 947 582 1023; x_wconf 87' lang='lat' dir='ltr'><strong>siquidem,</strong></span> <span class='ocrx_word' id='word_1_66' title='bbox 611 955 677 1006; x_wconf 90' lang='lat' dir='ltr'><strong>ut</strong></span> <span class='ocrx_word' id='word_1_67' title='bbox 704 948 844 1006; x_wconf 87' lang='lat' dir='ltr'><strong>alibi</strong></span> <span class='ocrx_word' id='word_1_68' title='bbox 873 969 933 1008; x_wconf 88' lang='lat' dir='ltr'><strong>se</strong></span> <span class='ocrx_word' id='word_1_69' title='bbox 962 950 1272 1026; x_wconf 86' lang='lat' dir='ltr'><strong>explicant,</strong></span> <span class='ocrx_word' id='word_1_70' title='bbox 1315 972 1388 1010; x_wconf 91' lang='lat' dir='ltr'><strong>ne</strong></span> <span class='ocrx_word' id='word_1_71' title='bbox 1431 950 1714 1009; x_wconf 86' lang='lat' dir='ltr'><strong>certitudo</strong></span> <span class='ocrx_word' id='word_1_72' title='bbox 1754 950 1889 1009; x_wconf 88' lang='lat' dir='ltr'><strong>talis</strong></span> <span class='ocrx_word' id='word_1_73' title='bbox 1931 949 2008 1009; x_wconf 89' lang='lat' dir='ltr'><strong>sit</strong></span> <span class='ocrx_word' id='word_1_74' title='bbox 2047 949 2175 1007; x_wconf 95' lang='lat' dir='ltr'><strong>loco</strong></span> <span class='ocrx_word' id='word_1_75' title='bbox 2202 949 2539 1025; x_wconf 87' lang='lat' dir='ltr'><strong>pulvinaris,</strong></span> <span class='ocrx_word' id='word_1_76' title='bbox 2570 970 2686 1027; x_wconf 91' lang='lat' dir='ltr'><strong>quo</strong></span> 
     </span>
     <span class='ocr_line' id='line_1_9' title="bbox 269 1028 2686 1107; baseline 0.002 -23"><span class='ocrx_word' id='word_1_77' title='bbox 269 1029 499 1104; x_wconf 89' lang='lat' dir='ltr'><strong>seipsos</strong></span> <span class='ocrx_word' id='word_1_78' title='bbox 526 1028 777 1087; x_wconf 91' lang='lat' dir='ltr'><strong>molliter</strong></span> <span class='ocrx_word' id='word_1_79' title='bbox 795 1028 1006 1103; x_wconf 88' lang='lat' dir='ltr'><strong>fovere,</strong></span> <span class='ocrx_word' id='word_1_80' title='bbox 1037 1039 1096 1088; x_wconf 91' lang='lat' dir='ltr'><strong>et</strong></span> <span class='ocrx_word' id='word_1_81' title='bbox 1124 1030 1380 1089; x_wconf 79' lang='lat' dir='ltr'><strong>suaviter</strong></span> <span class='ocrx_word' id='word_1_82' title='bbox 1397 1029 1723 1088; x_wconf 80' lang='lat' dir='ltr'><strong>demulcere</strong></span> <span class='ocrx_word' id='word_1_83' title='bbox 1752 1029 1994 1107; x_wconf 87' lang='lat' dir='ltr'><strong>possint.</strong></span> <span class='ocrx_word' id='word_1_84' title='bbox 2044 1030 2080 1061; x_wconf 73' lang='lat'><strong>‘⁴</strong></span> <span class='ocrx_word' id='word_1_85' title='bbox 2103 1029 2326 1087; x_wconf 88' lang='lat' dir='ltr'><strong>Sufficit</strong></span> <span class='ocrx_word' id='word_1_86' title='bbox 2353 1029 2589 1106; x_wconf 84' lang='lat' dir='ltr'><strong>igitur,&#39;&#39;</strong></span> <span class='ocrx_word' id='word_1_87' title='bbox 2619 1040 2686 1089; x_wconf 93' lang='lat' dir='ltr'><strong>ut</strong></span> 
     </span>
     <span class='ocr_line' id='line_1_10' title="bbox 271 1108 2682 1185; baseline 0.002 -22"><span class='ocrx_word' id='word_1_88' title='bbox 271 1108 536 1184; x_wconf 88' lang='lat' dir='ltr'><strong>loquitur</strong></span> <span class='ocrx_word' id='word_1_89' title='bbox 565 1109 848 1167; x_wconf 88' lang='lat' dir='ltr'><strong>Corvinus</strong></span> <span class='ocrx_word' id='word_1_90' title='bbox 865 1109 1144 1169; x_wconf 88' lang='lat' dir='ltr'><strong>adversus</strong></span> <span class='ocrx_word' id='word_1_91' title='bbox 1168 1110 1522 1184; x_wconf 78' lang='lat' dir='ltr'><strong>Molinaeum,</strong></span> <span class='ocrx_word' id='word_1_92' title='bbox 1551 1112 1586 1143; x_wconf 92' lang='lat'><strong>“</strong></span> <span class='ocrx_word' id='word_1_93' title='bbox 1609 1129 1679 1168; x_wconf 91' lang='lat' dir='ltr'><strong>ea</strong></span> <span class='ocrx_word' id='word_1_94' title='bbox 1700 1108 1983 1168; x_wconf 85' lang='lat' dir='ltr'><strong>certitudo</strong></span> <span class='ocrx_word' id='word_1_95' title='bbox 2012 1127 2129 1185; x_wconf 88' lang='lat' dir='ltr'><strong>qua</strong></span> <span class='ocrx_word' id='word_1_96' title='bbox 2153 1108 2356 1167; x_wconf 91' lang='lat' dir='ltr'><strong>fideles</strong></span> <span class='ocrx_word' id='word_1_97' title='bbox 2385 1109 2577 1167; x_wconf 90' lang='lat' dir='ltr'><strong>sciunt</strong></span> <span class='ocrx_word' id='word_1_98' title='bbox 2603 1129 2682 1185; x_wconf 89' lang='lat' dir='ltr'><strong>se,</strong></span> 
     </span>
     <span class='ocr_line' id='line_1_11' title="bbox 273 1186 2686 1266; baseline 0.002 -24"><span class='ocrx_word' id='word_1_99' title='bbox 273 1186 564 1262; x_wconf 89' lang='lat' dir='ltr'><strong>siquidem</strong></span> <span class='ocrx_word' id='word_1_100' title='bbox 593 1188 653 1244; x_wconf 92' lang='lat' dir='ltr'><strong>in</strong></span> <span class='ocrx_word' id='word_1_101' title='bbox 680 1188 794 1246; x_wconf 87' lang='lat' dir='ltr'><strong>fide</strong></span> <span class='ocrx_word' id='word_1_102' title='bbox 821 1198 1206 1264; x_wconf 86' lang='lat' dir='ltr'><strong>perseverent,</strong></span> <span class='ocrx_word' id='word_1_103' title='bbox 1239 1207 1642 1266; x_wconf 86' lang='lat' dir='ltr'><strong>permansuros</strong></span> <span class='ocrx_word' id='word_1_104' title='bbox 1668 1188 1730 1245; x_wconf 91' lang='lat' dir='ltr'><strong>in</strong></span> <span class='ocrx_word' id='word_1_105' title='bbox 1755 1189 1866 1247; x_wconf 91' lang='lat' dir='ltr'><strong>Dei</strong></span> <span class='ocrx_word' id='word_1_106' title='bbox 1888 1188 2092 1265; x_wconf 84' lang='lat' dir='ltr'><strong>gratia,</strong></span> <span class='ocrx_word' id='word_1_107' title='bbox 2116 1197 2175 1246; x_wconf 92' lang='lat' dir='ltr'><strong>et</strong></span> <span class='ocrx_word' id='word_1_108' title='bbox 2203 1188 2384 1246; x_wconf 90' lang='lat' dir='ltr'><strong>vitam</strong></span> <span class='ocrx_word' id='word_1_109' title='bbox 2412 1196 2686 1247; x_wconf 82' lang='lat' dir='ltr'><strong>aeternam</strong></span> 
     </span>
     <span class='ocr_line' id='line_1_12' title="bbox 271 1267 2497 1343; baseline 0.001 -20"><span class='ocrx_word' id='word_1_110' title='bbox 271 1275 705 1342; x_wconf 87' lang='lat' dir='ltr'><strong>consecuturos,</strong></span> <span class='ocrx_word' id='word_1_111' title='bbox 738 1288 867 1343; x_wconf 78' lang='lat' dir='ltr'><strong>quae</strong></span> <span class='ocrx_word' id='word_1_112' title='bbox 895 1268 1178 1327; x_wconf 86' lang='lat' dir='ltr'><strong>certitudo</strong></span> <span class='ocrx_word' id='word_1_113' title='bbox 1208 1278 1296 1328; x_wconf 92' lang='lat' dir='ltr'><strong>est</strong></span> <span class='ocrx_word' id='word_1_114' title='bbox 1323 1278 1548 1328; x_wconf 88' lang='lat' dir='ltr'><strong>tantum</strong></span> <span class='ocrx_word' id='word_1_115' title='bbox 1576 1267 1997 1341; x_wconf 75' lang='lat' dir='ltr'><strong>conditionaliS,</strong></span> <span class='ocrx_word' id='word_1_116' title='bbox 2028 1287 2144 1325; x_wconf 92' lang='lat' dir='ltr'><strong>non</strong></span> <span class='ocrx_word' id='word_1_117' title='bbox 2172 1267 2497 1326; x_wconf 86' lang='lat' dir='ltr'><strong>absoluta.&#39;’</strong></span> 
     </span>
     <span class='ocr_line' id='line_1_13' title="bbox 489 1347 2688 1423; baseline 0 -17"><span class='ocrx_word' id='word_1_118' title='bbox 489 1407 499 1417; x_wconf 75' lang='grc'>,</span> <span class='ocrx_word' id='word_1_119' title='bbox 843 1348 953 1406; x_wconf 90' lang='lat' dir='ltr'><strong>VI.</strong></span> <span class='ocrx_word' id='word_1_120' title='bbox 989 1348 1286 1407; x_wconf 84' lang='lat' dir='ltr'><strong>Sententia</strong></span> <span class='ocrx_word' id='word_1_121' title='bbox 1309 1347 1775 1408; x_wconf 87' lang='lat' dir='ltr'><strong>Orthodoxorum</strong></span> <span class='ocrx_word' id='word_1_122' title='bbox 1797 1356 1902 1423; x_wconf 86' lang='lat' dir='ltr'><strong>est,</strong></span> <span class='ocrx_word' id='word_1_123' title='bbox 1926 1347 2159 1405; x_wconf 87' lang='lat' dir='ltr'><strong>Fideles</strong></span> <span class='ocrx_word' id='word_1_124' title='bbox 2175 1367 2293 1405; x_wconf 89' lang='lat' dir='ltr'><strong>non</strong></span> <span class='ocrx_word' id='word_1_125' title='bbox 2309 1347 2482 1406; x_wconf 92' lang='lat' dir='ltr'><strong>modo</strong></span> <span class='ocrx_word' id='word_1_126' title='bbox 2501 1355 2688 1407; x_wconf 88' lang='lat' dir='ltr'><strong>certos</strong></span> 
     </span>
     <span class='ocr_line' id='line_1_14' title="bbox 271 1404 2684 1509; baseline 0 -25"><span class='ocrx_word' id='word_1_127' title='bbox 271 1404 732 1509; x_wconf 37' lang='lat' dir='ltr'><strong>Sentggpotggtho-</strong></span> <span class='ocrx_word' id='word_1_128' title='bbox 804 1445 930 1485; x_wconf 89' lang='lat' dir='ltr'><strong>esse</strong></span> <span class='ocrx_word' id='word_1_129' title='bbox 975 1447 1144 1504; x_wconf 89' lang='lat' dir='ltr'><strong>posse</strong></span> <span class='ocrx_word' id='word_1_130' title='bbox 1190 1427 1262 1486; x_wconf 91' lang='lat' dir='ltr'><strong>de</strong></span> <span class='ocrx_word' id='word_1_131' title='bbox 1315 1428 1431 1486; x_wconf 89' lang='lat' dir='ltr'><strong>fide</strong></span> <span class='ocrx_word' id='word_1_132' title='bbox 1486 1447 1606 1503; x_wconf 88' lang='lat' dir='ltr'><strong>sua,</strong></span> <span class='ocrx_word' id='word_1_133' title='bbox 1655 1428 1897 1504; x_wconf 88' lang='lat' dir='ltr'><strong>ejusque</strong></span> <span class='ocrx_word' id='word_1_134' title='bbox 1946 1427 2188 1486; x_wconf 83' lang='lat' dir='ltr'><strong>veritate</strong></span> <span class='ocrx_word' id='word_1_135' title='bbox 2234 1434 2293 1486; x_wconf 88' lang='lat' dir='ltr'><strong>et</strong></span> <span class='ocrx_word' id='word_1_136' title='bbox 2337 1428 2684 1502; x_wconf 86' lang='lat' dir='ltr'><strong>sinceritate,</strong></span> 
     </span>
     <span class='ocr_line' id='line_1_15' title="bbox 803 1506 2684 1583; baseline 0.001 -20"><span class='ocrx_word' id='word_1_137' title='bbox 803 1506 1145 1566; x_wconf 79' lang='lat' dir='ltr'><strong>certitudine</strong></span> <span class='ocrx_word' id='word_1_138' title='bbox 1162 1527 1280 1567; x_wconf 90' lang='lat' dir='ltr'><strong>non</strong></span> <span class='ocrx_word' id='word_1_139' title='bbox 1301 1508 1553 1565; x_wconf 89' lang='lat' dir='ltr'><strong>humana</strong></span> <span class='ocrx_word' id='word_1_140' title='bbox 1579 1514 1640 1565; x_wconf 88' lang='lat' dir='ltr'><strong>et</strong></span> <span class='ocrx_word' id='word_1_141' title='bbox 1664 1507 1910 1580; x_wconf 84' lang='lat' dir='ltr'><strong>fallibili,</strong></span> <span class='ocrx_word' id='word_1_142' title='bbox 1933 1506 2036 1564; x_wconf 89' lang='lat' dir='ltr'><strong>sed</strong></span> <span class='ocrx_word' id='word_1_143' title='bbox 2065 1506 2265 1564; x_wconf 88' lang='lat' dir='ltr'><strong>divina</strong></span> <span class='ocrx_word' id='word_1_144' title='bbox 2291 1515 2349 1565; x_wconf 89' lang='lat' dir='ltr'><strong>et</strong></span> <span class='ocrx_word' id='word_1_145' title='bbox 2377 1507 2684 1583; x_wconf 83' lang='lat' dir='ltr'><strong>infallibili,</strong></span> 
     </span>
     <span class='ocr_line' id='line_1_16' title="bbox 271 1584 2687 1664; baseline 0.002 -26"><span class='ocrx_word' id='word_1_146' title='bbox 271 1600 407 1656; x_wconf 84' lang='lat' dir='ltr'><strong>quae</strong></span> <span class='ocrx_word' id='word_1_147' title='bbox 435 1588 628 1640; x_wconf 87' lang='lat' dir='ltr'><strong>tamen</strong></span> <span class='ocrx_word' id='word_1_148' title='bbox 657 1584 732 1644; x_wconf 91' lang='lat' dir='ltr'><strong>sit</strong></span> <span class='ocrx_word' id='word_1_149' title='bbox 758 1587 944 1662; x_wconf 91' lang='lat' dir='ltr'><strong>major</strong></span> <span class='ocrx_word' id='word_1_150' title='bbox 970 1588 1069 1645; x_wconf 92' lang='lat' dir='ltr'><strong>vel</strong></span> <span class='ocrx_word' id='word_1_151' title='bbox 1095 1588 1297 1661; x_wconf 91' lang='lat' dir='ltr'><strong>minor,</strong></span> <span class='ocrx_word' id='word_1_152' title='bbox 1371 1595 1501 1646; x_wconf 89' lang='lat' dir='ltr'><strong>rout</strong></span> <span class='ocrx_word' id='word_1_153' title='bbox 1529 1587 1655 1664; x_wconf 88' lang='lat' dir='ltr'><strong>ipsa</strong></span> <span class='ocrx_word' id='word_1_154' title='bbox 1680 1587 1825 1645; x_wconf 88' lang='lat' dir='ltr'><strong>fides</strong></span> <span class='ocrx_word' id='word_1_155' title='bbox 1852 1586 2070 1644; x_wconf 88' lang='lat' dir='ltr'><strong>firmior</strong></span> <span class='ocrx_word' id='word_1_156' title='bbox 2112 1594 2212 1643; x_wconf 89' lang='lat' dir='ltr'><strong>aut</strong></span> <span class='ocrx_word' id='word_1_157' title='bbox 2238 1586 2568 1662; x_wconf 88' lang='lat' dir='ltr'><strong>languidior</strong></span> <span class='ocrx_word' id='word_1_158' title='bbox 2588 1584 2687 1644; x_wconf 87' lang='lat' dir='ltr'><strong>de·</strong></span> 
     </span>
     <span class='ocr_line' id='line_1_17' title="bbox 267 1661 2683 1742; baseline 0.002 -25"><span class='ocrx_word' id='word_1_159' title='bbox 267 1661 648 1736; x_wconf 88' lang='lat' dir='ltr'><strong>prehenditur</strong></span> <span class='ocrx_word' id='word_1_160' title='bbox 673 1686 686 1722; x_wconf 89' lang='lat'>:</span> <span class='ocrx_word' id='word_1_161' title='bbox 773 1664 889 1724; x_wconf 89' lang='lat' dir='ltr'><strong>Sed</strong></span> <span class='ocrx_word' id='word_1_162' title='bbox 917 1673 975 1724; x_wconf 89' lang='lat' dir='ltr'><strong>et</strong></span> <span class='ocrx_word' id='word_1_163' title='bbox 1002 1686 1171 1742; x_wconf 89' lang='lat' dir='ltr'><strong>posse</strong></span> <span class='ocrx_word' id='word_1_164' title='bbox 1197 1667 1274 1724; x_wconf 78' lang='lat' dir='ltr'><strong>‘et</strong></span> <span class='ocrx_word' id='word_1_165' title='bbox 1345 1667 1513 1725; x_wconf 90' lang='lat' dir='ltr'><strong>ebere</strong></span> <span class='ocrx_word' id='word_1_166' title='bbox 1542 1666 1615 1724; x_wconf 91' lang='lat' dir='ltr'><strong>de</strong></span> <span class='ocrx_word' id='word_1_167' title='bbox 1664 1667 1852 1741; x_wconf 84' lang='lat' dir='ltr'><strong>gratia</strong></span> <span class='ocrx_word' id='word_1_168' title='bbox 1884 1665 1994 1723; x_wconf 89' lang='lat' dir='ltr'><strong>Dei</strong></span> <span class='ocrx_word' id='word_1_169' title='bbox 2022 1673 2080 1723; x_wconf 91' lang='lat' dir='ltr'><strong>et</strong></span> <span class='ocrx_word' id='word_1_170' title='bbox 2127 1665 2461 1723; x_wconf 85' lang='lat' dir='ltr'><strong>remissione</strong></span> <span class='ocrx_word' id='word_1_171' title='bbox 2484 1684 2683 1740; x_wconf 89' lang='lat' dir='ltr'><strong>pecca-</strong></span> 
     </span>
     <span class='ocr_line' id='line_1_18' title="bbox 271 1742 2686 1820; baseline 0.002 -23"><span class='ocrx_word' id='word_1_172' title='bbox 271 1747 464 1798; x_wconf 86' lang='lat' dir='ltr'><strong>torum</strong></span> <span class='ocrx_word' id='word_1_173' title='bbox 488 1750 676 1800; x_wconf 87' lang='lat' dir='ltr'><strong>certos</strong></span> <span class='ocrx_word' id='word_1_174' title='bbox 703 1763 847 1817; x_wconf 91' lang='lat' dir='ltr'><strong>esse,</strong></span> <span class='ocrx_word' id='word_1_175' title='bbox 878 1753 1163 1820; x_wconf 89' lang='lat' dir='ltr'><strong>quatenus</strong></span> <span class='ocrx_word' id='word_1_176' title='bbox 1189 1745 1252 1802; x_wconf 91' lang='lat' dir='ltr'><strong>in</strong></span> <span class='ocrx_word' id='word_1_177' title='bbox 1280 1745 1427 1803; x_wconf 90' lang='lat' dir='ltr'><strong>seria</strong></span> <span class='ocrx_word' id='word_1_178' title='bbox 1455 1746 1796 1803; x_wconf 87' lang='lat' dir='ltr'><strong>contritione</strong></span> <span class='ocrx_word' id='word_1_179' title='bbox 1825 1745 1897 1802; x_wconf 86' lang='lat' dir='ltr'><strong>de</strong></span> <span class='ocrx_word' id='word_1_180' title='bbox 1925 1744 2177 1819; x_wconf 89' lang='lat' dir='ltr'><strong>peccatis</strong></span> <span class='ocrx_word' id='word_1_181' title='bbox 2198 1763 2337 1801; x_wconf 89' lang='lat' dir='ltr'><strong>vera</strong></span> <span class='ocrx_word' id='word_1_182' title='bbox 2352 1742 2467 1800; x_wconf 90' lang='lat' dir='ltr'><strong>fide</strong></span> <span class='ocrx_word' id='word_1_183' title='bbox 2485 1762 2686 1819; x_wconf 87' lang='lat' dir='ltr'><strong>appre-</strong></span> 
     </span>
     <span class='ocr_line' id='line_1_19' title="bbox 274 1818 2690 1899; baseline 0.001 -23"><span class='ocrx_word' id='word_1_184' title='bbox 274 1818 543 1879; x_wconf 89' lang='lat' dir='ltr'><strong>hendunt</strong></span> <span class='ocrx_word' id='word_1_185' title='bbox 569 1823 1007 1898; x_wconf 84' lang='lat' dir='ltr'><strong>promissionem</strong></span> <span class='ocrx_word' id='word_1_186' title='bbox 1037 1824 1303 1899; x_wconf 80' lang='lat' dir='ltr'><strong>gratuitae</strong></span> <span class='ocrx_word' id='word_1_187' title='bbox 1324 1824 1731 1883; x_wconf 73' lang='lat' dir='ltr'><strong>misericordiae</strong></span> <span class='ocrx_word' id='word_1_188' title='bbox 1775 1824 1835 1881; x_wconf 92' lang='lat' dir='ltr'><strong>in</strong></span> <span class='ocrx_word' id='word_1_189' title='bbox 1886 1823 2131 1896; x_wconf 85' lang='lat' dir='ltr'><strong>Christe,</strong></span> <span class='ocrx_word' id='word_1_190' title='bbox 2178 1822 2237 1879; x_wconf 92' lang='lat' dir='ltr'><strong>in</strong></span> <span class='ocrx_word' id='word_1_191' title='bbox 2259 1842 2329 1880; x_wconf 92' lang='lat' dir='ltr'><strong>ea</strong></span> <span class='ocrx_word' id='word_1_192' title='bbox 2343 1821 2690 1880; x_wconf 89' lang='lat' dir='ltr'><strong>fiducialiter</strong></span> 
     </span>
     <span class='ocr_line' id='line_1_20' title="bbox 269 1899 2689 1980; baseline 0.002 -25"><span class='ocrx_word' id='word_1_193' title='bbox 269 1899 663 1976; x_wconf 88' lang='lat' dir='ltr'><strong>acquiescunt,</strong></span> <span class='ocrx_word' id='word_1_194' title='bbox 696 1902 856 1980; x_wconf 66' lang='lat' dir='ltr'><strong>etita</strong></span> <span class='ocrx_word' id='word_1_195' title='bbox 884 1902 1058 1960; x_wconf 90' lang='lat' dir='ltr'><strong>corda</strong></span> <span class='ocrx_word' id='word_1_196' title='bbox 1102 1922 1207 1961; x_wconf 88' lang='lat' dir='ltr'><strong>sua</strong></span> <span class='ocrx_word' id='word_1_197' title='bbox 1255 1922 1456 1961; x_wconf 88' lang='lat' dir='ltr'><strong>secura</strong></span> <span class='ocrx_word' id='word_1_198' title='bbox 1499 1902 1783 1961; x_wconf 79' lang='lat' dir='ltr'><strong>reddunt..</strong></span> <span class='ocrx_word' id='word_1_199' title='bbox 1850 1903 1992 1976; x_wconf 82' lang='lat' dir='ltr'><strong>Quae</strong></span> <span class='ocrx_word' id='word_1_200' title='bbox 2033 1909 2226 1960; x_wconf 82' lang='lat' dir='ltr'><strong>tamen</strong></span> <span class='ocrx_word' id='word_1_201' title='bbox 2256 1901 2550 1975; x_wconf 84' lang='lat' dir='ltr'><strong>securitas,</strong></span> <span class='ocrx_word' id='word_1_202' title='bbox 2582 1920 2689 1960; x_wconf 92' lang='lat' dir='ltr'><strong>nec</strong></span> 
     </span>
     <span class='ocr_line' id='line_1_21' title="bbox 271 1979 2684 2057; baseline 0.001 -22"><span class='ocrx_word' id='word_1_203' title='bbox 271 1979 681 2037; x_wconf 88' lang='lat' dir='ltr'><strong>confidentiam</strong></span> <span class='ocrx_word' id='word_1_204' title='bbox 710 1980 998 2039; x_wconf 89' lang='lat' dir='ltr'><strong>carnalem</strong></span> <span class='ocrx_word' id='word_1_205' title='bbox 1025 1981 1284 2055; x_wconf 88' lang='lat' dir='ltr'><strong>inducit;</strong></span> <span class='ocrx_word' id='word_1_206' title='bbox 1329 2002 1435 2040; x_wconf 91' lang='lat' dir='ltr'><strong>nec</strong></span> <span class='ocrx_word' id='word_1_207' title='bbox 1464 1982 1728 2041; x_wconf 91' lang='lat' dir='ltr'><strong>timorem</strong></span> <span class='ocrx_word' id='word_1_208' title='bbox 1755 1981 2007 2055; x_wconf 84' lang='lat' dir='ltr'><strong>filialem,</strong></span> <span class='ocrx_word' id='word_1_209' title='bbox 2039 1990 2097 2040; x_wconf 90' lang='lat' dir='ltr'><strong>et</strong></span> <span class='ocrx_word' id='word_1_210' title='bbox 2139 1981 2295 2057; x_wconf 91' lang='lat' dir='ltr'><strong>piam</strong></span> <span class='ocrx_word' id='word_1_211' title='bbox 2344 1980 2684 2039; x_wconf 88' lang='lat' dir='ltr'><strong>sollicitudi-</strong></span> 
     </span>
     <span class='ocr_line' id='line_1_22' title="bbox 269 2059 2690 2136; baseline 0.002 -23"><span class='ocrx_word' id='word_1_212' title='bbox 269 2077 406 2114; x_wconf 91' lang='lat' dir='ltr'><strong>nem</strong></span> <span class='ocrx_word' id='word_1_213' title='bbox 434 2059 709 2134; x_wconf 84' lang='lat' dir='ltr'><strong>excludit,</strong></span> <span class='ocrx_word' id='word_1_214' title='bbox 727 2080 847 2118; x_wconf 79' lang='lat' dir='ltr'><strong>nec</strong></span> <span class='ocrx_word' id='word_1_215' title='bbox 875 2069 1041 2118; x_wconf 84' lang='lat' dir='ltr'><strong>extra</strong></span> <span class='ocrx_word' id='word_1_216' title='bbox 1068 2061 1402 2120; x_wconf 88' lang='lat' dir='ltr'><strong>tentationis</strong></span> <span class='ocrx_word' id='word_1_217' title='bbox 1430 2061 1633 2136; x_wconf 89' lang='lat' dir='ltr'><strong>aleam,</strong></span> <span class='ocrx_word' id='word_1_218' title='bbox 1664 2062 1761 2119; x_wconf 88' lang='lat' dir='ltr'><strong>vel</strong></span> <span class='ocrx_word' id='word_1_219' title='bbox 1788 2061 2057 2119; x_wconf 88' lang='lat' dir='ltr'><strong>contrarii</strong></span> <span class='ocrx_word' id='word_1_220' title='bbox 2084 2060 2445 2118; x_wconf 85' lang='lat' dir='ltr'><strong>formidinem</strong></span> <span class='ocrx_word' id='word_1_221' title='bbox 2464 2079 2690 2136; x_wconf 89' lang='lat' dir='ltr'><strong>semper</strong></span> 
     </span>
     <span class='ocr_line' id='line_1_23' title="bbox 269 2137 2686 2217; baseline 0.002 -24"><span class='ocrx_word' id='word_1_222' title='bbox 269 2145 361 2194; x_wconf 90' lang='lat' dir='ltr'><strong>est</strong></span> <span class='ocrx_word' id='word_1_223' title='bbox 386 2137 592 2212; x_wconf 90' lang='lat' dir='ltr'><strong>posita.</strong></span> <span class='ocrx_word' id='word_1_224' title='bbox 678 2139 858 2215; x_wconf 87' lang='lat' dir='ltr'><strong>Cujus</strong></span> <span class='ocrx_word' id='word_1_225' title='bbox 886 2140 1320 2198; x_wconf 89' lang='lat' dir='ltr'><strong>fundamentum</strong></span> <span class='ocrx_word' id='word_1_226' title='bbox 1350 2149 1439 2199; x_wconf 89' lang='lat' dir='ltr'><strong>est</strong></span> <span class='ocrx_word' id='word_1_227' title='bbox 1464 2140 1674 2217; x_wconf 89' lang='lat' dir='ltr'><strong>partim</strong></span> <span class='ocrx_word' id='word_1_228' title='bbox 1702 2139 2005 2217; x_wconf 82' lang='lat' dir='ltr'><strong>promissio</strong></span> <span class='ocrx_word' id='word_1_229' title='bbox 2053 2139 2374 2197; x_wconf 86' lang='lat' dir='ltr'><strong>infallibilis</strong></span> <span class='ocrx_word' id='word_1_230' title='bbox 2416 2139 2686 2216; x_wconf 85' lang='lat' dir='ltr'><strong>Evange-</strong></span> 
     </span>
     <span class='ocr_line' id='line_1_24' title="bbox 276 2214 2685 2296; baseline 0.002 -25"><span class='ocrx_word' id='word_1_231' title='bbox 276 2214 363 2290; x_wconf 89' lang='lat' dir='ltr'><strong>lii,</strong></span> <span class='ocrx_word' id='word_1_232' title='bbox 420 2216 561 2275; x_wconf 86' lang='lat' dir='ltr'><strong>Joh.</strong></span> <span class='ocrx_word' id='word_1_233' title='bbox 593 2216 673 2275; x_wconf 91' lang='lat' dir='ltr'><strong>iii.</strong></span> <span class='ocrx_word' id='word_1_234' title='bbox 708 2221 800 2292; x_wconf 85' lang='lat'><strong>14,</strong></span> <span class='ocrx_word' id='word_1_235' title='bbox 836 2221 928 2293; x_wconf 90' lang='lat'><strong>15,</strong></span> <span class='ocrx_word' id='word_1_236' title='bbox 964 2222 1056 2294; x_wconf 83' lang='lat'><strong>16,</strong></span> <span class='ocrx_word' id='word_1_237' title='bbox 1090 2219 1121 2276; x_wconf 97' lang='lat'><strong>1</strong></span> <span class='ocrx_word' id='word_1_238' title='bbox 1167 2220 1316 2277; x_wconf 89' lang='lat' dir='ltr'><strong>Tim.</strong></span> <span class='ocrx_word' id='word_1_239' title='bbox 1347 2220 1384 2277; x_wconf 90' lang='lat' dir='ltr'><strong>i.</strong></span> <span class='ocrx_word' id='word_1_240' title='bbox 1420 2223 1512 2293; x_wconf 84' lang='lat'><strong>15,</strong></span> <span class='ocrx_word' id='word_1_241' title='bbox 1542 2221 1752 2296; x_wconf 85' lang='lat' dir='ltr'><strong>partim</strong></span> <span class='ocrx_word' id='word_1_242' title='bbox 1781 2219 2171 2278; x_wconf 89' lang='lat' dir='ltr'><strong>testimonium</strong></span> <span class='ocrx_word' id='word_1_243' title='bbox 2200 2218 2502 2277; x_wconf 85' lang='lat' dir='ltr'><strong>infallibile</strong></span> <span class='ocrx_word' id='word_1_244' title='bbox 2557 2219 2685 2295; x_wconf 88' lang='lat' dir='ltr'><strong>Spi-</strong></span> 
     </span>
     <span class='ocr_line' id='line_1_25' title="bbox 269 2295 2687 2376; baseline 0.002 -25"><span class='ocrx_word' id='word_1_245' title='bbox 269 2295 416 2353; x_wconf 84' lang='lat' dir='ltr'><strong>ritus</strong></span> <span class='ocrx_word' id='word_1_246' title='bbox 448 2296 646 2355; x_wconf 89' lang='lat' dir='ltr'><strong>Sancti</strong></span> <span class='ocrx_word' id='word_1_247' title='bbox 673 2298 734 2354; x_wconf 90' lang='lat' dir='ltr'><strong>in</strong></span> <span class='ocrx_word' id='word_1_248' title='bbox 760 2299 1212 2376; x_wconf 85' lang='lat' dir='ltr'><strong>uniuscujusque</strong></span> <span class='ocrx_word' id='word_1_249' title='bbox 1241 2299 1607 2374; x_wconf 85' lang='lat' dir='ltr'><strong>conscientia,</strong></span> <span class='ocrx_word' id='word_1_250' title='bbox 1642 2300 1811 2358; x_wconf 86' lang='lat' dir='ltr'><strong>Rom.</strong></span> <span class='ocrx_word' id='word_1_251' title='bbox 1834 2299 1955 2358; x_wconf 88' lang='lat' dir='ltr'><strong>viii.</strong></span> <span class='ocrx_word' id='word_1_252' title='bbox 1980 2302 2072 2358; x_wconf 87' lang='lat'><strong>16.</strong></span> <span class='ocrx_word' id='word_1_253' title='bbox 2160 2299 2243 2358; x_wconf 93' lang='lat' dir='ltr'><strong>Ut</strong></span> <span class='ocrx_word' id='word_1_254' title='bbox 2261 2306 2450 2357; x_wconf 89' lang='lat' dir='ltr'><strong>autem</strong></span> <span class='ocrx_word' id='word_1_255' title='bbox 2475 2298 2687 2357; x_wconf 90' lang='lat' dir='ltr'><strong>clarius</strong></span> 
     </span>
     <span class='ocr_line' id='line_1_26' title="bbox 269 2375 2689 2455; baseline 0.002 -23"><span class='ocrx_word' id='word_1_256' title='bbox 269 2375 621 2452; x_wconf 86' lang='lat' dir='ltr'><strong>percipiatur</strong></span> <span class='ocrx_word' id='word_1_257' title='bbox 648 2379 931 2436; x_wconf 89' lang='lat' dir='ltr'><strong>sententia</strong></span> <span class='ocrx_word' id='word_1_258' title='bbox 957 2379 1087 2454; x_wconf 88' lang='lat' dir='ltr'><strong>ista,</strong></span> <span class='ocrx_word' id='word_1_259' title='bbox 1117 2387 1176 2437; x_wconf 93' lang='lat' dir='ltr'><strong>et</strong></span> <span class='ocrx_word' id='word_1_260' title='bbox 1202 2379 1478 2438; x_wconf 89' lang='lat' dir='ltr'><strong>liberetur</strong></span> <span class='ocrx_word' id='word_1_261' title='bbox 1504 2399 1539 2437; x_wconf 98' lang='lat' dir='ltr'><strong>a</strong></span> <span class='ocrx_word' id='word_1_262' title='bbox 1586 2379 1890 2439; x_wconf 88' lang='lat' dir='ltr'><strong>calumniis</strong></span> <span class='ocrx_word' id='word_1_263' title='bbox 1932 2389 1990 2438; x_wconf 89' lang='lat' dir='ltr'><strong>et</strong></span> <span class='ocrx_word' id='word_1_264' title='bbox 2033 2379 2276 2453; x_wconf 87' lang='lat' dir='ltr'><strong>cavillis,</strong></span> <span class='ocrx_word' id='word_1_265' title='bbox 2301 2377 2511 2455; x_wconf 90' lang='lat' dir='ltr'><strong>quibus</strong></span> <span class='ocrx_word' id='word_1_266' title='bbox 2540 2376 2689 2436; x_wconf 89' lang='lat' dir='ltr'><strong>solet</strong></span> 
     </span>
     <span class='ocr_line' id='line_1_27' title="bbox 269 2454 2686 2537; baseline 0.001 -24"><span class='ocrx_word' id='word_1_267' title='bbox 269 2454 471 2532; x_wconf 89' lang='lat' dir='ltr'><strong>impeti</strong></span> <span class='ocrx_word' id='word_1_268' title='bbox 499 2456 572 2514; x_wconf 90' lang='lat' dir='ltr'><strong>ab</strong></span> <span class='ocrx_word' id='word_1_269' title='bbox 623 2457 995 2517; x_wconf 89' lang='lat' dir='ltr'><strong>Adversariis</strong></span> <span class='ocrx_word' id='word_1_270' title='bbox 1041 2467 1315 2535; x_wconf 88' lang='lat' dir='ltr'><strong>tanquam</strong></span> <span class='ocrx_word' id='word_1_271' title='bbox 1358 2458 1671 2535; x_wconf 88' lang='lat' dir='ltr'><strong>impietatis</strong></span> <span class='ocrx_word' id='word_1_272' title='bbox 1713 2458 1998 2537; x_wconf 84' lang='lat' dir='ltr'><strong>pulvinar,</strong></span> <span class='ocrx_word' id='word_1_273' title='bbox 2049 2467 2109 2518; x_wconf 91' lang='lat' dir='ltr'><strong>et</strong></span> <span class='ocrx_word' id='word_1_274' title='bbox 2137 2457 2458 2517; x_wconf 85' lang='lat' dir='ltr'><strong>securitatis</strong></span> <span class='ocrx_word' id='word_1_275' title='bbox 2485 2465 2686 2532; x_wconf 86' lang='lat' dir='ltr'><strong>mater,</strong></span> 
     </span>
     <span class='ocr_line' id='line_1_28' title="bbox 270 2537 2687 2618; baseline 0.001 -26"><span class='ocrx_word' id='word_1_276' title='bbox 270 2537 607 2608; x_wconf 85' lang='lat' dir='ltr'><strong>notandum,</strong></span> <span class='ocrx_word' id='word_1_277' title='bbox 641 2540 693 2595; x_wconf 92' lang='lat'><strong>1.</strong></span> <span class='ocrx_word' id='word_1_278' title='bbox 725 2538 1140 2598; x_wconf 87' lang='lat' dir='ltr'><strong>Certitudinem</strong></span> <span class='ocrx_word' id='word_1_279' title='bbox 1170 2539 1243 2598; x_wconf 92' lang='lat' dir='ltr'><strong>de</strong></span> <span class='ocrx_word' id='word_1_280' title='bbox 1271 2558 1386 2618; x_wconf 88' lang='lat' dir='ltr'><strong>qua</strong></span> <span class='ocrx_word' id='word_1_281' title='bbox 1412 2539 1606 2617; x_wconf 85' lang='lat' dir='ltr'><strong>agitur</strong></span> <span class='ocrx_word' id='word_1_282' title='bbox 1633 2539 1742 2598; x_wconf 90' lang='lat' dir='ltr'><strong>tria</strong></span> <span class='ocrx_word' id='word_1_283' title='bbox 1768 2539 2129 2616; x_wconf 89' lang='lat' dir='ltr'><strong>potissimum</strong></span> <span class='ocrx_word' id='word_1_284' title='bbox 2157 2537 2475 2615; x_wconf 84' lang='lat' dir='ltr'><strong>respicere:</strong></span> <span class='ocrx_word' id='word_1_285' title='bbox 2518 2539 2687 2594; x_wconf 80' lang='lat' dir='ltr'><strong>Elec·</strong></span> 
     </span>
     <span class='ocr_line' id='line_1_29' title="bbox 273 2617 2684 2694; baseline 0 -19"><span class='ocrx_word' id='word_1_286' title='bbox 273 2617 473 2675; x_wconf 76' lang='lat' dir='ltr'><strong>tionem</strong></span> <span class='ocrx_word' id='word_1_287' title='bbox 490 2620 865 2694; x_wconf 74' lang='lat' dir='ltr'><strong>proetem‘tam,</strong></span> <span class='ocrx_word' id='word_1_288' title='bbox 894 2624 964 2678; x_wconf 80' lang='lat' dir='ltr'><strong>ut&#39;</strong></span> <span class='ocrx_word' id='word_1_289' title='bbox 988 2620 1236 2679; x_wconf 86' lang='lat' dir='ltr'><strong>sciamus</strong></span> <span class='ocrx_word' id='word_1_290' title='bbox 1264 2640 1371 2678; x_wconf 90' lang='lat' dir='ltr'><strong>nos</strong></span> <span class='ocrx_word' id='word_1_291' title='bbox 1411 2639 1539 2678; x_wconf 90' lang='lat' dir='ltr'><strong>esse</strong></span> <span class='ocrx_word' id='word_1_292' title='bbox 1583 2640 1660 2679; x_wconf 84' lang='lat' dir='ltr'><strong>ex</strong></span> <span class='ocrx_word' id='word_1_293' title='bbox 1710 2620 2041 2678; x_wconf 87' lang='lat' dir='ltr'><strong>Electorum</strong></span> <span class='ocrx_word' id='word_1_294' title='bbox 2088 2639 2365 2693; x_wconf 88' lang='lat' dir='ltr'><strong>numero;</strong></span> <span class='ocrx_word' id='word_1_295' title='bbox 2415 2618 2684 2678; x_wconf 76' lang='lat' dir='ltr'><strong>Gratiam</strong></span> 
     </span>
     <span class='ocr_line' id='line_1_30' title="bbox 263 2698 2684 2778; baseline -0 -23"><span class='ocrx_word' id='word_1_296' title='bbox 263 2708 614 2773; x_wconf 79' lang='lat' dir='ltr'><strong>praesentem‚</strong></span> <span class='ocrx_word' id='word_1_297' title='bbox 647 2708 711 2758; x_wconf 89' lang='lat' dir='ltr'><strong>ut</strong></span> <span class='ocrx_word' id='word_1_298' title='bbox 739 2700 880 2758; x_wconf 91' lang='lat' dir='ltr'><strong>certi</strong></span> <span class='ocrx_word' id='word_1_299' title='bbox 910 2701 1089 2759; x_wconf 90' lang='lat' dir='ltr'><strong>simus</strong></span> <span class='ocrx_word' id='word_1_300' title='bbox 1117 2700 1189 2759; x_wconf 89' lang='lat' dir='ltr'><strong>de</strong></span> <span class='ocrx_word' id='word_1_301' title='bbox 1219 2700 1406 2778; x_wconf 85' lang='lat' dir='ltr'><strong>gratia</strong></span> <span class='ocrx_word' id='word_1_302' title='bbox 1436 2700 1547 2758; x_wconf 93' lang='lat' dir='ltr'><strong>Dei</strong></span> <span class='ocrx_word' id='word_1_303' title='bbox 1592 2709 1652 2760; x_wconf 91' lang='lat' dir='ltr'><strong>et</strong></span> <span class='ocrx_word' id='word_1_304' title='bbox 1698 2700 1813 2757; x_wconf 90' lang='lat' dir='ltr'><strong>fide</strong></span> <span class='ocrx_word' id='word_1_305' title='bbox 1859 2707 2091 2774; x_wconf 87' lang='lat' dir='ltr'><strong>nostra;</strong></span> <span class='ocrx_word' id='word_1_306' title='bbox 2141 2718 2249 2758; x_wconf 91' lang='lat' dir='ltr'><strong>nos</strong></span> <span class='ocrx_word' id='word_1_307' title='bbox 2277 2698 2499 2757; x_wconf 88' lang='lat' dir='ltr'><strong>scilicet</strong></span> <span class='ocrx_word' id='word_1_308' title='bbox 2546 2717 2684 2755; x_wconf 90' lang='lat' dir='ltr'><strong>vere</strong></span> 
     </span>
     <span class='ocr_line' id='line_1_31' title="bbox 273 2776 2684 2856; baseline 0 -21"><span class='ocrx_word' id='word_1_309' title='bbox 273 2777 521 2851; x_wconf 90' lang='lat' dir='ltr'><strong>credere,</strong></span> <span class='ocrx_word' id='word_1_310' title='bbox 553 2787 612 2836; x_wconf 90' lang='lat' dir='ltr'><strong>et</strong></span> <span class='ocrx_word' id='word_1_311' title='bbox 640 2799 766 2837; x_wconf 90' lang='lat' dir='ltr'><strong>esse</strong></span> <span class='ocrx_word' id='word_1_312' title='bbox 796 2780 854 2837; x_wconf 94' lang='lat' dir='ltr'><strong>in</strong></span> <span class='ocrx_word' id='word_1_313' title='bbox 883 2780 1070 2856; x_wconf 88' lang='lat' dir='ltr'><strong>gratia</strong></span> <span class='ocrx_word' id='word_1_314' title='bbox 1098 2781 1248 2856; x_wconf 80' lang='lat' dir='ltr'><strong>Dei3</strong></span> <span class='ocrx_word' id='word_1_315' title='bbox 1321 2788 1380 2838; x_wconf 91' lang='lat' dir='ltr'><strong>et</strong></span> <span class='ocrx_word' id='word_1_316' title='bbox 1413 2779 1674 2839; x_wconf 77' lang='lat' dir='ltr'><strong>Gloriam</strong></span> <span class='ocrx_word' id='word_1_317' title='bbox 1706 2782 1990 2853; x_wconf 69' lang='lat' dir='ltr'><strong>flaturam,</strong></span> <span class='ocrx_word' id='word_1_318' title='bbox 2030 2788 2095 2837; x_wconf 90' lang='lat' dir='ltr'><strong>ut</strong></span> <span class='ocrx_word' id='word_1_319' title='bbox 2137 2778 2585 2856; x_wconf 88' lang='lat' dir='ltr'><strong>persuadeamur</strong></span> <span class='ocrx_word' id='word_1_320' title='bbox 2612 2776 2684 2835; x_wconf 89' lang='lat' dir='ltr'><strong>de</strong></span> 
     </span>
     <span class='ocr_line' id='line_1_32' title="bbox 274 2856 2684 2936; baseline 0 -24"><span class='ocrx_word' id='word_1_321' title='bbox 274 2857 474 2931; x_wconf 70' lang='lat' dir='ltr'><strong>gloriae</strong></span> <span class='ocrx_word' id='word_1_322' title='bbox 503 2866 561 2915; x_wconf 91' lang='lat' dir='ltr'><strong>et</strong></span> <span class='ocrx_word' id='word_1_323' title='bbox 588 2858 880 2916; x_wconf 86' lang='lat' dir='ltr'><strong>felicitatis</strong></span> <span class='ocrx_word' id='word_1_324' title='bbox 908 2880 943 2917; x_wconf 89' lang='lat' dir='ltr'><strong>a</strong></span> <span class='ocrx_word' id='word_1_325' title='bbox 974 2861 1100 2917; x_wconf 90' lang='lat' dir='ltr'><strong>Deo</strong></span> <span class='ocrx_word' id='word_1_326' title='bbox 1141 2860 1436 2936; x_wconf 81' lang='lat' dir='ltr'><strong>promissae</strong></span> <span class='ocrx_word' id='word_1_327' title='bbox 1479 2860 1862 2935; x_wconf 89' lang='lat' dir='ltr'><strong>possessione.</strong></span> <span class='ocrx_word' id='word_1_328' title='bbox 1901 2864 1958 2917; x_wconf 84' lang='lat'><strong>2.</strong></span> <span class='ocrx_word' id='word_1_329' title='bbox 1990 2859 2402 2917; x_wconf 86' lang='lat' dir='ltr'><strong>Certitudinem</strong></span> <span class='ocrx_word' id='word_1_330' title='bbox 2432 2856 2684 2932; x_wconf 72' lang='lat' dir='ltr'><strong>praeteri-</strong></span> 
     </span>
     <span class='ocr_line' id='line_1_33' title="bbox 273 2935 2686 3015; baseline 0.001 -24"><span class='ocrx_word' id='word_1_331' title='bbox 273 2944 347 2992; x_wconf 81' lang='lat' dir='ltr'><strong>tae</strong></span> <span class='ocrx_word' id='word_1_332' title='bbox 378 2936 712 3010; x_wconf 87' lang='lat' dir='ltr'><strong>Electionis,</strong></span> <span class='ocrx_word' id='word_1_333' title='bbox 745 2946 804 2995; x_wconf 90' lang='lat' dir='ltr'><strong>et</strong></span> <span class='ocrx_word' id='word_1_334' title='bbox 831 2938 1036 2995; x_wconf 73' lang='lat' dir='ltr'><strong>futurae</strong></span> <span class='ocrx_word' id='word_1_335' title='bbox 1065 2938 1515 3014; x_wconf 86' lang='lat' dir='ltr'><strong>glorificationis,</strong></span> <span class='ocrx_word' id='word_1_336' title='bbox 1547 2938 1797 3015; x_wconf 90' lang='lat' dir='ltr'><strong>pendere</strong></span> <span class='ocrx_word' id='word_1_337' title='bbox 1826 2958 1902 2995; x_wconf 87' lang='lat' dir='ltr'><strong>ex</strong></span> <span class='ocrx_word' id='word_1_338' title='bbox 1946 2937 2287 2996; x_wconf 88' lang='lat' dir='ltr'><strong>certitudine</strong></span> <span class='ocrx_word' id='word_1_339' title='bbox 2316 2935 2517 3013; x_wconf 81' lang='lat' dir='ltr'><strong>gratiae</strong></span> <span class='ocrx_word' id='word_1_340' title='bbox 2538 2955 2686 3011; x_wconf 74' lang='lat' dir='ltr'><strong>prae·-</strong></span> 
     </span>
     <span class='ocr_line' id='line_1_34' title="bbox 273 3014 2687 3089; baseline 0 -17"><span class='ocrx_word' id='word_1_341' title='bbox 273 3014 467 3087; x_wconf 89' lang='lat' dir='ltr'><strong>sentis,</strong></span> <span class='ocrx_word' id='word_1_342' title='bbox 499 3034 628 3089; x_wconf 73' lang='lat' dir='ltr'><strong>quae</strong></span> <span class='ocrx_word' id='word_1_343' title='bbox 658 3035 787 3072; x_wconf 91' lang='lat' dir='ltr'><strong>cum</strong></span> <span class='ocrx_word' id='word_1_344' title='bbox 813 3016 893 3085; x_wconf 31' lang='lat' dir='ltr'><strong>‚sit</strong></span> <span class='ocrx_word' id='word_1_345' title='bbox 919 3016 1215 3074; x_wconf 89' lang='lat' dir='ltr'><strong>vinculum</strong></span> <span class='ocrx_word' id='word_1_346' title='bbox 1245 3016 1565 3073; x_wconf 90' lang='lat' dir='ltr'><strong>Electionis</strong></span> <span class='ocrx_word' id='word_1_347' title='bbox 1592 3024 1652 3073; x_wconf 92' lang='lat' dir='ltr'><strong>et</strong></span> <span class='ocrx_word' id='word_1_348' title='bbox 1701 3016 2169 3088; x_wconf 73' lang='lat' dir='ltr'><strong>GlorificationiS,</strong></span> <span class='ocrx_word' id='word_1_349' title='bbox 2216 3015 2436 3073; x_wconf 87' lang='lat' dir='ltr'><strong>fructus</strong></span> <span class='ocrx_word' id='word_1_350' title='bbox 2465 3014 2687 3072; x_wconf 89' lang='lat' dir='ltr'><strong>scilicet</strong></span> 
     </span>
     <span class='ocr_line' id='line_1_35' title="bbox 273 3092 2685 3170; baseline 0 -20"><span class='ocrx_word' id='word_1_351' title='bbox 273 3094 446 3167; x_wconf 78' lang='lat' dir='ltr'><strong>illius,</strong></span> <span class='ocrx_word' id='word_1_352' title='bbox 479 3101 536 3150; x_wconf 88' lang='lat' dir='ltr'><strong>et</strong></span> <span class='ocrx_word' id='word_1_353' title='bbox 563 3092 817 3151; x_wconf 89' lang='lat' dir='ltr'><strong>medium</strong></span> <span class='ocrx_word' id='word_1_354' title='bbox 847 3094 923 3151; x_wconf 91' lang='lat' dir='ltr'><strong>ad</strong></span> <span class='ocrx_word' id='word_1_355' title='bbox 949 3095 1136 3168; x_wconf 84' lang='lat' dir='ltr'><strong>istam,</strong></span> <span class='ocrx_word' id='word_1_356' title='bbox 1188 3094 1453 3170; x_wconf 87' lang='lat' dir='ltr'><strong>quisquis</strong></span> <span class='ocrx_word' id='word_1_357' title='bbox 1497 3102 1689 3152; x_wconf 87' lang='lat' dir='ltr'><strong>certus</strong></span> <span class='ocrx_word' id='word_1_358' title='bbox 1732 3101 1823 3152; x_wconf 89' lang='lat' dir='ltr'><strong>est</strong></span> <span class='ocrx_word' id='word_1_359' title='bbox 1869 3111 1928 3150; x_wconf 85' lang='lat' dir='ltr'><strong>se</strong></span> <span class='ocrx_word' id='word_1_360' title='bbox 1972 3113 2099 3151; x_wconf 88' lang='lat' dir='ltr'><strong>esse</strong></span> <span class='ocrx_word' id='word_1_361' title='bbox 2144 3095 2203 3150; x_wconf 92' lang='lat' dir='ltr'><strong>in</strong></span> <span class='ocrx_word' id='word_1_362' title='bbox 2252 3092 2440 3169; x_wconf 88' lang='lat' dir='ltr'><strong>gratia</strong></span> <span class='ocrx_word' id='word_1_363' title='bbox 2471 3092 2580 3149; x_wconf 92' lang='lat' dir='ltr'><strong>Dei</strong></span> <span class='ocrx_word' id='word_1_364' title='bbox 2625 3101 2685 3151; x_wconf 91' lang='lat' dir='ltr'><strong>et</strong></span> 
     </span>
     <span class='ocr_line' id='line_1_36' title="bbox 267 3170 2683 3248; baseline -0 -19"><span class='ocrx_word' id='word_1_365' title='bbox 267 3171 397 3245; x_wconf 89' lang='lat' dir='ltr'><strong>fide,</strong></span> <span class='ocrx_word' id='word_1_366' title='bbox 427 3180 618 3248; x_wconf 89' lang='lat' dir='ltr'><strong>potest</strong></span> <span class='ocrx_word' id='word_1_367' title='bbox 647 3181 897 3230; x_wconf 84' lang='lat' dir='ltr'><strong>statuere</strong></span> <span class='ocrx_word' id='word_1_368' title='bbox 926 3191 987 3230; x_wconf 90' lang='lat' dir='ltr'><strong>se</strong></span> <span class='ocrx_word' id='word_1_369' title='bbox 1016 3193 1142 3231; x_wconf 89' lang='lat' dir='ltr'><strong>esse</strong></span> <span class='ocrx_word' id='word_1_370' title='bbox 1170 3174 1435 3246; x_wconf 90' lang='lat' dir='ltr'><strong>electum,</strong></span> <span class='ocrx_word' id='word_1_371' title='bbox 1467 3180 1525 3230; x_wconf 93' lang='lat' dir='ltr'><strong>et</strong></span> <span class='ocrx_word' id='word_1_372' title='bbox 1566 3181 1724 3229; x_wconf 89' lang='lat' dir='ltr'><strong>certo</strong></span> <span class='ocrx_word' id='word_1_373' title='bbox 1772 3171 2228 3248; x_wconf 88' lang='lat' dir='ltr'><strong>glorificandum.</strong></span> <span class='ocrx_word' id='word_1_374' title='bbox 2273 3175 2328 3230; x_wconf 88' lang='lat'><strong>3.</strong></span> <span class='ocrx_word' id='word_1_375' title='bbox 2374 3170 2683 3229; x_wconf 89' lang='lat' dir='ltr'><strong>Certitudi-</strong></span> 
     </span>
     <span class='ocr_line' id='line_1_37' title="bbox 274 3249 2686 3327; baseline 0 -19"><span class='ocrx_word' id='word_1_376' title='bbox 274 3271 404 3308; x_wconf 87' lang='lat' dir='ltr'><strong>nem</strong></span> <span class='ocrx_word' id='word_1_377' title='bbox 433 3251 633 3327; x_wconf 72' lang='lat' dir='ltr'><strong>gratiae</strong></span> <span class='ocrx_word' id='word_1_378' title='bbox 661 3252 962 3326; x_wconf 72' lang='lat' dir='ltr'><strong>praesentis</strong></span> <span class='ocrx_word' id='word_1_379' title='bbox 988 3271 1104 3309; x_wconf 90' lang='lat' dir='ltr'><strong>non</strong></span> <span class='ocrx_word' id='word_1_380' title='bbox 1153 3251 1434 3310; x_wconf 85' lang='lat' dir='ltr'><strong>contineri</strong></span> <span class='ocrx_word' id='word_1_381' title='bbox 1476 3250 1806 3309; x_wconf 87' lang='lat' dir='ltr'><strong>immediate</strong></span> <span class='ocrx_word' id='word_1_382' title='bbox 1854 3250 1915 3307; x_wconf 90' lang='lat' dir='ltr'><strong>in</strong></span> <span class='ocrx_word' id='word_1_383' title='bbox 1963 3250 2178 3325; x_wconf 90' lang='lat' dir='ltr'><strong>Verbo,</strong></span> <span class='ocrx_word' id='word_1_384' title='bbox 2226 3250 2327 3308; x_wconf 86' lang='lat' dir='ltr'><strong>sed</strong></span> <span class='ocrx_word' id='word_1_385' title='bbox 2372 3249 2621 3327; x_wconf 89' lang='lat' dir='ltr'><strong>pendere</strong></span> <span class='ocrx_word' id='word_1_386' title='bbox 2650 3270 2686 3308; x_wconf 91' lang='lat' dir='ltr'><strong>a</strong></span> 
     </span>
     <span class='ocr_line' id='line_1_38' title="bbox 279 3328 2686 3407; baseline -0 -18"><span class='ocrx_word' id='word_1_387' title='bbox 279 3330 607 3389; x_wconf 91' lang='lat' dir='ltr'><strong>testimonio</strong></span> <span class='ocrx_word' id='word_1_388' title='bbox 641 3331 888 3407; x_wconf 86' lang='lat' dir='ltr'><strong>Spiritus</strong></span> <span class='ocrx_word' id='word_1_389' title='bbox 921 3332 1134 3406; x_wconf 87' lang='lat' dir='ltr'><strong>Sancti,</strong></span> <span class='ocrx_word' id='word_1_390' title='bbox 1166 3340 1224 3389; x_wconf 91' lang='lat' dir='ltr'><strong>et</strong></span> <span class='ocrx_word' id='word_1_391' title='bbox 1251 3330 1474 3388; x_wconf 88' lang='lat' dir='ltr'><strong>visione</strong></span> <span class='ocrx_word' id='word_1_392' title='bbox 1503 3328 1711 3404; x_wconf 90' lang='lat' dir='ltr'><strong>cordis,</strong></span> <span class='ocrx_word' id='word_1_393' title='bbox 1742 3329 1803 3387; x_wconf 91' lang='lat' dir='ltr'><strong>in</strong></span> <span class='ocrx_word' id='word_1_394' title='bbox 1831 3328 1980 3387; x_wconf 88' lang='lat' dir='ltr'><strong>serio</strong></span> <span class='ocrx_word' id='word_1_395' title='bbox 2009 3330 2098 3388; x_wconf 89' lang='lat' dir='ltr'><strong>sui</strong></span> <span class='ocrx_word' id='word_1_396' title='bbox 2120 3330 2402 3404; x_wconf 82' lang='lat' dir='ltr'><strong>examine,</strong></span> <span class='ocrx_word' id='word_1_397' title='bbox 2423 3338 2482 3387; x_wconf 90' lang='lat' dir='ltr'><strong>et</strong></span> <span class='ocrx_word' id='word_1_398' title='bbox 2510 3348 2686 3388; x_wconf 88' lang='lat' dir='ltr'><strong>sensu</strong></span> 
     </span>
     <span class='ocr_line' id='line_1_39' title="bbox 271 3408 2689 3488; baseline -0.001 -20"><span class='ocrx_word' id='word_1_399' title='bbox 271 3411 705 3488; x_wconf 87' lang='lat' dir='ltr'><strong>experimentali</strong></span> <span class='ocrx_word' id='word_1_400' title='bbox 732 3417 998 3469; x_wconf 88' lang='lat' dir='ltr'><strong>notarum</strong></span> <span class='ocrx_word' id='word_1_401' title='bbox 1025 3420 1083 3469; x_wconf 90' lang='lat' dir='ltr'><strong>et</strong></span> <span class='ocrx_word' id='word_1_402' title='bbox 1110 3410 1417 3469; x_wconf 88' lang='lat' dir='ltr'><strong>effectuum</strong></span> <span class='ocrx_word' id='word_1_403' title='bbox 1444 3410 1802 3486; x_wconf 90' lang='lat' dir='ltr'><strong>propriorum</strong></span> <span class='ocrx_word' id='word_1_404' title='bbox 1850 3408 2067 3486; x_wconf 84' lang='lat' dir='ltr'><strong>gratiae,</strong></span> <span class='ocrx_word' id='word_1_405' title='bbox 2099 3410 2299 3486; x_wconf 84' lang='lat' dir='ltr'><strong>quales</strong></span> <span class='ocrx_word' id='word_1_406' title='bbox 2341 3417 2491 3483; x_wconf 89' lang='lat' dir='ltr'><strong>sunt,</strong></span> <span class='ocrx_word' id='word_1_407' title='bbox 2523 3409 2689 3467; x_wconf 90' lang='lat' dir='ltr'><strong>dolor</strong></span> 
     </span>
     <span class='ocr_line' id='line_1_40' title="bbox 271 3489 2685 3567; baseline -0.001 -19"><span class='ocrx_word' id='word_1_408' title='bbox 271 3491 340 3548; x_wconf 92' lang='lat' dir='ltr'><strong>de</strong></span> <span class='ocrx_word' id='word_1_409' title='bbox 369 3499 622 3567; x_wconf 88' lang='lat' dir='ltr'><strong>peceat0,</strong></span> <span class='ocrx_word' id='word_1_410' title='bbox 654 3489 1003 3549; x_wconf 90' lang='lat' dir='ltr'><strong>desiderium</strong></span> <span class='ocrx_word' id='word_1_411' title='bbox 1032 3491 1248 3565; x_wconf 74' lang='lat' dir='ltr'><strong>gratiae,</strong></span> <span class='ocrx_word' id='word_1_412' title='bbox 1280 3490 1635 3567; x_wconf 88' lang='lat' dir='ltr'><strong>poenitentia,</strong></span> <span class='ocrx_word' id='word_1_413' title='bbox 1666 3498 1725 3548; x_wconf 92' lang='lat' dir='ltr'><strong>et</strong></span> <span class='ocrx_word' id='word_1_414' title='bbox 1752 3489 2073 3549; x_wconf 86' lang='lat' dir='ltr'><strong>sanctitatis</strong></span> <span class='ocrx_word' id='word_1_415' title='bbox 2117 3490 2389 3564; x_wconf 88' lang='lat' dir='ltr'><strong>studium,</strong></span> <span class='ocrx_word' id='word_1_416' title='bbox 2435 3489 2685 3565; x_wconf 86' lang='lat' dir='ltr'><strong>abnega·</strong></span> 
     </span>
     <span class='ocr_line' id='line_1_41' title="bbox 272 3568 2686 3647; baseline -0.001 -19"><span class='ocrx_word' id='word_1_417' title='bbox 272 3570 351 3629; x_wconf 91' lang='lat' dir='ltr'><strong>tio</strong></span> <span class='ocrx_word' id='word_1_418' title='bbox 381 3570 471 3628; x_wconf 89' lang='lat' dir='ltr'><strong>sui</strong></span> <span class='ocrx_word' id='word_1_419' title='bbox 498 3570 696 3647; x_wconf 74' lang='lat' dir='ltr'><strong>ipsine,</strong></span> <span class='ocrx_word' id='word_1_420' title='bbox 728 3578 787 3628; x_wconf 91' lang='lat' dir='ltr'><strong>et</strong></span> <span class='ocrx_word' id='word_1_421' title='bbox 814 3590 975 3630; x_wconf 88' lang='lat' dir='ltr'><strong>amor</strong></span> <span class='ocrx_word' id='word_1_422' title='bbox 1004 3571 1115 3628; x_wconf 89' lang='lat' dir='ltr'><strong>Dei</strong></span> <span class='ocrx_word' id='word_1_423' title='bbox 1144 3590 1317 3647; x_wconf 83' lang='lat' dir='ltr'><strong>supra</strong></span> <span class='ocrx_word' id='word_1_424' title='bbox 1343 3569 1552 3641; x_wconf 89' lang='lat' dir='ltr'><strong>omnia,</strong></span> <span class='ocrx_word' id='word_1_425' title='bbox 1583 3577 1643 3628; x_wconf 90' lang='lat' dir='ltr'><strong>et</strong></span> <span class='ocrx_word' id='word_1_426' title='bbox 1671 3570 1797 3628; x_wconf 91' lang='lat' dir='ltr'><strong>sim.</strong></span> <span class='ocrx_word' id='word_1_427' title='bbox 1883 3570 2027 3628; x_wconf 90' lang='lat' dir='ltr'><strong>Cum</strong></span> <span class='ocrx_word' id='word_1_428' title='bbox 2076 3569 2230 3628; x_wconf 91' lang='lat' dir='ltr'><strong>enim</strong></span> <span class='ocrx_word' id='word_1_429' title='bbox 2258 3570 2404 3628; x_wconf 93' lang='lat' dir='ltr'><strong>tales</strong></span> <span class='ocrx_word' id='word_1_430' title='bbox 2448 3568 2686 3627; x_wconf 87' lang='lat' dir='ltr'><strong>effectus</strong></span> 
     </span>
     <span class='ocr_line' id='line_1_42' title="bbox 274 3649 2683 3727; baseline -0.001 -20"><span class='ocrx_word' id='word_1_431' title='bbox 274 3670 386 3707; x_wconf 91' lang='lat' dir='ltr'><strong>non</strong></span> <span class='ocrx_word' id='word_1_432' title='bbox 416 3650 638 3727; x_wconf 86' lang='lat' dir='ltr'><strong>possint</strong></span> <span class='ocrx_word' id='word_1_433' title='bbox 664 3650 906 3727; x_wconf 90' lang='lat' dir='ltr'><strong>produci</strong></span> <span class='ocrx_word' id='word_1_434' title='bbox 933 3671 968 3709; x_wconf 91' lang='lat' dir='ltr'><strong>a</strong></span> <span class='ocrx_word' id='word_1_435' title='bbox 995 3670 1181 3723; x_wconf 89' lang='lat' dir='ltr'><strong>carne,</strong></span> <span class='ocrx_word' id='word_1_436' title='bbox 1214 3650 1319 3708; x_wconf 88' lang='lat' dir='ltr'><strong>sed</strong></span> <span class='ocrx_word' id='word_1_437' title='bbox 1345 3669 1380 3707; x_wconf 90' lang='lat' dir='ltr'><strong>a</strong></span> <span class='ocrx_word' id='word_1_438' title='bbox 1412 3649 1649 3725; x_wconf 88' lang='lat' dir='ltr'><strong>Spiritu,</strong></span> <span class='ocrx_word' id='word_1_439' title='bbox 1682 3669 1757 3708; x_wconf 82' lang='lat' dir='ltr'><strong>ex</strong></span> <span class='ocrx_word' id='word_1_440' title='bbox 1785 3669 1855 3708; x_wconf 91' lang='lat' dir='ltr'><strong>eo</strong></span> <span class='ocrx_word' id='word_1_441' title='bbox 1899 3658 2162 3708; x_wconf 79' lang='lat' dir='ltr'><strong>constare</strong></span> <span class='ocrx_word' id='word_1_442' title='bbox 2184 3657 2374 3726; x_wconf 91' lang='lat' dir='ltr'><strong>potest</strong></span> <span class='ocrx_word' id='word_1_443' title='bbox 2402 3668 2551 3721; x_wconf 90' lang='lat' dir='ltr'><strong>eum,</strong></span> <span class='ocrx_word' id='word_1_444' title='bbox 2583 3649 2683 3723; x_wconf 89' lang='lat' dir='ltr'><strong>qui</strong></span> 
     </span>
     <span class='ocr_line' id='line_1_43' title="bbox 275 3727 2682 3806; baseline -0.002 -19"><span class='ocrx_word' id='word_1_445' title='bbox 275 3749 370 3787; x_wconf 90' lang='lat' dir='ltr'><strong>eos</strong></span> <span class='ocrx_word' id='word_1_446' title='bbox 398 3729 459 3786; x_wconf 91' lang='lat' dir='ltr'><strong>in</strong></span> <span class='ocrx_word' id='word_1_447' title='bbox 487 3748 549 3787; x_wconf 91' lang='lat' dir='ltr'><strong>se</strong></span> <span class='ocrx_word' id='word_1_448' title='bbox 579 3729 971 3806; x_wconf 89' lang='lat' dir='ltr'><strong>deprehendit,</strong></span> <span class='ocrx_word' id='word_1_449' title='bbox 1003 3749 1129 3789; x_wconf 87' lang='lat' dir='ltr'><strong>esse</strong></span> <span class='ocrx_word' id='word_1_450' title='bbox 1157 3731 1217 3787; x_wconf 89' lang='lat' dir='ltr'><strong>in</strong></span> <span class='ocrx_word' id='word_1_451' title='bbox 1246 3737 1402 3788; x_wconf 89' lang='lat' dir='ltr'><strong>statu</strong></span> <span class='ocrx_word' id='word_1_452' title='bbox 1430 3730 1650 3806; x_wconf 73' lang='lat' dir='ltr'><strong>gratiae.</strong></span> <span class='ocrx_word' id='word_1_453' title='bbox 1694 3733 1750 3787; x_wconf 87' lang='lat'><strong>4.</strong></span> <span class='ocrx_word' id='word_1_454' title='bbox 1796 3729 1945 3803; x_wconf 85' lang='lat' dir='ltr'><strong>Quia</strong></span> <span class='ocrx_word' id='word_1_455' title='bbox 1973 3748 2110 3787; x_wconf 90' lang='lat' dir='ltr'><strong>vero</strong></span> <span class='ocrx_word' id='word_1_456' title='bbox 2159 3727 2396 3786; x_wconf 86' lang='lat' dir='ltr'><strong>effectus</strong></span> <span class='ocrx_word' id='word_1_457' title='bbox 2439 3727 2538 3784; x_wconf 90' lang='lat' dir='ltr'><strong>isti</strong></span> <span class='ocrx_word' id='word_1_458' title='bbox 2566 3746 2682 3783; x_wconf 88' lang='lat' dir='ltr'><strong>non</strong></span> 
     </span>
     <span class='ocr_line' id='line_1_44' title="bbox 275 3804 2683 3885; baseline -0.002 -19"><span class='ocrx_word' id='word_1_459' title='bbox 275 3807 549 3883; x_wconf 78' lang='lat' dir='ltr'><strong>aequalem</strong></span> <span class='ocrx_word' id='word_1_460' title='bbox 578 3827 804 3884; x_wconf 88' lang='lat' dir='ltr'><strong>semper</strong></span> <span class='ocrx_word' id='word_1_461' title='bbox 829 3810 1045 3867; x_wconf 90' lang='lat' dir='ltr'><strong>habent</strong></span> <span class='ocrx_word' id='word_1_462' title='bbox 1071 3809 1437 3885; x_wconf 89' lang='lat' dir='ltr'><strong>perfectionis</strong></span> <span class='ocrx_word' id='word_1_463' title='bbox 1481 3808 1743 3884; x_wconf 84' lang='lat' dir='ltr'><strong>gradum,</strong></span> <span class='ocrx_word' id='word_1_464' title='bbox 1796 3807 1899 3865; x_wconf 89' lang='lat' dir='ltr'><strong>sed</strong></span> <span class='ocrx_word' id='word_1_465' title='bbox 1946 3806 2120 3865; x_wconf 90' lang='lat' dir='ltr'><strong>modo</strong></span> <span class='ocrx_word' id='word_1_466' title='bbox 2163 3808 2460 3882; x_wconf 88' lang='lat' dir='ltr'><strong>majorem,</strong></span> <span class='ocrx_word' id='word_1_467' title='bbox 2509 3804 2683 3862; x_wconf 87' lang='lat' dir='ltr'><strong>modo</strong></span> 
     </span>
     <span class='ocr_line' id='line_1_45' title="bbox 275 3883 2680 3963; baseline -0.001 -20"><span class='ocrx_word' id='word_1_468' title='bbox 275 3887 566 3959; x_wconf 91' lang='lat' dir='ltr'><strong>minorem,</strong></span> <span class='ocrx_word' id='word_1_469' title='bbox 592 3896 762 3963; x_wconf 91' lang='lat' dir='ltr'><strong>prout</strong></span> <span class='ocrx_word' id='word_1_470' title='bbox 781 3887 969 3944; x_wconf 88' lang='lat' dir='ltr'><strong>fidelis</strong></span> <span class='ocrx_word' id='word_1_471' title='bbox 996 3888 1091 3945; x_wconf 88' lang='lat' dir='ltr'><strong>vel</strong></span> <span class='ocrx_word' id='word_1_472' title='bbox 1114 3887 1303 3945; x_wconf 89' lang='lat' dir='ltr'><strong>adhuc</strong></span> <span class='ocrx_word' id='word_1_473' title='bbox 1331 3887 1499 3946; x_wconf 90' lang='lat' dir='ltr'><strong>estin</strong></span> <span class='ocrx_word' id='word_1_474' title='bbox 1530 3887 1694 3944; x_wconf 88' lang='lat' dir='ltr'><strong>initio</strong></span> <span class='ocrx_word' id='word_1_475' title='bbox 1722 3885 2060 3958; x_wconf 80' lang='lat' dir='ltr'><strong>vocationis,</strong></span> <span class='ocrx_word' id='word_1_476' title='bbox 2088 3885 2179 3942; x_wconf 91' lang='lat' dir='ltr'><strong>vel</strong></span> <span class='ocrx_word' id='word_1_477' title='bbox 2200 3883 2477 3960; x_wconf 85' lang='lat' dir='ltr'><strong>gravibus</strong></span> <span class='ocrx_word' id='word_1_478' title='bbox 2496 3890 2680 3941; x_wconf 88' lang='lat' dir='ltr'><strong>tenta-</strong></span> 
     </span>
     <span class='ocr_line' id='line_1_46' title="bbox 273 3961 2680 4041; baseline -0.002 -17"><span class='ocrx_word' id='word_1_479' title='bbox 273 3965 523 4024; x_wconf 89' lang='lat' dir='ltr'><strong>tionibus</strong></span> <span class='ocrx_word' id='word_1_480' title='bbox 551 3966 874 4041; x_wconf 85' lang='lat' dir='ltr'><strong>exponitur,</strong></span> <span class='ocrx_word' id='word_1_481' title='bbox 911 3965 1054 4022; x_wconf 90' lang='lat' dir='ltr'><strong>Inde</strong></span> <span class='ocrx_word' id='word_1_482' title='bbox 1100 3965 1243 4039; x_wconf 91' lang='lat' dir='ltr'><strong>fieri,</strong></span> <span class='ocrx_word' id='word_1_483' title='bbox 1287 3975 1353 4024; x_wconf 90' lang='lat' dir='ltr'><strong>ut</strong></span> <span class='ocrx_word' id='word_1_484' title='bbox 1395 3975 1560 4024; x_wconf 89' lang='lat' dir='ltr'><strong>actus</strong></span> <span class='ocrx_word' id='word_1_485' title='bbox 1604 3966 1772 4023; x_wconf 89' lang='lat' dir='ltr'><strong>istius</strong></span> <span class='ocrx_word' id='word_1_486' title='bbox 1820 3963 2224 4039; x_wconf 88' lang='lat' dir='ltr'><strong>persuasionis,</strong></span> <span class='ocrx_word' id='word_1_487' title='bbox 2274 3981 2391 4019; x_wconf 92' lang='lat' dir='ltr'><strong>non</strong></span> <span class='ocrx_word' id='word_1_488' title='bbox 2435 3961 2680 4020; x_wconf 91' lang='lat' dir='ltr'><strong>eundem</strong></span> 
     </span>
     <span class='ocr_line' id='line_1_47' title="bbox 275 4040 2679 4121; baseline -0.002 -18"><span class='ocrx_word' id='word_1_489' title='bbox 275 4064 496 4120; x_wconf 89' lang='lat' dir='ltr'><strong>semper</strong></span> <span class='ocrx_word' id='word_1_490' title='bbox 522 4044 732 4101; x_wconf 85' lang='lat' dir='ltr'><strong>habeat</strong></span> <span class='ocrx_word' id='word_1_491' title='bbox 760 4044 1120 4102; x_wconf 89' lang='lat' dir='ltr'><strong>certitudinis</strong></span> <span class='ocrx_word' id='word_1_492' title='bbox 1149 4044 1411 4121; x_wconf 86' lang='lat' dir='ltr'><strong>gradum,</strong></span> <span class='ocrx_word' id='word_1_493' title='bbox 1443 4044 1545 4102; x_wconf 91' lang='lat' dir='ltr'><strong>sed</strong></span> <span class='ocrx_word' id='word_1_494' title='bbox 1572 4043 1746 4101; x_wconf 91' lang='lat' dir='ltr'><strong>modo</strong></span> <span class='ocrx_word' id='word_1_495' title='bbox 1788 4042 2022 4116; x_wconf 88' lang='lat' dir='ltr'><strong>firmior,</strong></span> <span class='ocrx_word' id='word_1_496' title='bbox 2072 4042 2245 4099; x_wconf 89' lang='lat' dir='ltr'><strong>modo</strong></span> <span class='ocrx_word' id='word_1_497' title='bbox 2293 4040 2539 4099; x_wconf 87' lang='lat' dir='ltr'><strong>debilior</strong></span> <span class='ocrx_word' id='word_1_498' title='bbox 2586 4041 2679 4116; x_wconf 89' lang='lat' dir='ltr'><strong>sit,</strong></span> 
     </span>
     <span class='ocr_line' id='line_1_48' title="bbox 277 4120 2680 4200; baseline -0.001 -19"><span class='ocrx_word' id='word_1_499' title='bbox 277 4125 385 4183; x_wconf 91' lang='lat' dir='ltr'><strong>imo</strong></span> <span class='ocrx_word' id='word_1_500' title='bbox 414 4123 724 4200; x_wconf 88' lang='lat' dir='ltr'><strong>aliquando</strong></span> <span class='ocrx_word' id='word_1_501' title='bbox 751 4123 921 4200; x_wconf 86' lang='lat' dir='ltr'><strong>plane</strong></span> <span class='ocrx_word' id='word_1_502' title='bbox 951 4123 1212 4198; x_wconf 87' lang='lat' dir='ltr'><strong>deficiat;</strong></span> <span class='ocrx_word' id='word_1_503' title='bbox 1278 4124 1382 4183; x_wconf 92' lang='lat' dir='ltr'><strong>sed</strong></span> <span class='ocrx_word' id='word_1_504' title='bbox 1408 4124 1490 4181; x_wconf 88' lang='lat' dir='ltr'><strong>ita</strong></span> <span class='ocrx_word' id='word_1_505' title='bbox 1517 4132 1726 4196; x_wconf 85' lang='lat' dir='ltr'><strong>tamen,</strong></span> <span class='ocrx_word' id='word_1_506' title='bbox 1758 4129 1823 4179; x_wconf 93' lang='lat' dir='ltr'><strong>ut</strong></span> <span class='ocrx_word' id='word_1_507' title='bbox 1849 4120 2040 4178; x_wconf 88' lang='lat' dir='ltr'><strong>fidelis</strong></span> <span class='ocrx_word' id='word_1_508' title='bbox 2080 4141 2155 4178; x_wconf 88' lang='lat' dir='ltr'><strong>cx</strong></span> <span class='ocrx_word' id='word_1_509' title='bbox 2184 4121 2449 4198; x_wconf 85' lang='lat' dir='ltr'><strong>gravium</strong></span> <span class='ocrx_word' id='word_1_510' title='bbox 2498 4129 2680 4179; x_wconf 87' lang='lat' dir='ltr'><strong>tenta·</strong></span> 
     </span>
     <span class='ocr_line' id='line_1_49' title="bbox 276 4199 2679 4280; baseline -0.002 -17"><span class='ocrx_word' id='word_1_511' title='bbox 276 4204 491 4264; x_wconf 90' lang='lat' dir='ltr'><strong>tionum</strong></span> <span class='ocrx_word' id='word_1_512' title='bbox 519 4202 790 4262; x_wconf 87' lang='lat' dir='ltr'><strong>fluctibus</strong></span> <span class='ocrx_word' id='word_1_513' title='bbox 817 4222 1134 4280; x_wconf 87' lang='lat' dir='ltr'><strong>emergens,</strong></span> <span class='ocrx_word' id='word_1_514' title='bbox 1165 4222 1284 4261; x_wconf 89' lang='lat' dir='ltr'><strong>non</strong></span> <span class='ocrx_word' id='word_1_515' title='bbox 1323 4202 1497 4260; x_wconf 91' lang='lat' dir='ltr'><strong>modo</strong></span> <span class='ocrx_word' id='word_1_516' title='bbox 1545 4200 1804 4274; x_wconf 88' lang='lat' dir='ltr'><strong>eandem,</strong></span> <span class='ocrx_word' id='word_1_517' title='bbox 1852 4219 1981 4276; x_wconf 72' lang='lat' dir='ltr'><strong>quae</strong></span> <span class='ocrx_word' id='word_1_518' title='bbox 2024 4219 2170 4276; x_wconf 90' lang='lat' dir='ltr'><strong>pene</strong></span> <span class='ocrx_word' id='word_1_519' title='bbox 2215 4199 2493 4258; x_wconf 85' lang='lat' dir='ltr'><strong>suffocata</strong></span> <span class='ocrx_word' id='word_1_520' title='bbox 2540 4208 2679 4274; x_wconf 87' lang='lat' dir='ltr'><strong>erat,</strong></span> 
     </span>
     <span class='ocr_line' id='line_1_50' title="bbox 276 4279 2679 4357; baseline -0.001 -18"><span class='ocrx_word' id='word_1_521' title='bbox 276 4282 538 4341; x_wconf 88' lang='lat' dir='ltr'><strong>fiduciam</strong></span> <span class='ocrx_word' id='word_1_522' title='bbox 581 4292 640 4342; x_wconf 89' lang='lat' dir='ltr'><strong>et</strong></span> <span class='ocrx_word' id='word_1_523' title='bbox 669 4292 967 4357; x_wconf 58' lang='grc' dir='ltr'><strong>πληροφορίαν</strong></span> <span class='ocrx_word' id='word_1_524' title='bbox 1005 4283 1337 4357; x_wconf 83' lang='lat' dir='ltr'><strong>exsuscitet,</strong></span> <span class='ocrx_word' id='word_1_525' title='bbox 1391 4281 1495 4341; x_wconf 89' lang='lat' dir='ltr'><strong>sed</strong></span> <span class='ocrx_word' id='word_1_526' title='bbox 1537 4288 1597 4339; x_wconf 88' lang='lat' dir='ltr'><strong>et</strong></span> <span class='ocrx_word' id='word_1_527' title='bbox 1623 4280 1899 4355; x_wconf 87' lang='lat' dir='ltr'><strong>majorem</strong></span> <span class='ocrx_word' id='word_1_528' title='bbox 1945 4280 2071 4357; x_wconf 89' lang='lat' dir='ltr'><strong>ejus</strong></span> <span class='ocrx_word' id='word_1_529' title='bbox 2112 4279 2354 4355; x_wconf 84' lang='lat' dir='ltr'><strong>gradum</strong></span> <span class='ocrx_word' id='word_1_530' title='bbox 2402 4280 2679 4355; x_wconf 89' lang='lat' dir='ltr'><strong>acquirat,</strong></span> 
     </span>
     <span class='ocr_line' id='line_1_51' title="bbox 274 4358 2682 4439; baseline -0.001 -20"><span class='ocrx_word' id='word_1_531' title='bbox 274 4361 480 4420; x_wconf 84' lang='lat' dir='ltr'><strong>virtute</strong></span> <span class='ocrx_word' id='word_1_532' title='bbox 508 4362 583 4420; x_wconf 87' lang='lat' dir='ltr'><strong>ab</strong></span> <span class='ocrx_word' id='word_1_533' title='bbox 611 4382 796 4439; x_wconf 85' lang='lat' dir='ltr'><strong>agone</strong></span> <span class='ocrx_word' id='word_1_534' title='bbox 826 4364 1056 4421; x_wconf 89' lang='lat' dir='ltr'><strong>fortiore</strong></span> <span class='ocrx_word' id='word_1_535' title='bbox 1086 4370 1144 4421; x_wconf 91' lang='lat' dir='ltr'><strong>et</strong></span> <span class='ocrx_word' id='word_1_536' title='bbox 1188 4361 1586 4421; x_wconf 87' lang='lat' dir='ltr'><strong>exercitatiore</strong></span> <span class='ocrx_word' id='word_1_537' title='bbox 1635 4358 1926 4434; x_wconf 90' lang='lat' dir='ltr'><strong>redeunte,</strong></span> <span class='ocrx_word' id='word_1_538' title='bbox 1973 4368 2039 4417; x_wconf 92' lang='lat' dir='ltr'><strong>ut</strong></span> <span class='ocrx_word' id='word_1_539' title='bbox 2075 4358 2228 4416; x_wconf 89' lang='lat' dir='ltr'><strong>nube</strong></span> <span class='ocrx_word' id='word_1_540' title='bbox 2266 4359 2433 4435; x_wconf 89' lang='lat' dir='ltr'><strong>pulsa</strong></span> <span class='ocrx_word' id='word_1_541' title='bbox 2476 4359 2682 4417; x_wconf 84' lang='lat' dir='ltr'><strong>clarior</strong></span> 
     </span>
     <span class='ocr_line' id='line_1_52' title="bbox 276 4438 1765 4517; baseline -0.001 -19"><span class='ocrx_word' id='word_1_542' title='bbox 276 4439 409 4515; x_wconf 82' lang='lat' dir='ltr'><strong>dies,</strong></span> <span class='ocrx_word' id='word_1_543' title='bbox 435 4449 493 4498; x_wconf 91' lang='lat' dir='ltr'><strong>et</strong></span> <span class='ocrx_word' id='word_1_544' title='bbox 519 4450 651 4517; x_wconf 89' lang='lat' dir='ltr'><strong>post</strong></span> <span class='ocrx_word' id='word_1_545' title='bbox 677 4443 938 4502; x_wconf 89' lang='lat' dir='ltr'><strong>morbum</strong></span> <span class='ocrx_word' id='word_1_546' title='bbox 971 4442 1241 4500; x_wconf 89' lang='lat' dir='ltr'><strong>valetudo</strong></span> <span class='ocrx_word' id='word_1_547' title='bbox 1268 4441 1335 4500; x_wconf 90' lang='lat' dir='ltr'><strong>fit</strong></span> <span class='ocrx_word' id='word_1_548' title='bbox 1363 4438 1765 4499; x_wconf 86' lang='lat' dir='ltr'><strong>confirmatior.</strong></span> 
     </span>
     <span class='ocr_line' id='line_1_53' title="bbox 333 4515 2678 4676; baseline -0.003 -16"><span class='ocrx_word' id='word_1_549' title='bbox 333 4557 715 4660; x_wconf 48' lang='lat'><strong>8‘2‘23230‘*</strong></span> <span class='ocrx_word' id='word_1_550' title='bbox 796 4522 1232 4676; x_wconf 57' lang='grc' dir='ltr'><strong>Νοῖᾞῑιέἶῖἵυῖ</strong></span> <span class='ocrx_word' id='word_1_551' title='bbox 1253 4515 2061 4675; x_wconf 59' lang='grc' dir='ltr'><strong>(ἆὲῗῖῗὲἒιῖἒῗῗέἒῇἷῖΐῖὲῗῑ</strong></span> <span class='ocrx_word' id='word_1_552' title='bbox 2084 4516 2678 4673; x_wconf 53' lang='grc' dir='ltr'><strong>ἳίῗιῗῖηὲῗέἐὲζιωῗᾼ</strong></span> 
     </span>
     <span class='ocr_line' id='line_1_54' title="bbox 596 4640 2460 4671; baseline 0 0"><span class='ocrx_word' id='word_1_553' title='bbox 596 4645 608 4657; x_wconf 89' lang='grc'><em>·</em></span> <span class='ocrx_word' id='word_1_554' title='bbox 2445 4640 2460 4671; x_wconf 74' lang='lat'><strong>7</strong></span> 
     </span>
    </p>
   </div>
  </div>
 </body>
</html>
