3221 5200
273 349 518 400 Qufflsr.
552 342 644 414 11.]
1201 355 1278 396 ns
1308 357 1329 395 ,ι
1343 355 1825 397 usrmcxmoxss.
2609 341 2718 400 561

275 497 417 554 haec
447 518 551 572 per
578 517 648 555 ca
675 498 896 555 vivat.”
968 498 1058 555 De
1087 499 1291 570 altera,
1321 498 1496 554 Rom.
1522 496 1558 553 i.
1590 498 1680 567 16,
1705 497 1795 565 17,
1841 504 1875 530 ‘⁴
1900 496 2300 569 Evangelium
2329 503 2418 553 est
2445 498 2713 570 potentia

270 572 397 631 Dei
427 578 500 632 ad
533 578 788 632 salutem
819 577 981 632 omni
1010 576 1288 644 credenti,
1313 575 1457 649 quia
1485 576 1546 630 in
1577 594 1648 631 eo
1679 577 1976 631 revelatur
1995 574 2235 647 justitia
2265 573 2375 630 Dei
2400 576 2474 630 dc
2501 577 2617 632 fide
2646 577 2705 633 in

261 654 478 723 fidem,
493 662 561 711 ut
579 655 860 728 scriptum
879 663 984 724 est,
1039 656 1081 712 J
1089 662 1256 711 ustus
1271 655 1386 709 fide
1409 648 1624 709 virctss’
1672 653 1751 710 Et
1768 672 1892 726 cap.
1914 653 1993 709 iii.
2016 653 2108 722 24,
2130 653 2220 709 “J
2227 652 2500 709 ustificati
2524 656 2708 727 gratis

267 729 465 804 ipsius
484 733 681 805 gratia
708 750 812 806 per
841 734 1307 808 redemptionem
1325 731 1386 786 in
1415 731 1457 787 J
1461 749 1565 787 esu
1587 730 1882 789 Christ0.’'
1949 729 2039 787 De
2064 739 2335 804 utraque,
2362 731 2517 787 Phil.
2543 732 2624 787 iii.
2650 735 2704 802 9,

264 815 308 840 ‘⁶
337 809 428 866 Ut
443 810 712 866 inveniar
732 810 793 865 in
821 810 1071 879 Christo,
1092 812 1332 878 habens,
1356 827 1479 865 non
1502 809 1747 882 quidem
1767 809 2067 881 justitiam
2088 827 2281 865 meam
2304 827 2374 864 ex
2398 808 2576 882 Lege,
2602 815 2705 867 sed

263 904 413 943 eam
432 906 566 961 quae
585 895 672 944 est
691 906 792 960 per
809 889 986 944 fidem
1002 888 1275 956 Christi,'’
1288 896 1347 943 et
1367 886 1539 942 Rom.
1553 886 1633 943 ix.
1650 886 1744 954 30,
1765 887 1859 943 31.
1914 885 2093 944 Unde
2116 888 2339 960 duplex
2353 887 2703 960 justificatio

263 965 429 1034 fluit,
459 966 580 1022 alia
607 967 851 1038 quidem
878 965 936 1020 in
971 967 1213 1023 Foedere
1243 964 1453 1037 Legali
1483 982 1587 1037 per
1605 963 1908 1037 justitiam
1938 965 2239 1038 propriam
2260 965 2440 1037 juxta
2467 967 2702 1022 clausu-

264 1043 418 1112 lam,
450 1044 577 1099 Fac
603 1045 704 1100 hoc
733 1053 788 1100 et
815 1044 978 1111 vives,
1011 1044 1131 1101 alia
1157 1061 1297 1099 vero
1330 1043 1388 1097 in
1421 1041 1668 1097 Foedere
1700 1041 1943 1111 Gratiae,
1973 1061 2078 1116 per
2113 1042 2413 1115 justitiam
2442 1043 2699 1102 alienam

267 1120 500 1177 Christi
544 1123 716 1178 nobis
756 1123 1132 1194 imputatam,
1178 1132 1238 1177 et
1281 1138 1385 1194 per
1425 1121 1601 1175 fidem
1653 1122 2087 1192 apprehensam
2126 1120 2308 1192 juxta
2348 1121 2698 1192 clausulam,

267 1197 469 1255 Crede
498 1211 551 1256 et
577 1200 906 1256 servaberis.
994 1200 1266 1273 Utraque
1311 1198 1631 1272 perfectam
1659 1197 1955 1269 justitiam
1986 1198 2269 1270 postulat,
2300 1200 2404 1253 sed
2434 1198 2539 1254 illa
2568 1201 2700 1274 qui-

262 1277 412 1332 dem
440 1278 500 1333 in
523 1279 765 1334 homine
788 1278 915 1350 ipso
934 1278 1323 1351 justificando
1346 1295 1479 1332 eam
1500 1274 1766 1348 requirit,
1792 1275 1904 1332 ista
1926 1293 2065 1331 vero
2086 1275 2384 1349 justitiam
2416 1276 2697 1335 vicariam

267 1353 591 1428 Sponsoris
619 1356 897 1414 admittit.
985 1356 1107 1412 Illa
1133 1355 1329 1430 potuit
1355 1355 1556 1410 locum
1584 1354 1801 1409 habere
1842 1353 1906 1409 in
1934 1361 2094 1410 statu
2135 1352 2387 1426 integi-0,
2417 1353 2464 1410 si
2495 1355 2699 1413 Adam

261 1432 333 1488 in
364 1433 613 1491 innocen
625 1435 705 1492 tia
735 1434 1100 1507 perstitisset.
1187 1434 1304 1491 Sed
1334 1431 1478 1506 quia
1503 1438 1639 1504 post
1681 1439 1989 1505 peccatum
2018 1431 2177 1487 facta
2203 1439 2291 1488 est
2318 1431 2697 1506 impossibilis

261 1510 521 1645 Ιὲοῐιιίιιί,
551 1515 628 1570 ad
678 1514 945 1583 alteram,
975 1520 1122 1586 puta
1153 1509 1600 1584 Evangelicam,
1651 1509 2121 1584 confugiendum
2150 1517 2255 1579 est,
2285 1528 2419 1584 quae
2454 1510 2697 1583 justitia

323 1588 495 1646 bristi
522 1591 752 1649 nititur.

349 1664 481 1724 III.
529 1668 666 1726 Hoc
714 1671 926 1743 positO,
971 1669 1114 1727 Non
1165 1669 1454 1744 quaeritur
1501 1668 1576 1724 de
1626 1666 1670 1723 J
1676 1667 2065 1726 ustificatione
2112 1666 2355 1739 Legali;
2409 1666 2694 1724 Fatemur

257 1742 429 1800 enim
456 1746 517 1802 in
547 1765 619 1804 ea
645 1749 937 1822 justitiam
967 1749 1353 1804 inhaerentem
1377 1765 1500 1802 esse
1522 1764 1764 1802 causam
1786 1746 1917 1818 ejus
1945 1744 2343 1810 meritoriam;
2387 1762 2495 1799 nec
2522 1763 2690 1818 posse

258 1820 438 1879 illam
481 1825 595 1881 nisi
639 1843 743 1900 per
786 1826 1107 1899 perfectam
1154 1824 1415 1880 hominis
1446 1822 1846 1879 obedientiam
1869 1821 2142 1878 obtineri.
2227 1820 2343 1878 Sed
2374 1821 2518 1894 quia
2552 1823 2685 1896 jam

260 1898 429 1973 Lege
457 1902 691 1960 infirma
718 1901 876 1960 facta
917 1921 1023 1976 per
1050 1909 1376 1976 peccatum,
1419 1901 1546 1956 haec
1584 1899 1950 1972 justificandi
1992 1899 2145 1955 ratio
2188 1909 2275 1955 est
2315 1908 2362 1953 i»
2405 1908 2490 1952 «νῦν
2531 1909 2688 1957 ἀδυνά·

259 2005 365 2044 vm,
392 1980 593 2054 agitur
622 1983 696 2036 de
726 1979 1104 2053 Evangelica,
1129 1998 1262 2053 quae
1292 1979 1350 2034 in
1385 1977 1627 2034 Foedere
1659 1977 1879 2037 Gratiae
1907 1977 2077 2034 nobis
2107 1977 2478 2051 proponitur,
2503 1998 2685 2053 quam

257 2056 324 2111 in
354 2057 398 2112 J
403 2058 606 2114 ustitia
634 2058 954 2115 inhaerente
982 2057 1225 2114 fundari
1254 2074 1562 2128 negamuS.

345 2134 462 2191 IV.
508 2135 569 2191 N
576 2154 651 2191 on
695 2136 1002 2209 quaeritur,
1034 2136 1136 2192 An
1175 2135 1413 2208 justitia
1455 2133 1750 2192 inhaerens
1797 2155 1903 2210 per
1947 2133 2164 2193 Christi
2206 2135 2463 2208 gratiam
2511 2137 2684 2196 nobis

253 2210 632 2282 infundatur,
663 2214 835 2286 cujus
862 2214 1200 2270 interventu
1229 2214 1402 2269 fimus
1444 2213 1756 2287 participes
1796 2221 2029 2270 naturae
2059 2212 2297 2282 divinae,
2329 2214 2367 2269 2
2396 2213 2521 2271 Pet.
2552 2215 2589 2272 i.
2621 2217 2678 2285 4,

253 2295 319 2345 et
347 2309 549 2346 veram
576 2310 644 2347 ac
672 2293 891 2348 realem
920 2292 1294 2348 sanctitatem
1323 2290 1452 2346 Deo
1481 2297 1716 2362 gratam
1744 2298 1803 2347 et
1833 2299 2134 2365 acceptam
2174 2291 2527 2361 obtinemus,
2559 2313 2683 2367 qua

247 2367 399 2440 justi
427 2375 486 2424 et
514 2369 701 2426 sancti
731 2370 880 2427 benc
903 2369 1379 2426 denominamur.
1455 2367 1760 2443 Quicquid
1782 2370 1939 2426 enim
1966 2369 2315 2425 Adversarii
2332 2388 2437 2444 per
2458 2373 2682 2428 calum-

254 2446 423 2502 niam
491 2446 856 2504 Orthodoxis
921 2448 1224 2522 affingant,
1271 2465 1380 2504 nos
1441 2446 1663 2505 scilicet
1706 2448 1927 2505 nullam
1975 2447 2267 2523 justitiam
2309 2450 2679 2507 inhaerentem

255 2525 582 2596 admittere,
608 2533 676 2582 ut
699 2525 978 2583 Bellarm.
1003 2526 1105 2582 lib.
1131 2525 1189 2583 ii.
1215 2527 1288 2582 de
1311 2524 1352 2582 J
1358 2524 1535 2582 ustifi.
1560 2545 1686 2600 cap.
1715 2527 1769 2596 1,
1793 2535 1852 2584 et
1873 2526 1976 2583 alii
1998 2536 2133 2600 post
2150 2527 2347 2603 ipsum
2371 2548 2385 2598 ;
2433 2528 2678 2586 Certum

250 2610 345 2660 est
366 2605 803 2679 putidissimam
822 2625 945 2663 esse
964 2606 1344 2676 calumniam,
1369 2625 1502 2680 quae
1526 2623 1599 2661 ex
1622 2605 1989 2663 Nostrorum
2015 2606 2257 2681 Scriptis
2275 2607 2398 2664 sive
2420 2608 2676 2681 publicis

251 2681 378 2739 sive
407 2684 652 2758 privatis
692 2685 830 2742 falsi
872 2684 1260 2753 convincitur,
1290 2684 1353 2740 in
1399 2683 1617 2758 quibus
1661 2685 1881 2759 passim
1925 2692 1984 2741 et
2027 2685 2332 2742 communi
2381 2703 2672 2742 consensu

251 2761 469 2819 docent
497 2763 779 2821 beneficia
805 2764 846 2821 J
851 2763 1265 2821 ustificationis
1286 2770 1345 2820 et
1367 2762 1860 2820 Sanctificationis
1888 2763 1973 2820 ita
1999 2762 2153 2820 inter
2174 2782 2233 2820 se
2255 2781 2523 2821 connexa
2550 2782 2674 2821 esse

253 2837 653 2899 indissolubili
683 2842 943 2912 vinculo,
973 2848 1042 2898 ut
1070 2842 1368 2898 neminem
1399 2841 1563 2897 Deus
1582 2841 1890 2915 justificet,
1908 2841 2054 2917 quin
2084 2842 2305 2915 pariter
2332 2842 2670 2911 sanctificet,

251 2923 311 2972 et
329 2918 568 2990 justitia
595 2920 918 2977 inhaerente
946 2920 1129 2975 donet
1154 2937 1260 2994 per
1287 2920 1429 2975 novi
1473 2919 1732 2975 hominis
1782 2920 2141 2977 creationem
2168 2920 2229 2975 in
2260 2938 2400 2976 vera
2433 2921 2674 2993 justitia

251 3000 310 3050 et
338 2996 663 3052 sanctitate.
749 2998 863 3054 Sed
894 2996 1201 3070 quaeritur,
1233 2997 1336 3052 An
1353 2996 1597 3068 justitia
1624 2997 1733 3052 illa
1759 2997 2077 3065 inhaerens,
2102 2997 2297 3069 qualis
2325 3005 2413 3053 est
2439 2998 2499 3052 in
2524 2997 2671 3055 Via-

252 3072 495 3141 toribuS,
515 3073 887 3146 ingrediatur
905 3073 1394 3146 justificationem
1423 3080 1706 3143 nostram,
1725 3075 1822 3129 vel
1850 3080 1920 3129 ut
1940 3091 2121 3129 causa
2141 3073 2288 3145 ejus,
2311 3075 2408 3129 vel
2428 3083 2495 3129 ut
2514 3093 2667 3147 parS,

251 3149 412 3206 itaut
430 3151 753 3208 constituat
769 3158 999 3226 partem
1018 3150 1284 3224 aliquam
1294 3149 1737 3222 justificationis
1755 3157 1991 3219 nostrae,
2004 3156 2063 3205 et
2081 3149 2158 3206 sit
2174 3168 2354 3206 causa
2369 3151 2670 3209 meritoria

250 3234 308 3284 et
332 3227 794 3286 fundamentum
824 3229 1131 3285 sententiae
1159 3235 1374 3284 nostrae
1404 3226 1785 3284 absolutoriae
1816 3228 1877 3283 in
1910 3226 2143 3301 judicio
2175 3226 2321 3297 Dei;
2368 3227 2662 3286 Pontificii

248 3306 420 3375 enim,
452 3313 520 3363 ut
540 3307 1021 3379 justificationem
1050 3306 1286 3362 duabus
1314 3305 1582 3380 partibus
1612 3312 1880 3361 constare
1908 3306 2289 3379 pertendunt,
2320 3307 2662 3365 remissione

247 3391 634 3457 peccatorum,
666 3394 725 3442 et
769 3386 1003 3442 interna
1050 3383 1234 3441 animi
1279 3382 1662 3440 renovatione
1686 3404 1700 3451 ;
1748 3383 1846 3441 Ita
1892 3390 2163 3441 asserunt
2210 3402 2448 3441 causam
2492 3385 2661 3444 illam

248 3469 481 3536 propter
509 3482 690 3537 quam
720 3464 884 3520 Deus
913 3482 1021 3519 nos
1055 3461 1342 3536 justificat
1368 3480 1492 3518 esse
1524 3462 1824 3535 justitiam
1868 3462 1998 3533 Dei,
2039 3480 2191 3537 quae,
2235 3462 2406 3519 nobis
2441 3463 2658 3535 infusa,

245 3539 469 3597 interne
486 3545 681 3616 justos
710 3561 819 3600 nos
845 3541 1167 3600 constituit.
1240 3539 1407 3597 Licet
1428 3539 1587 3596 enim
1607 3559 1730 3597 non
1751 3541 2069 3598 videantur
2089 3541 2402 3598 excludere
2425 3544 2662 3616 penitus

240 3617 534 3692 justitiam
568 3619 801 3691 Christi,
832 3626 1127 3696 quatenus
1156 3619 1370 3675 volunt
1399 3626 1467 3675 ut
1510 3637 1617 3692 per
1660 3636 1791 3675 eam
1836 3619 2135 3689 meruerit,
2166 3626 2235 3676 ut
2280 3619 2444 3677 Deus
2489 3624 2661 3679 nobis

247 3715 346 3770 per
390 3698 676 3772 Spiritum
730 3700 1015 3757 Sanctum
1052 3697 1352 3773 justitiam
1397 3697 1694 3755 internam
1724 3698 2203 3767 communicaret,
2234 3706 2414 3773 atque
2459 3699 2543 3755 ita
2581 3702 2659 3756 sit

248 3776 500 3832 conditio
529 3795 720 3833 causae
762 3777 1048 3847 formalis,
1078 3777 1140 3833 id
1171 3782 1276 3846 est,
1313 3775 1562 3849 justitiae
1589 3776 1947 3847 inhaerentiS,
1978 3783 2047 3832 ut
2073 3794 2144 3832 ea
2171 3776 2382 3832 donari
2427 3777 2657 3833 homini

247 3853 457 3925 possit3
502 3860 778 3911 statuunt
805 3864 1004 3912 tamen
1032 3872 1069 3910 a
1102 3854 1344 3927 justitia
1370 3855 1699 3911 inhaerente
1742 3855 1998 3928 pendere
2033 3853 2138 3925 jus
2179 3852 2420 3927 petendi
2448 3854 2653 3929 vitam,

250 3936 304 3985 et
328 3936 569 4004 propter
595 3948 728 3987 eam
759 3932 957 3988 Deum
986 3949 1094 3987 nos
1113 3931 1457 4004 justificare.

324 4007 397 4064 V.
445 4006 616 4064 Patet
641 4027 716 4064 ex
740 4009 1007 4068 Concilio
1037 4008 1405 4081 TridentinO,
1457 4011 1609 4070 Sess,
1640 4012 1694 4068 6.
1726 4029 1850 4085 cap.
1881 4011 1938 4078 4,
1996 4009 2099 4065 ubi
2129 4009 2521 4085 “justificatio
2543 4010 2653 4066 im-

247 4085 322 4160 pii
349 4085 565 4142 dicitur
594 4105 717 4143 esse
758 4086 1067 4144 translatio
1096 4087 1172 4143 ab
1213 4104 1284 4143 eo
1315 4095 1493 4159 statu,
1536 4091 1599 4146 in
1629 4108 1749 4163 quo
1776 4089 1958 4144 homo
1986 4088 2249 4145 nascitur
2291 4089 2450 4145 filius
2476 4088 2652 4165 primi

252 4165 412 4234 Adae,
443 4165 506 4221 in
533 4172 756 4222 statum
783 4164 988 4240 gratiae
1008 4173 1067 4222 et
1088 4166 1423 4239 adoptionis
1439 4168 1701 4224 filiorum
1723 4166 1836 4222 Dei
1864 4183 1968 4241 per
1986 4167 2312 4225 secundum
2343 4168 2651 4226 Adamum

250 4241 288 4299 J
291 4262 448 4300 esum
496 4243 798 4301 Christum
845 4242 1217 4300 Salvatorem
1261 4252 1549 4301 nostrum.
1650 4243 1802 4310 Quae
1848 4244 2091 4318 quidem
2138 4244 2466 4318 translatiO,
2515 4254 2651 4319 post

252 4318 636 4395 Evangelium
664 4321 1131 4397 promulgatum,
1151 4321 1275 4379 sine
1293 4323 1531 4380 lavacro
1552 4323 2034 4396 regenerationiS,
2059 4329 2168 4379 aut
2187 4322 2317 4398 ejus
2338 4332 2498 4392 voto,
2522 4322 2648 4379 fieri

250 4414 359 4453 non
405 4402 656 4471 potest,''
701 4404 801 4458 διο.
875 4400 955 4457 Et
983 4418 1108 4473 cap.
1150 4400 1224 4463 7:
1270 4407 1304 4434 “
1329 4399 1506 4458 Hanc
1548 4400 2000 4475 dispositionem
2029 4419 2133 4457 seu
2159 4402 2651 4479 praeparationem

245 4474 573 4549 iustificatio
601 4479 729 4553 ipsa
756 4478 1152 4553 consequitur,
1183 4498 1318 4553 quae
1348 4497 1469 4535 non
1499 4486 1587 4535 est
1631 4480 1760 4536 sola
1800 4485 2179 4554 peccatorum
2219 4479 2502 4548 remissio,
2546 4482 2650 4536 sed

252 4560 306 4608 et
329 4554 726 4626 sanctificatio,
768 4566 828 4615 et
868 4557 1176 4614 renovatio
1206 4557 1500 4614 interioris
1541 4557 1802 4615 hominis
1841 4576 1946 4633 per
1973 4558 2377 4615 voluntariam
2418 4576 2651 4633 suscep-

253 4631 458 4688 tionem
485 4633 695 4705 gratiae
718 4643 779 4692 et
805 4638 1124 4707 donorum,
1149 4637 1308 4693 unde
1336 4637 1519 4693 homo
1541 4655 1616 4693 ex
1644 4635 1868 4711 injusto
1889 4637 1956 4694 fit
1973 4636 2195 4711 justus,
2226 4644 2285 4694 et
2311 4655 2385 4693 ex
2414 4636 2653 4698 inimico

477 4728 624 4767 mas
655 4728 721 4769 11.
2387 4718 2425 4778 2
2452 4734 2493 4777 N
