3221 5200
476 333 592 391 228
1378 348 1560 392 Locus
1590 351 1991 395 nuonscmus.
2528 329 2784 411 [QuAEsr.
2819 347 2900 389 xr.

486 491 753 569 symbolo
801 490 1016 569 passim
1065 491 1455 567 adumbratur,
1488 492 1733 552 allusive
1761 492 1836 552 ad
1864 494 2038 553 ritum
2069 493 2349 553 Veterum
2379 492 2439 550 in
2468 489 2757 550 conviviis
2782 488 2899 549 usi-

483 581 685 647 tatum,
716 571 779 630 in
805 571 1017 649 quibus
1066 572 1330 631 solebant
1356 572 1437 629 ita
1484 572 1840 649 accumbere,
1871 582 1937 633 ut
1985 574 2130 632 alter
2157 573 2218 631 in
2247 571 2483 632 alterius
2511 570 2699 630 sinum
2729 578 2903 646 caput

481 651 803 727 reclinaret,
834 651 991 729 quod
1013 651 1084 711 de
1112 652 1155 710 J
1159 652 1384 709 ohanne
1412 651 1624 710 dicitur
1650 653 1692 712 J
1697 653 1791 712 oh.
1822 652 1945 711 xiii.
1976 657 2072 728 23,
2096 652 2234 731 quia
2263 652 2528 712 Christus
2555 648 2902 708 accumbens

479 731 540 788 in
586 730 865 810 superiori
907 739 1070 809 parte
1097 732 1234 790 lecti
1260 729 1465 791 habuit
1504 732 1546 791 J
1550 733 1835 791 ohannem
1884 733 2230 810 proximum,
2260 731 2363 810 qui
2405 729 2646 809 proinde
2693 728 2907 787 dicitur

480 811 814 871 recubuisse
858 810 919 868 in
967 811 1097 890 ejus
1145 811 1294 871 sinu.
1379 811 1474 870 Ita
1519 812 1667 871 nihil
1704 813 2020 890 proclivius
2056 821 2163 888 est,
2213 832 2388 890 quam
2428 818 2496 871 ut
2541 809 2768 868 dicatur
2808 807 2904 866 hic

484 891 767 984 Lanarum
816 890 995 950 fuisse
1044 890 1398 985 A,brah00¹1‚10‚
1429 891 1586 985 quod
1626 892 1680 987 ..J
1682 893 1939 952 ohannes
1989 893 2242 986 Domino
2270 891 2396 967 fuit,
2426 891 2487 949 in
2516 888 2739 949 coelesti
2767 906 2903 982 con·

481 971 2070 1127 '333‘essssfficssffifflssffl‘ffiuffl'zsspffl{3³22
2096 971 2518 1112 ἔίῗὸέἒῑξιρὲῗὲ
2540 975 2908 1108 νῗέἕῗὲἓῗ

483 1129 848 1189 accubitui-os
866 1149 998 1188 cum
1027 1129 1379 1207 Abrahamo,
1412 1131 1634 1207 Isaaco,
1679 1139 1739 1191 et
1757 1132 1986 1192 Jacobo
2013 1132 2075 1190 in
2103 1151 2282 1209 regno
2305 1129 2639 1205 coelorum,”
2662 1127 2743 1187 id.
2772 1148 2904 1188 cum

482 1211 611 1287 ipso
640 1208 973 1268 coelestibus
1017 1209 1203 1286 epulis
1250 1209 1543 1270 fruituros.
1602 1215 1640 1247 ‘⁶
1659 1211 2021 1272 Accumbere
2050 1232 2182 1271 cum
2212 1209 2607 1286 Abrahamo,”
2632 1218 2692 1269 et
2721 1210 2758 1242 “
2776 1227 2904 1268 esse

481 1290 543 1347 in
572 1288 703 1348 sinu
744 1288 1124 1365 Abrahami,''
1166 1289 1321 1348 idem
1363 1299 1515 1366 sunt,
1558 1292 1673 1350 nisi
1701 1292 1855 1368 quod
1885 1293 1945 1350 in
1973 1292 2104 1352 sinu
2132 1311 2258 1351 esse
2299 1288 2538 1369 majoris
2577 1287 2790 1347 amoris
2817 1296 2909 1347 est

482 1368 776 1443 indicium,
829 1368 967 1445 quia
1013 1389 1128 1428 non
1173 1388 1373 1429 omnes
1419 1372 1480 1430 in
1525 1372 1656 1431 sinu
1697 1371 2130 1449 accumbebant,
2181 1381 2247 1431 ut
2288 1371 2437 1430 bene
2480 1369 2708 1428 notavit
2755 1367 2908 1426 Mal·

484 1448 734 1508 donatus
754 1448 815 1507 in
842 1449 900 1507 h.
932 1449 972 1508 l.
1017 1447 1336 1508 Abrahami
1365 1458 1557 1511 autem
1586 1451 1804 1511 mentio
1831 1452 1898 1512 fit
1924 1452 2134 1529 potius,
2165 1471 2339 1529 quam
2366 1451 2411 1510 J
2413 1448 2597 1524 acobi,
2628 1455 2729 1508 aut
2756 1447 2907 1508 alius

485 1527 788 1607 cujusdam
818 1528 1011 1605 beati;
1055 1537 1179 1588 tum
1212 1529 1352 1607 quia
1400 1532 1575 1590 Pater
1618 1531 1974 1591 credentium
2019 1531 2146 1608 fuit,
2183 1532 2351 1609 cujus
2378 1529 2440 1588 in
2468 1529 2676 1604 sinum,
2706 1527 2770 1586 id
2796 1535 2903 1602 est,

485 1607 893 1668 suavissimum
943 1610 1310 1686 complexum
1354 1611 1724 1688 colliguntur,
1755 1611 1854 1689 qui
1884 1611 2144 1690 ejusdem
2173 1630 2305 1671 cum
2354 1629 2424 1669 eo
2470 1608 2608 1668 fidei
2656 1608 2905 1667 fructum

483 1688 824 1766 percipiunt,
855 1687 1006 1748 sicut
1032 1688 1138 1747 filii
1184 1691 1539 1751 conveniunt
1585 1691 1648 1749 in
1696 1691 1885 1752 sinum
1936 1691 2142 1766 Patris,
2167 1710 2366 1768 ·quum
2395 1689 2469 1749 ab
2496 1688 2625 1765 ipso
2653 1686 2911 1747 suaviter

484 1768 891 1846 excipiuntur;
935 1776 1059 1828 tum
1097 1770 1272 1829 etiam
1313 1780 1547 1849 propter
1584 1771 2056 1849 hospitalitatem,
2097 1771 2267 1849 cujus
2294 1769 2405 1829 fuit
2445 1767 2908 1849 studiosissimffi

482 1848 545 1906 in
592 1847 731 1924 vita,
778 1856 845 1908 ut
887 1848 1330 1926 inhospitalitati
1372 1850 1572 1911 divitis
1622 1851 1906 1929 Epulonis
1951 1859 2273 1930 opponatur
2316 1869 2392 1910 ex
2432 1847 2679 1908 adverso
2706 1846 2908 1907 divitis

483 1928 824 2005 Abrahami,
855 1927 958 1988 sed
984 1929 1123 1988 boni
1151 1930 1369 2008 divitis,
1397 1931 1780 2010 hospitalitas.

567 2008 679 2067 VI.
726 2008 899 2069 Unde
934 2017 1095 2086 patet
1130 2009 1344 2070 frustra
1386 2011 1804 2072 Bellarminum
1841 2013 1882 2072 1.
1912 2012 1991 2072 iv.
2022 2033 2072 2072 c.
2107 2015 2199 2075 11.
2230 2010 2384 2072 velle
2414 2010 2604 2070 sinum
2647 2007 2905 2068 Abrahae

485 2088 629 2146 nihil
657 2087 816 2148 aliud
844 2108 971 2148 esse
1001 2109 1176 2166 quam
1215 2090 1502 2167 Limbum‚
1534 2101 1592 2151 et
1622 2092 1943 2151 Abrahami
1970 2102 2031 2153 et
2059 2091 2264 2151 Lazari
2291 2091 2514 2150 animas
2541 2107 2672 2149 cum
2714 2088 2909 2147 anima

489 2168 771 2246 Epulonis
798 2168 975 2228 fuisse
1003 2169 1064 2229 in
1092 2170 1294 2230 eadem
1315 2172 1612 2250 voragine,
1642 2172 1887 2232 multum
1922 2172 2155 2250 quidem
2185 2171 2336 2231 inter
2360 2189 2424 2229 se
2452 2169 2771 2242 distinctas,
2803 2167 2909 2227 sed

484 2248 635 2308 inter
677 2268 823 2326 quas
869 2249 1016 2308 nihil
1061 2251 1231 2311 solidi
1280 2253 1357 2312 sit
1398 2253 1783 2332 interjectum,
1815 2253 1918 2313 sed
1964 2260 2190 2312 tantum
2237 2250 2376 2324 nai-yn
2420 2250 2613 2327 χάσμα
2660 2267 2909 2326 magnus

487 2327 697 2389 hiatus.
760 2329 911 2388 Nam
955 2329 1168 2405 Primo,
1193 2332 1382 2410 posita
1401 2333 1872 2411 interpretatione
1904 2340 2101 2393 nostra
2128 2332 2201 2391 de
2239 2330 2509 2392 accubitu
2547 2329 2606 2387 in
2635 2327 2909 2388 convivio

488 2408 710 2468 coelesti
744 2408 959 2468 corruit
984 2409 1095 2469 hoc
1123 2411 1484 2489 figmentum.
1529 2412 1703 2474 Unde
1733 2413 1944 2472 Matth.
1974 2433 2033 2471 x.
2067 2415 2160 2487 12,
2192 2418 2325 2489 post
2350 2409 2703 2469 mentionem
2750 2407 2910 2467 illius

488 2488 805 2564 accubitus,
829 2486 1063 2549 additur
1089 2490 1236 2551 alios
1264 2492 1579 2571 ejiciendos
1597 2499 1663 2559 εἰς
1689 2499 1745 2551 τὶ
1773 2519 1944 2559 nom
1964 2497 2019 2551 τὶ
2042 2493 2253 2573 ἐξά-ης.»
2283 2491 2388 2550 “in
2417 2491 2670 2549 tenebras
2700 2488 2907 2548 exteri-

489 2569 674 2645 ores,”
716 2568 1092 2630 similitudine
1137 2590 1173 2629 a
1200 2592 1365 2632 coena
1402 2572 1647 2632 solemni
1684 2582 1929 2652 sumpta,
1962 2573 2021 2631 in
2049 2593 2166 2652 qua
2205 2572 2364 2632 intus
2408 2569 2702 2649 laquearia
2736 2567 2907 2627 lumi·

489 2649 663 2708 nibus
706 2648 1012 2725 collucent,
1045 2650 1146 2709 sed
1175 2661 1341 2712 extra
1367 2652 1514 2710 nihil
1558 2661 1649 2713 est
1692 2653 1804 2712 nisi
1833 2654 2018 2713 noctis
2062 2654 2285 2731 caligo;
2329 2653 2411 2711 ita
2437 2649 2714 2729 quicquid
2741 2657 2910 2708 extra

490 2727 1322 2887 ssssuffbffssz‘ssffcissffinffl
1355 2732 2546 2889 {Ynffss‘imsssfflilgff’a‘sstffibffiziffinssm
2572 2729 2909 2885 ¹353}ssssss

489 2889 1159 3045 {liffffissssessffidiiffv
1172 2891 1286 3031 ‘135¹
1274 2892 1789 3032 ἑῧᾞῗηῖιῗιοέῗ
1802 2902 1877 3031 13³?
1892 2889 2625 3032 ΕἘἕῗιῗὲἶὲῖῗιίΐὲἐζ
2643 2888 2908 3028 {immi

489 3068 597 3107 nec
624 3048 786 3114 ullus·
807 3047 979 3109 datur
1005 3016 1212 3111 solatio
1239 3053 1419 3128 locus,
1450 3052 1587 3128 quia
1620 3017 1701 3112 i’bi
1740 3064 1829 3114 est
1856 3073 2028 3132 poena
2054 3053 2267 3130 damni,
2298 3060 2358 3117 et
2395 3048 2656 3111 exclusio
2683 3069 2719 3107 a
2762 3013 2909 3107 facie⁹

492 3128 622 3189 Dei.
706 3129 921 3205 Tertio,
952 3129 1004 3189 si
1048 3131 1419 3192 Abrahamus
1446 3132 1652 3192 fuisset
1699 3133 1759 3191 in
1787 3133 2001 3209 inferis,
2051 3133 2342 3211 quomodo
2389 3131 2504 3190 dici
2532 3137 2746 3207 posset,
2787 3135 2909 3187 tam

489 3209 833 3286 profundam
860 3209 1038 3269 fuisse
1085 3213 1379 3290 abyssum,
1408 3221 1476 3272 ut
1511 3212 1585 3271 ab
1613 3233 1731 3273 uno
1759 3213 1834 3273 ad
1861 3214 2038 3272 alium
2066 3213 2344 3272 transitus
2380 3210 2506 3269 dari
2532 3229 2649 3268 non
2676 3211 2913 3286 posset?

492 3289 796 3364 Quomodo
839 3288 1128 3351 diceretur
1167 3293 1422 3352 Lazarus
1459 3297 1734 3370 ἀπενεχθεὶς
1777 3293 1837 3351 in
1874 3293 2065 3352 locum
2112 3292 2333 3352 scilicet
2375 3290 2667 3349 diversum
2714 3288 2789 3347 ab
2818 3288 2904 3345 in·
2992 3344 3008 3358 ,

491 3368 645 3444 feris,
669 3367 1002 3428 ubidicitur
1022 3371 1199 3430 fuisse
1218 3373 1388 3450 epulo
1404 3376 1434 3431 Ρ
1482 3373 1718 3448 QuartO,
1739 3372 2039 3433 sententiae
2059 3380 2272 3433 nostrae
2283 3372 2440 3431 favet
2460 3370 2647 3447 ipsum
2673 3367 2907 3427 Rituale

495 3448 838 3520 Romanum,
871 3448 1009 3525 Cap.
1040 3450 1113 3509 de
1144 3451 1488 3528 Funeribus,
1519 3472 1653 3511 nam
1682 3454 1832 3513 inter
1858 3453 1989 3529 alia,
2033 3473 2162 3530 quae
2202 3451 2376 3511 debet
2422 3456 2654 3510 cantare
2684 3447 2906 3523 Clerus,

494 3546 671 3603 quum
720 3526 967 3603 primum
1012 3529 1185 3589 funus
1229 3530 1289 3588 in
1336 3531 1642 3608 Templum
1691 3532 1936 3608 ducitur,
2001 3536 2038 3567 “
2063 3532 2353 3610 Suscipiat
2385 3531 2459 3591 'te
2494 3528 2759 3588 Christus
2805 3527 2907 3604 qni

493 3605 728 3664 vocavit
770 3612 846 3679 te,
887 3615 945 3665 et
988 3606 1049 3666 in
1093 3610 1280 3668 sinum
1328 3610 1549 3688 Angeli
1594 3611 1849 3672 Abrahae
1878 3612 2168 3672 deducant
2193 3612 2321 3672 te.’'
2407 3610 2692 3669 Caeterum
2720 3615 2908 3666 totum

491 3686 602 3744 hoc
631 3684 979 3761 colloquium
1010 3688 1134 3748 sive
1163 3689 1240 3748 sit
1258 3689 1517 3767 historia,
1550 3692 1674 3751 sive
1702 3693 1993 3770 parabola,
2026 3693 2150 3752 sive
2182 3690 2424 3751 historia
2451 3686 2777 3767 parabolice
2806 3685 2907 3745 de-

490 3766 720 3859 scripta,
752 3784 865 3823 non
893 3793 1034 3828 uu
1059 3775 1115 3827 τὶ
1137 3774 1267 3851 ῥιπὶ»
1293 3779 1352 3829 et
1391 3770 1681 3846 historice,
1712 3772 1815 3831 sed
1843 3772 2169 3850 parabolice
2197 3780 2286 3832 est
2313 3767 2771 3847 intelligendum,
2801 3785 2912 3825 nec
3031 3804 3038 3812 ·

489 3866 641 3905 emm
670 3844 973 3907 animabus
1000 3849 1217 3928 lingua,
1247 3851 1495 3927 loquela,
1526 3860 1585 3912 et
1612 3851 1784 3930 digiti
1811 3859 2053 3931 possunt
2080 3860 2421 3930 competere.

920 3994 931 4007 ‚
1053 3931 1201 3989 VII.
1244 3930 1457 4007 Tertio,
1507 3931 1657 4006 Quia
1702 3932 1878 3992 Latro
1927 3933 1986 3990 in
2033 3931 2361 4010 paradisum
2401 3927 2725 3988 admittitur
2778 3932 2915 3985 ante

532 3978 669 4027 ΕΒ*
692 3979 933 4035 Latrone,
973 4011 1370 4071 ascensionem
1414 4011 1630 4071 Christi
1667 4012 1843 4091 juxta
1882 4011 2320 4090 promissionem
2358 4010 2504 4089 ejus,
2554 4007 2696 4067 Luc.
2738 4005 2907 4064 xxiii.

489 4096 585 4169 43,
634 4094 673 4128 ‘⁴
697 4092 891 4151 Hodie
919 4112 1143 4152 mecum
1174 4091 1288 4151 eris
1330 4091 1390 4148 in
1426 4090 1755 4168 paradiso.’'
1841 4093 1963 4151 Nec
2008 4092 2104 4151 hic
2132 4089 2459 4165 dicendum,
2504 4087 2619 4146 Vel
2663 4091 2720 4145 τὶ
2747 4085 2912 4145 hodie

487 4172 934 4244 construendum
981 4191 1107 4231 esse
1151 4192 1283 4231 cum
1305 4171 1485 4230 verbo
1512 4171 1860 4249 praecedenti
1890 4173 2055 4246 Dico,
2086 4192 2202 4231 non
2231 4190 2361 4230 cum
2408 4167 2673 4246 sequenti
2698 4185 2912 4225 mecum

490 4254 618 4328 eris,
649 4260 716 4312 ut
743 4271 948 4312 sensus
976 4251 1069 4326 sit,
1104 4251 1329 4310 “hodie
1358 4250 1489 4310 dico
1508 4251 1635 4327 tibi,
1667 4252 1823 4329 quod
1841 4252 1955 4312 eris
1981 4272 2206 4312 mecum
2231 4251 2290 4310 in
2318 4247 2644 4328 paradiso,”
2689 4246 2915 4306 scilicet

491 4332 552 4390 in
593 4332 800 4392 ultimo
831 4330 1094 4410 judicio;
1153 4332 1290 4408 quia
1339 4332 1694 4392 constructio
1720 4332 2029 4392 verborum
2055 4333 2169 4392 hoc
2196 4352 2313 4390 non
2341 4330 2573 4408 patitur,
2614 4334 2673 4386 et
2700 4326 2917 4385 frustra

489 4413 602 4471 hoc
639 4431 674 4471 a
715 4419 1037 4490 poneretur,
1068 4411 1207 4488 quia
1233 4430 1403 4470 nemo
1428 4411 1688 4489 loquitur
1713 4412 1824 4471 nisi
1853 4422 2110 4491 tempore
2139 4409 2428 4489 praesenti,
2458 4417 2517 4468 et
2544 4406 2915 4466 manifestum

492 4501 582 4550 est
625 4431 915 4551 Christum
965 4490 1248 4569 respicere
1276 4491 1351 4550 ad
1392 4492 1572 4551 verba
1600 4492 1888 4569 Latronis,
1923 4496 1958 4527 “
1986 4493 2080 4553 Sis
2127 4510 2348 4550 memor
2386 4489 2519 4564 mei,
2550 4506 2680 4548 cum
2710 4485 2825 4545 eris
2854 4483 2916 4542 in

496 4590 679 4646 regno
707 4579 808 4630 tuo
831 4572 887 4645 ;”
932 4571 1045 4630 Vel
1075 4571 1405 4648 paradisum
1453 4591 1580 4633 esse
1621 4572 1882 4648 limbum,
1923 4580 1989 4631 ut
2017 4573 2146 4631 vult
2192 4572 2581 4644 Maldonatus,
2611 4565 2750 4644 quia
2776 4584 2916 4623 con·

494 4659 610 4709 stat
638 4650 697 4708 in
730 4649 1025 4729 Scriptura
1052 4650 1381 4728 paradisum
1425 4651 1484 4709 in
1535 4652 1682 4712 coelo
1712 4652 1998 4727 collocari,
2030 4663 2304 4730 tanquam
2353 4650 2544 4710 locum
2575 4645 2914 4707 deliciarum
