3221 5200
502 261 620 320 564
1291 277 1474 321 Locus
1504 278 1762 320 nscmus
1792 277 2033 319 ssxrus.
2590 257 2876 339 [Qum.
2905 277 2966 318 ιι

1116 418 1235 479 ΧΙ.
1297 421 1466 495 Quod
1514 422 1574 479 in
1633 421 1822 498 specie
1869 420 2312 492 demonstratur,
2371 422 2422 476 1.
2467 417 2691 492 Quoad
2766 423 2971 496 Ορσα

553 474 969 578 Τι’ωῃίξιζῗοωὼ
1035 500 1487 560 Coeremonialia.
1616 502 1765 559 Nam
1821 500 1921 557 illa
1978 500 2105 558 Lex
2154 499 2503 576 intelligitur
2560 500 2838 557 excludi
2895 502 2972 558 ab

1035 581 1321 658 Apostolo
1351 601 1479 639 cum
1512 581 1640 659 ejus
1669 580 1955 657 operibus,
1987 599 2090 656 per
2117 598 2289 654 quam
2319 587 2407 637 est
2435 579 2671 654 agnitio
2707 583 2971 655 peccati,

512 660 680 717 Rom.
704 659 784 718 iii.
816 661 912 734 20,
945 668 1002 720 et
1030 661 1317 719 obnoxius
1359 661 1425 717 fit
1452 670 1610 718 totus
1638 659 1888 718 mundus
1917 658 2398 733 condemnationi,
2428 678 2551 716 ver.
2593 661 2698 733 19,
2738 659 2823 717 de
2857 681 2975 737 qus

519 740 758 815 dictum,
819 740 932 813 Qui
977 741 1176 799 fecerit
1219 740 1344 796 haec
1371 740 1534 798 vivet
1577 740 1639 796 in
1679 740 1768 814 iis,
1803 738 1934 797 Gal.
1965 739 2045 796 iii.
2082 741 2174 813 12,
2205 748 2263 797 et
2290 758 2325 795 a
2352 738 2521 814 cujus
2565 741 2979 797 execratione

513 820 777 879 Christus
818 840 924 878 nos
964 820 1223 893 redemit,
1267 838 1386 877 ver.
1438 822 1550 894 133
1599 819 1755 895 quod
1799 818 1870 876 de
1899 827 2022 876 tota
2065 817 2222 895 Lege
2265 817 2730 893 intelligendum
2766 830 2886 892 est,
2922 830 2982 877 et

513 901 799 978 praecipue
827 899 1047 972 morali,
1080 919 1196 957 non
1217 899 1619 957 caeremoniali.
1684 903 1740 956 2.
1774 898 1836 956 Si
1882 898 2007 956 Lex
2036 897 2447 956 caeremonialis
2477 906 2723 955 tantum
2761 901 2978 957 exclu-

514 980 761 1053 deretur,
807 997 924 1036 non
971 978 1223 1052 moralis,
1281 998 1410 1037 cum
1454 998 1587 1056 pars
1630 979 1706 1036 sit
1746 978 1937 1036 minus
1975 978 2307 1055 principalis
2339 977 2532 1053 Legis,
2587 977 2979 1053 justificatio

516 1059 664 1136 Legi
686 1058 877 1135 potius
898 1057 1206 1116 tribuenda
1246 1066 1414 1133 esset,
1447 1077 1619 1134 quam
1648 1057 2019 1132 detrahenda,
2051 1058 2269 1116 ratione
2301 1058 2478 1133 Legis
2507 1058 2792 1132 moralis,
2829 1080 2975 1136 quae

513 1139 692 1214 longe
711 1138 867 1213 prior
888 1146 994 1195 est.
1025 1140 1081 1196 3.
1115 1137 1260 1195 Haec
1278 1139 1543 1215 exceptio
1572 1137 1828 1215 rejicitur
1848 1156 1884 1194 a
1904 1137 2195 1215 plerisque
2215 1136 2550 1210 Pontificiis,
2584 1138 2981 1215 LombardO,

522 1219 753 1290 Thema,
791 1218 995 1292 ToletO,
1026 1218 1279 1292 PereriO,
1309 1218 1652 1290 ,Iustiniana
1683 1218 2026 1292 Salmerone,
2053 1226 2111 1275 et
2139 1217 2284 1292 aliis,
2315 1224 2596 1274 uteorum
2632 1217 2979 1277 Commen-

517 1296 696 1356 tarios
725 1296 943 1372 legenti
970 1305 1147 1373 patet.
1195 1297 1503 1355 Lombard.
1537 1296 1596 1354 in
1620 1297 1700 1354 iii.
1734 1297 1921 1369 Rom.,
1956 1299 1993 1328 “
2016 1296 2154 1355 Sine
2184 1296 2453 1375 operibus
2482 1295 2669 1371 Legis
2701 1300 2979 1373 quibus-

516 1376 660 1435 libet
704 1376 877 1435 etiam
925 1376 1298 1435 moralibus.''
1383 1377 1589 1435 Thom.
1632 1376 1793 1434 Lect.
1824 1380 1881 1434 4.
1912 1377 1971 1434 in
1999 1377 2057 1434 h.
2086 1376 2145 1450 1.,
2205 1379 2240 1409 “
2267 1377 2403 1436 Sine
2433 1375 2716 1452 operibus
2774 1379 2975 1456 Legis

516 1476 636 1514 non
684 1455 869 1515 solum
900 1456 1412 1532 caeremonialibus,
1461 1476 1590 1531 quae
1637 1456 1881 1532 gratiam
1926 1476 2044 1514 non
2088 1455 2473 1531 conferebant,
2506 1455 2613 1513 sed
2644 1457 2975 1532 significa-

516 1536 677 1611 bant,
728 1535 833 1595 sed
879 1537 1052 1594 etiam
1092 1537 1216 1595 sine
1261 1536 1530 1613 operibus
1573 1536 1878 1594 moralium
1932 1545 2346 1613 praeceptorum
2403 1533 2735 1594 secundum
2786 1537 2971 1611 illud,

519 1617 636 1676 Tit.
665 1616 745 1675 iii.
777 1619 831 1691 5,
892 1617 1024 1675 Non
1054 1637 1128 1675 ex
1163 1616 1431 1693 operibus
1480 1616 1724 1692 justitiae
1774 1635 1904 1692 quae
1961 1614 2264 1674 fecerimus
2306 1616 2475 1673 nos.''
2559 1615 2972 1692 Augustinus

525 1716 799 1775 expresse
828 1697 998 1756 docet
1028 1696 1154 1776 (lib.
1185 1696 1261 1754 de
1293 1696 1511 1773 Spiritu
1540 1704 1599 1754 et
1631 1695 1842 1770 Litera,
1874 1715 1998 1773 cap.
2029 1695 2179 1774 viii.)
2246 1694 2493 1754 Paulum
2522 1695 2689 1770 loqui
2719 1696 2808 1754 de
2842 1708 2975 1757 tota

523 1777 700 1854 Lege.
786 1777 909 1835 Nec
955 1777 1005 1835 si
1032 1776 1423 1835 controversia
1463 1796 1593 1852 quae
1622 1776 1945 1834 intercessit
1974 1776 2157 1834 Paulo
2185 1795 2314 1834 cum
2367 1774 2971 1851 Pseudo-Apostolis

518 1856 750 1916 initium
777 1856 948 1915 duxit
988 1876 1024 1914 a
1066 1856 1530 1915 circumcisionis
1558 1875 1685 1931 usu,
1726 1863 1785 1914 et
1834 1855 2010 1932 Legis
2052 1855 2463 1914 caeremonialis
2507 1854 2966 1932 observatione,

521 1956 694 2012 quam
724 1935 809 1993 illi
838 1936 1123 2012 urgebant
1152 1944 1216 1995 ut
1242 1935 1627 1994 necessariam
1658 1935 1732 1993 ad
1748 1935 2219 2011 justificationem
2244 1956 2259 2004 ;
2323 1935 2583 2010 sequitur
2609 1933 2687 1992 de
2717 1955 2798 1992 ea
2829 1938 2967 1995 sola

522 2015 683 2094 loqui
729 2015 1098 2092 Apostolum,
1147 2036 1326 2092 quum
1354 2015 1615 2074 excludit
1664 2034 1837 2092 opera
1879 2015 2056 2092 Legis
2098 2016 2171 2073 ab
2214 2036 2299 2074 ea.
2386 2014 2535 2089 Quia
2576 2034 2610 2071 a
2651 2024 2832 2090 parte
2877 2017 2963 2073 ad

521 2104 708 2155 totum
764 2096 985 2171 transit,
1042 2096 1152 2154 hac
1197 2095 1873 2172 Pseudo-Apostolorum
1928 2095 2239 2172 hypothesi
2293 2095 2472 2152 totius
2527 2094 2709 2169 Legis
2738 2095 2961 2154 obser-

520 2175 730 2233 vandae
783 2176 1186 2234 necessitatem
1237 2176 1517 2250 trahente,
1575 2181 1642 2233 ut
1696 2174 1941 2233 habetur
1985 2175 2120 2233 Act.
2178 2195 2277 2233 xv.
2326 2177 2380 2249 5,
2433 2182 2492 2233 et
2541 2173 2765 2230 Paulus
2822 2175 2962 2252 ipse

522 2262 782 2329 testatur,
817 2255 947 2313 Gal.
981 2275 1037 2313 v.
1069 2259 1127 2326 3,
1157 2255 1294 2314 dum
1324 2255 1405 2314 ait
1433 2274 1581 2328 eum,
1607 2254 1709 2330 qui
1731 2253 2222 2313 circumcisionem
2244 2262 2415 2330 urget
2442 2261 2507 2312 ut
2526 2255 2961 2328 necessariam,

523 2336 823 2396 debitorem
867 2355 982 2394 esse
1030 2336 1193 2393 totius
1240 2336 1412 2411 Leyis
1459 2336 1785 2407 Servandoe,
1817 2334 1954 2409 quia
2005 2334 2131 2391 Lex
2157 2353 2273 2392 non
2301 2332 2619 2410 partialem,
2653 2333 2759 2390 sed
2812 2355 2955 2410 per·

521 2415 730 2473 sectam
771 2415 1026 2491 postulat
1072 2415 1149 2472 in'
1183 2415 1450 2473 omnibus
1500 2413 1905 2472 obedientiam.
2008 2413 2180 2473 Unde
2217 2416 2354 2490 quia
2399 2412 2551 2472 vidit
2592 2413 2676 2470 sic
2732 2412 2960 2472 fideles

521 2494 703 2552 relabi
733 2493 808 2550 ad
836 2494 1024 2552 Vetus
1055 2494 1289 2570 Foedus,
1321 2505 1380 2553 et
1401 2494 1668 2553 excidere
1686 2513 1722 2551 a
1750 2493 1937 2570 Now,
1968 2501 2130 2552 tanto
2164 2492 2387 2552 fervore
2417 2493 2476 2550 in
2503 2493 2657 2551 hunc
2681 2513 2952 2552 errorem

525 2581 591 2632 ut
619 2571 1156 2649 pestilentissimum
1184 2574 1495 2633 invehitur.

520 2707 561 2754 Τ
774 2708 840 2751 an
979 2712 1002 2752 t
1127 2654 1281 2713 XII.
1326 2655 1460 2712 Non
1487 2655 1694 2712 melius
1722 2655 1821 2713 alii
1850 2656 2213 2734 respondent,
2244 2655 2343 2733 agi
2368 2655 2441 2714 de
2480 2652 2659 2730 Legis
2698 2656 2955 2713 moralis

568 2720 872 2825 111118ῗὲᾗὸΠί
889 2720 977 2764 ¹²⁰⁸
1048 2733 1320 2808 Operibus
1360 2743 1490 2792 ante
1517 2736 1697 2807 fidem
1743 2742 1799 2792 et
1829 2737 2081 2811 qratiam
2108 2737 2307 2811 sactis.
2420 2740 2473 2793 1.
2515 2733 2663 2808 Quia
2722 2734 2963 2794 Paulus

1049 2812 1308 2871 excludit
1353 2814 1546 2871 omnia
1586 2832 1761 2890 opera
1802 2835 1931 2891 quae
1973 2816 2108 2875 fidei
2150 2823 2549 2894 opponuntur3
2601 2812 2686 2871 At
2744 2815 2955 2872 omnia

523 2911 698 2970 opera
751 2891 896 2952 citra
950 2891 1379 2952 distinctionem
1437 2893 1572 2952 fidei
1628 2892 1722 2951 hic
1766 2903 2148 2973 opponuntur,
2194 2905 2259 2955 ut
2301 2914 2543 2972 operans
2584 2902 2644 2951 et
2670 2893 2947 2968 credens,

525 2973 695 3032 Rom.
726 2973 804 3031 iv.
837 2975 892 3032 5.
965 2977 1021 3033 2.
1074 2974 1236 3032 Nihil
1268 2993 1505 3034 necesse
1535 2973 1646 3032 fuit
1692 2992 1865 3050 opera
1892 2975 2332 3052 irregenitorum
2360 2973 2685 3046 excludere,
2718 2993 2857 3031 cum
2890 2975 2954 3031 in

521 3054 788 3113 confesso
835 3064 989 3115 esset
1032 3064 1268 3133 peccata
1295 3076 1439 3131 esse,
1478 3062 1678 3132 utpote
1708 3054 1831 3114 sine
1859 3055 1973 3114 fide
1996 3055 2162 3130 facta,
2197 3057 2365 3115 Rom.
2389 3055 2510 3113 xiv.
2542 3056 2636 3113 23.
2723 3056 2780 3111 3.
2815 3054 2949 3111 Ex·

522 3135 713 3212 empla
740 3134 1063 3194 Abrahami
1106 3144 1166 3195 et
1195 3136 1459 3211 Davidis,
1491 3156 1621 3213 quae
1671 3132 1987 3195 afferuntur
2007 3155 2042 3192 a
2072 3136 2273 3210 Paulo,
2312 3137 2482 3194 Rom.
2510 3135 2610 3207 iv.,
2645 3142 2945 3208 quatenus

512 3215 638 3292 jam
685 3223 850 3274 erant
890 3217 1155 3276 conversi
1197 3225 1255 3275 et
1295 3216 1513 3293 fideleS,
1558 3215 1835 3274 evincunt
1882 3214 2116 3274 excludi
2157 3236 2332 3292 opera
2372 3215 2545 3274 etiam
2588 3221 2718 3290 post
2760 3212 2949 3272 fidem

521 3294 705 3369 facta;
748 3303 815 3353 ut
858 3293 1177 3372 Apostolus
1220 3296 1292 3355 de
1335 3297 1524 3374 seipso
1559 3298 1684 3372 jam
1725 3294 1883 3353 fideli
1924 3296 2184 3372 loquenS,
2226 3299 2255 3353 1
2290 3295 2420 3354 Cor.
2450 3295 2529 3352 iv.
2573 3297 2628 3365 4,
2679 3291 2823 3350 dicit
2880 3314 2946 3352 se

521 3374 726 3430 nullius
767 3374 857 3431 rei
891 3376 998 3432 sibi
1034 3377 1310 3434 conscium
1338 3396 1466 3450 esse,
1511 3378 1615 3433 sed
1637 3395 1750 3434 non
1770 3384 2080 3451 propterea
2112 3377 2428 3453 justificavi.
2513 3378 2569 3431 4.
2602 3372 2712 3430 Illa
2755 3392 2943 3449 opera

524 3450 718 3508 omnia
764 3453 1168 3527 excluduntur,
1213 3473 1342 3528 quae
1391 3454 1753 3530 gloriationis
1794 3455 2046 3532 aliquam
2074 3475 2305 3515 causam
2334 3455 2657 3531 relinquere
2699 3464 2949 3529 possent

524 3528 761 3604 homini,
795 3528 964 3590 Rom.
1015 3531 1096 3590 iii.
1129 3536 1226 3589 27.
1339 3532 1424 3589 At
1451 3534 1591 3590 talia
1615 3542 1749 3592 sunt
1778 3554 1952 3612 opera
1974 3535 2125 3594 facta
2151 3555 2227 3594 ex
2254 3535 2385 3610 fide,
2418 3554 2546 3612 quae
2575 3533 2781 3590 volunt
2808 3552 2947 3591 esse

526 3607 837 3668 meritoria.
924 3611 979 3669 5.
1011 3609 1201 3687 Opera
1227 3610 1488 3668 fidelium
1519 3620 1654 3670 sunt
1684 3613 1904 3689 effecta,
1926 3635 2055 3690 quae
2086 3624 2404 3692 sequuntur
2441 3612 2947 3691 justificationem,

523 3711 641 3750 non
669 3709 858 3750 causae
887 3709 1016 3769 quae
1046 3711 1171 3749 eam
1201 3690 1551 3770 praecedunt.
1600 3694 1656 3749 6.
1694 3693 1917 3770 Scopus
1946 3694 2220 3771 Apostoli
2245 3695 2305 3752 in
2336 3694 2559 3772 Epist0.
2591 3692 2665 3750 ad
2695 3691 2951 3752 Galatas

520 3772 630 3832 fuit
684 3771 977 3851 disputare
1032 3780 1231 3831 contra
1282 3770 1876 3850 Pseudo-ApostOIOS,
1935 3776 2036 3850 qui
2101 3775 2276 3833 fidem
2330 3783 2390 3833 et
2444 3793 2633 3851 opera,
2692 3772 2948 3848 gratiam

526 3852 742 3912 Christi
764 3860 823 3911 et
849 3853 1052 3912 merita
1080 3873 1200 3927 sua,
1248 3852 1308 3911 in
1344 3852 1759 3930 justificatione
1806 3855 2253 3931 conjungebant.
2339 3859 2393 3912 7.
2423 3854 2485 3912 Si
2514 3872 2687 3930 opera
2713 3860 2947 3911 naturae

521 3939 766 4007 tantum,
798 3941 857 3991 et
897 3953 1013 3991 non
1054 3933 1273 4010 gratiae,
1321 3933 1630 3993 excludere
1672 3932 1990 4011 voluisset;
2044 3935 2160 3993 Cur
2213 3935 2384 3993 toties
2414 3942 2472 3992 et
2526 3942 2644 3992 tam
2689 3931 2947 3991 sollicite

523 4032 700 4090 opera
754 4012 891 4071 fidei
945 4013 1184 4091 opponit
1232 4015 1539 4073 absolute}>
1582 4014 1699 4073 Cur
1742 4034 2035 4091 nunquam
2086 4034 2259 4092 opera
2286 4022 2505 4072 naturae
2535 4012 2772 4090 opponit
2802 4031 2947 4088 ope·

524 4093 684 4151 ribus
713 4092 932 4169 gratiae,
958 4092 1115 4170 quod
1156 4093 1435 4171 imprimis
1478 4094 1726 4154 faciebat
1754 4093 1828 4153 ad
1856 4094 2273 4153 retundendam
2315 4094 2660 4153 calumniam
2706 4090 2945 4150 Adver-

524 4172 821 4247 sariorum,
872 4192 988 4250 qua
1056 4174 1379 4250 gravabant
1447 4175 1576 4252 ejus
1633 4173 1968 4248 doctrinam,
2027 4175 2194 4251 quasi
2248 4173 2613 4233 excludendo
2675 4191 2851 4248 opera
2909 4193 2950 4230 a

518 4252 934 4331 justificatione
964 4253 1214 4330 aperiret
1245 4254 1485 4330 januam
1528 4264 1783 4333 peccat0,
1817 4254 1986 4312 Rom.
2016 4255 2095 4313 vi.
2122 4258 2172 4329 1,
2222 4257 2258 4288 “
2283 4253 2834 4313 Permanebimusne
2880 4252 2949 4309 in

524 4340 779 4409 peccat0,
810 4340 877 4392 ut
904 4334 1093 4410 gratia
1119 4333 1374 4392 abundet
1389 4335 1455 4393 ?’'
1547 4334 1627 4393 At
1654 4335 1813 4393 nullo
1842 4354 2077 4411 prorsus
2119 4333 2491 4393 fundamento
2519 4333 2801 4392 niteretur
2830 4331 2950 4390 ista

524 4412 724 4486 illati0,
771 4412 822 4470 si
878 4413 1097 4472 Paulus
1151 4413 1460 4472 excludere
1504 4415 1787 4474 voluisset
1841 4422 2066 4473 tantum
2114 4434 2287 4493 opera
2341 4422 2474 4473 ante
2522 4413 2696 4471 fidem
2744 4411 2945 4488 facta3

526 4489 669 4563 Quis
700 4492 854 4550 enim
882 4493 1098 4571 alioqui
1116 4493 1416 4570 colligeret
1443 4491 1573 4553 ideo
1591 4504 1724 4573 post
1740 4495 1913 4554 fidem
1942 4502 2177 4572 peccato
2195 4515 2311 4553 non
2340 4514 2465 4553 esse
2495 4491 2942 4569 indulgendum,

529 4569 666 4649 quia
714 4591 887 4649 opera
928 4571 1101 4632 fidem
1140 4572 1540 4633 antecedentia
1580 4575 1815 4635 minime
1848 4574 2221 4653 justificant?
2302 4574 2387 4634 At
2429 4574 2668 4634 excluso
2697 4581 2950 4650 utroque

3086 70 3141 468 ἱ
