3221 5200
263 369 502 413 QUAEST.
535 351 623 429 v.]
1128 366 1205 406 ns
1236 367 1581 408 vocA‘rloNs
1609 367 1685 407 m·
1716 366 1872 406 rum.
2588 346 2705 414 479

265 518 571 584 agentem,
602 527 737 583 quae
779 524 904 563 non
947 506 1219 579 subjiciat
1263 506 1374 564 sibi
1418 506 1677 563 liberum
1720 507 2051 576 arbitrium,
2082 514 2153 565 ut
2194 506 2350 563 illud
2392 505 2706 564 efficaciter

270 588 526 644 inclinet
554 595 613 643 et
641 585 996 643 determinet
1023 587 1100 641 ad
1143 587 1464 658 agendum,
1495 587 1596 642 sed
1642 604 1773 658 quae
1816 585 2169 657 subjiciatur
2209 586 2399 641 libero
2442 585 2705 655 arbitrie,

275 674 353 724 ut
380 685 558 741 penes
587 665 739 721 illud
769 663 845 720 sit
885 682 1113 736 semper
1152 663 1321 720 illam
1363 663 1679 720 admittere
1706 662 1803 720 vel
1830 664 2089 736 rejicere,
2119 663 2209 719 illi
2252 662 2583 721 consentire
2612 666 2709 721 vel

276 745 609 813 dissentire,
641 742 722 799 Et
763 760 868 816 per
908 743 1161 815 gratiam
1207 750 1642 816 cooperantem,
1674 759 1807 799 eam
1838 761 1970 816 quae
2016 750 2364 817 cooperetur
2408 740 2711 800 voluntati

273 825 556 880 nondum
584 838 898 888 conversae,
928 827 989 876 et
1015 821 1111 877 cui
1141 820 1398 876 vicissim
1421 821 1703 878 voluntas
1734 823 2005 878 nondum
2028 838 2311 877 conversa
2338 828 2710 892 cooperetur,

275 909 352 957 ut
383 901 687 968 Bellarm.,
716 899 820 955 lib.
853 901 906 956 2.
938 899 1013 954 de
1046 898 1187 956 Gra.
1218 917 1346 972 cap.
1378 898 1433 966 3,
1458 916 1579 956 non
1608 899 1855 955 obscure
1883 900 2099 968 innuit,
2131 905 2165 931 “
2190 898 2413 956 Omnes
2440 906 2616 955 vocat
2642 907 2712 955 ut

278 981 361 1036 ad
391 998 451 1036 se
478 979 741 1046 veniant,
765 996 888 1033 non
918 978 1080 1049 quod
1108 977 1337 1051 possint
1363 976 1502 1033 solis
1530 982 1759 1035 naturae
1788 977 2015 1034 viribus
2037 976 2256 1046 venire,
2281 978 2385 1032 sed
2411 983 2479 1031 ut
2506 976 2712 1034 admo-

280 1064 443 1127 neat,
490 1064 561 1112 ut
603 1057 809 1130 gratiae
854 1055 1238 1130 praevenienti
1286 1057 1737 1128 cooperentur,”
1783 1056 1947 1130 quod
1993 1055 2255 1112 rotundo
2300 1072 2402 1111 ore
2443 1051 2713 1112 fatentur

283 1133 682 1209 Synergistae:
723 1135 881 1193 Vide
902 1133 945 1191 J
949 1133 1284 1202 ansen.,lib.
1299 1135 1353 1188 4.
1367 1133 1441 1189 de
1456 1131 1759 1202 Gra.,fuse
1776 1136 1892 1190 hoc
1902 1139 2323 1206 argumentum
2338 1139 2711 1202 tractantem,

281 1221 346 1271 et
393 1215 707 1269 docentem
735 1233 918 1288 quam
945 1213 1124 1285 longe
1154 1212 1229 1268 ab
1258 1210 1592 1284 Augustini
1620 1220 1819 1268 mente
1845 1213 2142 1281 recedant,
2173 1211 2277 1284 qui
2321 1213 2431 1268 hac
2474 1210 2717 1268 distinc-

281 1292 451 1348 tione
480 1297 756 1350 utuntur.

373 1368 576 1427 VIII.
621 1368 754 1428 Nos
775 1388 916 1426 vero
945 1368 1321 1427 commodius
1367 1366 1797 1441 distinguimus
1841 1368 2112 1426 Gratiam
2141 1368 2417 1438 Dei,non
2457 1368 2715 1443 qratiam

283 1450 476 1523 yratz's
505 1451 750 1518 dantem,
787 1467 892 1506 seu
924 1460 1166 1522 qratum
1173 1447 1502 1524 facientem,
1523 1464 1789 1503 amorem
1822 1447 2044 1503 scilicet
2082 1446 2195 1502 Dei
2217 1447 2569 1520 gratuitum,
2593 1465 2715 1521 quo

287 1545 400 1584 nos
441 1528 504 1583 in
550 1525 784 1584 Christo
826 1526 1225 1601 prosequitur,
1271 1533 1332 1582 et
1372 1526 1450 1582 ad
1493 1543 1673 1598 quem
1723 1525 2012 1599 objective
2061 1544 2169 1581 nos
2216 1526 2547 1594 habemus;
2597 1526 2712 1582 Sed

298 1607 503 1666 Gratis
531 1606 754 1675 datam,
790 1603 949 1684 (quae
973 1604 1387 1679 complectitur
1408 1603 1613 1660 omnia
1634 1604 1918 1661 beneficia
1939 1603 2247 1673 salutaria,
2271 1621 2408 1677 quae
2431 1622 2505 1659 ex
2533 1604 2719 1676 gratis

289 1687 474 1742 dante
502 1691 793 1758 tanquam
820 1703 892 1741 ex
920 1683 1086 1740 fonte
1115 1682 1414 1740 uberrimo
1437 1682 1499 1737 in
1529 1700 1639 1738 nos
1665 1689 1928 1750 manant,
1954 1684 2032 1738 ad
2056 1700 2238 1753 quam
2260 1680 2585 1752 subjective
2608 1700 2717 1738 nos

287 1765 600 1831 habemus,
624 1769 685 1819 et
705 1781 838 1835 quae
863 1761 1033 1818 nobis
1061 1759 1354 1836 inhaeret‚)
1385 1761 1449 1816 in
1465 1761 1742 1834 primam,
1768 1778 1889 1833 qua
1908 1778 1981 1815 ex
2006 1766 2166 1816 statu
2188 1758 2410 1832 peccati
2433 1777 2718 1815 vocamur

290 1842 620 1909 efficaciter,
650 1848 711 1897 et
737 1841 801 1897 in
830 1847 1054 1897 statum
1082 1839 1289 1912 gratiae
1320 1838 1751 1905 transferimur,
1781 1855 1918 1911 quae
1947 1838 2095 1894 bene
2125 1836 2342 1894 dicitur
2364 1838 2719 1910 praeveniens

292 1930 347 1976 et
375 1938 636 1995 operam,
667 1920 770 1976 sed
818 1917 1050 1974 saniore
1078 1935 1272 1985 sensu,
1303 1934 1486 1989 quam
1515 1935 1552 1973 a
1580 1915 1926 1984 Pontificiis,
1956 1923 2016 1971 et
2056 1915 2383 1982 secundam,
2428 1933 2551 1988 qua
2589 1916 2716 1990 jam

293 1997 568 2056 conversi
611 1998 674 2053 in
719 2003 877 2053 statu
921 1994 1129 2068 gratiae
1174 1994 1633 2050 corroboramur
1680 1999 1741 2049 et
1784 1993 2119 2067 dirigimur,
2150 2012 2285 2067 quae
2316 2012 2629 2067 cooperans
2668 2005 2720 2050 et

291 2078 640 2152 subsequens
668 2075 979 2131 commode
1007 2079 1258 2129 vocatur
1285 2089 1461 2128 sensu
1494 2071 1867 2129 Orthodoxo.

293 2194 370 2238 Im
409 2207 440 2236 u
512 2200 629 2237 atur
686 2191 770 2234 ho·
898 2150 1015 2207 IX.
1062 2150 1178 2207 His
1217 2149 1443 2224 positiS,
1475 2151 1553 2206 ad
1594 2149 1906 2205 sententiae
1948 2157 2166 2207 nostrae
2208 2150 2721 2208 confirmationem

355 2207 513 2353 ἐξὲξ
544 2263 770 2354 aas
810 2228 1247 2378 {ss-5533?
1286 2235 1556 2362 {aaa
1601 2227 1970 2379 stram?
2018 2235 2290 2364 aa?
2344 2236 2720 2301 ω

445 2342 454 2352 ·
519 2341 530 2352 ·
752 2331 771 2340 -
1186 2348 1199 2360 .
2016 2337 2017 2340 ¹
2087 2328 2139 2363 ve
2399 2327 2511 2363 rra¹
2576 2329 2721 2366 roms

354 2369 600 2424 ruptione.
815 2396 1047 2453 nostrae,
1104 2401 1241 2457 quae
1295 2382 1564 2439 excludit
1617 2401 1856 2441 omnem
1912 2327 2392 2460 cozperationem
2446 2330 2719 2462 apparte

299 2471 542 2522 nostra:
589 2462 750 2531 Quia
775 2471 993 2520 natura
1020 2480 1225 2519 sumus
1265 2467 1599 2535 peccatores
1626 2468 1686 2519 et
1709 2460 1819 2517 filii
1859 2462 1981 2533 irae,
2011 2464 2163 2521 nihil
2204 2462 2321 2519 nisi
2362 2480 2517 2534 car0,
2548 2468 2724 2540 cujus

297 2544 653 2617 figmentum
675 2542 905 2599 malum
933 2548 1022 2599 est
1049 2560 1086 2598 a
1126 2540 1400 2615 pueritia,
1431 2539 1473 2597 J
1478 2541 1576 2596 oh.
1606 2540 1689 2596 iii.
1722 2539 1757 2596 6
1782 2561 1797 2611 ;
1843 2540 1996 2617 Eph.
2027 2543 2087 2599 ii.
2119 2543 2155 2599 3
2179 2562 2194 2613 ;
2228 2540 2378 2598 Gen.
2408 2543 2487 2602 vi.
2518 2543 2588 2613 ὃς
2619 2544 2723 2621 qui

300 2622 454 2679 nihil
501 2639 818 2697 possumus
866 2639 941 2679 ne
984 2620 1243 2694 cogitare
1288 2620 1533 2695 quidem
1582 2620 1722 2677 boni
1767 2638 1841 2676 ex
1889 2622 2061 2679 nobis
2091 2621 2249 2696 ipsis,
2280 2622 2317 2676 2
2360 2620 2492 2679 Cor.
2536 2622 2619 2681 iii.
2651 2624 2723 2693 53

299 2701 524 2758 mortui
550 2701 613 2758 in
641 2699 915 2774 peccatis,
938 2700 1090 2775 Eph.
1115 2698 1174 2756 ii.
1200 2698 1229 2755 1
1257 2720 1271 2768 ;
1302 2717 1403 2755 cor
1423 2698 1732 2772 lapideum
1758 2706 2077 2772 gestantes,
2110 2700 2291 2758 Ezek.
2316 2700 2549 2770 xxxvi.;
2573 2709 2634 2759 et
2660 2701 2723 2759 in

300 2797 517 2852 genere
562 2779 734 2836 totali
775 2778 1130 2852 impotentia
1170 2779 1248 2835 ad
1290 2778 1519 2834 bonum
1547 2777 1905 2848 laborantes,
1938 2778 2114 2835 Rom.
2144 2797 2200 2836 v.
2234 2778 2289 2847 6,
2320 2778 2427 2853 qui
2456 2779 2590 2837 ideo
2618 2799 2727 2839 nec

301 2858 607 2931 cooperari
654 2857 882 2930 gratiae,
912 2876 1021 2914 nec
1050 2858 1127 2913 ad
1170 2856 1616 2912 conversionem
1658 2874 1768 2911 nos
1822 2856 2134 2931 disponere
2184 2875 2517 2932 possumus.
2602 2858 2726 2917 Ex-

301 2936 601 3009 ceptiones
629 2936 764 2991 vide
796 2935 937 2994 Loc.
972 2936 1049 2991 X.
1078 2935 1154 2990 de
1185 2934 1315 2990 Lib.
1349 2932 1520 2989 Arbi.
1560 2932 1681 2998 Qu.
1710 2933 1766 2989 4.

906 3013 983 3069 X.
1029 3012 1082 3068 2.
1116 3011 1174 3068 A
1216 3021 1436 3067 natura
1483 3011 1942 3081 reyenerationis,
1986 3032 2121 3085 quae
2165 3032 2301 3070 cum
2350 3013 2427 3069 sit
2466 3016 2724 3073 mutatio

822 3108 927 3146 seu
955 3087 1262 3145 renovatio
1293 3093 1542 3157 naturae,
1574 3088 1687 3143 Dei
1717 3088 1919 3157 Solimi,
1950 3108 2071 3145 non
2112 3090 2371 3145 hominis
2414 3110 2563 3166 opus
2603 3112 2727 3151 esse

824 3168 1018 3237 debet,
1063 3165 1218 3222 Tum
1247 3165 1390 3237 quia
1431 3165 1743 3220 renovatio
1789 3165 1898 3221 illa
1945 3167 2173 3222 homini
2235 3174 2325 3223 est
2385 3169 2729 3240 simpliciter

305 3243 704 3320 impossibilis,
737 3243 765 3299 1
819 3244 956 3303 Cor.
986 3244 1046 3301 ii.
1082 3243 1192 3312 14;
1239 3242 1415 3300 Rom.
1445 3242 1567 3298 viii.
1599 3241 1675 3312 73
1718 3241 1761 3297 J
1764 3261 1941 3300 erem.
1972 3244 2094 3300 xiii.
2127 3246 2240 3313 233
2285 3244 2442 3301 Tum
2485 3247 2629 3319 quia
2656 3257 2726 3307 ut

306 3324 475 3381 initio
504 3323 667 3379 solus
693 3323 914 3380 creavit
955 3322 1258 3380 hominem
1287 3322 1363 3378 ad
1393 3320 1485 3378 sui
1527 3320 1867 3394 imaginem,
1903 3322 1999 3379 Ita
2039 3323 2117 3378 ad
2158 3340 2290 3379 eam
2320 3325 2483 3380 solus
2526 3324 2728 3399 ipsum

307 3402 629 3459 reformare
674 3408 883 3475 potest,
917 3402 1141 3461 Coloss.
1170 3399 1252 3456 iii.
1287 3400 1379 3457 10.
1467 3398 1549 3456 Et
1591 3406 1663 3455 ut
1706 3399 1768 3454 in
1811 3400 2196 3473 generatione
2241 3403 2523 3472 naturali,
2554 3403 2729 3462 liberi

306 3479 418 3556 ipsi
444 3479 668 3555 seipsos
694 3480 937 3555 gignere
965 3485 1385 3552 non'possunt,
1415 3497 1524 3535 nec
1551 3478 1873 3552 quicquam
1901 3479 2167 3536 conferre
2196 3482 2273 3537 ad
2316 3481 2407 3536 sui
2449 3481 2730 3540 nativita-

305 3567 443 3630 tem,
467 3559 570 3615 sed
599 3577 756 3616 mere
784 3559 1014 3634 passive
1043 3576 1103 3616 se
1132 3558 1355 3615 habent
1379 3580 1391 3616 ε
1440 3557 1539 3615 Ita
1564 3556 1627 3613 in
1668 3557 2114 3629 regeneratione
2143 3559 2586 3633 supernaturali
2628 3580 2734 3619 nc-

307 3656 405 3695 mo
434 3637 692 3712 seipsum
719 3656 1068 3713 regenerare
1096 3643 1307 3712 potest,
1331 3638 1433 3694 sed
1462 3636 1647 3694 solius
1675 3634 1789 3691 Dei
1813 3635 2008 3693 Patris
2036 3638 2284 3695 coelestis
2313 3640 2424 3696 hoc
2450 3648 2537 3697 est
2560 3659 2731 3715 opus.

313 3715 491 3772 Unde
539 3715 771 3773 homini
812 3718 1033 3791 passim
1075 3715 1361 3773 adimitur
1390 3723 1449 3773 et
1492 3715 1623 3772 Deo
1667 3713 1966 3784 tribuitur,
2001 3715 2157 3773 Psal.
2188 3735 2237 3773 c.
2269 3717 2343 3787 3;
2388 3717 2530 3775 Joh.
2561 3718 2600 3775 i.
2636 3720 2730 3792 12,

313 3793 422 3861 13;
466 3791 597 3850 Jac.
628 3793 666 3849 i.
701 3794 807 3864 18;
856 3795 885 3852 1
919 3794 1046 3852 Pet.
1078 3795 1115 3851 i.
1147 3796 1202 3862 3,
1234 3794 1347 3862 233
1391 3794 1533 3852 Joh.
1564 3792 1645 3850 iii.
1677 3794 1731 3862 5,
1764 3792 1838 3862 6;
1884 3792 1999 3850 Tit.
2031 3794 2110 3850 iii.
2143 3795 2196 3850 5.

306 3911 348 3954 ³·
361 3908 781 4012 azizim&
821 3873 1103 4024 εεέἓξηὲ
1109 3873 2064 4023 ὀῗῃέᾌῗέἑὲἶῖΐὲῑῗιὲἒ,Ἷξῗοΐ
2084 3890 2397 4005 mets?
2406 3880 2548 4007 ‘1320
2565 3874 2730 4009 ἳὲὲῗ

363 4025 572 4080 quisitae.
823 4027 1022 4095 venit3
1067 4029 1344 4085 humanae
1387 4046 1527 4085 vero
1570 4026 1888 4094 voluntati,
1922 4045 2054 4100 quae
2094 4026 2264 4083 finita
2304 4035 2408 4097 est,
2440 4035 2728 4102 tanquam

311 4127 499 4167 causae
540 4108 795 4183 propriae
838 4105 1090 4163 adscribi
1133 4106 1355 4179 nequit.
1441 4106 1602 4164 Hinc
1650 4105 1879 4163 Creatio
1921 4104 2155 4172 dicitur,
2200 4106 2238 4161 2
2283 4104 2415 4163 Cor.
2460 4124 2514 4162 v,
2550 4107 2641 4177 17,
2672 4116 2733 4166 et

313 4187 695 4256 Resurrectio,
730 4185 950 4244 Coloss
981 4183 1041 4240 ii.
1077 4184 1166 4253 12,
1199 4203 1332 4259 quae
1375 4185 1606 4242 nullam
1649 4192 1900 4257 mimum
1941 4182 2255 4239 admittere
2295 4192 2563 4257 possunt,
2606 4204 2728 4242 non

314 4268 502 4341 magis
530 4284 711 4342 quam
739 4265 783 4321 ii
812 4262 916 4339 qui
945 4270 1221 4320 creantur
1247 4270 1308 4320 et
1334 4263 1696 4321 suscitantur
1723 4264 1800 4319 ad
1829 4261 1923 4318 sui
1952 4261 2311 4319 creationem
2341 4269 2401 4319 et
2440 4280 2730 4321 resurrec-

314 4344 535 4402 tionem
564 4343 865 4418 cooperari
892 4348 1158 4417 possunt.

907 4419 1066 4477 XII.
1110 4420 1167 4478 4.
1201 4420 1302 4478 Ab
1330 4419 1621 4478 Absurdo.
1708 4418 1869 4485 Quia
1895 4420 2009 4475 hoc
2035 4418 2248 4493 posit0,
2268 4418 2462 4494 gloria
2489 4437 2733 4478 conver-

827 4499 1009 4558 sionis
1038 4500 1328 4556 dividitur
1353 4500 1509 4558 inter
1532 4497 1883 4556 Creaturam
1909 4504 1969 4553 et
1999 4495 2357 4568 Creatorem,
2381 4505 2441 4555 et
2469 4500 2648 4555 homo
2669 4500 2734 4556 in

321 4578 507 4652 seipso
535 4579 834 4652 gloriandi
863 4578 1172 4636 materiam
1213 4578 1471 4647 habebit,
1502 4577 1669 4651 quod
1710 4575 1973 4650 seipsum
2016 4576 2375 4649 discreverit,
2405 4583 2466 4633 et
2506 4578 2735 4653 aliquid

320 4656 537 4715 habeat
566 4658 730 4733 quod
758 4675 877 4714 non
909 4657 1211 4732 acceperit.
1299 4657 1482 4725 Quod
1511 4662 1712 4713 tamen
1740 4653 2124 4713 falsissimum
2151 4673 2274 4714 esse
2315 4655 2491 4715 toties
2516 4663 2577 4715 et
2617 4662 2740 4715 tam

302 3077 346 3121 2.
361 3078 408 3123 A
427 3084 606 3121 natura
627 3077 780 3134 Rege-

394 3136 674 3180 nerationis.

355 4474 397 4519 4.
419 4475 498 4519 Ab
520 4476 745 4520 absurdo.
