<?xml version="1.0" encoding="UTF-8"?>
<!DOCTYPE html PUBLIC "-//W3C//DTD XHTML 1.0 Transitional//EN"
    "http://www.w3.org/TR/xhtml1/DTD/xhtml1-transitional.dtd">
<html xmlns="http://www.w3.org/1999/xhtml" xml:lang="en" lang="en">
 <head>
  <title>
</title>
<meta http-equiv="Content-Type" content="text/html;charset=utf-8" />
  <meta name='ocr-system' content='tesseract 3.04.00' />
  <meta name='ocr-capabilities' content='ocr_page ocr_carea ocr_par ocr_line ocrx_word'/>
</head>
<body>
  <div class='ocr_page' id='page_1' title='image "./institutiotheol01turrgoog_0254.png"; bbox 0 0 3221 5200; ppageno 0'>
   <div class='ocr_carea' id='block_1_1' title="bbox 521 329 2931 411">
    <p class='ocr_par' dir='ltr' id='par_1_1' title="bbox 521 329 2931 411">
     <span class='ocr_line' id='line_1_1' title="bbox 521 329 2931 411; baseline 0.002 -25"><span class='ocrx_word' id='word_1_1' title='bbox 521 330 637 388; x_wconf 82' lang='lat'>226</span> <span class='ocrx_word' id='word_1_2' title='bbox 1383 352 1564 393; x_wconf 78' lang='lat' dir='ltr'>meus</span> <span class='ocrx_word' id='word_1_3' title='bbox 1594 352 1994 393; x_wconf 72' lang='lat' dir='ltr'>nuonecums.</span> <span class='ocrx_word' id='word_1_4' title='bbox 2583 329 2839 411; x_wconf 64' lang='lat' dir='ltr'>[Quaesr.</span> <span class='ocrx_word' id='word_1_5' title='bbox 2871 353 2931 391; x_wconf 89' lang='lat' dir='ltr'>x.</span> 
     </span>
    </p>
   </div>
   <div class='ocr_carea' id='block_1_2' title="bbox 505 486 2996 4323">
    <p class='ocr_par' dir='ltr' id='par_1_2' title="bbox 517 486 2937 810">
     <span class='ocr_line' id='line_1_2' title="bbox 520 486 2937 570; baseline 0.003 -27"><span class='ocrx_word' id='word_1_6' title='bbox 520 486 793 565; x_wconf 82' lang='lat' dir='ltr'>clarioris,</span> <span class='ocrx_word' id='word_1_7' title='bbox 838 491 1149 570; x_wconf 85' lang='lat' dir='ltr'>amplioris,</span> <span class='ocrx_word' id='word_1_8' title='bbox 1200 501 1260 552; x_wconf 90' lang='lat' dir='ltr'>et</span> <span class='ocrx_word' id='word_1_9' title='bbox 1307 491 1642 553; x_wconf 88' lang='lat' dir='ltr'>efficacioris</span> <span class='ocrx_word' id='word_1_10' title='bbox 1685 492 2170 552; x_wconf 77' lang='lat' dir='ltr'>manifestationis</span> <span class='ocrx_word' id='word_1_11' title='bbox 2219 491 2440 569; x_wconf 76' lang='lat' dir='ltr'>gratiae,</span> <span class='ocrx_word' id='word_1_12' title='bbox 2492 491 2629 568; x_wconf 88' lang='lat' dir='ltr'>quia</span> <span class='ocrx_word' id='word_1_13' title='bbox 2656 492 2937 569; x_wconf 85' lang='lat' dir='ltr'>abrogata</span> 
     </span>
     <span class='ocr_line' id='line_1_3' title="bbox 517 567 2931 650; baseline 0.002 -26"><span class='ocrx_word' id='word_1_14' title='bbox 517 567 867 647; x_wconf 87' lang='lat' dir='ltr'>poedagogia</span> <span class='ocrx_word' id='word_1_15' title='bbox 892 572 1086 650; x_wconf 89' lang='lat' dir='ltr'>legali,</span> <span class='ocrx_word' id='word_1_16' title='bbox 1116 591 1244 650; x_wconf 74' lang='lat' dir='ltr'>quae</span> <span class='ocrx_word' id='word_1_17' title='bbox 1274 572 1515 649; x_wconf 83' lang='lat' dir='ltr'>rigidior</span> <span class='ocrx_word' id='word_1_18' title='bbox 1542 581 1682 647; x_wconf 89' lang='lat' dir='ltr'>erat,</span> <span class='ocrx_word' id='word_1_19' title='bbox 1713 581 1771 631; x_wconf 91' lang='lat' dir='ltr'>et</span> <span class='ocrx_word' id='word_1_20' title='bbox 1798 572 2025 632; x_wconf 91' lang='lat' dir='ltr'>sublato</span> <span class='ocrx_word' id='word_1_21' title='bbox 2047 572 2195 650; x_wconf 81' lang='lat' dir='ltr'>jugo</span> <span class='ocrx_word' id='word_1_22' title='bbox 2222 571 2538 648; x_wconf 60' lang='grc' dir='ltr'>ἇβιιστιίιιτρ</span> <span class='ocrx_word' id='word_1_23' title='bbox 2556 571 2931 631; x_wconf 85' lang='lat' dir='ltr'>Caeremonia-</span> 
     </span>
     <span class='ocr_line' id='line_1_4' title="bbox 520 651 2933 730; baseline 0.003 -26"><span class='ocrx_word' id='word_1_24' title='bbox 520 665 664 722; x_wconf 91' lang='lat' dir='ltr'>rum,</span> <span class='ocrx_word' id='word_1_25' title='bbox 697 668 813 726; x_wconf 89' lang='lat' dir='ltr'>quo</span> <span class='ocrx_word' id='word_1_26' title='bbox 841 652 1247 729; x_wconf 80' lang='lat' dir='ltr'><strong>premebantur</strong></span> <span class='ocrx_word' id='word_1_27' title='bbox 1275 652 1467 729; x_wconf 90' lang='lat' dir='ltr'>quoad</span> <span class='ocrx_word' id='word_1_28' title='bbox 1509 661 1810 711; x_wconf 79' lang='lat' dir='ltr'><strong>externam</strong></span> <span class='ocrx_word' id='word_1_29' title='bbox 1839 651 2347 730; x_wconf 80' lang='lat' dir='ltr'>dispensationem,</span> <span class='ocrx_word' id='word_1_30' title='bbox 2400 651 2648 729; x_wconf 81' lang='lat' dir='ltr'>gratiam</span> <span class='ocrx_word' id='word_1_31' title='bbox 2676 660 2735 711; x_wconf 87' lang='lat' dir='ltr'>et</span> <span class='ocrx_word' id='word_1_32' title='bbox 2761 653 2933 711; x_wconf 90' lang='lat' dir='ltr'>bene·</span> 
     </span>
     <span class='ocr_line' id='line_1_5' title="bbox 521 727 2288 810; baseline 0.004 -27"><span class='ocrx_word' id='word_1_33' title='bbox 521 727 835 789; x_wconf 86' lang='lat' dir='ltr'>volentiam</span> <span class='ocrx_word' id='word_1_34' title='bbox 868 733 979 790; x_wconf 94' lang='lat' dir='ltr'>Dei</span> <span class='ocrx_word' id='word_1_35' title='bbox 1006 732 1067 790; x_wconf 90' lang='lat' dir='ltr'>in</span> <span class='ocrx_word' id='word_1_36' title='bbox 1097 731 1325 791; x_wconf 90' lang='lat' dir='ltr'>Christo</span> <span class='ocrx_word' id='word_1_37' title='bbox 1353 733 1527 810; x_wconf 91' lang='lat' dir='ltr'>longe</span> <span class='ocrx_word' id='word_1_38' title='bbox 1558 732 1911 791; x_wconf 89' lang='lat' dir='ltr'>luculentius</span> <span class='ocrx_word' id='word_1_39' title='bbox 1940 732 2288 810; x_wconf 84' lang='lat' dir='ltr'><strong>experimur.</strong></span> 
     </span>
    </p>

    <p class='ocr_par' dir='ltr' id='par_1_3' title="bbox 512 807 2942 3269">
     <span class='ocr_line' id='line_1_6' title="bbox 597 807 2942 889; baseline 0.001 -24"><span class='ocrx_word' id='word_1_40' title='bbox 597 807 857 871; x_wconf 89' lang='lat' dir='ltr'>XXXI.</span> <span class='ocrx_word' id='word_1_41' title='bbox 929 813 1075 871; x_wconf 86' lang='lat' dir='ltr'>Cum</span> <span class='ocrx_word' id='word_1_42' title='bbox 1122 812 1405 871; x_wconf 87' lang='lat' dir='ltr'>Diabolus</span> <span class='ocrx_word' id='word_1_43' title='bbox 1430 812 1651 871; x_wconf 87' lang='lat' dir='ltr'>nullam</span> <span class='ocrx_word' id='word_1_44' title='bbox 1683 820 2026 889; x_wconf 86' lang='lat' dir='ltr'>potestatem</span> <span class='ocrx_word' id='word_1_45' title='bbox 2073 811 2285 871; x_wconf 89' lang='lat' dir='ltr'>habeat</span> <span class='ocrx_word' id='word_1_46' title='bbox 2320 810 2380 869; x_wconf 88' lang='lat' dir='ltr'>in</span> <span class='ocrx_word' id='word_1_47' title='bbox 2407 810 2698 870; x_wconf 90' lang='lat' dir='ltr'>hominem</span> <span class='ocrx_word' id='word_1_48' title='bbox 2725 809 2838 870; x_wconf 85' lang='lat' dir='ltr'>nisi</span> <span class='ocrx_word' id='word_1_49' title='bbox 2866 830 2942 868; x_wconf 85' lang='lat' dir='ltr'>ex</span> 
     </span>
     <span class='ocr_line' id='line_1_7' title="bbox 519 890 2941 967; baseline 0 -20"><span class='ocrx_word' id='word_1_50' title='bbox 519 898 772 967; x_wconf 88' lang='lat' dir='ltr'>peceato,</span> <span class='ocrx_word' id='word_1_51' title='bbox 804 891 902 950; x_wconf 83' lang='lat' dir='ltr'>vel</span> <span class='ocrx_word' id='word_1_52' title='bbox 928 893 1150 951; x_wconf 87' lang='lat' dir='ltr'>ratione</span> <span class='ocrx_word' id='word_1_53' title='bbox 1178 901 1369 951; x_wconf 74' lang='lat' dir='ltr'>reatus</span> <span class='ocrx_word' id='word_1_54' title='bbox 1387 912 1518 952; x_wconf 91' lang='lat' dir='ltr'>eum</span> <span class='ocrx_word' id='word_1_55' title='bbox 1546 891 1872 952; x_wconf 87' lang='lat' dir='ltr'>accusando</span> <span class='ocrx_word' id='word_1_56' title='bbox 1900 911 2095 951; x_wconf 87' lang='lat' dir='ltr'>coram</span> <span class='ocrx_word' id='word_1_57' title='bbox 2125 892 2271 965; x_wconf 90' lang='lat' dir='ltr'>Deo,</span> <span class='ocrx_word' id='word_1_58' title='bbox 2323 890 2422 950; x_wconf 84' lang='lat' dir='ltr'>vel</span> <span class='ocrx_word' id='word_1_59' title='bbox 2454 891 2676 950; x_wconf 90' lang='lat' dir='ltr'>ratione</span> <span class='ocrx_word' id='word_1_60' title='bbox 2705 891 2941 949; x_wconf 78' lang='lat' dir='ltr'>dominii</span> 
     </span>
     <span class='ocr_line' id='line_1_8' title="bbox 520 971 2930 1049; baseline 0 -22"><span class='ocrx_word' id='word_1_61' title='bbox 520 989 651 1028; x_wconf 89' lang='lat' dir='ltr'>eum</span> <span class='ocrx_word' id='word_1_62' title='bbox 680 972 974 1047; x_wconf 86' lang='lat' dir='ltr'>tentand0,</span> <span class='ocrx_word' id='word_1_63' title='bbox 1019 979 1078 1031; x_wconf 87' lang='lat' dir='ltr'>et</span> <span class='ocrx_word' id='word_1_64' title='bbox 1106 972 1213 1030; x_wconf 91' lang='lat' dir='ltr'>sub</span> <span class='ocrx_word' id='word_1_65' title='bbox 1236 980 1390 1031; x_wconf 90' lang='lat' dir='ltr'>statu</span> <span class='ocrx_word' id='word_1_66' title='bbox 1433 973 1657 1049; x_wconf 88' lang='lat' dir='ltr'>peccati</span> <span class='ocrx_word' id='word_1_67' title='bbox 1704 971 2034 1048; x_wconf 87' lang='lat' dir='ltr'>detinendo,</span> <span class='ocrx_word' id='word_1_68' title='bbox 2086 971 2183 1030; x_wconf 83' lang='lat' dir='ltr'>vel</span> <span class='ocrx_word' id='word_1_69' title='bbox 2211 971 2433 1030; x_wconf 89' lang='lat' dir='ltr'>ratione</span> <span class='ocrx_word' id='word_1_70' title='bbox 2468 991 2772 1047; x_wconf 72' lang='lat' dir='ltr'>pomarum</span> <span class='ocrx_word' id='word_1_71' title='bbox 2800 990 2930 1028; x_wconf 88' lang='lat' dir='ltr'>eum</span> 
     </span>
     <span class='ocr_line' id='line_1_9' title="bbox 522 1048 2932 1130; baseline 0 -23"><span class='ocrx_word' id='word_1_72' title='bbox 522 1048 830 1127; x_wconf 89' lang='lat' dir='ltr'>affligendo</span> <span class='ocrx_word' id='word_1_73' title='bbox 873 1059 933 1112; x_wconf 90' lang='lat' dir='ltr'>et</span> <span class='ocrx_word' id='word_1_74' title='bbox 959 1051 1296 1128; x_wconf 83' lang='lat' dir='ltr'>torquendo,</span> <span class='ocrx_word' id='word_1_75' title='bbox 1329 1072 1405 1111; x_wconf 87' lang='lat' dir='ltr'>ex</span> <span class='ocrx_word' id='word_1_76' title='bbox 1424 1052 1668 1130; x_wconf 85' lang='lat' dir='ltr'>justitiae</span> <span class='ocrx_word' id='word_1_77' title='bbox 1700 1052 1812 1111; x_wconf 91' lang='lat' dir='ltr'>Dei</span> <span class='ocrx_word' id='word_1_78' title='bbox 1854 1052 2078 1110; x_wconf 89' lang='lat' dir='ltr'>ultricis</span> <span class='ocrx_word' id='word_1_79' title='bbox 2122 1051 2356 1110; x_wconf 87' lang='lat' dir='ltr'>ordine:</span> <span class='ocrx_word' id='word_1_80' title='bbox 2403 1050 2538 1108; x_wconf 86' lang='lat' dir='ltr'>Non</span> <span class='ocrx_word' id='word_1_81' title='bbox 2576 1058 2769 1127; x_wconf 87' lang='lat' dir='ltr'>potest</span> <span class='ocrx_word' id='word_1_82' title='bbox 2796 1069 2932 1108; x_wconf 85' lang='lat' dir='ltr'>vere</span> 
     </span>
     <span class='ocr_line' id='line_1_10' title="bbox 522 1129 2931 1210; baseline 0 -22"><span class='ocrx_word' id='word_1_83' title='bbox 522 1130 703 1188; x_wconf 89' lang='lat' dir='ltr'>asseri</span> <span class='ocrx_word' id='word_1_84' title='bbox 734 1130 936 1191; x_wconf 88' lang='lat' dir='ltr'>Patres</span> <span class='ocrx_word' id='word_1_85' title='bbox 962 1131 1141 1190; x_wconf 89' lang='lat' dir='ltr'>fuisse</span> <span class='ocrx_word' id='word_1_86' title='bbox 1174 1132 1363 1190; x_wconf 89' lang='lat' dir='ltr'>adhuc</span> <span class='ocrx_word' id='word_1_87' title='bbox 1392 1133 1499 1191; x_wconf 87' lang='lat' dir='ltr'>sub</span> <span class='ocrx_word' id='word_1_88' title='bbox 1537 1140 1822 1210; x_wconf 82' lang='lat' dir='ltr'>potestate</span> <span class='ocrx_word' id='word_1_89' title='bbox 1863 1130 2131 1190; x_wconf 81' lang='lat' dir='ltr'>Diaboli:</span> <span class='ocrx_word' id='word_1_90' title='bbox 2176 1131 2322 1189; x_wconf 91' lang='lat' dir='ltr'>Cum</span> <span class='ocrx_word' id='word_1_91' title='bbox 2359 1137 2418 1189; x_wconf 93' lang='lat' dir='ltr'>et</span> <span class='ocrx_word' id='word_1_92' title='bbox 2445 1150 2481 1188; x_wconf 88' lang='lat' dir='ltr'>a</span> <span class='ocrx_word' id='word_1_93' title='bbox 2507 1138 2668 1188; x_wconf 85' lang='lat' dir='ltr'>reatu</span> <span class='ocrx_word' id='word_1_94' title='bbox 2700 1129 2931 1206; x_wconf 18' lang='lat' dir='ltr'>*peccati</span> 
     </span>
     <span class='ocr_line' id='line_1_11' title="bbox 520 1208 2928 1289; baseline 0 -23"><span class='ocrx_word' id='word_1_95' title='bbox 520 1208 750 1269; x_wconf 89' lang='lat' dir='ltr'>liberati</span> <span class='ocrx_word' id='word_1_96' title='bbox 779 1210 990 1270; x_wconf 89' lang='lat' dir='ltr'>fuerint</span> <span class='ocrx_word' id='word_1_97' title='bbox 1015 1231 1120 1289; x_wconf 90' lang='lat' dir='ltr'>per</span> <span class='ocrx_word' id='word_1_98' title='bbox 1140 1211 1631 1289; x_wconf 86' lang='lat' dir='ltr'>justificationem,</span> <span class='ocrx_word' id='word_1_99' title='bbox 1663 1219 1722 1271; x_wconf 89' lang='lat' dir='ltr'>et</span> <span class='ocrx_word' id='word_1_100' title='bbox 1749 1212 1822 1270; x_wconf 89' lang='lat' dir='ltr'>ab</span> <span class='ocrx_word' id='word_1_101' title='bbox 1845 1212 1971 1289; x_wconf 90' lang='lat' dir='ltr'>ejus</span> <span class='ocrx_word' id='word_1_102' title='bbox 1998 1210 2254 1269; x_wconf 89' lang='lat' dir='ltr'>dominio</span> <span class='ocrx_word' id='word_1_103' title='bbox 2275 1230 2379 1288; x_wconf 88' lang='lat' dir='ltr'>per</span> <span class='ocrx_word' id='word_1_104' title='bbox 2400 1209 2928 1283; x_wconf 88' lang='lat' dir='ltr'>sanctificationem,</span> 
     </span>
     <span class='ocr_line' id='line_1_12' title="bbox 522 1288 2929 1370; baseline 0 -23"><span class='ocrx_word' id='word_1_105' title='bbox 522 1297 582 1347; x_wconf 92' lang='lat' dir='ltr'>et</span> <span class='ocrx_word' id='word_1_106' title='bbox 608 1309 644 1347; x_wconf 88' lang='lat' dir='ltr'>a</span> <span class='ocrx_word' id='word_1_107' title='bbox 669 1290 856 1366; x_wconf 89' lang='lat' dir='ltr'>poenis</span> <span class='ocrx_word' id='word_1_108' title='bbox 883 1290 1029 1350; x_wconf 91' lang='lat' dir='ltr'>illud</span> <span class='ocrx_word' id='word_1_109' title='bbox 1057 1291 1546 1370; x_wconf 80' lang='lat' dir='ltr'>consequentibus</span> <span class='ocrx_word' id='word_1_110' title='bbox 1573 1312 1676 1369; x_wconf 89' lang='lat' dir='ltr'>per</span> <span class='ocrx_word' id='word_1_111' title='bbox 1705 1291 1920 1351; x_wconf 88' lang='lat' dir='ltr'>Christi</span> <span class='ocrx_word' id='word_1_112' title='bbox 1949 1290 2420 1367; x_wconf 86' lang='lat' dir='ltr'>redemptionem,</span> <span class='ocrx_word' id='word_1_113' title='bbox 2462 1298 2519 1348; x_wconf 88' lang='lat' dir='ltr'>et</span> <span class='ocrx_word' id='word_1_114' title='bbox 2547 1289 2668 1347; x_wconf 82' lang='lat' dir='ltr'>vim</span> <span class='ocrx_word' id='word_1_115' title='bbox 2696 1288 2929 1348; x_wconf 87' lang='lat' dir='ltr'>foederis</span> 
     </span>
     <span class='ocr_line' id='line_1_13' title="bbox 524 1368 2932 1450; baseline 0 -24"><span class='ocrx_word' id='word_1_116' title='bbox 524 1368 762 1428; x_wconf 76' lang='lat' dir='ltr'>Gratiae.</span> <span class='ocrx_word' id='word_1_117' title='bbox 846 1370 1012 1430; x_wconf 89' lang='lat' dir='ltr'>Licet</span> <span class='ocrx_word' id='word_1_118' title='bbox 1041 1391 1181 1430; x_wconf 83' lang='lat' dir='ltr'>vero</span> <span class='ocrx_word' id='word_1_119' title='bbox 1209 1380 1508 1450; x_wconf 88' lang='lat' dir='ltr'>peccatum</span> <span class='ocrx_word' id='word_1_120' title='bbox 1549 1371 1809 1431; x_wconf 89' lang='lat' dir='ltr'>nondum</span> <span class='ocrx_word' id='word_1_121' title='bbox 1853 1380 2006 1431; x_wconf 88' lang='lat' dir='ltr'>esset</span> <span class='ocrx_word' id='word_1_122' title='bbox 2055 1370 2353 1445; x_wconf 84' lang='lat' dir='ltr'>abolitum,</span> <span class='ocrx_word' id='word_1_123' title='bbox 2385 1369 2446 1426; x_wconf 92' lang='lat' dir='ltr'>id</span> <span class='ocrx_word' id='word_1_124' title='bbox 2497 1378 2602 1445; x_wconf 87' lang='lat' dir='ltr'>est,</span> <span class='ocrx_word' id='word_1_125' title='bbox 2635 1369 2932 1446; x_wconf 87' lang='lat' dir='ltr'>expiatum</span> 
     </span>
     <span class='ocr_line' id='line_1_14' title="bbox 522 1449 2928 1529; baseline 0 -23"><span class='ocrx_word' id='word_1_126' title='bbox 522 1449 735 1507; x_wconf 82' lang='lat' dir='ltr'>actuali</span> <span class='ocrx_word' id='word_1_127' title='bbox 762 1450 1091 1528; x_wconf 83' lang='lat' dir='ltr'>expiatione</span> <span class='ocrx_word' id='word_1_128' title='bbox 1111 1471 1215 1529; x_wconf 88' lang='lat' dir='ltr'>per</span> <span class='ocrx_word' id='word_1_129' title='bbox 1244 1451 1553 1527; x_wconf 87' lang='lat' dir='ltr'>Christum,</span> <span class='ocrx_word' id='word_1_130' title='bbox 1584 1451 1695 1511; x_wconf 88' lang='lat' dir='ltr'>fuit</span> <span class='ocrx_word' id='word_1_131' title='bbox 1722 1459 1916 1510; x_wconf 89' lang='lat' dir='ltr'>tamen</span> <span class='ocrx_word' id='word_1_132' title='bbox 1954 1451 2234 1510; x_wconf 90' lang='lat' dir='ltr'>abolitum</span> <span class='ocrx_word' id='word_1_133' title='bbox 2279 1458 2543 1527; x_wconf 85' lang='lat' dir='ltr'>respectu</span> <span class='ocrx_word' id='word_1_134' title='bbox 2573 1449 2928 1508; x_wconf 89' lang='lat' dir='ltr'>credentium</span> 
     </span>
     <span class='ocr_line' id='line_1_15' title="bbox 520 1528 2929 1608; baseline 0.001 -23"><span class='ocrx_word' id='word_1_135' title='bbox 520 1546 625 1605; x_wconf 90' lang='lat' dir='ltr'>per</span> <span class='ocrx_word' id='word_1_136' title='bbox 655 1529 1095 1606; x_wconf 87' lang='lat' dir='ltr'>Remissionem‚</span> <span class='ocrx_word' id='word_1_137' title='bbox 1127 1551 1203 1590; x_wconf 85' lang='lat' dir='ltr'>ex</span> <span class='ocrx_word' id='word_1_138' title='bbox 1231 1531 1293 1588; x_wconf 85' lang='lat' dir='ltr'>vi</span> <span class='ocrx_word' id='word_1_139' title='bbox 1332 1531 1726 1591; x_wconf 87' lang='lat' dir='ltr'>translationis</span> <span class='ocrx_word' id='word_1_140' title='bbox 1755 1532 1880 1590; x_wconf 84' lang='lat' dir='ltr'>e’us</span> <span class='ocrx_word' id='word_1_141' title='bbox 1913 1530 1976 1588; x_wconf 90' lang='lat' dir='ltr'>in</span> <span class='ocrx_word' id='word_1_142' title='bbox 2008 1531 2372 1608; x_wconf 88' lang='lat' dir='ltr'>Sponsorem,</span> <span class='ocrx_word' id='word_1_143' title='bbox 2419 1537 2478 1588; x_wconf 90' lang='lat' dir='ltr'>et</span> <span class='ocrx_word' id='word_1_144' title='bbox 2509 1528 2929 1588; x_wconf 87' lang='lat' dir='ltr'>Satisfactionis</span> 
     </span>
     <span class='ocr_line' id='line_1_16' title="bbox 521 1608 2925 1687; baseline 0.001 -22"><span class='ocrx_word' id='word_1_145' title='bbox 521 1628 624 1686; x_wconf 90' lang='lat' dir='ltr'>per</span> <span class='ocrx_word' id='word_1_146' title='bbox 640 1608 827 1686; x_wconf 88' lang='lat' dir='ltr'>ipsum</span> <span class='ocrx_word' id='word_1_147' title='bbox 850 1609 1074 1686; x_wconf 80' lang='lat' dir='ltr'>futurae,</span> <span class='ocrx_word' id='word_1_148' title='bbox 1099 1610 1223 1687; x_wconf 88' lang='lat' dir='ltr'>jam</span> <span class='ocrx_word' id='word_1_149' title='bbox 1250 1630 1600 1670; x_wconf 89' lang='lat' dir='ltr'>concessam.</span> <span class='ocrx_word' id='word_1_150' title='bbox 1660 1610 1760 1671; x_wconf 89' lang='lat' dir='ltr'>Un</span> <span class='ocrx_word' id='word_1_151' title='bbox 1802 1631 1833 1669; x_wconf 91' lang='lat' dir='ltr'>e</span> <span class='ocrx_word' id='word_1_152' title='bbox 1854 1610 1991 1669; x_wconf 90' lang='lat' dir='ltr'>licet</span> <span class='ocrx_word' id='word_1_153' title='bbox 2009 1610 2262 1687; x_wconf 90' lang='lat' dir='ltr'>potuerit</span> <span class='ocrx_word' id='word_1_154' title='bbox 2280 1608 2551 1667; x_wconf 88' lang='lat' dir='ltr'>fidelibus</span> <span class='ocrx_word' id='word_1_155' title='bbox 2580 1609 2925 1685; x_wconf 88' lang='lat' dir='ltr'>exprobrare</span> 
     </span>
     <span class='ocr_line' id='line_1_17' title="bbox 518 1686 2925 1768; baseline -0 -22"><span class='ocrx_word' id='word_1_156' title='bbox 518 1698 821 1766; x_wconf 85' lang='lat' dir='ltr'>peccatum</span> <span class='ocrx_word' id='word_1_157' title='bbox 849 1710 1033 1766; x_wconf 90' lang='lat' dir='ltr'>suum,</span> <span class='ocrx_word' id='word_1_158' title='bbox 1065 1698 1124 1749; x_wconf 90' lang='lat' dir='ltr'>et</span> <span class='ocrx_word' id='word_1_159' title='bbox 1152 1699 1371 1749; x_wconf 90' lang='lat' dir='ltr'>tentare</span> <span class='ocrx_word' id='word_1_160' title='bbox 1399 1691 1510 1750; x_wconf 88' lang='lat' dir='ltr'>hoc</span> <span class='ocrx_word' id='word_1_161' title='bbox 1539 1691 1810 1768; x_wconf 91' lang='lat' dir='ltr'>scrupulo</span> <span class='ocrx_word' id='word_1_162' title='bbox 1851 1689 2106 1768; x_wconf 88' lang='lat' dir='ltr'>ipsorum</span> <span class='ocrx_word' id='word_1_163' title='bbox 2135 1689 2533 1764; x_wconf 87' lang='lat' dir='ltr'>conscientias,</span> <span class='ocrx_word' id='word_1_164' title='bbox 2564 1697 2629 1747; x_wconf 90' lang='lat' dir='ltr'>ut</span> <span class='ocrx_word' id='word_1_165' title='bbox 2657 1687 2796 1746; x_wconf 87' lang='lat' dir='ltr'>facit</span> <span class='ocrx_word' id='word_1_166' title='bbox 2822 1686 2925 1746; x_wconf 86' lang='lat' dir='ltr'>ad-</span> 
     </span>
     <span class='ocr_line' id='line_1_18' title="bbox 518 1768 2926 1848; baseline -0 -21"><span class='ocrx_word' id='word_1_167' title='bbox 518 1768 634 1828; x_wconf 88' lang='lat' dir='ltr'>huc</span> <span class='ocrx_word' id='word_1_168' title='bbox 662 1769 937 1847; x_wconf 88' lang='lat' dir='ltr'>quotidie,</span> <span class='ocrx_word' id='word_1_169' title='bbox 968 1790 1085 1829; x_wconf 92' lang='lat' dir='ltr'>non</span> <span class='ocrx_word' id='word_1_170' title='bbox 1113 1770 1302 1847; x_wconf 88' lang='lat' dir='ltr'>potuit</span> <span class='ocrx_word' id='word_1_171' title='bbox 1329 1779 1525 1830; x_wconf 89' lang='lat' dir='ltr'>tamen</span> <span class='ocrx_word' id='word_1_172' title='bbox 1552 1771 1615 1829; x_wconf 90' lang='lat' dir='ltr'>in</span> <span class='ocrx_word' id='word_1_173' title='bbox 1644 1770 1800 1848; x_wconf 90' lang='lat' dir='ltr'>ipsos</span> <span class='ocrx_word' id='word_1_174' title='bbox 1826 1779 2130 1848; x_wconf 89' lang='lat' dir='ltr'>propterea</span> <span class='ocrx_word' id='word_1_175' title='bbox 2155 1768 2461 1845; x_wconf 89' lang='lat' dir='ltr'>imperium</span> <span class='ocrx_word' id='word_1_176' title='bbox 2490 1768 2765 1843; x_wconf 91' lang='lat' dir='ltr'>obtinere,</span> <span class='ocrx_word' id='word_1_177' title='bbox 2790 1768 2926 1843; x_wconf 87' lang='lat' dir='ltr'>quia</span> 
     </span>
     <span class='ocr_line' id='line_1_19' title="bbox 519 1847 2927 1927; baseline -0 -21"><span class='ocrx_word' id='word_1_178' title='bbox 519 1847 687 1908; x_wconf 85' lang='lat' dir='ltr'>facile</span> <span class='ocrx_word' id='word_1_179' title='bbox 714 1858 1026 1927; x_wconf 89' lang='lat' dir='ltr'>potuerunt</span> <span class='ocrx_word' id='word_1_180' title='bbox 1052 1849 1427 1909; x_wconf 85' lang='lat' dir='ltr'>tentationem</span> <span class='ocrx_word' id='word_1_181' title='bbox 1465 1850 1624 1908; x_wconf 77' lang='lat' dir='ltr'>illam</span> <span class='ocrx_word' id='word_1_182' title='bbox 1676 1869 1944 1927; x_wconf 87' lang='lat' dir='ltr'>superare</span> <span class='ocrx_word' id='word_1_183' title='bbox 1973 1858 2033 1908; x_wconf 88' lang='lat' dir='ltr'>et</span> <span class='ocrx_word' id='word_1_184' title='bbox 2068 1848 2491 1908; x_wconf 82' lang='lat' dir='ltr'>accusationem</span> <span class='ocrx_word' id='word_1_185' title='bbox 2546 1847 2821 1925; x_wconf 87' lang='lat' dir='ltr'>repellere</span> <span class='ocrx_word' id='word_1_186' title='bbox 2850 1867 2927 1907; x_wconf 87' lang='lat' dir='ltr'>ex</span> 
     </span>
     <span class='ocr_line' id='line_1_20' title="bbox 519 1926 2926 2007; baseline -0.001 -20"><span class='ocrx_word' id='word_1_187' title='bbox 519 1928 634 1988; x_wconf 92' lang='lat' dir='ltr'>fide</span> <span class='ocrx_word' id='word_1_188' title='bbox 665 1929 1067 2007; x_wconf 87' lang='lat' dir='ltr'>Redemptoris</span> <span class='ocrx_word' id='word_1_189' title='bbox 1095 1929 1237 2007; x_wconf 85' lang='lat' dir='ltr'>ipsis</span> <span class='ocrx_word' id='word_1_190' title='bbox 1264 1930 1548 2007; x_wconf 87' lang='lat' dir='ltr'>promissi,</span> <span class='ocrx_word' id='word_1_191' title='bbox 1580 1938 1640 1988; x_wconf 90' lang='lat' dir='ltr'>et</span> <span class='ocrx_word' id='word_1_192' title='bbox 1661 1929 1860 2007; x_wconf 88' lang='lat' dir='ltr'>gratiae</span> <span class='ocrx_word' id='word_1_193' title='bbox 1882 1949 1986 2007; x_wconf 89' lang='lat' dir='ltr'>per</span> <span class='ocrx_word' id='word_1_194' title='bbox 2011 1929 2201 2006; x_wconf 90' lang='lat' dir='ltr'>ipsum</span> <span class='ocrx_word' id='word_1_195' title='bbox 2230 1926 2576 1987; x_wconf 76' lang='lat' dir='ltr'>obtinendae.</span> <span class='ocrx_word' id='word_1_196' title='bbox 2660 1927 2828 2001; x_wconf 87' lang='lat' dir='ltr'>Quod</span> <span class='ocrx_word' id='word_1_197' title='bbox 2850 1947 2926 1986; x_wconf 87' lang='lat' dir='ltr'>ex</span> 
     </span>
     <span class='ocr_line' id='line_1_21' title="bbox 517 2006 2925 2087; baseline -0 -21"><span class='ocrx_word' id='word_1_198' title='bbox 517 2008 730 2069; x_wconf 88' lang='lat' dir='ltr'>illustri</span> <span class='ocrx_word' id='word_1_199' title='bbox 757 2011 801 2069; x_wconf 88' lang='lat' dir='ltr'>J</span> <span class='ocrx_word' id='word_1_200' title='bbox 804 2029 959 2068; x_wconf 83' lang='lat' dir='ltr'>osuae</span> <span class='ocrx_word' id='word_1_201' title='bbox 988 2017 1173 2069; x_wconf 91' lang='lat' dir='ltr'>totum</span> <span class='ocrx_word' id='word_1_202' title='bbox 1199 2010 1478 2087; x_wconf 86' lang='lat' dir='ltr'>populum</span> <span class='ocrx_word' id='word_1_203' title='bbox 1514 2010 1981 2087; x_wconf 74' lang='lat' dir='ltr'>repraesentantis</span> <span class='ocrx_word' id='word_1_204' title='bbox 2018 2008 2285 2086; x_wconf 87' lang='lat' dir='ltr'>exemplo</span> <span class='ocrx_word' id='word_1_205' title='bbox 2323 2007 2522 2085; x_wconf 87' lang='lat' dir='ltr'>colligi</span> <span class='ocrx_word' id='word_1_206' title='bbox 2544 2015 2735 2085; x_wconf 90' lang='lat' dir='ltr'>potest</span> <span class='ocrx_word' id='word_1_207' title='bbox 2770 2006 2925 2085; x_wconf 87' lang='lat' dir='ltr'>apud</span> 
     </span>
     <span class='ocr_line' id='line_1_22' title="bbox 519 2087 2925 2167; baseline 0 -21"><span class='ocrx_word' id='word_1_208' title='bbox 519 2089 695 2148; x_wconf 85' lang='lat' dir='ltr'>Zaeh.</span> <span class='ocrx_word' id='word_1_209' title='bbox 715 2089 795 2149; x_wconf 85' lang='lat' dir='ltr'>iii.</span> <span class='ocrx_word' id='word_1_210' title='bbox 815 2093 865 2166; x_wconf 93' lang='lat' dir='ltr'>l,</span> <span class='ocrx_word' id='word_1_211' title='bbox 882 2093 937 2164; x_wconf 85' lang='lat'>2,</span> <span class='ocrx_word' id='word_1_212' title='bbox 951 2089 1052 2147; x_wconf 92' lang='lat' dir='ltr'>ubi</span> <span class='ocrx_word' id='word_1_213' title='bbox 1063 2088 1201 2147; x_wconf 90' lang='lat' dir='ltr'>dum</span> <span class='ocrx_word' id='word_1_214' title='bbox 1220 2089 1262 2148; x_wconf 86' lang='lat' dir='ltr'><strong>J</strong></span> <span class='ocrx_word' id='word_1_215' title='bbox 1266 2109 1422 2149; x_wconf 79' lang='lat' dir='ltr'>osuae</span> <span class='ocrx_word' id='word_1_216' title='bbox 1437 2089 1811 2167; x_wconf 87' lang='lat' dir='ltr'>justificando</span> <span class='ocrx_word' id='word_1_217' title='bbox 1824 2089 2115 2148; x_wconf 89' lang='lat' dir='ltr'>adstitisse</span> <span class='ocrx_word' id='word_1_218' title='bbox 2128 2089 2340 2147; x_wconf 89' lang='lat' dir='ltr'>dicitur</span> <span class='ocrx_word' id='word_1_219' title='bbox 2360 2087 2435 2146; x_wconf 88' lang='lat' dir='ltr'>ad</span> <span class='ocrx_word' id='word_1_220' title='bbox 2448 2087 2712 2147; x_wconf 85' lang='lat' dir='ltr'>dextram</span> <span class='ocrx_word' id='word_1_221' title='bbox 2728 2088 2925 2162; x_wconf 84' lang='lat' dir='ltr'>Satan,</span> 
     </span>
     <span class='ocr_line' id='line_1_23' title="bbox 520 2167 2924 2247; baseline -0 -20"><span class='ocrx_word' id='word_1_222' title='bbox 520 2177 587 2228; x_wconf 91' lang='lat' dir='ltr'>ut</span> <span class='ocrx_word' id='word_1_223' title='bbox 614 2169 725 2247; x_wconf 87' lang='lat' dir='ltr'>ipsi</span> <span class='ocrx_word' id='word_1_224' title='bbox 754 2169 1157 2228; x_wconf 82' lang='lat' dir='ltr'>adversaretur</span> <span class='ocrx_word' id='word_1_225' title='bbox 1183 2176 1458 2247; x_wconf 87' lang='lat' dir='ltr'>tanquam</span> <span class='ocrx_word' id='word_1_226' title='bbox 1487 2178 1804 2243; x_wconf 87' lang='lat' dir='ltr'>accusator,</span> <span class='ocrx_word' id='word_1_227' title='bbox 1846 2169 2033 2228; x_wconf 88' lang='lat' dir='ltr'>Filius</span> <span class='ocrx_word' id='word_1_228' title='bbox 2078 2169 2189 2228; x_wconf 89' lang='lat' dir='ltr'>Dei</span> <span class='ocrx_word' id='word_1_229' title='bbox 2219 2167 2574 2245; x_wconf 88' lang='lat' dir='ltr'>Redemptor</span> <span class='ocrx_word' id='word_1_230' title='bbox 2599 2175 2797 2226; x_wconf 90' lang='lat' dir='ltr'>noster</span> <span class='ocrx_word' id='word_1_231' title='bbox 2822 2187 2924 2226; x_wconf 89' lang='lat' dir='ltr'>ve·</span> 
     </span>
     <span class='ocr_line' id='line_1_24' title="bbox 518 2246 2924 2327; baseline -0.001 -19"><span class='ocrx_word' id='word_1_232' title='bbox 518 2269 618 2308; x_wconf 88' lang='lat' dir='ltr'>rus</span> <span class='ocrx_word' id='word_1_233' title='bbox 645 2249 689 2310; x_wconf 87' lang='lat' dir='ltr'>J</span> <span class='ocrx_word' id='word_1_234' title='bbox 691 2249 879 2309; x_wconf 84' lang='lat' dir='ltr'>ehova</span> <span class='ocrx_word' id='word_1_235' title='bbox 903 2269 1007 2327; x_wconf 92' lang='lat' dir='ltr'>pro</span> <span class='ocrx_word' id='word_1_236' title='bbox 1036 2269 1104 2308; x_wconf 92' lang='lat' dir='ltr'>eo</span> <span class='ocrx_word' id='word_1_237' title='bbox 1133 2258 1397 2327; x_wconf 88' lang='lat' dir='ltr'>potenter</span> <span class='ocrx_word' id='word_1_238' title='bbox 1432 2249 1753 2323; x_wconf 85' lang='lat' dir='ltr'>intercedit,</span> <span class='ocrx_word' id='word_1_239' title='bbox 1785 2249 2025 2326; x_wconf 85' lang='lat' dir='ltr'>ejusque</span> <span class='ocrx_word' id='word_1_240' title='bbox 2076 2267 2308 2308; x_wconf 88' lang='lat' dir='ltr'>causam</span> <span class='ocrx_word' id='word_1_241' title='bbox 2346 2247 2470 2325; x_wconf 89' lang='lat' dir='ltr'>agit</span> <span class='ocrx_word' id='word_1_242' title='bbox 2507 2246 2787 2306; x_wconf 79' lang='lat' dir='ltr'>adversus</span> <span class='ocrx_word' id='word_1_243' title='bbox 2814 2246 2924 2305; x_wconf 90' lang='lat' dir='ltr'>ini-</span> 
     </span>
     <span class='ocr_line' id='line_1_25' title="bbox 518 2326 2924 2407; baseline -0.002 -19"><span class='ocrx_word' id='word_1_244' title='bbox 518 2349 697 2406; x_wconf 91' lang='lat' dir='ltr'>quum</span> <span class='ocrx_word' id='word_1_245' title='bbox 727 2329 1160 2404; x_wconf 86' lang='lat' dir='ltr'>Accusatorem,</span> <span class='ocrx_word' id='word_1_246' title='bbox 1193 2329 1309 2388; x_wconf 90' lang='lat' dir='ltr'>imo</span> <span class='ocrx_word' id='word_1_247' title='bbox 1337 2330 1545 2388; x_wconf 88' lang='lat' dir='ltr'>acriter</span> <span class='ocrx_word' id='word_1_248' title='bbox 1581 2349 1714 2388; x_wconf 92' lang='lat' dir='ltr'>eum</span> <span class='ocrx_word' id='word_1_249' title='bbox 1743 2330 2030 2407; x_wconf 86' lang='lat' dir='ltr'>objurgat,</span> <span class='ocrx_word' id='word_1_250' title='bbox 2066 2328 2326 2405; x_wconf 89' lang='lat' dir='ltr'>nihilque</span> <span class='ocrx_word' id='word_1_251' title='bbox 2337 2326 2487 2404; x_wconf 89' lang='lat' dir='ltr'>juris</span> <span class='ocrx_word' id='word_1_252' title='bbox 2508 2327 2570 2383; x_wconf 92' lang='lat' dir='ltr'>in</span> <span class='ocrx_word' id='word_1_253' title='bbox 2603 2326 2792 2404; x_wconf 91' lang='lat' dir='ltr'>ipsum</span> <span class='ocrx_word' id='word_1_254' title='bbox 2819 2326 2924 2384; x_wconf 89' lang='lat' dir='ltr'>ba-</span> 
     </span>
     <span class='ocr_line' id='line_1_26' title="bbox 515 2407 2923 2486; baseline -0.001 -19"><span class='ocrx_word' id='word_1_255' title='bbox 515 2408 652 2469; x_wconf 90' lang='lat' dir='ltr'>bere</span> <span class='ocrx_word' id='word_1_256' title='bbox 681 2409 928 2486; x_wconf 83' lang='lat' dir='ltr'>amplius</span> <span class='ocrx_word' id='word_1_257' title='bbox 956 2409 1126 2467; x_wconf 88' lang='lat' dir='ltr'>docet</span> <span class='ocrx_word' id='word_1_258' title='bbox 1152 2418 1386 2486; x_wconf 88' lang='lat' dir='ltr'>propter</span> <span class='ocrx_word' id='word_1_259' title='bbox 1409 2410 1521 2469; x_wconf 89' lang='lat' dir='ltr'>Dei</span> <span class='ocrx_word' id='word_1_260' title='bbox 1543 2409 1882 2469; x_wconf 88' lang='lat' dir='ltr'>electionem</span> <span class='ocrx_word' id='word_1_261' title='bbox 1905 2417 1964 2468; x_wconf 87' lang='lat' dir='ltr'>et</span> <span class='ocrx_word' id='word_1_262' title='bbox 1990 2408 2460 2485; x_wconf 87' lang='lat' dir='ltr'>redemptionem,</span> <span class='ocrx_word' id='word_1_263' title='bbox 2481 2426 2585 2484; x_wconf 90' lang='lat' dir='ltr'>per</span> <span class='ocrx_word' id='word_1_264' title='bbox 2612 2426 2784 2482; x_wconf 86' lang='lat' dir='ltr'>quam</span> <span class='ocrx_word' id='word_1_265' title='bbox 2807 2407 2923 2465; x_wconf 90' lang='lat' dir='ltr'>fac-</span> 
     </span>
     <span class='ocr_line' id='line_1_27' title="bbox 515 2486 2924 2566; baseline -0.001 -19"><span class='ocrx_word' id='word_1_266' title='bbox 515 2497 612 2548; x_wconf 91' lang='lat' dir='ltr'>tus</span> <span class='ocrx_word' id='word_1_267' title='bbox 640 2490 717 2548; x_wconf 91' lang='lat' dir='ltr'>sit</span> <span class='ocrx_word' id='word_1_268' title='bbox 744 2498 807 2546; x_wconf 83' lang='lat' dir='ltr'>ut</span> <span class='ocrx_word' id='word_1_269' title='bbox 831 2489 949 2546; x_wconf 73' lang='lat' dir='ltr'>titio</span> <span class='ocrx_word' id='word_1_270' title='bbox 976 2498 1197 2564; x_wconf 73' lang='lat' dir='ltr'>ereptus</span> <span class='ocrx_word' id='word_1_271' title='bbox 1225 2509 1298 2547; x_wconf 68' lang='grc' dir='ltr'>εει·</span> <span class='ocrx_word' id='word_1_272' title='bbox 1326 2490 1450 2564; x_wconf 73' lang='lat' dir='ltr'>ique</span> <span class='ocrx_word' id='word_1_273' title='bbox 1476 2509 1594 2548; x_wconf 91' lang='lat' dir='ltr'>non</span> <span class='ocrx_word' id='word_1_274' title='bbox 1623 2489 1795 2548; x_wconf 88' lang='lat' dir='ltr'>modo</span> <span class='ocrx_word' id='word_1_275' title='bbox 1818 2488 2170 2566; x_wconf 86' lang='lat' dir='ltr'>captivitatis</span> <span class='ocrx_word' id='word_1_276' title='bbox 2200 2486 2593 2564; x_wconf 81' lang='lat' dir='ltr'>Babylonieae,</span> <span class='ocrx_word' id='word_1_277' title='bbox 2620 2486 2721 2544; x_wconf 91' lang='lat' dir='ltr'>sed</span> <span class='ocrx_word' id='word_1_278' title='bbox 2751 2494 2809 2544; x_wconf 93' lang='lat' dir='ltr'>et</span> <span class='ocrx_word' id='word_1_279' title='bbox 2836 2486 2924 2544; x_wconf 91' lang='lat' dir='ltr'>in-</span> 
     </span>
     <span class='ocr_line' id='line_1_28' title="bbox 515 2566 2923 2646; baseline -0.001 -18"><span class='ocrx_word' id='word_1_280' title='bbox 515 2568 768 2644; x_wconf 84' lang='lat' dir='ltr'>fernalis,</span> <span class='ocrx_word' id='word_1_281' title='bbox 799 2568 965 2644; x_wconf 89' lang='lat' dir='ltr'>cujus</span> <span class='ocrx_word' id='word_1_282' title='bbox 991 2569 1094 2626; x_wconf 84' lang='lat' dir='ltr'>illa</span> <span class='ocrx_word' id='word_1_283' title='bbox 1113 2567 1303 2646; x_wconf 88' lang='lat' dir='ltr'>potuit</span> <span class='ocrx_word' id='word_1_284' title='bbox 1329 2587 1457 2628; x_wconf 89' lang='lat' dir='ltr'>esse</span> <span class='ocrx_word' id='word_1_285' title='bbox 1484 2577 1679 2646; x_wconf 87' lang='lat' dir='ltr'>typus,</span> <span class='ocrx_word' id='word_1_286' title='bbox 1709 2571 1970 2645; x_wconf 80' lang='lat' dir='ltr'>Increpet</span> <span class='ocrx_word' id='word_1_287' title='bbox 1996 2577 2063 2643; x_wconf 85' lang='lat' dir='ltr'>te,</span> <span class='ocrx_word' id='word_1_288' title='bbox 2094 2588 2127 2627; x_wconf 91' lang='grc' dir='ltr'><strong><em>ο</em></strong></span> <span class='ocrx_word' id='word_1_289' title='bbox 2145 2568 2344 2642; x_wconf 80' lang='lat' dir='ltr'>Satan,</span> <span class='ocrx_word' id='word_1_290' title='bbox 2381 2566 2660 2625; x_wconf 75' lang='lat' dir='ltr'>Dominus</span> <span class='ocrx_word' id='word_1_291' title='bbox 2685 2567 2923 2643; x_wconf 74' lang='lat' dir='ltr'>Jelzova,</span> 
     </span>
     <span class='ocr_line' id='line_1_29' title="bbox 517 2645 2928 2725; baseline 0 -18"><span class='ocrx_word' id='word_1_292' title='bbox 517 2650 618 2725; x_wconf 78' lang='lat' dir='ltr'>qui</span> <span class='ocrx_word' id='word_1_293' title='bbox 666 2650 990 2707; x_wconf 77' lang='lat' dir='ltr'>Jerusalem</span> <span class='ocrx_word' id='word_1_294' title='bbox 1034 2648 1209 2724; x_wconf 72' lang='lat' dir='ltr'>eleqit,</span> <span class='ocrx_word' id='word_1_295' title='bbox 1254 2668 1435 2706; x_wconf 79' lang='lat' dir='ltr'>nonne</span> <span class='ocrx_word' id='word_1_296' title='bbox 1461 2649 1549 2706; x_wconf 76' lang='lat' dir='ltr'>hic</span> <span class='ocrx_word' id='word_1_297' title='bbox 1590 2657 1672 2707; x_wconf 73' lang='lat' dir='ltr'>est</span> <span class='ocrx_word' id='word_1_298' title='bbox 1713 2647 1830 2705; x_wconf 77' lang='lat' dir='ltr'>titio</span> <span class='ocrx_word' id='word_1_299' title='bbox 1885 2657 2144 2723; x_wconf 68' lang='lat' dir='ltr'>exceptm</span> <span class='ocrx_word' id='word_1_300' title='bbox 2198 2668 2271 2705; x_wconf 63' lang='grc' dir='ltr'>επ</span> <span class='ocrx_word' id='word_1_301' title='bbox 2308 2648 2432 2723; x_wconf 67' lang='grc' dir='ltr'>ἕρπε</span> <span class='ocrx_word' id='word_1_302' title='bbox 2453 2649 2481 2704; x_wconf 73' lang='lat'>,²</span> <span class='ocrx_word' id='word_1_303' title='bbox 2591 2645 2789 2723; x_wconf 86' lang='lat' dir='ltr'>Atque</span> <span class='ocrx_word' id='word_1_304' title='bbox 2844 2648 2928 2707; x_wconf 85' lang='lat' dir='ltr'>ita</span> 
     </span>
     <span class='ocr_line' id='line_1_30' title="bbox 518 2726 2923 2804; baseline -0 -17"><span class='ocrx_word' id='word_1_305' title='bbox 518 2735 744 2787; x_wconf 85' lang='lat' dir='ltr'>tantum</span> <span class='ocrx_word' id='word_1_306' title='bbox 793 2726 974 2801; x_wconf 89' lang='lat' dir='ltr'>abest,</span> <span class='ocrx_word' id='word_1_307' title='bbox 1022 2734 1089 2785; x_wconf 90' lang='lat' dir='ltr'>ut</span> <span class='ocrx_word' id='word_1_308' title='bbox 1143 2727 1268 2803; x_wconf 90' lang='lat' dir='ltr'>ejus</span> <span class='ocrx_word' id='word_1_309' title='bbox 1311 2726 1586 2804; x_wconf 86' lang='lat' dir='ltr'>potestati</span> <span class='ocrx_word' id='word_1_310' title='bbox 1641 2726 1701 2783; x_wconf 89' lang='lat' dir='ltr'>in</span> <span class='ocrx_word' id='word_1_311' title='bbox 1745 2727 2085 2786; x_wconf 88' lang='lat' dir='ltr'>accusandis</span> <span class='ocrx_word' id='word_1_312' title='bbox 2120 2726 2390 2786; x_wconf 90' lang='lat' dir='ltr'>fidelibus</span> <span class='ocrx_word' id='word_1_313' title='bbox 2438 2726 2672 2785; x_wconf 90' lang='lat' dir='ltr'>Veteris</span> <span class='ocrx_word' id='word_1_314' title='bbox 2721 2726 2923 2786; x_wconf 87' lang='lat' dir='ltr'>Testa-</span> 
     </span>
     <span class='ocr_line' id='line_1_31' title="bbox 515 2805 2927 2883; baseline 0.001 -19"><span class='ocrx_word' id='word_1_315' title='bbox 515 2807 697 2865; x_wconf 87' lang='lat' dir='ltr'>menti</span> <span class='ocrx_word' id='word_1_316' title='bbox 726 2805 1038 2883; x_wconf 85' lang='lat' dir='ltr'>suffragata</span> <span class='ocrx_word' id='word_1_317' title='bbox 1074 2805 1247 2864; x_wconf 89' lang='lat' dir='ltr'>fuerit</span> <span class='ocrx_word' id='word_1_318' title='bbox 1274 2805 1473 2865; x_wconf 86' lang='lat' dir='ltr'>divina</span> <span class='ocrx_word' id='word_1_319' title='bbox 1492 2806 1535 2865; x_wconf 81' lang='lat' dir='ltr'><strong>J</strong></span> <span class='ocrx_word' id='word_1_320' title='bbox 1538 2805 1754 2880; x_wconf 86' lang='lat' dir='ltr'>ustitia,</span> <span class='ocrx_word' id='word_1_321' title='bbox 1785 2812 1850 2864; x_wconf 93' lang='lat' dir='ltr'>ut</span> <span class='ocrx_word' id='word_1_322' title='bbox 1867 2806 2269 2883; x_wconf 86' lang='lat' dir='ltr'>gravissimam</span> <span class='ocrx_word' id='word_1_323' title='bbox 2297 2815 2356 2866; x_wconf 91' lang='lat' dir='ltr'>et</span> <span class='ocrx_word' id='word_1_324' title='bbox 2394 2806 2585 2865; x_wconf 87' lang='lat' dir='ltr'>Patris</span> <span class='ocrx_word' id='word_1_325' title='bbox 2613 2805 2657 2866; x_wconf 86' lang='lat' dir='ltr'>J</span> <span class='ocrx_word' id='word_1_326' title='bbox 2658 2805 2846 2865; x_wconf 88' lang='lat' dir='ltr'>udicis</span> <span class='ocrx_word' id='word_1_327' title='bbox 2867 2815 2927 2866; x_wconf 91' lang='lat' dir='ltr'>et</span> 
     </span>
     <span class='ocr_line' id='line_1_32' title="bbox 519 2885 2923 2964; baseline 0.001 -20"><span class='ocrx_word' id='word_1_328' title='bbox 519 2886 659 2944; x_wconf 88' lang='lat' dir='ltr'>Filii</span> <span class='ocrx_word' id='word_1_329' title='bbox 692 2885 999 2963; x_wconf 87' lang='lat' dir='ltr'>Sponsoris</span> <span class='ocrx_word' id='word_1_330' title='bbox 1027 2885 1301 2945; x_wconf 90' lang='lat' dir='ltr'>meruerit</span> <span class='ocrx_word' id='word_1_331' title='bbox 1328 2885 1796 2963; x_wconf 88' lang='lat' dir='ltr'>increpationem,</span> <span class='ocrx_word' id='word_1_332' title='bbox 1836 2894 1903 2945; x_wconf 89' lang='lat' dir='ltr'>ut</span> <span class='ocrx_word' id='word_1_333' title='bbox 1931 2886 2145 2964; x_wconf 91' lang='lat' dir='ltr'>optime</span> <span class='ocrx_word' id='word_1_334' title='bbox 2179 2886 2537 2946; x_wconf 88' lang='lat' dir='ltr'>demonstrat</span> <span class='ocrx_word' id='word_1_335' title='bbox 2571 2885 2644 2944; x_wconf 87' lang='lat' dir='ltr'>R.</span> <span class='ocrx_word' id='word_1_336' title='bbox 2675 2893 2734 2945; x_wconf 87' lang='lat' dir='ltr'>et</span> <span class='ocrx_word' id='word_1_337' title='bbox 2762 2886 2923 2946; x_wconf 90' lang='lat' dir='ltr'>Cele-</span> 
     </span>
     <span class='ocr_line' id='line_1_33' title="bbox 513 2965 2925 3044; baseline -0 -18"><span class='ocrx_word' id='word_1_338' title='bbox 513 2967 636 3026; x_wconf 89' lang='lat' dir='ltr'>ber.</span> <span class='ocrx_word' id='word_1_339' title='bbox 679 2967 1082 3025; x_wconf 77' lang='lat' dir='ltr'>Leidecekerus</span> <span class='ocrx_word' id='word_1_340' title='bbox 1124 2985 1298 3043; x_wconf 87' lang='lat' dir='ltr'>supra</span> <span class='ocrx_word' id='word_1_341' title='bbox 1334 2965 1509 3024; x_wconf 86' lang='lat' dir='ltr'>citato</span> <span class='ocrx_word' id='word_1_342' title='bbox 1549 2965 1762 3041; x_wconf 80' lang='lat' dir='ltr'>Libr03</span> <span class='ocrx_word' id='word_1_343' title='bbox 1807 2965 1883 3024; x_wconf 91' lang='lat' dir='ltr'>ad</span> <span class='ocrx_word' id='word_1_344' title='bbox 1927 2986 2100 3044; x_wconf 92' lang='lat' dir='ltr'>quem</span> <span class='ocrx_word' id='word_1_345' title='bbox 2139 2967 2461 3026; x_wconf 91' lang='lat' dir='ltr'>studiosum</span> <span class='ocrx_word' id='word_1_346' title='bbox 2505 2965 2806 3024; x_wconf 89' lang='lat' dir='ltr'>Lectorem</span> <span class='ocrx_word' id='word_1_347' title='bbox 2833 2986 2925 3025; x_wconf 89' lang='lat' dir='ltr'>re·</span> 
     </span>
     <span class='ocr_line' id='line_1_34' title="bbox 514 3045 2928 3124; baseline 0 -18"><span class='ocrx_word' id='word_1_348' title='bbox 514 3045 812 3123; x_wconf 86' lang='lat' dir='ltr'>mittimus,</span> <span class='ocrx_word' id='word_1_349' title='bbox 845 3046 896 3105; x_wconf 88' lang='lat' dir='ltr'>si</span> <span class='ocrx_word' id='word_1_350' title='bbox 922 3046 1054 3123; x_wconf 88' lang='lat' dir='ltr'>quis</span> <span class='ocrx_word' id='word_1_351' title='bbox 1082 3045 1333 3105; x_wconf 83' lang='lat' dir='ltr'>voluerit</span> <span class='ocrx_word' id='word_1_352' title='bbox 1356 3046 1697 3124; x_wconf 88' lang='lat' dir='ltr'>penitiorem</span> <span class='ocrx_word' id='word_1_353' title='bbox 1726 3046 1988 3105; x_wconf 88' lang='lat' dir='ltr'>notitiam</span> <span class='ocrx_word' id='word_1_354' title='bbox 2017 3047 2194 3106; x_wconf 90' lang='lat' dir='ltr'>totius</span> <span class='ocrx_word' id='word_1_355' title='bbox 2227 3047 2396 3106; x_wconf 88' lang='lat' dir='ltr'>istius</span> <span class='ocrx_word' id='word_1_356' title='bbox 2418 3045 2840 3106; x_wconf 78' lang='lat' dir='ltr'>Controversiae</span> <span class='ocrx_word' id='word_1_357' title='bbox 2867 3053 2928 3106; x_wconf 91' lang='lat' dir='ltr'>et</span> 
     </span>
     <span class='ocr_line' id='line_1_35' title="bbox 513 3125 2926 3205; baseline -0.001 -17"><span class='ocrx_word' id='word_1_358' title='bbox 513 3135 849 3188; x_wconf 73' lang='lat' dir='ltr'>caeterarum</span> <span class='ocrx_word' id='word_1_359' title='bbox 877 3127 991 3185; x_wconf 88' lang='lat' dir='ltr'>huc</span> <span class='ocrx_word' id='word_1_360' title='bbox 1018 3125 1429 3205; x_wconf 86' lang='lat' dir='ltr'>pertinentium</span> <span class='ocrx_word' id='word_1_361' title='bbox 1457 3126 1707 3205; x_wconf 87' lang='lat' dir='ltr'>assequi,</span> <span class='ocrx_word' id='word_1_362' title='bbox 1738 3145 1884 3205; x_wconf 87' lang='lat' dir='ltr'>quas</span> <span class='ocrx_word' id='word_1_363' title='bbox 1924 3127 2036 3186; x_wconf 91' lang='lat' dir='ltr'>Vir</span> <span class='ocrx_word' id='word_1_364' title='bbox 2067 3126 2168 3186; x_wconf 83' lang='lat' dir='ltr'>ille</span> <span class='ocrx_word' id='word_1_365' title='bbox 2211 3126 2598 3187; x_wconf 90' lang='lat' dir='ltr'>Doctissimus</span> <span class='ocrx_word' id='word_1_366' title='bbox 2626 3125 2926 3203; x_wconf 83' lang='lat' dir='ltr'>sigillatim</span> 
     </span>
     <span class='ocr_line' id='line_1_36' title="bbox 512 3208 1152 3269; baseline -0.003 -1"><span class='ocrx_word' id='word_1_367' title='bbox 512 3216 573 3269; x_wconf 90' lang='lat' dir='ltr'>et</span> <span class='ocrx_word' id='word_1_368' title='bbox 602 3208 784 3267; x_wconf 91' lang='lat' dir='ltr'>solide</span> <span class='ocrx_word' id='word_1_369' title='bbox 861 3214 1152 3267; x_wconf 87' lang='lat' dir='ltr'>ertractat.</span> 
     </span>
    </p>

    <p class='ocr_par' dir='ltr' id='par_1_4' title="bbox 505 3284 2996 4323">
     <span class='ocr_line' id='line_1_37' title="bbox 593 3284 2924 3366; baseline -0.001 -19"><span class='ocrx_word' id='word_1_370' title='bbox 593 3288 834 3347; x_wconf 86' lang='lat' dir='ltr'>XXXI</span> <span class='ocrx_word' id='word_1_371' title='bbox 875 3332 890 3346; x_wconf 93' lang='lat'><strong><em>.</em></strong></span> <span class='ocrx_word' id='word_1_372' title='bbox 933 3287 1132 3365; x_wconf 88' lang='lat' dir='ltr'>Atque</span> <span class='ocrx_word' id='word_1_373' title='bbox 1177 3306 1253 3345; x_wconf 87' lang='lat' dir='ltr'>ex</span> <span class='ocrx_word' id='word_1_374' title='bbox 1278 3286 1390 3363; x_wconf 90' lang='lat' dir='ltr'>his,</span> <span class='ocrx_word' id='word_1_375' title='bbox 1420 3307 1494 3347; x_wconf 91' lang='lat' dir='ltr'>ne</span> <span class='ocrx_word' id='word_1_376' title='bbox 1522 3287 1690 3366; x_wconf 86' lang='lat' dir='ltr'>plura</span> <span class='ocrx_word' id='word_1_377' title='bbox 1723 3286 1845 3366; x_wconf 89' lang='lat' dir='ltr'>jam</span> <span class='ocrx_word' id='word_1_378' title='bbox 1875 3286 2173 3361; x_wconf 86' lang='lat' dir='ltr'>addamus,</span> <span class='ocrx_word' id='word_1_379' title='bbox 2205 3285 2347 3346; x_wconf 86' lang='lat' dir='ltr'>satis</span> <span class='ocrx_word' id='word_1_380' title='bbox 2373 3293 2550 3365; x_wconf 87' lang='lat' dir='ltr'>patet,</span> <span class='ocrx_word' id='word_1_381' title='bbox 2580 3285 2722 3363; x_wconf 90' lang='lat' dir='ltr'>quid</span> <span class='ocrx_word' id='word_1_382' title='bbox 2750 3284 2924 3345; x_wconf 90' lang='lat' dir='ltr'>senti-</span> 
     </span>
     <span class='ocr_line' id='line_1_38' title="bbox 512 3364 2922 3444; baseline -0.002 -16"><span class='ocrx_word' id='word_1_383' title='bbox 512 3367 724 3428; x_wconf 91' lang='lat' dir='ltr'>endum</span> <span class='ocrx_word' id='word_1_384' title='bbox 774 3367 851 3427; x_wconf 91' lang='lat' dir='ltr'>sit</span> <span class='ocrx_word' id='word_1_385' title='bbox 896 3367 970 3425; x_wconf 89' lang='lat' dir='ltr'>de</span> <span class='ocrx_word' id='word_1_386' title='bbox 1015 3374 1172 3426; x_wconf 87' lang='lat' dir='ltr'>statu</span> <span class='ocrx_word' id='word_1_387' title='bbox 1216 3367 1453 3426; x_wconf 89' lang='lat' dir='ltr'>Patrum</span> <span class='ocrx_word' id='word_1_388' title='bbox 1497 3366 1732 3427; x_wconf 90' lang='lat' dir='ltr'>Veteris</span> <span class='ocrx_word' id='word_1_389' title='bbox 1779 3367 2212 3444; x_wconf 87' lang='lat' dir='ltr'>Testamentati,</span> <span class='ocrx_word' id='word_1_390' title='bbox 2259 3366 2437 3426; x_wconf 87' lang='lat' dir='ltr'>fuisse</span> <span class='ocrx_word' id='word_1_391' title='bbox 2486 3365 2707 3425; x_wconf 89' lang='lat' dir='ltr'>scilicet</span> <span class='ocrx_word' id='word_1_392' title='bbox 2751 3364 2922 3441; x_wconf 89' lang='lat' dir='ltr'>filios,</span> 
     </span>
     <span class='ocr_line' id='line_1_39' title="bbox 511 3445 2925 3525; baseline -0.001 -19"><span class='ocrx_word' id='word_1_393' title='bbox 511 3445 770 3524; x_wconf 90' lang='lat' dir='ltr'>ejusdem</span> <span class='ocrx_word' id='word_1_394' title='bbox 798 3445 1037 3523; x_wconf 88' lang='lat' dir='ltr'>proinde</span> <span class='ocrx_word' id='word_1_395' title='bbox 1069 3445 1331 3504; x_wconf 88' lang='lat' dir='ltr'>Foederis</span> <span class='ocrx_word' id='word_1_396' title='bbox 1360 3446 1578 3505; x_wconf 81' lang='lat' dir='ltr'>Gratiae</span> <span class='ocrx_word' id='word_1_397' title='bbox 1626 3454 1688 3505; x_wconf 92' lang='lat' dir='ltr'>et</span> <span class='ocrx_word' id='word_1_398' title='bbox 1726 3447 1981 3505; x_wconf 89' lang='lat' dir='ltr'>omnium</span> <span class='ocrx_word' id='word_1_399' title='bbox 2017 3448 2143 3525; x_wconf 89' lang='lat' dir='ltr'>ejus</span> <span class='ocrx_word' id='word_1_400' title='bbox 2171 3446 2580 3506; x_wconf 87' lang='lat' dir='ltr'>beneficiorum</span> <span class='ocrx_word' id='word_1_401' title='bbox 2607 3445 2925 3522; x_wconf 88' lang='lat' dir='ltr'>salutisque</span> 
     </span>
     <span class='ocr_line' id='line_1_40' title="bbox 510 3523 2996 3603; baseline 0 -20"><span class='ocrx_word' id='word_1_402' title='bbox 510 3525 814 3584; x_wconf 87' lang='lat' dir='ltr'>nobiscum</span> <span class='ocrx_word' id='word_1_403' title='bbox 860 3524 1203 3603; x_wconf 85' lang='lat' dir='ltr'>participes;</span> <span class='ocrx_word' id='word_1_404' title='bbox 1258 3523 1374 3584; x_wconf 90' lang='lat' dir='ltr'>Sed</span> <span class='ocrx_word' id='word_1_405' title='bbox 1420 3525 1573 3584; x_wconf 88' lang='lat' dir='ltr'>filios</span> <span class='ocrx_word' id='word_1_406' title='bbox 1617 3526 1807 3586; x_wconf 88' lang='lat' dir='ltr'>adhuc</span> <span class='ocrx_word' id='word_1_407' title='bbox 1855 3528 2238 3603; x_wconf 87' lang='lat' dir='ltr'>minorennes‚</span> <span class='ocrx_word' id='word_1_408' title='bbox 2271 3527 2406 3586; x_wconf 87' lang='lat' dir='ltr'>Gal.</span> <span class='ocrx_word' id='word_1_409' title='bbox 2450 3525 2530 3584; x_wconf 86' lang='lat' dir='ltr'>iv.</span> <span class='ocrx_word' id='word_1_410' title='bbox 2581 3530 2637 3601; x_wconf 84' lang='lat'>2,</span> <span class='ocrx_word' id='word_1_411' title='bbox 2668 3525 2769 3602; x_wconf 89' lang='lat' dir='ltr'>qui</span> <span class='ocrx_word' id='word_1_412' title='bbox 2816 3544 2925 3584; x_wconf 87' lang='lat' dir='ltr'>nec</span> <span class='ocrx_word' id='word_1_413' title='bbox 2993 3524 2996 3527; x_wconf 76' lang='grc'><strong>’</strong></span> 
     </span>
     <span class='ocr_line' id='line_1_41' title="bbox 507 3603 2927 3682; baseline -0 -18"><span class='ocrx_word' id='word_1_414' title='bbox 507 3604 773 3664; x_wconf 86' lang='lat' dir='ltr'>notitiam</span> <span class='ocrx_word' id='word_1_415' title='bbox 801 3611 860 3663; x_wconf 91' lang='lat' dir='ltr'>et</span> <span class='ocrx_word' id='word_1_416' title='bbox 908 3622 1156 3679; x_wconf 88' lang='lat' dir='ltr'>sensum,</span> <span class='ocrx_word' id='word_1_417' title='bbox 1186 3622 1294 3663; x_wconf 91' lang='lat' dir='ltr'>nec</span> <span class='ocrx_word' id='word_1_418' title='bbox 1329 3623 1499 3663; x_wconf 87' lang='lat' dir='ltr'>usum</span> <span class='ocrx_word' id='word_1_419' title='bbox 1546 3605 1782 3682; x_wconf 90' lang='lat' dir='ltr'>plenum</span> <span class='ocrx_word' id='word_1_420' title='bbox 1822 3606 2104 3666; x_wconf 91' lang='lat' dir='ltr'>bonorum</span> <span class='ocrx_word' id='word_1_421' title='bbox 2133 3626 2368 3666; x_wconf 87' lang='lat' dir='ltr'>suorum</span> <span class='ocrx_word' id='word_1_422' title='bbox 2395 3606 2757 3681; x_wconf 86' lang='lat' dir='ltr'>habuerunt;</span> <span class='ocrx_word' id='word_1_423' title='bbox 2823 3603 2927 3664; x_wconf 86' lang='lat' dir='ltr'>sed</span> 
     </span>
     <span class='ocr_line' id='line_1_42' title="bbox 509 3683 2924 3765; baseline -0.001 -20"><span class='ocrx_word' id='word_1_424' title='bbox 509 3684 611 3762; x_wconf 88' lang='lat' dir='ltr'>qui</span> <span class='ocrx_word' id='word_1_425' title='bbox 640 3683 858 3744; x_wconf 90' lang='lat' dir='ltr'>duriter</span> <span class='ocrx_word' id='word_1_426' title='bbox 883 3683 1066 3743; x_wconf 88' lang='lat' dir='ltr'>instar</span> <span class='ocrx_word' id='word_1_427' title='bbox 1093 3702 1390 3743; x_wconf 86' lang='lat' dir='ltr'>servorum</span> <span class='ocrx_word' id='word_1_428' title='bbox 1412 3692 1546 3744; x_wconf 91' lang='lat' dir='ltr'>sunt</span> <span class='ocrx_word' id='word_1_429' title='bbox 1565 3685 1749 3745; x_wconf 88' lang='lat' dir='ltr'>habiti</span> <span class='ocrx_word' id='word_1_430' title='bbox 1778 3686 1884 3745; x_wconf 88' lang='lat' dir='ltr'>sub</span> <span class='ocrx_word' id='word_1_431' title='bbox 1905 3686 2249 3765; x_wconf 73' lang='lat' dir='ltr'>paedagogia</span> <span class='ocrx_word' id='word_1_432' title='bbox 2262 3686 2474 3764; x_wconf 80' lang='lat' dir='ltr'>legali3</span> <span class='ocrx_word' id='word_1_433' title='bbox 2519 3685 2604 3746; x_wconf 90' lang='lat' dir='ltr'>Ut</span> <span class='ocrx_word' id='word_1_434' title='bbox 2629 3684 2713 3744; x_wconf 87' lang='lat' dir='ltr'>ita</span> <span class='ocrx_word' id='word_1_435' title='bbox 2739 3693 2924 3744; x_wconf 89' lang='lat' dir='ltr'>status</span> 
     </span>
     <span class='ocr_line' id='line_1_43' title="bbox 508 3762 2925 3845; baseline -0.001 -21"><span class='ocrx_word' id='word_1_436' title='bbox 508 3765 765 3843; x_wconf 90' lang='lat' dir='ltr'>ipsorum</span> <span class='ocrx_word' id='word_1_437' title='bbox 813 3785 847 3823; x_wconf 90' lang='lat' dir='ltr'>a</span> <span class='ocrx_word' id='word_1_438' title='bbox 894 3773 1091 3823; x_wconf 89' lang='lat' dir='ltr'>nostro</span> <span class='ocrx_word' id='word_1_439' title='bbox 1140 3762 1381 3840; x_wconf 87' lang='lat' dir='ltr'>differat,</span> <span class='ocrx_word' id='word_1_440' title='bbox 1430 3784 1547 3823; x_wconf 88' lang='lat' dir='ltr'>non</span> <span class='ocrx_word' id='word_1_441' title='bbox 1590 3764 1782 3843; x_wconf 87' lang='lat' dir='ltr'>quoad</span> <span class='ocrx_word' id='word_1_442' title='bbox 1825 3786 1947 3824; x_wconf 91' lang='lat' dir='ltr'>rem</span> <span class='ocrx_word' id='word_1_443' title='bbox 1994 3766 2195 3845; x_wconf 88' lang='lat' dir='ltr'>ipsam,</span> <span class='ocrx_word' id='word_1_444' title='bbox 2243 3774 2304 3825; x_wconf 91' lang='lat' dir='ltr'>et</span> <span class='ocrx_word' id='word_1_445' title='bbox 2337 3765 2613 3824; x_wconf 75' lang='lat' dir='ltr'>doctrinae</span> <span class='ocrx_word' id='word_1_446' title='bbox 2658 3763 2925 3823; x_wconf 84' lang='lat' dir='ltr'>salutaris</span> 
     </span>
     <span class='ocr_line' id='line_1_44' title="bbox 509 3843 2921 3923; baseline -0 -19"><span class='ocrx_word' id='word_1_447' title='bbox 509 3845 834 3918; x_wconf 88' lang='lat' dir='ltr'>essentiam,</span> <span class='ocrx_word' id='word_1_448' title='bbox 866 3864 995 3922; x_wconf 83' lang='lat' dir='ltr'>quae</span> <span class='ocrx_word' id='word_1_449' title='bbox 1022 3843 1328 3920; x_wconf 89' lang='lat' dir='ltr'>utrobique</span> <span class='ocrx_word' id='word_1_450' title='bbox 1369 3844 1570 3904; x_wconf 88' lang='lat' dir='ltr'>eadem</span> <span class='ocrx_word' id='word_1_451' title='bbox 1600 3844 1724 3920; x_wconf 86' lang='lat' dir='ltr'>fuit,</span> <span class='ocrx_word' id='word_1_452' title='bbox 1757 3846 1859 3905; x_wconf 91' lang='lat' dir='ltr'>sed</span> <span class='ocrx_word' id='word_1_453' title='bbox 1886 3847 2079 3923; x_wconf 89' lang='lat' dir='ltr'>quoad</span> <span class='ocrx_word' id='word_1_454' title='bbox 2108 3846 2351 3923; x_wconf 89' lang='lat' dir='ltr'>gradum</span> <span class='ocrx_word' id='word_1_455' title='bbox 2379 3853 2439 3904; x_wconf 90' lang='lat' dir='ltr'>et</span> <span class='ocrx_word' id='word_1_456' title='bbox 2464 3844 2759 3904; x_wconf 87' lang='lat' dir='ltr'>diversum</span> <span class='ocrx_word' id='word_1_457' title='bbox 2806 3843 2921 3903; x_wconf 89' lang='lat' dir='ltr'>dis-</span> 
     </span>
     <span class='ocr_line' id='line_1_45' title="bbox 508 3922 2921 4004; baseline -0.001 -21"><span class='ocrx_word' id='word_1_458' title='bbox 508 3925 861 4004; x_wconf 87' lang='lat' dir='ltr'>pensationis</span> <span class='ocrx_word' id='word_1_459' title='bbox 889 3923 1143 3984; x_wconf 91' lang='lat' dir='ltr'>modum.</span> <span class='ocrx_word' id='word_1_460' title='bbox 1228 3923 1301 3981; x_wconf 90' lang='lat' dir='ltr'>In</span> <span class='ocrx_word' id='word_1_461' title='bbox 1329 3944 1445 4001; x_wconf 83' lang='lat' dir='ltr'>qua</span> <span class='ocrx_word' id='word_1_462' title='bbox 1472 3925 1854 4002; x_wconf 88' lang='lat' dir='ltr'>simplicitate,</span> <span class='ocrx_word' id='word_1_463' title='bbox 1885 3947 2014 4003; x_wconf 64' lang='lat' dir='ltr'>quse</span> <span class='ocrx_word' id='word_1_464' title='bbox 2062 3926 2290 3985; x_wconf 85' lang='lat' dir='ltr'>abunde</span> <span class='ocrx_word' id='word_1_465' title='bbox 2318 3924 2393 3983; x_wconf 90' lang='lat' dir='ltr'>ad</span> <span class='ocrx_word' id='word_1_466' title='bbox 2422 3924 2668 3983; x_wconf 88' lang='lat' dir='ltr'>salutem</span> <span class='ocrx_word' id='word_1_467' title='bbox 2697 3922 2921 3997; x_wconf 77' lang='lat' dir='ltr'>sufficit,</span> 
     </span>
     <span class='ocr_line' id='line_1_46' title="bbox 505 4002 2927 4084; baseline -0.002 -21"><span class='ocrx_word' id='word_1_468' title='bbox 505 4003 987 4081; x_wconf 87' lang='lat' dir='ltr'>acquiescendum</span> <span class='ocrx_word' id='word_1_469' title='bbox 1027 4003 1196 4062; x_wconf 91' lang='lat' dir='ltr'>nobis</span> <span class='ocrx_word' id='word_1_470' title='bbox 1235 4013 1538 4081; x_wconf 85' lang='lat' dir='ltr'>putamus;</span> <span class='ocrx_word' id='word_1_471' title='bbox 1601 4004 1749 4062; x_wconf 90' lang='lat' dir='ltr'>nihil</span> <span class='ocrx_word' id='word_1_472' title='bbox 1788 4014 1854 4065; x_wconf 91' lang='lat' dir='ltr'>ut</span> <span class='ocrx_word' id='word_1_473' title='bbox 1895 4026 2038 4084; x_wconf 91' lang='lat' dir='ltr'>opus</span> <span class='ocrx_word' id='word_1_474' title='bbox 2081 4006 2156 4064; x_wconf 89' lang='lat' dir='ltr'>sit</span> <span class='ocrx_word' id='word_1_475' title='bbox 2195 4004 2438 4064; x_wconf 89' lang='lat' dir='ltr'>ulterius</span> <span class='ocrx_word' id='word_1_476' title='bbox 2480 4024 2541 4063; x_wconf 89' lang='lat' dir='ltr'>se</span> <span class='ocrx_word' id='word_1_477' title='bbox 2584 4003 2824 4081; x_wconf 85' lang='lat' dir='ltr'>fatigare</span> <span class='ocrx_word' id='word_1_478' title='bbox 2865 4002 2927 4059; x_wconf 88' lang='lat' dir='ltr'>in</span> 
     </span>
     <span class='ocr_line' id='line_1_47' title="bbox 508 4082 2922 4163; baseline -0.002 -20"><span class='ocrx_word' id='word_1_479' title='bbox 508 4083 826 4143; x_wconf 90' lang='lat' dir='ltr'>enodandis</span> <span class='ocrx_word' id='word_1_480' title='bbox 853 4083 1030 4142; x_wconf 87' lang='lat' dir='ltr'>variis</span> <span class='ocrx_word' id='word_1_481' title='bbox 1057 4083 1474 4162; x_wconf 72' lang='lat' dir='ltr'>quaestionibus</span> <span class='ocrx_word' id='word_1_482' title='bbox 1513 4083 1706 4144; x_wconf 89' lang='lat' dir='ltr'>minus</span> <span class='ocrx_word' id='word_1_483' title='bbox 1746 4085 2102 4161; x_wconf 87' lang='lat' dir='ltr'>necessariis,</span> <span class='ocrx_word' id='word_1_484' title='bbox 2147 4106 2276 4163; x_wconf 76' lang='lat' dir='ltr'>quae</span> <span class='ocrx_word' id='word_1_485' title='bbox 2317 4085 2413 4143; x_wconf 92' lang='lat' dir='ltr'>hic</span> <span class='ocrx_word' id='word_1_486' title='bbox 2454 4084 2675 4144; x_wconf 84' lang='lat' dir='ltr'>moveri</span> <span class='ocrx_word' id='word_1_487' title='bbox 2715 4082 2922 4157; x_wconf 87' lang='lat' dir='ltr'>solent,</span> 
     </span>
     <span class='ocr_line' id='line_1_48' title="bbox 509 4160 2925 4243; baseline -0.001 -20"><span class='ocrx_word' id='word_1_488' title='bbox 509 4183 639 4241; x_wconf 72' lang='lat' dir='ltr'>quae</span> <span class='ocrx_word' id='word_1_489' title='bbox 686 4163 846 4243; x_wconf 87' lang='lat' dir='ltr'>pacis</span> <span class='ocrx_word' id='word_1_490' title='bbox 893 4163 1191 4223; x_wconf 85' lang='lat' dir='ltr'>vinculum</span> <span class='ocrx_word' id='word_1_491' title='bbox 1239 4172 1482 4242; x_wconf 87' lang='lat' dir='ltr'>possunt</span> <span class='ocrx_word' id='word_1_492' title='bbox 1529 4164 1730 4223; x_wconf 80' lang='lat' dir='ltr'>abtum</span> <span class='ocrx_word' id='word_1_493' title='bbox 1774 4184 1885 4239; x_wconf 89' lang='lat' dir='ltr'>ere,</span> <span class='ocrx_word' id='word_1_494' title='bbox 1933 4174 1992 4225; x_wconf 91' lang='lat' dir='ltr'>et</span> <span class='ocrx_word' id='word_1_495' title='bbox 2032 4164 2270 4225; x_wconf 87' lang='lat' dir='ltr'>fratrum</span> <span class='ocrx_word' id='word_1_496' title='bbox 2300 4164 2523 4224; x_wconf 89' lang='lat' dir='ltr'>animos</span> <span class='ocrx_word' id='word_1_497' title='bbox 2551 4164 2613 4222; x_wconf 91' lang='lat' dir='ltr'>in</span> <span class='ocrx_word' id='word_1_498' title='bbox 2639 4160 2925 4222; x_wconf 75' lang='lat' dir='ltr'>contraria</span> 
     </span>
     <span class='ocr_line' id='line_1_49' title="bbox 511 4243 2703 4323; baseline -0 -20"><span class='ocrx_word' id='word_1_499' title='bbox 511 4243 705 4304; x_wconf 84' lang='lat' dir='ltr'>studia</span> <span class='ocrx_word' id='word_1_500' title='bbox 732 4243 1010 4320; x_wconf 87' lang='lat' dir='ltr'>scindere,</span> <span class='ocrx_word' id='word_1_501' title='bbox 1038 4263 1252 4323; x_wconf 84' lang='lat' dir='ltr'>magno</span> <span class='ocrx_word' id='word_1_502' title='bbox 1281 4264 1413 4305; x_wconf 90' lang='lat' dir='ltr'>cum</span> <span class='ocrx_word' id='word_1_503' title='bbox 1441 4244 1667 4323; x_wconf 89' lang='lat' dir='ltr'>piorum</span> <span class='ocrx_word' id='word_1_504' title='bbox 1695 4265 1729 4304; x_wconf 94' lang='lat' dir='ltr'>o</span> <span class='ocrx_word' id='word_1_505' title='bbox 1774 4244 2059 4322; x_wconf 80' lang='lat' dir='ltr'>endicuIO,</span> <span class='ocrx_word' id='word_1_506' title='bbox 2090 4253 2150 4306; x_wconf 89' lang='lat' dir='ltr'>et</span> <span class='ocrx_word' id='word_1_507' title='bbox 2175 4244 2312 4306; x_wconf 89' lang='lat' dir='ltr'>fidei</span> <span class='ocrx_word' id='word_1_508' title='bbox 2340 4244 2703 4306; x_wconf 84' lang='lat' dir='ltr'>detrimento.</span> 
     </span>
    </p>
   </div>
  </div>
 </body>
</html>
