3221 5200
291 355 512 405 QcAEsr.
543 340 685 422 κη]
1194 363 1271 401 m:
1302 362 1552 402 rex-:osas
1581 361 1839 404 onum.
2582 349 2695 406 237

359 499 610 560 XXIV.
656 502 801 562 Cum
833 503 1146 564 Promissio
1174 511 1339 563 terrae
1371 503 1605 563 Canaan
1646 503 1783 563 data
1825 503 2049 581 Populo
2077 523 2193 563 non
2223 501 2394 563 fuerit
2433 503 2706 581 primaria

272 588 333 638 et
353 579 704 660 principalia,
736 583 838 642 sed
867 591 1091 645 tantum
1121 583 1460 643 secundaria
1480 593 1539 643 et
1565 583 1758 643 minus
1785 583 2091 661 praecipua,
2116 583 2315 642 addita
2340 603 2444 660 per
2469 584 2706 644 modum

278 665 513 743 πςοὼἱκης
537 687 551 742 ;
582 665 931 724 accessionis
952 664 1028 724 ad
1057 664 1383 742 primariam
1413 663 1486 723 de
1517 665 1645 722 Deo
1675 663 1870 723 futuro
1898 663 2079 741 ipsius
2111 664 2256 738 Dec,
2292 671 2352 722 et
2379 663 2613 741 quidem
2642 668 2700 725 in

278 745 495 821 pignus
532 754 592 805 et
639 746 967 824 symbolum
1019 744 1303 804 Canaanis
1352 743 1637 820 Caelestis,
1682 744 1851 822 cujus
1900 751 2023 802 erat
2066 751 2259 821 typus,
2309 743 2464 803 Heb.
2495 745 2593 823 iv„
2625 749 2701 806 ad

320 843 455 883 uam
487 825 690 885 Patres
724 825 1125 903 respiciebant,
1158 825 1313 884 Heb.
1357 824 1438 884 xi.
1473 827 1565 900 15,
1616 826 1729 900 163
1774 825 1907 882 Non
1934 830 2128 902 potest
2154 822 2267 881 nisi
2295 843 2592 900 perperam
2623 848 2698 886 ex

324 903 618 966 ‘versitate
646 905 814 966 istius
841 905 1237 984 promissionis
1265 904 1339 963 ab
1367 923 1453 979 ea,
1483 924 1614 982 quae
1643 903 1812 964 nobis
1839 903 2011 964 datur
2037 903 2097 961 in
2127 902 2470 980 Evangelio,
2501 906 2702 984 colligi

278 983 589 1045 diversitas
617 985 884 1063 specifica
912 984 1162 1060 foederis,
1193 984 1295 1044 sed
1324 992 1550 1044 tantum
1578 983 1888 1044 diversitas
1916 982 2380 1062 dispensationis,
2410 1003 2584 1060 quam
2612 987 2699 1045 in-

281 1064 473 1125 ferunt
500 1065 675 1125 etiam
718 1066 835 1125 alia
880 1064 1229 1140 discrimina,
1271 1065 1348 1123 V.
1392 1073 1451 1124 et
1479 1065 1553 1124 N.
1597 1064 1666 1122 Τ.
1713 1084 1841 1142 quse
1868 1064 1965 1123 hic
1993 1062 2310 1123 afferuntur
2358 1062 2430 1123 de
2479 1064 2699 1143 Spiritu

278 1145 596 1223 servitutis,
627 1143 737 1206 Sec.
766 1145 839 1206 de
867 1145 1078 1223 quibus
1106 1164 1294 1222 suprae
1322 1144 1541 1204 dictum
1570 1152 1677 1204 est.

359 1225 577 1285 XXV.
620 1225 806 1287 Aliud
832 1233 922 1286 est
948 1225 1109 1303 loqui
1136 1224 1208 1284 de
1240 1224 1397 1302 Lege
1428 1224 1487 1281 in
1514 1244 1595 1298 se,
1626 1243 1757 1300 quae
1797 1222 2001 1282 habuit
2029 1222 2277 1300 speciem
2305 1222 2539 1282 foederis
2566 1244 2701 1303 ope-

280 1326 427 1382 rum,
458 1315 520 1366 et
562 1306 683 1366 lata
718 1314 809 1365 est
848 1325 964 1364 non
1005 1305 1066 1362 in
1107 1324 1239 1364 eum
1280 1304 1454 1363 finem
1481 1311 1548 1364 ut
1588 1303 1927 1379 vivificaret,
1959 1302 2062 1362 sed
2110 1311 2176 1362 ut
2216 1304 2703 1380 transgressiones

283 1386 674 1464 exprobraret,
699 1385 1118 1445 confessionem
1140 1384 1322 1443 debiti
1350 1392 1740 1462 extorqueret,
1764 1391 1823 1442 et
1839 1383 1914 1441 ad
1935 1383 2227 1442 Christum
2255 1382 2700 1464 manuduceret;

286 1465 473 1526 Aliud
500 1466 573 1527 de
601 1466 728 1545 ipso
755 1466 971 1526 foedere
1003 1464 1303 1541 Sinai‘tico,
1323 1464 1384 1523 in
1413 1484 1529 1543 quo
1575 1465 1703 1524 Lex
1723 1464 1844 1524 lata
1864 1472 1970 1522 est.
2029 1463 2216 1522 Priori
2245 1482 2419 1522 sensu
2449 1463 2575 1523 Lex
2613 1466 2699 1525 di-

282 1546 433 1605 citur
477 1546 937 1625 chirographum
969 1545 1138 1605 nobis
1182 1546 1533 1605 contrarium
1574 1552 1635 1604 et
1681 1543 2064 1603 ministerium
2105 1542 2618 1621 condemnationis,
2662 1551 2700 1606 2

286 1626 419 1684 Cor.
468 1626 569 1701 iii„
601 1627 725 1686 Col.
754 1627 829 1701 ii3
877 1625 995 1686 Sed
1040 1624 1343 1703 posteriori
1374 1624 1593 1684 Foedus
1631 1624 1777 1684 illud
1804 1623 2008 1683 habuit
2035 1623 2193 1696 λέγω
2230 1621 2411 1699 ζῶντι,
2439 1623 2573 1684 Aet.
2597 1626 2702 1688 vii.

281 1708 380 1782 38,
411 1714 471 1765 et
496 1707 903 1786 promissiones
930 1706 1212 1767 salutares
1240 1706 1442 1784 gratiae
1471 1704 1685 1765 Christi
1713 1703 2014 1765 continuit.
