3221 5200
215 353 438 402 QuAEs'r.
470 331 566 411 uf!
1041 347 1120 386 m:
1149 347 1486 390 vocam-mm:
1516 348 1591 388 m·
1622 349 1779 390 mnf..
2512 333 2633 392 445

216 513 463 566 servum,
495 490 595 568 qui
623 508 753 548 cum
786 488 1019 548 Domini
1049 488 1140 547 sui
1166 488 1524 550 voluntatem
1556 491 1747 566 sciret,
1798 498 1857 549 et
1906 489 2091 548 facere
2139 490 2394 565 deberet,
2439 497 2633 550 tamen

214 592 319 630 nec
348 572 500 644 fecit,
532 590 638 628 nec
667 568 852 626 facere
882 568 1082 640 voluit,
1116 568 1259 627 Luc.
1289 569 1390 628 xii.
1435 574 1530 629 47.

296 651 441 708 VII.
490 651 644 706 Hinc
672 656 831 725 patet
858 667 973 705 non
1002 648 1182 723 quaeri
1212 648 1271 704 in
1300 668 1529 725 genere,
1564 650 1654 708 De
1702 648 2044 708 vocationis
2091 648 2206 706 fine
2252 668 2286 705 a
2336 658 2499 725 parte
2528 650 2630 726 rei,

213 750 385 807 quem
412 749 528 787 non
558 747 836 805 negamus
865 746 989 785 esse
1021 728 1297 803 salutem3
1344 729 1445 787 sed
1494 749 1528 787 a
1554 737 1718 806 parte
1743 728 1872 786 Dei.
1918 729 2066 801 Non,
2090 727 2188 785 An
2209 728 2370 787 Deus
2389 730 2634 805 gratiam

215 809 503 886 Reprobis
532 809 784 885 aliquam
830 806 1105 882 impertiri
1134 807 1294 880 velit,
1335 828 1452 884 prae
1484 808 1555 866 iis
1597 808 1699 884 qui
1726 809 1836 865 hoc
1884 807 2166 865 beneficio
2212 806 2631 884 destituuntur,

217 890 419 964 quales
440 898 574 947 sunt
595 886 847 961 Ethnici,
879 894 937 944 et
965 885 1064 943 alii
1094 886 1367 945 Infideles
1388 891 1416 947 Ρ
1503 888 1638 962 Sed,
1665 888 1762 944 An
1793 887 2038 964 gratiam
2069 887 2377 945 salutarem
2412 908 2513 946 seu
2543 908 2634 947 sa·

216 968 397 1027 lutem
425 968 544 1025 illis
573 968 709 1025 dare
742 965 1019 1040 intendat,
1050 986 1231 1042 eoque
1261 967 1502 1025 consilio
1531 987 1631 1025 eos
1662 976 1847 1037 vocet,
1877 976 1942 1024 ut
1969 967 2110 1024 fiant
2131 986 2331 1042 reapse
2361 968 2487 1043 ejus
2504 987 2634 1044 par-

215 1048 453 1125 ticipes3
487 1047 643 1124 quod
673 1045 724 1103 si
750 1045 917 1104 aliter
944 1045 1170 1118 accidit,
1191 1044 1253 1103 id
1281 1046 1513 1104 evenire
1541 1054 1750 1122 praeter
1779 1046 1889 1103 Dei
1920 1046 2241 1119 consilium,
2274 1054 2332 1106 et
2359 1066 2463 1123 per
2485 1048 2632 1105 acci-

217 1128 405 1186 dens?
448 1127 615 1201 Quod
644 1126 992 1202 pertendunt
1023 1123 1361 1183 Adversarii
1386 1148 1399 1200 ;
1446 1126 1568 1185 Nos
1596 1145 1894 1203 negamus,
1943 1126 2166 1183 Rursus
2194 1145 2310 1183 non
2340 1127 2635 1202 quaeritur,

217 1206 318 1264 An
347 1207 498 1265 idem
530 1206 604 1265 sit
632 1214 876 1264 eventus
905 1205 1243 1263 Vocationis
1286 1215 1540 1264 externae
1584 1213 1849 1283 respectu
1899 1205 2174 1278 omnium,
2207 1214 2265 1263 et
2294 1205 2393 1262 An
2435 1226 2638 1269 omnes

217 1287 429 1344 Vocati
458 1286 660 1344 eodem
689 1285 861 1343 modo
889 1284 1251 1343 afficiantur?
1294 1285 1575 1343 Fatentur
1603 1286 1755 1344 enim
1787 1284 1890 1360 illi,
1921 1304 2050 1359 cum
2097 1285 2307 1360 quibus
2349 1304 2442 1343 res
2470 1286 2640 1344 nobis

217 1375 323 1440 est,
348 1365 803 1424 diversissimum
834 1383 978 1438 esse,
1009 1371 1068 1422 et
1096 1364 1227 1422 illos
1255 1365 1488 1441 quidem
1519 1365 1618 1442 qui
1648 1366 1939 1423 coelestem
1987 1383 2189 1421 vocem
2239 1374 2637 1440 aspernantur,

218 1446 315 1503 vel
344 1465 458 1503 non
488 1444 807 1521 procedunt
833 1463 1015 1519 usque
1045 1443 1121 1501 ad
1148 1444 1457 1503 salutarem
1507 1444 1980 1521 resipiscentiam,
2033 1442 2114 1501 sic
2164 1443 2289 1501 fieri
2333 1444 2638 1503 inexcusa-

216 1524 403 1600 biles;
435 1525 580 1583 alios
609 1544 746 1582 vero
776 1523 876 1600 qui
903 1531 1122 1599 parent,
1153 1543 1350 1599 parere
1383 1525 1665 1601 singulari
1698 1524 1808 1582 Dei
1836 1524 2041 1600 gratia,
2078 1522 2326 1599 Spiritus
2371 1525 2459 1581 sui
2489 1526 2549 1582 vi
2581 1533 2641 1583 et

218 1603 469 1662 efficacia
497 1623 693 1661 eorum
721 1611 970 1661 mentem
995 1610 1053 1659 et
1080 1603 1283 1661 animae
1306 1603 1381 1660 ad
1398 1604 1737 1680 obsequium
1767 1603 2068 1676 flectentiS,
2093 1602 2246 1661 unde
2264 1610 2458 1679 pateat
2488 1605 2639 1662 salu-

219 1692 335 1740 tem
354 1703 527 1759 quam
546 1683 941 1759 adipiscuntur
963 1682 1032 1739 iis
1052 1680 1226 1740 fuisse
1245 1683 1589 1743 destinatam
1608 1706 1623 1743 ε
1657 1683 1790 1756 Sed,
1817 1682 1913 1740 An
1939 1682 2245 1758 disparitas
2262 1692 2506 1740 eventus
2525 1703 2639 1741 non

218 1771 426 1837 arguat
455 1761 848 1839 disparitatem
877 1761 1213 1820 intentionis
1243 1762 1301 1819 in
1345 1763 1644 1837 Vocante3
1692 1761 1791 1819 An
1829 1781 1968 1820 vero
1991 1781 2060 1819 eo
2082 1761 2274 1819 animo
2293 1770 2351 1819 et
2398 1763 2641 1820 consilio

225 1850 507 1901 vocentur
542 1861 759 1915 omnes,
782 1848 849 1898 ut
891 1840 1093 1897 salutis
1115 1840 1256 1898 fiant
1275 1842 1581 1919 participes
1601 1846 1631 1900 Ρ
1674 1841 1841 1914 Quod
1863 1849 2144 1915 asserunt,
2190 1841 2310 1898 Nos
2339 1861 2638 1917 negamus.

222 1947 630 1992 Probatur-Deum
643 1960 714 1991 se-
836 1919 1017 1976 VIII.
1063 1919 1339 1978 Rationes
1369 1930 1519 1994 sunt,
1556 1924 1607 1978 1.
1642 1920 1789 1994 Quia
1820 1920 1981 1978 Deus
2009 1940 2123 1976 non
2151 1928 2342 1996 potest
2379 1921 2643 1979 vocando

282 2008 587 2076 πίομαι-οἱα
618 2005 716 2049 Vo-
757 1998 1054 2056 intendere
1084 1998 1326 2055 salutem
1364 2018 1580 2072 eorum,
1633 2019 1778 2075 quos
1824 2000 1896 2056 ab
1947 2008 2160 2057 aeterno
2206 2000 2552 2075 reprobavit,
2585 2009 2643 2058 et

281 2070 473 2165 &2320
493 2063 710 2165 egffiffg
751 2077 962 2154 quibus
989 2077 1165 2135 fidem
1194 2084 1251 2134 et
1279 2077 1393 2135 alia
1419 2078 1610 2136 media
1639 2078 1712 2138 ad
1744 2078 1986 2136 salutem
2036 2077 2307 2136 ducentia
2355 2078 2642 2155 denegare

284 2154 510 2223 1020„th
539 2192 707 2223 eorum
751 2156 1009 2215 decrevit
1034 2179 1048 2215 ι
1092 2157 1235 2213 alias
1263 2157 1604 2232 intenderet,
1657 2157 1813 2234 quod
1862 2158 1971 2215 scit
2020 2156 2304 2215 voluntati
2352 2177 2470 2217 suae
2516 2178 2643 2217 esse

284 2237 512 2280 salutem.
746 2235 1111 2309 contrarium,
1143 2235 1410 2311 quodque
1440 2235 1501 2293 iu
1529 2245 1808 2295 aeternum
1835 2236 1998 2294 novit
2027 2256 2320 2312 nunquam
2365 2237 2640 2312 futurum,

226 2322 285 2371 et
312 2333 427 2370 non
456 2312 727 2388 futurum,
759 2315 895 2390 quia
923 2314 1046 2390 ipse
1073 2315 1184 2372 hoc
1210 2325 1483 2391 praestare
1512 2335 1630 2373 non
1675 2317 1819 2389 vult,
1867 2316 1966 2391 qui
2016 2316 2175 2373 solus
2202 2325 2394 2392 potest
2418 2340 2432 2392 ;
2484 2317 2642 2394 quod

227 2391 540 2468 sapientiae,
570 2391 817 2451 bonitati
838 2402 897 2452 et
923 2394 1196 2470 potentiae
1227 2394 1337 2452 Dei
1366 2415 1688 2472 repugnare
1718 2414 1886 2453 nemo
1914 2414 2030 2452 non
2058 2395 2238 2453 videt.

312 2471 429 2529 IX.
474 2476 529 2530 2.
575 2471 723 2545 Quia
754 2472 914 2531 Deus
956 2492 1071 2531 non
1122 2474 1369 2532 intendit
1415 2475 1590 2533 fidem
1636 2475 1695 2532 in
1749 2474 2037 2550 Reprobis
2070 2496 2083 2532 ε
2150 2474 2310 2550 Ergo
2339 2494 2447 2532 nec
2491 2476 2643 2534 salu-

228 2559 365 2624 tem,
415 2572 543 2629 quae
605 2553 728 2611 sine
774 2552 889 2612 fide
934 2553 1133 2613 haberi
1164 2553 1377 2630 nequit.
1453 2555 1583 2615 Non
1614 2554 1910 2614 intendere
1933 2562 2125 2612 autem
2147 2553 2321 2613 fidem
2351 2553 2647 2632 colligitur

229 2652 304 2689 ex
334 2653 401 2690 eo
430 2632 587 2708 quod
604 2633 745 2710 ipsis
773 2654 898 2692 eam
929 2655 1044 2692 non
1074 2634 1190 2707 dat,
1220 2654 1326 2692 nec
1356 2635 1490 2694 dare
1521 2636 1795 2709 decrevit,
1827 2635 1943 2692 imo
1992 2633 2275 2710 denegare
2327 2635 2644 2694 constituit.

230 2713 352 2771 Nec
373 2713 545 2789 juvat
573 2733 852 2790 regerere,
888 2714 1075 2772 Deum
1106 2734 1221 2772 non
1251 2715 1483 2790 quidem
1514 2715 1811 2774 intendere
1840 2734 1966 2773 eam
1997 2713 2217 2772 efficere
2249 2714 2305 2771 in
2339 2714 2643 2791 Reprobis,

229 2793 333 2851 sed
361 2793 658 2852 intendere
685 2803 878 2853 tamen
906 2803 964 2853 et
984 2792 1135 2852 velle
1164 2801 1229 2851 ut
1256 2793 1330 2851 ab
1359 2794 1500 2870 ipsis
1527 2795 1824 2854 habeatur.
1910 2794 2058 2868 Quia
2102 2794 2196 2851 vel
2243 2793 2486 2852 intentio
2536 2794 2648 2854 ista

228 2873 461 2949 respicit
490 2873 671 2949 ipsam
701 2874 785 2932 rei
812 2872 1222 2946 futuritionem‚
1254 2893 1368 2948 quo
1398 2895 1571 2933 sensu
1597 2895 1714 2933 non
1742 2882 1933 2950 potest
1972 2875 2132 2932 Deus
2162 2872 2276 2930 dici
2306 2893 2431 2931 eam
2461 2875 2644 2931 inten-

230 2950 383 3024 dere,
414 2953 551 3027 quia
579 2973 710 3010 cum
737 2973 854 3010 non
883 2952 1074 3010 danda
1102 2953 1176 3011 sit
1208 2953 1508 3030 ReprobiS,
1534 2955 1850 3012 intentione
1881 2973 1984 3010 sua
2026 2952 2356 3027 excideret;
2402 2954 2497 3010 vel
2525 2974 2645 3011 res-

228 3030 370 3104 picit
400 3039 622 3087 tantum
651 3032 1010 3089 voluntatem
1037 3032 1146 3088 hoc
1175 3043 1520 3108 praeceptutn
1553 3034 1692 3109 ipsis
1721 3032 1936 3105 dandi,-
1966 3050 2080 3106 quo
2131 3051 2302 3089 sensu
2331 3051 2445 3088 non
2469 3052 2643 3108 nega·

229 3126 360 3165 mus
379 3109 569 3166 Deum
586 3110 696 3166 hoc
715 3109 1009 3167 intendere
1034 3132 1047 3184 ;
1081 3109 1184 3166 sed
1213 3109 1296 3167 sic
1324 3111 1659 3169 refundetur
1686 3110 1760 3168 ad
1791 3110 2146 3167 voluntatem
2180 3110 2290 3167 Dei
2320 3110 2644 3186 approban-

232 3194 348 3244 tem
378 3197 436 3246 et
463 3187 905 3264 praeeipientem,
931 3187 1002 3245 de
1031 3207 1145 3263 qua
1174 3207 1288 3245 non
1307 3190 1514 3264 agitur.

315 3267 398 3325 X.
443 3270 499 3325 3.
545 3265 693 3340 Quia
743 3267 1006 3325 Christus
1032 3266 1092 3322 in
1138 3266 1457 3326 Vocatione
1511 3269 1555 3327 J
1559 3269 1852 3326 udaeorum
1900 3267 2270 3343 reproborum
2312 3275 2554 3326 testatur
2582 3289 2646 3329 se

230 3345 401 3403 finem
424 3347 781 3422 propositum
804 3346 1016 3404 habere
1036 3366 1231 3404 eorum
1259 3356 1587 3416 ἀνατολιγίιν.
1635 3349 1676 3407 J
1682 3348 1777 3406 ob.
1802 3348 1881 3406 ix.
1907 3349 2002 3420 39,
2025 3346 2236 3404 dicitur
2258 3347 2539 3406 “venisse
2568 3349 2645 3407 ad

231 3426 618 3484 exercendum
659 3426 962 3503 judicium,
1013 3434 1078 3484 ut
1105 3426 1204 3501 qui
1234 3425 1435 3484 vident
1488 3446 1603 3484 non
1654 3427 1950 3501 videant,’'
1982 3427 2059 3484 id.
2091 3426 2189 3503 qui
2211 3427 2552 3503 profitentur
2581 3449 2642 3488 se

231 3506 448 3580 videre,
481 3526 588 3564 nec
617 3506 820 3564 vident
848 3516 1057 3579 tamen,
1109 3504 1297 3581 magis
1336 3505 1635 3582 magisque
1666 3514 2050 3565 excoecentur.
2138 3507 2215 3563 Et
2244 3527 2366 3584 cap.
2416 3527 2516 3566 xv.
2541 3512 2637 3568 22.

235 3588 271 3618 “
299 3586 360 3644 Si
390 3606 504 3643 non
536 3586 841 3662 venissem,
872 3606 978 3645 nec
1028 3583 1102 3643 ad
1132 3585 1287 3662 ipsos
1314 3584 1542 3643 locutus
1570 3587 1824 3659 fuissem,
1857 3607 1971 3643 non
2013 3586 2292 3645 baberent
2320 3597 2641 3664 peceatum,

233 3685 385 3725 nune
415 3675 606 3724 autem
636 3667 1066 3725 excusationem
1096 3685 1212 3723 non
1241 3664 1456 3724 habent
1482 3667 1704 3742 peccati
1734 3666 1881 3724 sui.’'
1930 3667 2050 3724 Nec
2079 3666 2193 3724 dici
2223 3666 2410 3742 debet,
2446 3667 2638 3726 Chris-

231 3752 353 3803 tum
384 3766 498 3802 non
522 3746 680 3822 loqui
722 3746 793 3804 de
836 3746 1151 3805 intentione
1185 3744 1295 3802 Dei
1338 3747 1617 3822 vocantis,
1649 3747 1752 3805 sed
1782 3746 1851 3804 de
1876 3745 2216 3803 Vocationis
2244 3757 2472 3819 eventu,
2505 3749 2641 3823 quia

234 3823 396 3880 Deus
424 3825 607 3898 possit
634 3826 1054 3884 sanctissimam
1076 3824 1286 3882 habere
1316 3824 1711 3900 intentionem,
1744 3826 1836 3884 cui
1865 3833 2057 3883 tamen
2075 3833 2320 3883 eventus
2341 3825 2638 3902 haudqua-

233 3921 406 3978 quam
436 3903 797 3978 respondeat.
883 3904 1031 3977 Quia
1051 3904 1176 3960 Deo
1195 3903 1338 3959 nibil
1359 3923 1460 3977 per
1487 3905 1773 3978 accidenS,
1798 3913 1855 3962 et
1882 3912 2090 3979 praeter
2110 3903 2235 3979 ejus
2264 3904 2638 3962 intentionem

231 3981 565 4057 contingere
594 3990 802 4058 potest.
890 3982 1060 4040 Unde
1090 3981 1222 4039 talis
1251 3992 1493 4041 eventus
1521 4005 1557 4042 a
1587 3985 1714 4042 Deo
1742 3984 1815 4041 ab
1846 3992 2058 4040 aeterno
2106 3983 2359 4040 intentus
2382 4002 2507 4039 esse
2538 3983 2634 4042 de-

231 4061 348 4120 bet.
435 4061 603 4135 Quod
631 4081 769 4119 vero
825 4060 1055 4119 additur
1102 4080 1201 4118 eos
1227 4079 1344 4116 non
1371 4061 1672 4122 habituros
1726 4062 1902 4120 fuisse
1951 4069 2265 4137 peccatum,
2298 4063 2346 4119 si
2377 4061 2640 4121 Christus

233 4161 350 4200 non
378 4141 650 4216 venisset,
680 4162 798 4199 non
825 4141 1086 4199 absolute
1115 4148 1174 4198 et
1202 4139 1538 4215 simpliciter
1564 4151 1653 4201 est
1700 4140 2158 4217 intelligendum,
2192 4141 2293 4199 sed
2322 4140 2637 4200 seeundum

234 4221 392 4297 quid,
434 4221 702 4280 nimirum
730 4220 923 4298 quoad
951 4227 1338 4295 contemptum
1363 4229 1421 4278 et
1463 4223 1741 4299 rejectum
1792 4220 2176 4297 Evangelium
2205 4220 2348 4298 ipsis
2392 4239 2506 4277 non
2537 4241 2636 4279 an-

234 4303 585 4376 nunciatum,
617 4309 683 4360 ut
736 4301 950 4360 factum
980 4299 1089 4358 fuit
1133 4306 1264 4376 post
1320 4317 1516 4359 eorum
1567 4301 1947 4375 vocationem,
2001 4299 2103 4357 sed
2131 4320 2246 4359 non
2296 4300 2638 4361 desinebant

235 4381 319 4438 rei
348 4401 473 4440 esse
502 4391 803 4458 propterea
830 4389 1195 4459 peccatorum
1224 4377 1502 4439 adversus
1532 4382 1748 4458 Legem
1780 4381 2232 4442 commissorum.

340 4459 458 4517 XI.
519 4463 575 4518 4.
642 4461 791 4535 Quia
845 4462 944 4538 qui
1000 4468 1281 4520 vocantur
1336 4480 1464 4519 cum
1522 4461 1838 4520 intentione
1895 4459 2115 4535 salutis,
2171 4469 2455 4520 vocantur
2508 4470 2640 4515 aava

239 4545 464 4613 «εὐέκτης
496 4541 632 4615 quia
660 4542 902 4600 intentio
931 4542 1042 4600 ista
1070 4550 1159 4600 est
1185 4545 1349 4599 actus
1373 4542 1690 4601 Electionis
1719 4551 1776 4600 et
1804 4540 2041 4600 effectus
2071 4549 2318 4614 reatinus·
2404 4540 2489 4600 At
2518 4563 2637 4602 cer-

238 4625 356 4676 tum
388 4626 477 4677 est
522 4619 714 4692 nullos
736 4621 1009 4698 reprobos
1055 4622 1248 4680 vocari
1275 4632 1401 4677 κατὰ
1424 4631 1632 4694 radun,
1674 4622 1810 4698 quia
1839 4622 1921 4679 sic
1977 4631 2035 4681 et
2073 4622 2260 4680 Deum
2310 4620 2637 4699 diligerent,
