3221 5200
456 324 568 381 182
1336 339 1518 379 Locus
1547 339 1946 380 nuonscmus,
2493 319 2749 401 [QuAEsr.
2781 344 2862 383 vn

451 490 860 555 transversum,
892 489 957 539 ut
984 480 1172 539 aliena
1199 480 1273 538 ab
1302 479 1372 538 iis
1404 480 1575 538 etiam
1614 479 1881 556 proferat,
1913 498 2043 556 quae
2070 479 2322 538 maxime
2352 491 2643 559 comperta
2669 483 2861 557 habet,

451 561 588 637 quia
615 579 683 618 eo
712 569 1002 618 momento
1030 559 1131 617 illa
1158 579 1274 618 non
1302 568 1535 618 revocat
1562 559 1638 617 ad
1666 559 1939 618 animum.

533 638 778 698 XLIII.
825 638 1253 716 Discipulorum
1283 648 1482 715 stupor
1509 646 1567 697 et
1595 638 1980 697 consternatio
2007 658 2125 697 non
2151 639 2492 717 praejudicat
2518 641 2614 700 vel
2643 642 2862 701 revela-

453 719 613 793 tioni,
644 720 740 777 vel
770 718 905 776 fidei
934 728 992 777 et
1020 718 1417 795 intelligentiae
1444 717 1722 794 aliorum3
1767 738 1882 777 non
1913 718 2324 778 intellexerunt
2361 719 2464 794 illi,
2496 721 2653 796 quod
2693 721 2862 780 intel·

451 800 633 876 ligere
661 807 972 877 potuerunt
999 806 1058 856 et
1085 797 1422 872 debuerunt,
1454 797 1723 874 quodque
1764 798 1847 876 pii
1888 807 2021 856 ante
2066 799 2221 875 ipsos
2250 806 2309 857 et
2344 800 2518 876 juxta
2560 801 2716 877 ipsos
2759 821 2866 878 pro

453 899 722 938 mensura
748 879 882 937 fidei
911 878 1089 955 probe
1118 876 1543 951 intellexerunt,
1574 878 1787 937 Matth.
1816 878 1981 936 xxvi.
2016 881 2108 936 12.
2180 879 2259 936 Et
2288 879 2337 936 si
2365 880 2702 955 mysterium
2725 890 2862 939 tunc

454 961 614 1018 nullo
643 959 816 1018 modo
842 957 1126 1034 potuisset
1153 956 1420 1034 intelligi,
1442 976 1561 1015 non
1580 965 1917 1034 peccassent
1941 958 2228 1035 Discipuli
2244 958 2306 1016 id
2326 978 2441 1015 non
2465 958 2861 1037 intelligendO,

455 1040 591 1117 quia
619 1058 788 1097 nemo
816 1038 1108 1113 obligatur
1134 1036 1208 1095 ad
1249 1036 1365 1095 tale
1408 1036 1780 1113 impossibile,
1825 1037 1984 1114 quod
2024 1037 2282 1097 fecerunt
2319 1047 2527 1113 tamen,
2566 1039 2719 1097 unde
2747 1060 2864 1098 non

457 1119 632 1178 semel
675 1126 792 1176 tam
836 1136 1035 1175 severe
1063 1136 1098 1174 a
1127 1115 1357 1175 Christo
1396 1115 1628 1175 fuerunt
1667 1126 1969 1194 propterea
2011 1116 2322 1195 objurgati,
2355 1118 2565 1176 Matth.
2595 1118 2717 1177 xvi.
2748 1123 2861 1196 233

457 1199 598 1257 Luc.
631 1197 794 1255 xxiv.
824 1199 919 1271 25,
951 1199 1051 1254 26.
1134 1196 1256 1254 Nec
1284 1215 1429 1273 opus
1458 1195 1566 1255 fuit
1592 1195 1862 1255 fidelibus
1890 1197 1965 1255 ad
1998 1198 2274 1274 mysteria
2302 1197 2414 1256 ista
2441 1199 2863 1275 cognoscenda,

456 1278 585 1336 aliis
613 1277 796 1336 oculis
824 1296 997 1354 quam
1039 1274 1192 1351 fidei,
1237 1275 1447 1352 quibus
1489 1275 1549 1333 in
1582 1276 1803 1334 umbris
1833 1296 2058 1353 corpus,
2104 1276 2164 1334 in
2191 1276 2481 1335 vaticiniis
2509 1279 2777 1337 nucleum
2806 1289 2867 1338 et

455 1357 757 1417 veritatem
787 1356 1068 1416 viderent.

539 1437 773 1495 XLIV.
818 1436 1097 1512 Quamvis
1128 1436 1289 1494 Deus
1327 1436 1647 1512 corporalia
1686 1437 1840 1495 bona
1877 1457 1979 1513 per
2025 1438 2251 1495 Mosem
2293 1437 2354 1495 in
2383 1437 2459 1495 V.
2490 1438 2650 1497 Test.
2695 1439 2862 1515 polli-

456 1526 669 1589 ceatur,
714 1537 830 1576 non
871 1515 938 1574 fit
977 1523 1171 1574 tamen
1212 1514 1510 1574 exclusive
1552 1514 1626 1572 ad
1669 1516 2007 1592 spiritualia,
2055 1537 2185 1592 quae
2236 1537 2387 1592 saepe
2433 1518 2861 1593 promittuntur,

459 1596 648 1655 Exod.
680 1596 888 1655 xxxiv.
919 1597 973 1671 6,
1007 1600 1077 1670 7;
1120 1595 1263 1654 LeV.
1296 1595 1462 1652 xxvi.
1490 1597 1582 1667 12,
1606 1597 1704 1669 41,
1729 1598 1825 1668 42,
1857 1598 1969 1667 443
2016 1596 2190 1654 Deut.
2222 1596 2386 1654 xviii.
2423 1599 2513 1670 15,
2546 1605 2604 1656 et
2634 1618 2773 1674 seq.,
2805 1608 2866 1657 et

457 1697 601 1734 xxx.
642 1679 698 1750 2,
739 1678 794 1750 3,
827 1679 882 1751 6,
919 1678 1009 1749 11,
1054 1678 1147 1733 12.
1233 1674 1361 1733 Imo
1398 1683 1593 1750 aperte
1637 1674 1777 1732 satis
1819 1675 1877 1731 in
1920 1674 2166 1733 formula
2205 1674 2439 1733 foederis
2480 1677 2866 1737 continentur.

457 1756 609 1830 Quin
640 1755 764 1833 ipsa
779 1756 932 1814 bona
953 1754 1271 1832 corporalia
1289 1753 1633 1812 documenta
1654 1762 1713 1812 et
1730 1753 1994 1830 symbola
2015 1754 2245 1812 fuerunt
2267 1754 2668 1830 spiritualium,
2689 1757 2863 1815 Rom.

456 1836 534 1895 iv.
572 1838 663 1911 12,
696 1834 814 1910 &03
863 1838 892 1893 1
928 1835 1057 1894 Cor.
1089 1855 1147 1893 x.
1184 1836 1233 1909 1,
1280 1838 1334 1908 2,
1368 1836 1438 1906 33
1487 1833 1641 1893 Heb.
1670 1832 1751 1891 xi.
1793 1835 1847 1907 8,
1891 1836 1945 1910 9,
1982 1836 2075 1892 10.
2163 1834 2241 1891 Et
2282 1854 2556 1910 expressa
2596 1835 2662 1894 fit
2704 1857 2863 1894 men·

457 1916 538 1974 tio
566 1916 703 1974 vitae
746 1923 991 1989 aeternae,
1026 1914 1105 1972 Is.
1140 1914 1263 1970 xlv.
1299 1917 1390 1988 17,
1426 1914 1574 1970 Dan.
1606 1912 1709 1972 xii.
1741 1917 1795 1987 2,
1830 1912 1926 1971 Ps.
1958 1913 2080 1971 xvi.
2116 1915 2207 1987 11,
2250 1912 2391 1972 licet
2429 1933 2535 1972 nec
2565 1922 2683 1972 tam
2711 1916 2866 1974 clare

455 1995 712 2053 revelata
739 1995 831 2068 sit,
863 2015 969 2053 nec
998 2003 1116 2052 tam
1144 1993 1344 2051 multis
1372 2000 1544 2069 atque
1573 2012 1746 2051 nunc.
2925 2005 2932 2006 ⁷

543 2074 741 2132 XLV.
791 2074 1041 2152 Spiritus
1087 2073 1145 2131 S.
1176 2071 1389 2131 donum
1432 2071 1787 2150 promittitur
1829 2071 1936 2130 sub
1981 2072 2053 2130 N.
2085 2072 2153 2131 T.
2192 2092 2308 2131 non
2338 2072 2526 2149 simpl.
2557 2073 2724 2149 quasi
2765 2073 2862 2132 de·

455 2153 628 2212 fuerit
645 2154 906 2212 absolute
928 2152 1112 2211 veteri
1135 2152 1412 2210 Ecclesiae
1441 2161 1641 2210 contra
1658 2151 1828 2209 fidem
1852 2152 2125 2225 locorum,
2151 2152 2247 2209 Ps.
2266 2151 2328 2209 li.
2362 2155 2453 2224 11,
2485 2153 2576 2228 12,
2596 2161 2655 2212 et
2683 2153 2863 2212 cxliii.

459 2236 553 2307 10,
586 2234 666 2291 Is.
697 2233 841 2291 xliv.
872 2235 926 2306 3,
958 2242 1018 2291 et
1041 2231 1147 2290 lix.
1179 2235 1275 2306 21,
1308 2231 1521 2290 Ezech.
1560 2231 1768 2290 xxxvi.
1810 2234 1907 2305 27,
1939 2240 1998 2289 et
2026 2232 2236 2289 xxxix.
2267 2234 2363 2304 29,
2396 2232 2554 2309 Hag.
2583 2233 2642 2291 ii.
2674 2236 2727 2308 5,
2761 2233 2865 2292 sed

456 2311 773 2372 secundum
801 2311 959 2389 quid,
990 2320 1274 2387 quatenus
1302 2318 1424 2370 tum
1466 2310 1713 2387 parciuS,
1753 2320 1874 2370 tum
1917 2310 2284 2388 paucioribus
2312 2311 2705 2387 dispensatum
2736 2313 2865 2387 fuit,

455 2412 523 2450 ac
551 2391 735 2450 veluti
776 2391 1065 2467 guttatim.
1151 2390 1320 2449 Nunc
1358 2411 1497 2449 vero
1539 2410 1753 2466 magna
1794 2390 1976 2466 copia,
2022 2400 2080 2449 et
2120 2391 2303 2449 instar
2329 2393 2582 2467 fluminis
2623 2392 2868 2454 inundat

456 2480 636 2531 totam
669 2469 1008 2545 Ecclesiam,
1038 2469 1253 2529 Johan.
1284 2469 1386 2527 vii.
1419 2472 1515 2542 39,
1561 2469 1716 2545 quod
1760 2469 1853 2527 die
1894 2470 2267 2529 Pentecostes
2309 2471 2638 2530 inchoatum
2668 2472 2872 2529 visibi—

457 2550 607 2626 liter,
640 2549 777 2609 Act.
807 2549 867 2608 ii.
894 2552 965 2608 17
973 2592 987 2623 ,
1018 2550 1113 2621 18,
1144 2548 1465 2608 continuari
1496 2548 1669 2608 debet
1697 2548 2069 2608 invisibiliter
2096 2549 2203 2609 sub
2231 2569 2411 2625 regno
2443 2550 2654 2610 Christi
2684 2569 2867 2626 usque

459 2630 534 2688 ad
561 2629 1111 2688 consummationem
1141 2627 1342 2687 seculi.

1390 2868 1777 2945 QUAESTIO
1819 2866 1930 2928 v1.

1110 3049 1188 3089 DE
1217 3048 1484 3091 FOEDERIS
1513 3049 1757 3090 GRATIAE
1788 3049 2214 3090 AMPLITUmNE.

547 3194 640 3253 An
669 3194 878 3252 Foedus
912 3191 1136 3253 Gv‘atioe
1162 3210 1408 3268 unquam
1436 3191 1750 3250 universale
1760 3191 1962 3265 ficerit,
1993 3193 2081 3249 vel
2105 3192 2299 3267 quoad
2321 3191 2667 3265 oblationem,
2698 3194 2788 3249 vel

1197 3274 1392 3348 quoad
1414 3272 1847 3346 acceptationem
1865 3273 1892 3328 ἓ
1974 3269 2030 3327 N
2032 3290 2123 3346 eg.

665 3496 675 3508 ⁸
1064 3430 1112 3487 Ι.
1146 3428 1399 3503 Quaestio
1420 3429 1546 3486 haec
1566 3436 1832 3487 versatur
1853 3426 2005 3486 circa
2031 3429 2311 3501 objectum
2335 3426 2596 3483 Foederis
2620 3425 2867 3499 Gratiae3

511 3495 708 3564 0⁰⁰⁸¹f¹⁰
727 3494 897 3564 9⁰⁸⁸·
985 3508 1126 3580 Quae
1168 3507 1337 3565 nobis
1378 3515 1645 3564 movetur
1685 3526 1721 3564 a
1766 3505 2032 3563 Patronis
2075 3505 2296 3564 Gratiae
2325 3503 2686 3574 universalis,
2733 3505 2870 3563 licet

619 3556 781 3597 ‘'⁰¹¹²'‘
980 3585 1197 3662 dispari
1224 3585 1396 3643 modo
1425 3592 1484 3643 et
1523 3585 1655 3643 fine.
1745 3585 1828 3643 Ut
1869 3583 2022 3641 enim
2062 3583 2287 3659 possint
2313 3582 2453 3641 Sicu
2491 3603 2653 3641 suam
2681 3580 2863 3654 διαφυ-

456 3667 658 3724 λάττω
685 3665 757 3725 de
784 3664 1219 3724 universalitate
1252 3662 1486 3738 Gratiae,
1519 3672 1789 3722 tenentur
1826 3661 2074 3735 foederis,
2108 3682 2223 3738 quo
2254 3662 2458 3720 Gratia
2486 3662 2866 3738 dispensatur,

457 3746 950 3805 universalitatem
979 3743 1144 3818 tueri,
1170 3752 1235 3802 ut
1262 3762 1431 3801 nemo
1461 3743 1547 3801 sit·
1564 3742 1909 3816 mortalium,
1935 3741 2035 3817 qui
2064 3741 2264 3800 foederi
2295 3741 2390 3800 isti
2422 3761 2526 3800 suo
2554 3741 2725 3800 modo
2754 3763 2870 3800 non

456 3826 661 3900 subsit,
693 3834 752 3884 et
777 3844 910 3884 cum
938 3843 1053 3900 quo
1082 3843 1197 3881 non
1228 3822 1303 3881 sit
1343 3821 1568 3881 initum.
1657 3822 1733 3880 Et
1770 3820 2049 3879 rationem
2090 3829 2294 3898 petunt
2332 3822 2405 3879 ab
2434 3821 2869 3881 universalitate

456 3906 657 3965 mortis
688 3903 918 3978 Christi,
964 3923 1138 3980 quam
1180 3901 1540 3961 fundamenti
1579 3902 1711 3959 loco
1754 3901 2128 3960 substernunt
2163 3900 2396 3959 Foederi
2427 3901 2679 3974 Gratiae3
2729 3902 2872 3960 Ideo

456 3987 609 4044 enim
651 3993 857 4064 putant
885 3984 1178 4042 Christum
1219 3990 1509 4040 mortuum
1547 4000 1674 4039 esse
1713 4000 1817 4058 pro
1863 3980 2145 4053 omnibus,
2194 3989 2258 4039 ut
2306 3981 2433 4039 Deo
2479 3981 2873 4057 acquireretur

454 4074 711 4144 potestas
738 4084 954 4124 novum
985 4062 1362 4200 Foffilusficum
1394 4060 2358 4199 Gtcvzpetitgshumainolconttrahendi.t
2436 4140 2476 4198 t·
2756 4140 2769 4153 ⁸

1132 4186 1147 4200 .
1251 4161 1436 4200 emon-s
1493 4160 1570 4199 an
1696 4159 1754 4197 m
1838 4159 1904 4198 ec
1929 4158 2027 4197 ara
2056 4159 2185 4198 ione
2229 4160 2332 4197 sen
2359 4159 2430 4198 en
2461 4161 2531 4198 1ae
2570 4159 2689 4198 suae
2719 4160 2871 4199 circa

458 4209 938 4281 Sententia-Bomon-
980 4222 1171 4281 Artic.
1213 4221 1272 4279 ii.
1310 4220 1382 4279 de
1427 4221 1618 4279 Morte
1661 4218 1892 4292 Christi,
1937 4238 1992 4295 p.
2038 4222 2136 4278 28.
2187 4219 2530 4277 sententiam
2577 4239 2739 4278 suam
2788 4220 2871 4276 sic

559 4273 838 4313 stu-aunum.
981 4312 1299 4379 exponunt,
1352 4303 1388 4333 ‘⁶
1412 4300 1676 4358 Christus
1724 4298 1926 4356 merito
1977 4298 2178 4357 mortis
2227 4318 2346 4357 suae
2395 4299 2584 4357 Deum
2638 4299 2870 4357 Patrem

456 4384 729 4442 universo
768 4382 984 4443 Generi
1025 4382 1276 4441 humano
1319 4381 1597 4438 hactenus
1627 4377 2037 4451 reconciliavit,
2083 4386 2148 4435 ut
2193 4377 2366 4435 Pater
2410 4385 2644 4454 proptor
2688 4378 2872 4453 ipsius

456 4463 740 4538 meritum,
772 4462 936 4521 salva
969 4461 1198 4538 justitia
1225 4468 1285 4518 et
1311 4458 1553 4518 veritate
1597 4477 1718 4530 sua,
1754 4476 1972 4515 novum
2014 4456 2215 4533 gratiae
2245 4456 2464 4515 Foedus
2493 4476 2623 4514 cum
2664 4476 2867 4534 pecca·

458 4541 680 4599 toribus
707 4550 766 4600 et
793 4541 1149 4600 damnationi
1181 4539 1452 4598 obnoxiis
1491 4537 1824 4596 hominibus
1865 4535 2008 4593 inire
2038 4556 2105 4593 ac
2134 4534 2356 4593 sancire
2399 4536 2650 4612 potuerit
2678 4544 2737 4594 et
2766 4556 2869 4594 vo-

456 4619 688 4679 luerit.”
775 4620 993 4678 Foedus
1041 4629 1233 4679 autem
1275 4617 1431 4677 istud
1473 4637 1708 4692 novum,
1754 4616 1834 4675 ita
1875 4623 2109 4692 pactum
2150 4634 2279 4673 cum
2326 4614 2597 4672 universo
2642 4616 2872 4674 Genere
