3221 5200
311 378 538 428 QuAEs‘r.
568 357 726 439 xva]
1329 375 1408 415 na
1438 376 1590 417 asoa
1622 375 1741 416 ns1.
2638 360 2717 418 95

309 519 411 577 bat
440 538 503 578 se
534 516 719 594 sequi,
762 523 986 593 patrem
1013 514 1272 592 sepelire,
1302 522 1368 575 ut
1395 514 1600 575 doceat
1628 514 1885 573 divinam
1914 514 2277 573 vocationem
2305 515 2717 591 praeferendam

311 618 440 659 esse
466 607 722 675 paternus
750 595 1077 672 sepulturae,
1107 593 1187 653 id.
1218 594 1417 653 officiis
1445 595 1779 672 parentibus
1801 594 2046 668 debitis;
2096 594 2145 651 N
2152 614 2225 651 on
2249 595 2508 670 sequitur
2534 595 2717 674 filium

313 700 348 736 a
378 678 608 736 Christo
636 695 753 734 non
790 682 1077 748 vocatum,
1122 673 1246 732 sine
1287 675 1649 748 necessitate,
1692 673 1876 732 invito
1917 681 2170 750 parente,
2215 682 2415 732 votum
2458 675 2718 734 emittere

313 776 501 834 posse,
554 775 669 832 quo
712 755 774 812 in
820 763 1163 831 perpetuum
1213 772 1275 812 se
1323 753 1596 830 potestati
1642 761 1945 830 parentum
1994 752 2296 811 subducat.
2396 752 2581 812 Aliud
2630 763 2719 813 est

316 835 609 896 Christum
639 841 940 892 vocantem
974 833 1170 908 sequi;
1216 832 1403 890 Aliud
1443 834 1581 892 vitae
1609 852 1794 909 genus
1826 831 2209 890 monasticum
2248 832 2371 890 sine
2412 833 2718 892 vocatione

313 923 373 974 et
493 936 521 972 r
549 915 924 992 {magandan
952 912 1258 987 amplecti:
1302 911 1485 970 Aliud
1524 921 1792 989 parentes
1820 920 2093 985 mortuos,
2136 910 2419 988 imprimis
2460 912 2511 969 si
2548 913 2715 988 spiri·

309 934 543 1052 ωαὲἶθι·
570 993 745 1051 etiam
773 992 890 1051 sint
917 991 1145 1065 mortui,
1176 991 1538 1068 sepeliendos
1566 991 1809 1049 mortuis
1836 991 2192 1066 relinquere;
2236 990 2421 1048 Aliud
2449 1001 2716 1067 parentes

308 1073 576 1131 viventes
606 1071 981 1149 spiritualiter
1001 1078 1060 1129 et
1081 1070 1472 1147 temporaliter
1491 1070 1755 1146 abiicere,
1781 1079 1840 1128 et
1860 1089 1923 1127 se
1943 1070 2159 1128 fictitiis
2187 1070 2536 1146 parentibus,
2562 1090 2714 1148 saepe

309 1151 369 1210 in
396 1161 633 1229 peccato
662 1151 923 1223 mortuiS,
954 1149 1239 1209 addicere.

729 1283 740 1295 ,
914 1229 1095 1287 XIV.
1139 1228 1406 1288 Secunda
1434 1229 1691 1303 Quaestio
1717 1228 1951 1306 respicit
1979 1248 2297 1288 consensum
2318 1231 2627 1289 Parentum
2657 1230 2718 1288 in

311 1284 789 1388 Βῖἷξὲἒζεξξξξὲζζ
830 1308 1232 1383 matrimonio;
1279 1308 1380 1366 An
1419 1308 1592 1367 liceat
1631 1308 1848 1384 liberis,
1888 1309 2089 1367 invitis
2129 1309 2479 1384 parentibus,
2520 1311 2715 1368 matri-

366 1406 560 1445 rentum
587 1400 790 1445 necessi-
832 1388 1089 1446 monium
1127 1389 1480 1446 contrahere.
1565 1388 1708 1461 Quae
1747 1387 2073 1446 necessaria
2116 1396 2220 1462 est,
2268 1408 2383 1446 non
2425 1389 2597 1447 modo
2642 1389 2719 1447 ad

369 1459 791 1561 tawlixssematrimo-
834 1465 1210 1526 coercendam
1250 1466 1542 1525 licentiam
1580 1467 1921 1544 juvenilem,
1951 1486 2081 1543 quae
2109 1467 2241 1544 plus
2276 1467 2438 1543 justo
2469 1468 2579 1526 sibi
2606 1469 2716 1527 hac

369 1529 451 1560 ¹¹¹⁰
492 1530 508 1559 ¹
571 1529 752 1560 rorum.
828 1546 895 1607 in
922 1555 1084 1623 parte
1112 1545 1394 1622 indulget,
1425 1545 1598 1603 fidem
1626 1546 1974 1605 matrimonii
1997 1546 2107 1604 sibi
2136 1554 2335 1604 mutuo
2358 1546 2567 1622 dand0,
2598 1549 2716 1606 imo

311 1636 371 1685 et
409 1645 820 1703 nonnunquam
861 1625 1207 1702 praestando,
1250 1624 1587 1702 parentibus
1615 1625 1713 1683 vel
1753 1624 2095 1683 inconsultis
2141 1626 2237 1684 vel
2280 1626 2453 1683 etiam
2495 1626 2713 1700 invitis,

312 1707 418 1764 sed
457 1715 515 1765 et
554 1715 787 1784 propter
816 1704 1169 1779 Pontificios‚
1201 1723 1443 1780 quorum
1474 1704 1760 1762 sententia
1786 1704 1959 1761 nimis
1986 1704 2144 1763 favet
2183 1704 2317 1762 huic
2345 1707 2547 1782 ἀταξίᾳ,
2580 1706 2714 1765 vide

305 1786 469 1844 Sess,
501 1790 596 1842 24.
642 1784 839 1843 Conci.
871 1782 1030 1841 Trid.
1062 1804 1185 1860 cap.
1217 1784 1254 1841 i.
1284 1784 1358 1841 de
1381 1783 1635 1841 Reform.
1664 1783 2051 1841 matrimonii:
2097 1786 2133 1816 ‘⁴
2158 1783 2556 1842 Dubitandum
2598 1804 2714 1842 non

305 1873 402 1924 est
428 1863 784 1923 clandestina
809 1862 1174 1920 matrimonia
1212 1862 1395 1921 libero
1424 1882 1709 1921 consensu
1749 1862 1917 1936 facta,
1961 1870 2087 1920 rata
2114 1870 2172 1920 et
2198 1882 2338 1920 vera
2363 1883 2490 1922 esse
2518 1863 2712 1921 matri·

311 1944 519 2017 monia,
549 1942 827 2020 quamdiu
857 1941 1122 2000 Ecclesia
1150 1961 1218 2000 ea
1257 1941 1419 2000 irrita
1458 1961 1575 1999 non
1619 1941 1789 2017 fecit,
1834 1949 1893 2000 et
1932 1941 2173 2018 proinde
2210 1942 2342 2018 jure
2388 1950 2523 2001 sunt
2551 1943 2711 2000 dam-

309 2024 486 2081 nandi
514 2031 573 2082 et
593 2020 983 2080 Anathemate
1006 2039 1105 2079 cos
1127 2020 1362 2080 damnat
1394 2021 1606 2079 Sancta
1638 2021 1927 2097 Synodus,
1958 2019 2057 2098 qui
2081 2041 2150 2079 ea
2169 2041 2308 2079 vera
2330 2041 2455 2079 esse
2477 2031 2710 2098 negant,

307 2102 524 2178 quique
552 2101 838 2159 affirmant
862 2100 1228 2159 matrimonia
1253 2100 1503 2158 filiorum
1531 2101 1656 2159 sine
1684 2119 1968 2158 consensu
2008 2110 2312 2177 parentum
2353 2100 2520 2176 facta,
2553 2101 2715 2160 irrita

308 2200 454 2255 esse,
485 2190 543 2240 et
569 2189 837 2257 parentes
865 2198 933 2237 ea
957 2186 1084 2237 rata
1111 2180 1206 2237 vel
1237 2179 1396 2238 irrita
1422 2179 1609 2238 facere
1637 2180 1866 2256 posse,”
1899 2177 2007 2237 &a
2066 2180 2338 2238 Bellarm.
2367 2200 2711 2240 consensum

307 2260 543 2396 quiden&
563 2260 872 2317 Parentum
892 2259 1023 2318 vult
1043 2277 1170 2317 esse
1192 2258 1266 2317 de
1283 2261 1581 2333 honestate,
1602 2258 1708 2317 sed
1728 2278 1845 2317 non
1865 2257 1937 2316 de
1958 2260 2291 2333 necessitate,
2316 2259 2403 2318 De
2424 2261 2709 2319 matr-imo.

305 2359 375 2397 ca
419 2383 434 2396 .
467 2342 498 2396 1
548 2381 561 2394 .

376 2359 415 2416 Ρ
910 2416 1054 2475 XV.
1100 2415 1426 2476 Orthodoxi
1466 2424 1667 2475 contra
1708 2423 1969 2475 statuunt
2005 2436 2121 2474 non
2149 2425 2373 2475 tantum
2401 2417 2473 2476 de
2501 2418 2709 2478 hones-

827 2503 961 2571 tate,
995 2495 1099 2555 sed
1124 2496 1299 2555 etiam
1327 2496 1400 2554 de
1429 2497 1772 2555 necessitate
1795 2516 1921 2555 esse
1949 2515 2292 2555 consensum
2321 2507 2620 2574 parentum
2651 2499 2711 2556 in

825 2575 1047 2653 nuptiis
1073 2575 1402 2651 liberorum,
1433 2585 1499 2636 ut
1526 2576 1745 2653 absque
1774 2596 1843 2635 eo
1871 2596 1988 2635 non
2017 2576 2134 2636 sint
2172 2577 2446 2655 legitimae
2474 2578 2707 2656 nuptiae,

299 2664 357 2716 et
396 2655 589 2714 dirimi
636 2674 868 2732 quoque
909 2655 1151 2731 possint.
1234 2656 1336 2714 Ad
1377 2656 1726 2731 Quaestionis
1771 2665 1984 2715 statum
2029 2657 2290 2732 observa,
2339 2660 2391 2715 1.
2433 2658 2550 2716 Hic
2593 2678 2710 2716 non

300 2737 495 2812 quau-i,
542 2735 642 2793 An
686 2733 877 2811 patria
916 2741 1173 2809 potestas
1213 2754 1276 2794 se
1317 2755 1387 2794 eo
1434 2755 1619 2812 usque
1664 2735 1958 2811 extendat,
2006 2745 2071 2795 ut
2115 2737 2329 2795 invitos
2376 2736 2590 2796 liberos
2635 2739 2711 2797 ad

301 2815 728 2873 matrimonium
766 2832 977 2889 cogere
1017 2813 1256 2889 possint,
1301 2823 1360 2874 et
1401 2815 1525 2874 sine
1567 2835 1765 2874 corum
1794 2836 2078 2874 consensu
2107 2816 2178 2873 de
2208 2817 2375 2892 conju
2425 2816 2553 2876 'bus
2595 2818 2711 2877 illis

304 2893 639 2969 providere3
668 2893 781 2951 hoc
810 2892 964 2950 enim
993 2892 1261 2969 utrinque
1288 2904 1551 2971 negatur.
1610 2899 1667 2952 2.
1687 2895 1820 2953 Non
1848 2895 2028 2971 quaeri
2056 2895 2128 2953 de
2149 2837 2493 2954 Parentiffus
2520 2905 2712 2956 mente

307 2973 490 3047 captis
528 2981 589 3030 et
627 2972 875 3047 furiosis,
907 2971 1006 3029 vel
1045 2972 1108 3029 in
1148 2973 1382 3049 regione
1422 2973 1597 3050 longe
1627 2973 1832 3033 dissita
1860 2974 2122 3050 captivis,
2167 2974 2269 3050 qui
2311 2994 2427 3032 non
2468 2984 2713 3051 possunt

310 3069 653 3109 consensum
681 3050 851 3125 dare;
896 3049 999 3110 sed
1030 3049 1102 3110 de
1130 3051 1466 3127 parentibus
1495 3053 1651 3110 sanis
1681 3061 1738 3110 et
1778 3053 1993 3125 liberis,
2030 3052 2131 3128 qui
2171 3061 2413 3129 possunt
2441 3055 2526 3111 uti
2566 3055 2710 3129 legi·

307 3130 453 3188 tima
492 3148 598 3187 sua
635 3137 932 3204 potestate.
990 3132 1045 3189 3.
1093 3130 1226 3187 Non
1268 3131 1448 3205 quaeri
1488 3130 1560 3189 de
1583 3132 1728 3208 filiis
1765 3132 2142 3205 emancipatis,
2188 3140 2240 3188 et
2282 3134 2710 3208 major-cunibus,

305 3209 410 3284 qui
439 3228 471 3266 e
500 3215 781 3284 potestate
807 3218 1044 3284 paterna
1063 3209 1188 3285 jam
1217 3210 1499 3283 exierunt,
1530 3229 1679 3285 quos
1708 3209 1796 3267 sui
1819 3208 1969 3285 juris
1991 3220 2117 3266 es'se
2145 3228 2312 3266 nemo
2335 3208 2577 3284 dubitat,
2610 3212 2714 3269 sed

304 3288 595 3380 praecipue
624 3286 696 3346 de
725 3288 1146 3363 nzinorennibus,
1218 3288 1278 3347 ui
1319 3289 1429 3347 sub
1470 3288 1658 3364 patria
1696 3295 1980 3364 potestate
2007 3287 2195 3346 adhuc
2216 3288 2549 3347 omnimode
2579 3299 2715 3349 sunt

306 3367 621 3425 constituti.
678 3370 735 3425 4.
780 3367 911 3425 Non
939 3368 1138 3444 quaeri,
1170 3308 1270 3426 211
1311 3367 1555 3444 quilibet
1595 3368 1894 3427 dissensus
1938 3368 2247 3426 Parentum
2293 3368 2476 3445 possit
2516 3370 2713 3428 matri·

303 3447 559 3506 monium
587 3446 866 3523 impedire
895 3447 991 3505 vel
1018 3448 1244 3506 irritum
1271 3446 1546 3523 reddere3
1591 3448 1837 3507 fatemur
1864 3447 2035 3522 enim,
2065 3448 2166 3506 ubi
2198 3449 2472 3507 Parentes
2500 3450 2714 3508 morosi

306 3534 364 3584 et
389 3526 569 3599 avari,
600 3534 661 3584 et
699 3545 802 3600 per
827 3546 1043 3584 meram
1083 3527 1456 3604 pertinaciam
1485 3528 1691 3586 nolunt
1719 3528 2040 3587 consentire
2081 3528 2142 3584 in
2182 3528 2455 3588 honestas
2483 3529 2715 3607 nuptias

304 3605 637 3677 liberorum,
668 3623 776 3662 nec
804 3603 1147 3664 sufficientes
1175 3606 1472 3666 dissensus
1501 3607 1591 3665 sui
1619 3608 1870 3666 rationes
1896 3616 2140 3686 possunt
2157 3607 2397 3667 reddere
2426 3618 2557 3686 post
2579 3611 2712 3668 sub-

304 3685 540 3743 missam
569 3683 883 3741 liberorum
910 3684 1260 3761 petitionem,
1291 3705 1408 3744 non
1428 3686 1690 3746 absolute
1712 3687 1995 3764 adstringi
2025 3687 2101 3745 ad
2121 3706 2316 3745 eorum
2334 3689 2713 3765 voluntatem,

306 3764 411 3823 sed
446 3764 548 3839 jus
589 3762 707 3820 illis
736 3780 865 3821 esse
893 3762 1260 3839 confugiendi
1301 3765 1376 3823 ad
1410 3766 1761 3842 superiorem
1792 3767 2162 3840 Potestatem‚
2195 3768 2288 3824 cui
2325 3768 2611 3843 judicium
2640 3769 2714 3827 de

306 3842 603 3901 dissensus
640 3841 872 3919 justitia
898 3842 995 3901 vel
1033 3842 1320 3920 injustitia
1346 3846 1636 3921 competit,
1668 3854 1735 3906 ut
1773 3865 1835 3903 re
1865 3865 2120 3923 expensa
2145 3845 2286 3921 quid
2321 3846 2396 3904 sit
2423 3845 2713 3923 agendum

304 3921 505 3980 liberis
533 3929 803 3995 statuant,
835 3930 896 3981 et
921 3922 1063 3998 ipsis
1095 3924 1465 4000 prospiciant,
1496 3925 1819 4002 supplendo
1846 3924 1955 3982 hac
1981 3926 2041 3981 in
2070 3934 2231 4000 parte
2261 3924 2546 3983 defectum
2576 3945 2711 3983 con·

306 4021 512 4061 sensus
539 4001 852 4059 Parentum
877 4023 892 4061 :
939 4001 1058 4059 Sed
1084 4001 1146 4060 id
1173 4003 1534 4079 potissimum
1563 4005 1762 4080 quaeri,
1814 4003 1914 4061 An
1940 4003 2093 4077 filiis,
2124 4003 2323 4061 invitis
2358 4003 2712 4080 parentibuS,

306 4081 404 4139 vel
444 4080 659 4155 insciis,
704 4080 878 4140 liceat
920 4081 1348 4141 matrimonium
1392 4085 1748 4160 contrahere,
1795 4102 1912 4141 non
1954 4082 2231 4158 requisito
2267 4083 2365 4141 vel
2409 4091 2715 4160 expectato

304 4179 501 4219 eorum
528 4179 832 4219 consensu.
918 4159 1088 4233 Quod
1115 4180 1411 4237 negamus.

913 4239 1095 4298 XVI.
1141 4240 1418 4300 Rationes
1460 4249 1597 4301 sunt
1629 4244 1682 4299 1.
1712 4240 1809 4299 Ex
1839 4241 2134 4317 Praecepto
2162 4239 2381 4316 quint0‚
2418 4240 2491 4299 de
2532 4242 2712 4299 hono-

372 2483 544 2529 Status
568 2481 732 2532 Quies·

464 2541 628 2588 tionis.

305 4280 549 4324 Probatur
587 4280 788 4325 necessi·
981 4318 993 4331 ,
1264 4319 1276 4333 ,
1746 4320 1759 4333 ,
1852 4320 1865 4333 ,
2141 4320 2154 4333 ,
2302 4320 2315 4333 ,
2541 4320 2553 4333 ,
2661 4321 2674 4334 ,

364 4341 440 4381 tas
531 4352 789 4383 consensus
831 4318 1028 4376 randis
1048 4319 1426 4396 Parentibus3
1456 4321 1642 4378 honor
1669 4340 1819 4378 emm
1848 4329 1958 4379 iste
1985 4340 2270 4397 praecipue
2299 4341 2359 4377 m
2387 4320 2717 4379 obedientia

363 4396 628 4497 {arentum
660 4395 786 4464 12⁰¹
827 4397 946 4456 illis
973 4397 1171 4457 debita
1197 4399 1478 4474 consistit,
1509 4419 1639 4476 quae
1669 4419 1799 4458 cum
1827 4399 2121 4458 reddenda
2149 4400 2223 4457 sit
2250 4399 2367 4457 illis
2390 4401 2446 4457 in
2467 4400 2715 4460 omnibus

408 4454 724 4512 ego,Eph.v1.
742 4452 784 4497 1.
828 4478 886 4536 in
927 4479 1176 4536 Domino
1217 4498 1292 4537 ex
1333 4479 1668 4555 praescripto
1712 4479 1896 4555 Pauli,
1943 4478 2093 4556 Eph.
2135 4478 2214 4536 vi.
2262 4482 2314 4553 1,
2359 4499 2475 4537 non
2523 4489 2716 4556 potest

301 4554 493 4630 excipi
538 4555 892 4633 conjugium,
936 4557 999 4615 in
1039 4578 1156 4634 quo
1203 4565 1427 4618 tantum
1475 4567 1830 4618 momentum
1880 4559 2052 4618 situm
2099 4565 2191 4616 est
2236 4558 2313 4616 ad
2354 4560 2533 4618 totius
2576 4561 2713 4619 vitoe

300 4632 692 4708 conditionem
729 4644 790 4696 et
829 4636 1118 4698 fortunam
1147 4638 1627 4715 constituendam,
1671 4649 1730 4698 et
1770 4638 1943 4716 quod,
1988 4649 2054 4698 ut
2092 4658 2187 4698 res
2224 4640 2475 4698 maxime
2513 4640 2711 4715 ardua,
