3221 5200
1006 422 1342 470 Erts'roLA
1397 422 1902 470 nEch‘romA.
2527 409 2634 471 xix

335 602 458 666 Sed
491 609 718 682 praeter
749 602 880 665 haec
909 601 1160 664 nomina
1214 602 1481 685 publica,
1537 622 1672 680 quae
1723 621 1860 665 cum
1891 601 2291 681 popularibus
2321 604 2494 685 meis,
2528 605 2633 684 qui

236 702 542 765 Genevam
576 700 841 763 Matrem
876 706 1232 780 agnoscunt,
1267 720 1365 763 me
1401 699 1599 762 Vobis
1633 699 2070 781 obstringunt;
2110 700 2273 763 Aliae
2302 701 2454 763 mihi
2490 710 2636 765 sunt

232 798 570 879 peculiares
605 818 805 860 causae
840 816 962 860 non
995 798 1178 872 leves,
1214 794 1348 877 quab
1381 798 1496 860 hoc
1544 798 1807 861 officium
1849 799 1992 878 jure
2040 800 2299 878 quodam
2331 820 2440 863 suo
2472 821 2511 862 a
2538 822 2635 864 me

233 903 611 976 exposcunt3
664 895 1034 976 singularem
1086 895 1226 959 dico
1280 896 1550 958 favorem
1580 903 1646 959 et
1673 895 2175 973 benevolentiam,
2213 918 2393 979 quam
2430 898 2632 979 Avus,

232 996 584 1073 Parensque
616 1014 808 1069 meus,
841 992 1205 1056 felicissimae
1257 994 1717 1068 recordationiS,
1783 994 1946 1056 inter
1997 993 2128 1057 Vos
2179 995 2418 1075 experti
2465 1007 2632 1078 sunt,

229 1099 488 1171 totaque
519 1112 656 1153 cum
689 1090 840 1170 ipsis
871 1091 1104 1153 familia
1136 1098 1367 1153 nostra.
1421 1090 1572 1153 Cum
1606 1091 1769 1155 enim
1802 1091 1868 1155 F
1862 1093 2185 1155 rauciacus
2228 1094 2634 1158 Turrettinus

233 1190 410 1253 Avus
472 1209 643 1252 meus
676 1188 1154 1264 colendissimus,
1196 1188 1300 1268 qui
1332 1188 1552 1251 relicta
1584 1189 1773 1252 Italia
1806 1197 1870 1252 et
1904 1188 2170 1254 Civitate
2202 1190 2463 1254 Lucensi
2512 1191 2636 1254 Pa,-

230 1288 357 1349 tria
410 1307 522 1350 sua
576 1287 742 1350 circa
798 1306 1024 1349 annum
1082 1283 1296 1367 1575,
1357 1287 1625 1367 purioris
1677 1285 2021 1369 Religionis
2057 1289 2283 1369 studio,
2321 1289 2633 1352 Genevam

230 1385 446 1465 prim0,
479 1391 545 1447 et
574 1391 716 1464 post
750 1384 984 1464 aliquot
1014 1405 1205 1447 annos
1242 1385 1657 1464 Antuerpiam
1693 1392 2099 1459 concesserat,
2151 1385 2284 1471 (ubi
2346 1387 2493 1450 licet
2523 1388 2635 1449 ad-

230 1484 353 1546 huc
377 1482 611 1561 junior,
644 1481 917 1546 Senioris
951 1488 1159 1544 tamen
1186 1482 1251 1544 in
1288 1482 1569 1545 Ecclesia
1599 1482 1857 1563 Gallica,
1895 1503 2029 1562 quae
2067 1483 2153 1546 ibi
2190 1492 2322 1546 tum
2357 1486 2631 1560 florebat,

232 1582 310 1644 ob
346 1580 632 1643 eximiam
684 1600 856 1643 suam
913 1580 1210 1661 pietatem
1264 1581 1641 1661 fungebatur
1691 1579 1934 1661 officio,)
1977 1601 2055 1643 ex
2090 1581 2356 1645 Civitate
2385 1604 2425 1644 a
2458 1583 2633 1647 Duce

232 1678 553 1741 Parmensi
610 1679 877 1753 obsessa,
929 1679 1226 1742 excedere
1273 1684 1522 1743 coactus
1573 1678 1794 1742 fuisset
1851 1700 1973 1741 non
2034 1678 2164 1742 sine
2215 1700 2436 1760 magno
2491 1681 2635 1743 vitae

233 1775 621 1848 discrimine3
674 1782 739 1838 et
788 1796 909 1838 non
939 1777 1133 1839 multo
1167 1783 1311 1856 post
1343 1776 1408 1839 in
1442 1775 1752 1857 Inclytam
1788 1776 2082 1840 Vestram
2117 1776 2462 1853 Civitatem,
2497 1784 2635 1840 tan-

234 1895 415 1955 quam
448 1875 514 1936 in
550 1873 902 1937 securitatis
952 1874 1189 1955 asylum
1217 1881 1282 1937 et
1315 1874 1788 1953 tranquillitatis
1821 1881 2066 1953 portum
2097 1894 2229 1938 sese
2260 1875 2594 1956 recepisset
2620 1897 2634 1948 3

232 1993 470 2036 summa
503 1992 642 2035 cum
669 1971 1054 2037 humanitate
1083 1974 1161 2035 ab
1215 1972 1625 2051 Amplissimo
1676 1972 2050 2053 Magistratu
2084 1980 2386 2053 exceptus
2418 1980 2534 2055 est,
2573 1982 2637 2036 et

235 2089 353 2150 per
385 2078 589 2133 totum
619 2069 1118 2151 quinquennium,
1157 2090 1285 2150 quo
1312 2070 1400 2133 ibi
1435 2078 1716 2134 versatus
1751 2077 1868 2153 est,
1906 2070 2444 2150 propensissimam
2479 2091 2633 2132 sem-

235 2189 346 2248 per
376 2168 534 2231 vidit
566 2188 717 2249 erga
748 2188 814 2231 se
847 2169 980 2248 ejus
1015 2167 1520 2245 benevolentiam,
1556 2174 1631 2230 ut
1669 2167 2036 2249 singularem
2071 2168 2265 2230 sensit
2296 2167 2417 2230 Dei
2446 2169 2638 2233 bene-

237 2267 568 2328 dictionem
593 2286 614 2348 3
680 2265 760 2327 In
842 2287 915 2330 eo
999 2286 1143 2330 vero
1207 2265 1614 2345 potissimum,
1685 2266 1846 2345 quod
1905 2264 2275 2328 Lectissima
2341 2264 2636 2341 Foemina,

244 2364 529 2426 Camilla
577 2365 1062 2437 Burlamachia,
1127 2385 1206 2427 ex
1251 2362 1465 2426 Nobili
1524 2361 2090 2425 Burlamachiorum
2145 2361 2405 2426 Familia
2452 2364 2637 2427 etiam

240 2461 529 2536 Lucensi,
582 2463 805 2539 conjux
863 2463 995 2542 ejus
1047 2460 1428 2544 charissima,
1485 2461 1900 2523 Benedictum
1953 2459 2390 2524 Turrettinum
2445 2461 2637 2524 filium

237 2559 735 2642 primogenitum,
761 2560 1085 2624 Pal-entem
1106 2580 1306 2623 meum
1334 2558 1939 2639 desideratissimum,
1972 2558 2142 2622 intra
2173 2559 2398 2623 moenia
2417 2566 2639 2635 vestra,

238 2680 399 2722 anno
462 2659 676 2734 1588,
744 2658 832 2721 illi
893 2659 1156 2738 peperit,
1218 2678 1397 2740 quem
1457 2678 1633 2722 sacro
1678 2657 2083 2737 Baptismatis
2133 2659 2305 2721 fonte
2355 2659 2637 2734 tinctum,

241 2757 455 2820 Nobili
487 2756 648 2819 Viro
684 2757 765 2819 D.
800 2757 1090 2820 Henrico
1130 2756 1598 2839 Werdmyllero
1651 2756 2036 2835 Susceptore,
2069 2762 2135 2819 et
2167 2777 2206 2819 a
2237 2758 2469 2820 teneris
2503 2757 2640 2820 Deo

239 2863 686 2929 consecratum,
720 2860 784 2918 et
819 2875 1057 2935 semper
1090 2854 1501 2935 benedictum,
1539 2874 1660 2916 non
1692 2853 1823 2916 sine
1856 2873 2090 2916 summo
2118 2854 2342 2934 gaudio
2373 2863 2438 2919 et
2478 2855 2644 2917 sola-

240 2953 354 3035 tio,
388 2953 545 3015 vidit
578 2959 797 3032 postea
828 2974 907 3015 ex
941 2959 1085 3015 voto
1120 2973 1230 3016 suo
1265 2952 1470 3015 Sacris
1502 2952 1837 3029 admotum,
1870 2957 1936 3014 et
1969 2952 2244 3014 Pastoris
2279 2953 2344 3014 in
2376 2959 2640 3032 utraque

244 3051 548 3125 Ecclesia,
585 3050 823 3114 Gallica
856 3057 922 3113 et
958 3050 1203 3130 Italica,
1239 3057 1304 3113 et
1334 3050 1706 3113 Professoris
1743 3069 1966 3112 munus
1995 3049 2258 3112 feliciter
2287 3052 2636 3113 obeuntem.

247 3147 343 3209 Ut
396 3169 541 3210 vero
582 3149 717 3229 ipse
777 3148 1088 3229 Tigurum,
1140 3149 1248 3211 ubi
1297 3149 1498 3228 primo
1549 3148 1747 3209 lucem
1805 3146 2063 3225 viderat,
2098 3153 2391 3224 tanquam
2423 3150 2641 3209 almam

246 3245 521 3308 Patriam
570 3267 740 3308 suam
787 3247 1061 3326 impense
1117 3265 1358 3326 semper
1392 3244 1610 3306 dilexit
1663 3249 1728 3305 et
1758 3242 1984 3306 coluit:
2037 3242 2142 3304 Ita
2174 3242 2281 3304 illa
2315 3263 2379 3304 se
2414 3263 2646 3306 summe

243 3344 601 3407 benevolam
657 3364 802 3425 erga
855 3345 1055 3423 ipsum
1104 3352 1399 3422 tanquam
1455 3341 1764 3404 alumnum
1813 3361 1986 3403 suum
2045 3339 2469 3403 charissimum
2505 3362 2641 3404 con-

246 3441 422 3504 tinuo
456 3442 749 3521 praebuit.
849 3441 1058 3522 Cujus,
1092 3463 1171 3504 ne
1230 3442 1350 3504 alia
1400 3444 1681 3514 referam,
1741 3460 1861 3501 non
1908 3440 2234 3502 obscurum
2285 3445 2430 3501 sunt
2464 3439 2647 3503 docu-

246 3548 522 3602 mentum
583 3538 1052 3602 Testimoniales
1110 3540 1341 3602 Literae
1401 3539 1488 3602 illi
1539 3540 1618 3600 ab
1680 3536 2083 3616 Amplissimo
2115 3536 2347 3600 Senatu
2398 3538 2647 3600 traditae

246 3657 409 3699 anno
439 3637 652 3710 1608,
689 3657 841 3716 quas
894 3656 1080 3716 penes
1137 3657 1234 3699 me
1290 3637 1490 3698 adhuc
1528 3636 1743 3710 habeo,
1780 3641 1844 3697 et
1890 3641 1962 3696 ut
1996 3635 2412 3715 gratissimum
2446 3642 2646 3698 tener-

246 3735 388 3795 rimi
423 3735 487 3795 in
511 3734 714 3813 ipsum
747 3736 1033 3798 Affectus
1085 3733 1299 3797 Vestri
1351 3735 1571 3814 pignus
1604 3733 1878 3795 studiose
1913 3752 2104 3806 serm,
2141 3734 2360 3812 quibus
2390 3754 2547 3806 eum,
2579 3740 2652 3794 ut

248 3833 312 3892 in
348 3831 488 3894 sinu
540 3838 747 3895 vestro
804 3839 1035 3906 natum,
1095 3852 1210 3911 pro
1265 3838 1472 3894 vestro
1504 3831 1804 3910 agnoscit,
1842 3837 1907 3893 et
1940 3837 2233 3909 tanquam
2286 3830 2649 3909 Tigurinum

245 3939 314 3992 et
348 3928 703 3991 Helvetium
738 3931 814 3992 de
846 3930 1082 3992 meliori
1115 3936 1264 3991 nota
1296 3928 1700 3991 commendat.
1827 3928 1962 3991 Nec
1995 3927 2081 3988 ibi
2120 3928 2401 3989 substitit
2451 3928 2657 3989 Favor

252 4025 504 4100 Vester,
541 4027 651 4090 sed
697 4027 762 4088 in
816 4028 1112 4089 familiam
1145 4033 1340 4089 totam
1375 4047 1508 4089 sese
1543 4025 1806 4099 diffudit,
1847 4045 1979 4103 quae
2015 4045 2134 4085 non
2173 4024 2424 4104 indigna
2455 4023 2653 4086 Vobis

252 4124 384 4186 visa
418 4133 517 4186 est
552 4131 760 4186 vestra
819 4125 1246 4187 recordatione
1297 4131 1362 4187 et
1411 4122 1775 4204 patrocinio.
1895 4122 2083 4200 Cujus
2134 4122 2266 4200 ipse
2302 4141 2437 4201 eg0‚
2472 4129 2544 4182 ut
2579 4122 2655 4183 de

252 4220 387 4283 aliis
421 4232 685 4300 taceam,
724 4242 842 4283 non
874 4242 1072 4301 pauca
1104 4222 1457 4284 indubitata
1503 4220 1689 4282 habui
1740 4227 2119 4299 argumenta,
2156 4239 2289 4298 quae
2326 4218 2472 4279 mihi
2503 4219 2655 4280 nihil

253 4318 378 4381 tale
412 4318 633 4381 merito
664 4319 883 4397 quavis
932 4320 1080 4380 data
1112 4319 1429 4381 occasione
1480 4319 1628 4380 dare
1678 4317 1975 4378 voluistis.
2077 4316 2227 4392 Quae
2276 4336 2419 4377 sane
2456 4317 2660 4378 omnia

257 4416 409 4477 talia
455 4423 621 4490 sunt,
669 4424 739 4477 ut
767 4416 1004 4496 indigni
1039 4417 1248 4491 simuS,
1298 4416 1350 4479 si
1397 4437 1471 4478 ea
1499 4415 1754 4496 perenni
1786 4415 1957 4476 cultu
1991 4434 2110 4475 non
2145 4415 2657 4496 recognoscimuS‚

257 4513 505 4593 ingrati,
542 4514 593 4577 si
631 4534 752 4575 non
786 4513 949 4575 omni
985 4514 1117 4578 loco
1167 4522 1231 4576 et
1288 4522 1566 4594 tempore
1618 4512 2047 4593 praedicamus3
2103 4510 2195 4572 Ut
2228 4531 2366 4574 cum
2396 4511 2661 4593 impares

260 4611 451 4673 simus
503 4610 891 4673 dissolvendo
947 4612 1173 4687 debito,
1209 4613 1474 4674 animum
1522 4612 1738 4674 saltem
1802 4607 2234 4672 beneficiorum
2271 4619 2661 4690 acceptorum
