3221 5200
540 347 653 403 6:2ss
1320 372 1499 411 Locus
1547 374 1642 410 121-21
1667 374 1804 412 [Mt's
1850 376 2150 414 semines.
2559 357 2819 437 [QUAM.
2869 381 2955 419 iv.

538 506 651 563 eati
681 506 971 583 reliquias,
1061 511 1176 570 Sed
1205 511 1351 571 illud
1377 521 1531 572 recte
1561 513 1633 573 de
1663 514 1780 574 illis
1806 515 2184 592 praedicatur3
2216 516 2353 592 quia
2380 517 2517 576 licet
2537 517 2790 577 noudum
2822 539 2957 596 per·-

537 585 682 644 fecte
714 587 830 646 sint
857 590 1116 666 regeniti,
1151 612 1285 651 vere
1309 603 1499 653 tamen
1521 603 1579 653 et
1601 616 1718 654 non
1744 595 2099 673 hypocritice
2131 606 2264 654 sunt
2292 597 2572 656 renovati.
2617 598 2784 672 Quod
2812 598 2958 657 dum

537 664 891 743 distinguere
933 672 1138 730 nolunt
1184 673 1487 748 Pontificii,
1532 696 1832 753 perperam
1860 675 2027 734 nobis
2056 675 2351 753 objiciunt,
2385 698 2491 735 nos
2519 697 2730 756 negare
2761 678 2955 736 fideli-

541 766 635 803 um
665 767 838 824 opera
865 770 991 810 esse
1015 772 1149 810 vere
1179 753 1346 829 bona,
1372 756 1508 831 quia
1529 776 1597 813 ea
1626 756 1957 833 imperfecta
1985 776 2111 815 esse
2138 757 2549 833 pertendimus,
2582 761 2724 816 Cum
2754 768 2955 817 tamen

537 827 752 887 veritas
781 840 839 890 et
866 831 1138 908 perfectio
1169 853 1403 910 opernm
1432 835 1843 894 diversissimae
1872 837 2004 909 sint,
2051 836 2130 894 Et
2158 836 2256 894 illa
2284 838 2467 912 possit
2495 837 2619 894 dari
2664 838 2785 895 sine
2816 839 2956 898 ista.

820 968 829 979 ,
917 971 926 981 ,
1141 913 1223 971 X.
1269 914 1457 991 Opera
1496 916 1787 976 Fidelium
1835 936 1962 976 esse
1993 937 2125 975 vere
2171 917 2322 974 bona
2349 917 2661 993 probatur:
2711 920 2762 977 1.
2795 918 2952 993 Quia

536 963 697 1067 Οξζῖζῗ
717 966 1015 1070 ,θξῖθοιζὶω
1056 1012 1171 1050 non
1202 995 1348 1053 fiunt
1390 997 1575 1056 solum
1605 1017 1735 1056 cum
1767 997 2020 1074 generali
2070 1017 2350 1056 concursu
2396 997 2525 1070 Dei,
2576 997 2678 1055 sed
2708 999 2952 1074 speciali

1058 1074 1308 1134 motione
1339 1087 1397 1135 et
1425 1078 1676 1155 impulsu
1704 1078 1951 1154 Spiritus
1977 1078 2190 1149 Sancti,
2222 1077 2321 1152 qui
2348 1077 2570 1135 habitat
2598 1078 2657 1136 in
2676 1078 2956 1138 cordibus

535 1149 829 1225 fidelium3
875 1171 1088 1227 eosque
1117 1154 1193 1213 ad
1238 1157 1392 1215 bona
1430 1178 1603 1234 opera
1647 1158 1882 1217 excitat.
1969 1157 2140 1217 Unde
2169 1157 2271 1231 illi,
2302 1165 2369 1216 ut
2414 1157 2698 1233 primaria>
2754 1178 2954 1218 causa».

535 1249 708 1304 opera
756 1230 868 1288 ista
912 1231 1099 1291 solent
1147 1237 1339 1308 tribui,
1392 1238 1561 1296 Ezec.
1594 1239 1802 1296 xxxvi.
1834 1242 1929 1310 27,
1984 1238 2116 1295 Gal.
2147 1258 2202 1295 ν.
2244 1241 2339 1311 22,
2388 1237 2556 1295 Rom.
2589 1238 2709 1296 viii.
2740 1240 2795 1312 9,
2850 1242 2948 1314 10,

537 1308 686 1365 Phil.
719 1310 755 1366 i.
787 1313 841 1382 6,
887 1319 945 1369 et
987 1312 1046 1371 ii.
1096 1318 1187 1373 13.
1274 1318 1393 1375 Nec
1451 1318 1595 1376 fiunt
1639 1327 1860 1377 tantum
1908 1319 2198 1377 excitante
2246 1327 2305 1375 et
2345 1317 2677 1394 impeilente
2724 1318 2951 1394 Spiritu

536 1389 765 1464 Sancto,
800 1391 903 1448 sed
951 1392 1120 1451 etiam
1169 1397 1553 1456 mediantibus
1581 1399 1782 1474 gratiae
1825 1398 2027 1457 infusae
2055 1397 2449 1474 qualitatibus,
2493 1418 2623 1474 quse
2673 1411 2954 1474 superant

532 1477 750 1526 natura}
800 1471 1075 1555 ordinem.
1164 1476 1337 1535 Unde
1396 1478 1612 1536 Paulus
1669 1479 1869 1554 gratiae
1930 1479 2038 1536 Dei
2088 1478 2281 1536 onmia
2334 1497 2439 1536 sua
2479 1497 2654 1554 opera
2708 1488 2952 1555 accepta

531 1547 720 1623 refert,
755 1553 780 1607 1
814 1554 940 1610 Cor.
972 1571 1071 1611 xv,
1107 1557 1197 1630 10,
1223 1567 1280 1615 et
1308 1557 1451 1615 nihil
1482 1558 1604 1616 sine
1636 1578 1697 1616 se
1727 1558 1991 1618 Christus
2008 1578 2114 1616 nos
2140 1577 2310 1634 posse
2338 1557 2560 1630 asserit,
2583 1558 2625 1616 J
2631 1558 2723 1616 oh.
2753 1579 2856 1617 xv.
2886 1562 2948 1619 5.

532 1628 701 1702 Quod
729 1640 921 1690 autem
960 1653 994 1690 a
1026 1634 1241 1712 Spiritu
1272 1645 1329 1695 et
1357 1637 1544 1714 gratia
1573 1637 1788 1696 Christi
1817 1639 2167 1714 producitur,
2200 1658 2335 1696 vere
2363 1637 2580 1695 bonum
2607 1657 2722 1695 non
2752 1649 2951 1713 potest

528 1727 644 1767 non
674 1731 817 1771 esse.
903 1714 1026 1773 Nec
1054 1717 1247 1776 obstat
1274 1718 1439 1794 Caro,
1484 1739 1616 1795 quse
1652 1719 1711 1775 in
1742 1718 1909 1776 nobis
1948 1718 2136 1777 adhuc
2183 1726 2378 1776 manet
2407 1740 2421 1792 3
2467 1717 2616 1791 Quia
2643 1719 2769 1794 ejus
2797 1739 2946 1795 prae·

530 1791 716 1883 sentia
743 1793 1153 1869 perfectionem
1194 1799 1427 1875 quidem
1474 1797 1945 1858 sanctificationis
1992 1799 2195 1858 tollere
2237 1807 2444 1874 potest,
2496 1798 2600 1856 sed
2640 1818 2756 1856 non
2813 1800 2950 1875 ejus

530 1880 851 1931 veritatem.

613 1951 733 2012 XI.
778 1957 833 2011 2.
865 1954 1014 2028 Quia
1042 1977 1216 2034 opera
1242 1957 1353 2016 ista
1386 1958 1510 2017 Deo
1538 1959 1804 2035 placent:
1849 1960 2008 2036 Ergo
2037 1977 2172 2016 vere
2200 1958 2354 2016 bona
2383 1965 2554 2032 sunt;
2600 1957 2745 2016 Nam
2783 1959 2954 2034 qnod

527 2033 754 2108 proprie
794 2042 852 2092 et
880 2054 981 2110 per
1031 2057 1091 2094 se
1140 2046 1434 2114 peccatum
1484 2049 1590 2114 est,
1646 2040 1771 2096 Deo
1815 2039 2041 2115 placere
2082 2038 2300 2113 nequit.
2385 2038 2541 2096 Loca
2569 2047 2702 2096 sunt
2744 2038 2946 2114 obvia,

534 2114 563 2168 1
600 2112 724 2170 Pet.
754 2113 813 2174 ii.
845 2117 898 2187 5,
935 2115 1087 2175 Heb.
1118 2118 1199 2177 xi.
1229 2121 1284 2194 4,
1312 2122 1366 2191 5,
1394 2120 1447 2191 6,
1473 2127 1533 2178 et
1552 2119 1655 2177 xii.
1680 2121 1775 2193 28,
1803 2118 1971 2176 Rom.
1993 2117 2093 2175 xii.
2121 2120 2172 2192 1,
2203 2126 2261 2175 et
2283 2117 2404 2175 xiv.
2434 2119 2524 2192 18,
2559 2116 2708 2175 Phil.
2728 2116 2808 2176 iv,
2844 2119 2946 2180 18.

530 2191 742 2252 Fateor
789 2194 1030 2270 primam
1075 2199 1486 2275 acceptationis
1534 2218 1784 2272 causam,
1816 2218 1942 2258 esse
1986 2197 2278 2256 Christum
2299 2197 2362 2254 in
2388 2216 2503 2274 quo
2559 2197 2710 2273 grati
2738 2216 2950 2259 sumus

532 2272 673 2344 Deo,
710 2274 857 2351 Eph.
890 2275 926 2334 i.
958 2281 1013 2351 6,
1044 2279 1182 2354 quia
1211 2279 1467 2337 Persona
1502 2279 1663 2355 prius
1690 2286 1778 2337 est
1826 2287 1991 2355 grata
2022 2278 2166 2351 Dee,
2197 2286 2256 2335 et
2299 2277 2386 2334 illi
2434 2276 2803 2336 reconciliata
2839 2298 2953 2354 per

528 2353 907 2413 Mediatorem
933 2379 947 2434 3
973 2377 1087 2433 quo
1117 2379 1288 2419 sensu
1320 2359 1481 2417 Deus
1509 2359 1720 2418 dicitur
1745 2361 1905 2435 prius
1926 2357 2249 2434 respexisse
2278 2357 2354 2415 ad
2377 2355 2641 2429 Abelem‚
2661 2375 2836 2432 quam
2866 2358 2952 2417 ad

527 2434 868 2493 sacrificium
892 2437 1037 2512 ejus,
1070 2438 1219 2497 Gen.
1249 2439 1328 2497 iv.
1358 2442 1414 2497 4.
1450 2439 1566 2498 Sed
1593 2440 1704 2498 hoc
1733 2459 1849 2496 non
1875 2437 2084 2511 obstat,
2105 2437 2412 2514 quominus
2442 2437 2603 2496 Deus
2628 2436 2950 2498 illisetiam

526 2513 844 2573 delectetur
874 2526 1106 2594 propter
1131 2539 1326 2576 veram
1357 2519 1691 2592 bonitatem,
1724 2539 1853 2595 quae
1881 2518 1942 2576 in
1969 2517 2087 2575 illis
2129 2517 2392 2591 occurrit,
2422 2526 2750 2574 manantem
2799 2527 2951 2593 puta

524 2615 597 2653 ex
622 2597 1056 2670 regeneratione
1099 2598 1305 2673 cordis,
1336 2609 1395 2658 et
1418 2599 1701 2677 Imaginis
1732 2599 1961 2658 Divinae
1998 2597 2432 2657 restauratione.
2517 2596 2666 2655 Nam
2693 2596 2946 2657 ubicun-

526 2693 636 2748 qne
666 2675 869 2734 faciem
921 2697 1082 2735 suam
1127 2679 1291 2737 Deus
1338 2680 1776 2756 contemplatur,
1825 2680 1984 2738 illam
2039 2679 2242 2737 merito
2290 2686 2461 2750 amat,
2520 2686 2579 2734 et
2620 2677 2679 2734 in
2721 2677 2950 2740 honore

524 2752 716 2826 habet,
748 2763 921 2829 atque
951 2756 1081 2813 ideo
1110 2777 1225 2814 non
1269 2757 1391 2815 sine
1421 2778 1595 2817 causa
1624 2758 1835 2818 dieitur
1861 2759 1948 2817 illi
1976 2759 2203 2836 plaeere
2230 2756 2486 2816 fidelium
2517 2757 2640 2814 vita
2667 2756 2741 2814 ad
2771 2777 2946 2817 sanc-

521 2831 745 2892 titatem
775 2842 832 2892 et
852 2834 1139 2909 justitiam
1168 2837 1499 2911 composita.

606 2913 760 2973 XII.
806 2917 861 2973 3.
913 2914 1063 2989 Quia
1090 2914 1207 2973 illis
1235 2934 1454 2974 merces
1490 2917 1877 2993 promittitur3
1938 2917 2095 2994 quod
2124 2938 2238 2975 non
2266 2916 2429 2975 fieret
2476 2916 2524 2973 si
2569 2936 2684 2975 non
2736 2929 2942 2979 essent

524 3013 659 3053 vere
689 2996 857 3054 bona.
943 2995 1092 3054 Nam
1133 2995 1270 3056 licet
1315 3015 1489 3074 opera
1533 2997 1679 3056 nihil
1722 2998 1974 3057 habeant
2014 2998 2074 3056 in
2120 3018 2179 3056 se
2229 2997 2386 3073 quod
2412 2997 2617 3055 mereri
2644 2997 2831 3073 possit
2881 3008 2949 3059 et

523 3077 796 3153 consequi
827 3076 1001 3135 talem
1030 3076 1368 3152 mercedem,
1401 3098 1531 3154 quse
1578 3077 1711 3137 ideo
1741 3089 1829 3137 est
1856 3098 2009 3137 mere
2052 3077 2320 3154 gratuita,
2349 3083 2417 3135 ut
2443 3085 2644 3154 postea
2670 3077 2903 3136 dicetur
2927 3103 2944 3155 3

521 3155 739 3216 Tamen
784 3158 1001 3216 habent
1040 3158 1330 3235 quandam
1379 3158 1798 3218 ordinationem
1843 3168 1902 3218 et
1945 3157 2324 3235 aptitudinem
2367 3166 2432 3215 ut
2478 3156 2816 3214 ordinentur
2857 3159 2942 3218 ad

520 3237 836 3312 praemium,
869 3246 990 3297 tum
1021 3258 1097 3296 ex
1142 3238 1470 3297 conditione
1517 3240 1825 3315 operantis,
1871 3239 1970 3315 qui
2003 3237 2347 3313 supponitur
2373 3235 2579 3309 fidelis,
2611 3236 2672 3293 id
2721 3246 2827 3311 est,
2877 3239 2946 3297 in

520 3316 765 3391 gratiam
812 3326 871 3376 et
913 3318 1224 3377 amicitiam
1276 3318 1386 3377 Dei
1435 3319 1741 3393 admissuS,
1808 3328 1928 3378 tum
1980 3338 2054 3376 ex
2101 3316 2428 3375 conditione
2485 3336 2720 3393 operum
2776 3316 2941 3393 ipso-

518 3415 662 3465 rum,
695 3417 824 3473 quae
869 3397 1005 3456 licet
1048 3418 1164 3455 non
1209 3399 1461 3458 habeant
1510 3400 1962 3475 condignitatem
2008 3397 2083 3454 ad
2130 3396 2445 3473 praemium,
2493 3396 2710 3454 habent
2732 3404 2937 3456 tamen

517 3474 852 3533 relationem
883 3477 1294 3554 dispositionis,
1326 3499 1455 3554 quae
1485 3480 1793 3555 requiritur
1815 3479 1876 3536 in
1903 3478 2161 3553 subjecto
2189 3477 2264 3534 ad
2309 3477 2433 3553 ejus
2475 3476 2923 3553 possessionem,

516 3558 592 3619 et,
623 3570 738 3626 qua
762 3553 963 3628 posita,
995 3576 1112 3613 non
1134 3565 1325 3631 potest
1353 3577 1465 3615 non
1497 3558 1620 3616 dari
1651 3558 2071 3635 praemium,'*ut,
2104 3556 2204 3614 illa
2226 3566 2452 3633 negata,
2477 3575 2591 3614 non
2615 3563 2804 3633 potest
2827 3556 2938 3615 ob-

515 3629 703 3690 tineri.
789 3632 938 3690 Nam
969 3642 1031 3693 ut
1080 3634 1202 3691 sine
1253 3638 1555 3694 sanctitate
1582 3657 1753 3696 nemo
1797 3637 2016 3695 videbit
2049 3637 2253 3709 Deum,
2285 3645 2344 3694 et
2393 3635 2502 3693 nisi
2532 3636 2662 3712 quis
2689 3645 2935 3696 renatus

515 3710 591 3771 sit
618 3732 693 3771 ex
738 3731 890 3790 aqua
932 3721 991 3773 et
1039 3712 1272 3790 Spiritu,
1325 3735 1438 3772 non
1469 3725 1659 3791 potest
1697 3717 1922 3793 ingredi
1975 3717 2241 3791 Regnum
2272 3715 2563 3783 coelorum,
2594 3715 2735 3774 Joh.
2757 3715 2840 3773 iii.
2872 3720 2935 3792 5,

518 3792 670 3852 Heb.
702 3793 803 3852 xii.
841 3796 930 3867 14,
966 3795 1058 3853 Ita
1086 3793 1274 3871 posita
1303 3794 1607 3854 sanctitate
1638 3797 1962 3855 necessario
1990 3795 2223 3873 ponitur
2251 3795 2437 3871 gloria
2465 3815 2538 3853 ex
2568 3795 2938 3857 connexione

515 3871 900 3950 inseparabili,
946 3896 1075 3952 quse
1118 3875 1422 3935 intercedit
1450 3875 1599 3936 inter
1626 3876 1799 3953 ipsas.

596 3954 784 4014 XIII.
830 3956 1149 4015 Veritatem
1178 3956 1459 4016 bonorum
1502 3975 1740 4033 operum
1787 3955 2076 4016 Fidelium
2122 3975 2239 4013 non
2282 3953 2541 4029 destruit,
2589 3952 2746 4030 quod
2773 3953 2933 4013 affir-

512 4052 736 4092 mamus
765 4036 958 4094 omnia
985 4056 1159 4113 opera
1186 4037 1361 4096 etiam
1411 4037 1630 4114 optima
1671 4036 1733 4095 in
1780 4037 1890 4094 hae
1936 4037 2058 4094 vita
2085 4054 2200 4093 non
2230 4055 2423 4093 carere
2452 4043 2688 4111 peccato
2712 4055 2727 4107 3
2772 4033 2934 4108 Quia

509 4111 645 4172 licet
673 4113 1021 4174 affirmemus
1063 4116 1254 4193 quoad
1304 4120 1545 4189 modum,
1596 4135 1893 4193 nunquam
1922 4136 1991 4174 ea
2031 4113 2380 4192 perfectione
2409 4113 2549 4186 fieri,
2581 4133 2710 4189 quae
2738 4116 2934 4189 possit

510 4192 793 4253 sustinere
835 4194 1087 4270 rigidum
1128 4195 1336 4272 judicii
1380 4197 1564 4256 divini
1609 4215 1871 4268 examen,
1917 4204 2151 4271 propter
2200 4194 2669 4253 sanctificationis
2713 4193 2932 4271 imper·

508 4271 852 4345 fectionem3
902 4274 1220 4334 Statuimus
1249 4284 1442 4335 tamen
1470 4275 1663 4354 quoad
1691 4296 1808 4334 rem
1857 4274 2010 4335 bona
2051 4294 2178 4333 esse
2207 4294 2398 4351 opera.
2485 4274 2563 4332 Et
2605 4273 2654 4330 si
2682 4282 2932 4349 peecata

508 4351 794 4426 dicuntur,
825 4354 935 4412 hoc
964 4354 1404 4431 intelligendum
1428 4376 1531 4432 per
1556 4355 1825 4415 accidens
1843 4354 2063 4413 ratione
2084 4354 2258 4428 modi,
2285 4373 2400 4412 non
2427 4374 2531 4430 per
2552 4373 2613 4411 se
2636 4361 2696 4410 et
2716 4362 2933 4413 natura

508 4450 629 4490 sua.
718 4432 810 4490 Ita
836 4442 1032 4492 manet
1059 4453 1285 4511 semper
1311 4434 1619 4495 discrimen
1648 4436 1797 4494 inter
1822 4434 2262 4510 irregenitorum
2282 4444 2343 4492 et
2371 4441 2696 4491 renatorum
2726 4452 2926 4509 opera.

510 4508 622 4566 Illa
650 4510 801 4570 enim
852 4512 1236 4573 essentialiter
1272 4523 1333 4573 et
1362 4515 1628 4591 specifice
1673 4515 1826 4573 mala
1870 4523 2022 4587 sunt,
2070 4513 2329 4589 adeoque
2359 4512 2636 4572 destituta
2664 4511 2780 4569 illis
2810 4514 2927 4572 eir·

506 4590 869 4650 cumstantiis
898 4602 955 4650 et
984 4592 1427 4667 conditionibus,
1476 4615 1605 4671 quae
1656 4594 2024 4672 requiruntur
2051 4592 2124 4652 ad
2173 4594 2481 4652 essentiam
2527 4590 2666 4651 boni
2707 4594 2926 4671 operis,

503 4684 631 4741 quie
676 4669 913 4742 proinde
966 4680 1188 4730 tantum
1238 4673 1391 4732 bona
1434 4682 1569 4733 sunt
1618 4674 1810 4750 quoad
1857 4672 2105 4752 speeiem
2161 4684 2219 4732 et
2272 4673 2683 4750 apparentiam.
2772 4673 2928 4733 Hsee
