3221 5200
275 396 502 443 QUAEST.
535 380 714 461 xvn.]
1107 403 1183 441 nn
1215 403 1548 442 vocam-tons
1581 403 1655 448 ετ
1687 404 1839 443 rior..
2570 386 2685 441 545

272 537 377 612 qui
407 558 632 597 omnem
663 542 931 600 contrarii
976 541 1335 600 formidinem
1365 552 1642 621 perpetuo
1672 543 1959 616 excludat,
2006 542 2107 602 sed
2135 542 2233 619 qui
2277 562 2407 601 eum
2456 542 2688 600 tandem

271 628 507 693 superet
537 628 594 677 et
623 621 868 680 evincat.
954 623 1346 699 Agnoscimus
1365 625 1516 681 enim
1534 624 1803 681 fiduciam
1827 625 2012 698 istam,
2045 624 2255 680 innatae
2275 622 2686 680 imbecillitatis

267 707 552 772 respectu,
586 702 814 759 concuti
837 702 1142 778 aliquoties
1171 713 1228 760 et
1257 702 1551 777 fluctuare,
1581 704 1899 780 praesertim
1930 704 1987 760 in
2012 702 2350 760 Vocationis
2380 703 2682 778 tyrocini0,

266 776 502 851 quando
529 779 731 838 fideles
773 790 907 840 sunt
950 791 1158 856 nubem-01,
1203 784 1298 840 vel
1342 792 1647 857 &aesta-mm,
1693 784 1789 841 vel
1832 784 1939 841 sub
1975 803 2140 840 cruce
2171 791 2229 840 et
2256 781 2680 856 afflictionibus,

264 857 521 915 maxime
551 859 599 915 si
629 868 763 918 sunt
791 881 999 936 graves
1041 869 1099 920 et
1140 861 1443 936 diuturnae,
1484 863 1581 920 vel
1628 863 1686 920 in
1732 864 1888 921 lucta
1930 862 2280 934 tentationiS‚
2313 870 2371 918 et
2398 861 2459 917 in
2489 860 2679 919 deser·

264 935 523 995 tionibus
552 939 962 1014 spiritualibuS,
995 941 1093 998 ubi
1128 942 1376 1018 Spiritus
1405 942 1815 1000 consolationis
1841 943 1922 1001 sic
1971 960 2379 1017 nonnunquam
2410 941 2681 998 interclu-

262 1014 439 1089 ditur,
485 1026 543 1075 et
584 1018 778 1076 lumen
820 1019 1003 1077 divini
1046 1021 1242 1079 vultus
1285 1021 1673 1096 absconditur,
1705 1023 1857 1081 utin
1887 1041 2129 1080 excessu
2171 1021 2380 1077 mentis
2409 1020 2682 1078 excidant

264 1093 427 1152 fideli
473 1116 624 1173 saepe
679 1099 872 1157 tristes
914 1100 1180 1175 querelae,
1230 1101 1588 1176 “Projectus
1633 1121 1756 1159 sum
1802 1122 1837 1158 a
1891 1102 2032 1159 facie
2063 1101 2356 1159 oculorum
2388 1101 2677 1174 tuorum,'’

267 1173 424 1232 Psal.
476 1177 642 1236 xxxi.
691 1182 766 1236 22
794 1201 806 1252 ;
877 1181 912 1211 ‘⁴
935 1179 1208 1238 Terrores
1267 1180 1501 1238 Domini
1557 1180 1808 1239 militant
1864 1190 2062 1238 contra
2116 1181 2267 1252 me,''
2313 1179 2451 1237 Job.
2496 1181 2575 1236 vi.
2621 1184 2677 1237 4.

264 1253 546 1325 Quamvis
575 1277 713 1314 vero
743 1257 817 1315 ad
846 1267 1072 1335 tempus
1102 1260 1161 1316 in
1188 1260 1325 1318 filiis
1357 1261 1466 1317 Dei
1492 1260 1666 1336 sopiri
1697 1262 1879 1336 possit
1898 1280 2100 1318 sensus
2130 1259 2330 1335 gratiae
2360 1260 2677 1335 praesentiS,

257 1340 318 1389 et
345 1333 557 1393 fiducia
585 1335 806 1410 futurae,
838 1339 1228 1414 pertendimus
1256 1349 1448 1398 tamen
1472 1350 1628 1398 certo
1651 1360 1723 1397 ex
1748 1341 1847 1397 illa
1868 1341 2249 1398 tentationum
2279 1338 2492 1415 abysso
2522 1340 2676 1397 eluc-

260 1413 373 1469 tari
402 1415 650 1472 animam
679 1417 907 1475 fidelem
932 1438 1005 1476 ex
1038 1419 1149 1476 Dei
1178 1419 1465 1496 eligentis,
1498 1418 1848 1495 redimentis,
1882 1419 2277 1493 custodientiS,
2303 1438 2369 1475 ac
2399 1418 2676 1495 erigentis

258 1493 464 1568 gratia,
497 1513 625 1571 quae
655 1495 741 1554 illi
769 1497 960 1556 reddit
989 1498 1191 1557 salutis
1215 1519 1332 1557 suae
1363 1499 1657 1575 gaudium,
1689 1508 1747 1557 et
1774 1500 1912 1558 facit
1942 1509 2006 1558 ut
2034 1498 2268 1557 tandem
2288 1498 2471 1557 serius
2495 1518 2675 1575 ocyus

260 1591 495 1630 sensum
519 1576 693 1632 istum
722 1576 796 1633 ad
826 1579 916 1634 sui
945 1579 1215 1636 solatium
1245 1579 1454 1638 eliciat.

343 1652 461 1711 XI.
509 1654 679 1712 Unde
714 1656 911 1714 Status
940 1658 1287 1732 Quaestionis
1317 1679 1384 1717 eo
1415 1659 1600 1717 redit:
1649 1659 1749 1716 An
1778 1679 1951 1716 verus
1984 1658 2173 1716 fidelis
2222 1657 2421 1734 possit,
2454 1676 2568 1714 non
2598 1677 2673 1715 ex

255 1730 559 1805 dignitatis
582 1743 640 1792 et
668 1735 1060 1812 dispositionis
1087 1740 1348 1814 proprias,
1382 1739 1485 1796 sed
1514 1738 1866 1814 dignationis
1909 1745 1966 1795 et
2008 1736 2284 1794 custodiae
2327 1734 2539 1792 divinae
2584 1736 2672 1791 in-

255 1811 424 1884 tuitu,
456 1822 647 1872 certus
676 1834 819 1889 esse,
852 1836 965 1872 non
996 1817 1336 1875 certitudine
1367 1828 1589 1876 tantum
1615 1817 1843 1893 objecti,
1868 1815 1967 1874 sed
1989 1816 2252 1891 subjecti,
2284 1834 2400 1871 non
2438 1814 2672 1872 moralis

254 1891 658 1966 conjecturalis
701 1895 1050 1970 opinationis
1080 1905 1137 1954 et
1167 1895 1304 1972 spei,
1339 1897 1440 1954 sed
1467 1896 1603 1953 fidei
1642 1916 1795 1954 verae
1825 1905 1883 1954 et
1902 1894 2294 1972 justificantis,
2347 1913 2449 1970 per
2491 1893 2668 1970 adop-

249 1969 426 2027 tionis
461 1973 734 2048 Spiritum
765 1974 825 2030 in
854 1975 980 2050 ejus
1010 1975 1180 2032 corde
1209 1976 1491 2048 excitatas,
1525 1996 1598 2032 ex
1628 1975 1888 2051 legitimo
1938 1975 2027 2033 sui
2070 1974 2352 2047 examine,
2394 1993 2509 2030 non
2539 1981 2663 2031 tan-

253 2057 376 2106 tum
407 2050 478 2107 de
508 2053 778 2126 praesenti
806 2053 877 2110 de
907 2052 1019 2111 fide
1060 2074 1163 2111 sua
1191 2063 1249 2113 et
1269 2055 1701 2132 justificatione,
1735 2054 1837 2112 sed
1866 2063 1923 2111 et
1951 2052 2144 2130 quoad
2181 2052 2433 2111 futurum
2464 2052 2535 2109 de
2566 2071 2670 2111 sua

254 2128 442 2185 salute
466 2138 523 2186 et
552 2130 987 2205 glorificatione.
1075 2134 1304 2208 Negant
1335 2135 1691 2207 Adversarii,
1718 2134 1839 2191 Nos
1867 2133 2231 2190 affirmamus.

283 2245 526 2290 Probatur
546 2249 702 2292 Certi·
855 2211 1009 2270 XII.
1057 2213 1332 2272 Rationes
1364 2223 1496 2271 sunt
1521 2236 1534 2272 ε
1583 2216 1635 2271 1.
1669 2213 1726 2269 Α
1756 2222 1967 2271 natura
1981 2213 2145 2290 fidei.
2232 2212 2373 2286 Quae
2403 2230 2531 2268 cum
2562 2210 2666 2268 du-

365 2307 484 2348 tudo
505 2305 634 2350 fidei.
777 2291 987 2367 plicem
1009 2301 1200 2350 actum
1221 2292 1447 2367 habeat,
1470 2303 1534 2350 ut
1554 2312 1726 2369 supra
1742 2292 1951 2367 visum,
1972 2291 2251 2349 directum
2282 2300 2339 2348 et
2368 2290 2663 2366 reflexum,

267 2360 309 2404 ¹·
330 2364 376 2406 A
401 2370 579 2408 natura
599 2362 728 2408 fidei.
780 2371 997 2429 directo
1028 2370 1207 2430 fertur
1234 2373 1292 2429 in
1323 2373 1758 2449 promissionem
1788 2371 1991 2449 ipsam,
2022 2371 2238 2429 reflexo
2267 2390 2405 2428 vero
2433 2371 2493 2426 in
2535 2390 2667 2446 pro-

247 2447 432 2522 priam
475 2450 1003 2525 apprehensionem,
1037 2452 1202 2510 etita
1230 2472 1344 2510 non
1388 2461 1610 2511 tantum
1654 2451 1853 2526 credit,
1902 2451 2006 2510 sed
2055 2460 2113 2509 et
2152 2451 2261 2509 scit
2300 2469 2361 2508 se
2391 2449 2663 2508 credere:

247 2528 728 2605 quemadmodum
760 2531 820 2588 in
849 2531 970 2590 vita
997 2532 1263 2607 naturali,
1294 2533 1484 2590 anima
1505 2552 1620 2590 non
1638 2539 1860 2590 tantum
1890 2531 2184 2608 intelligit,
2217 2529 2320 2589 sed
2348 2539 2405 2587 et
2434 2530 2666 2588 conscia

247 2617 336 2666 est
366 2609 475 2667 sibi
505 2630 623 2668 suae
653 2611 1017 2687 operationiS,
1050 2622 1108 2671 et
1136 2613 1246 2671 scit
1274 2633 1334 2671 se
1358 2613 1697 2689 intelligere,
1724 2612 1880 2689 quod
1901 2612 2193 2689 proprium
2222 2618 2312 2669 est
2339 2610 2543 2668 animae
2573 2630 2661 2668 ra·

245 2688 477 2747 tionalis
506 2691 891 2768 privilegium.
979 2692 1072 2750 Ita
1098 2693 1158 2749 in
1186 2693 1309 2751 vita
1352 2693 1653 2770 spirituali,
1685 2693 1876 2749 anima
1904 2691 2163 2769 regenita
2190 2691 2300 2749 hoc
2328 2690 2503 2749 habet
2532 2711 2659 2767 pro-

247 2769 454 2845 prium,
485 2779 550 2828 ut
587 2792 702 2829 non
741 2771 913 2830 modo
959 2783 1121 2832 actus
1171 2773 1308 2831 fidei
1356 2781 1414 2832 et
1459 2773 1755 2831 charitatis
1799 2772 2007 2847 eliciat,
2050 2772 2153 2830 sed
2197 2780 2255 2829 et
2303 2772 2363 2827 in
2412 2771 2660 2847 seipsam

245 2848 462 2907 reflexa
517 2860 845 2927 cognoscat,
892 2871 953 2910 se
996 2853 1127 2910 illos
1170 2853 1394 2927 elicere,
1440 2863 1499 2911 et
1540 2853 1613 2912 de
1656 2852 1773 2910 illis
1816 2861 1974 2911 certo
2022 2850 2451 2929 persuadeatur.
2539 2850 2660 2908 Nec

245 2929 432 3003 magis
473 2931 620 2988 ratio
663 2931 835 2989 debet
877 2933 1056 3007 quaeri
1098 2933 1266 2991 istius
1308 2932 1714 3009 persuasionis,
1747 2951 1918 3008 quam
1948 2932 2122 3006 illius,
2155 2950 2258 3008 per
2284 2950 2457 3007 quam
2487 2930 2658 2989 homo

244 3007 409 3064 novit
438 3028 499 3065 se
528 3009 724 3066 vivere
754 3019 811 3067 et
840 3010 1181 3085 intelligere.
1268 3012 1416 3085 Quia
1443 3021 1637 3069 tamen
1665 3011 1812 3068 falsa
1841 3012 2029 3069 carnis
2070 3010 2441 3087 praesumptio
2468 3018 2659 3085 potest

246 3104 443 3142 veram
472 3086 608 3143 fidei
635 3089 1065 3163 persuasionem
1108 3090 1352 3159 mentiri,
1398 3090 1613 3147 veritas
1655 3090 1822 3147 istius
1870 3089 2257 3165 persuasionis
2300 3087 2541 3145 ulterius
2582 3088 2656 3145 ab

244 3164 462 3223 effectis
513 3174 570 3223 et
598 3166 881 3223 fructibus
936 3186 1087 3224 verae
1132 3167 1267 3224 fidei
1297 3189 1331 3225 a
1358 3169 1662 3244 posteriori
1709 3176 1899 3244 potest
1946 3168 2163 3241 haberi,
2214 3166 2481 3223 nimirum
2532 3174 2656 3223 tum

243 3245 652 3303 consolationis
682 3254 739 3304 et
783 3244 979 3319 gaudii
1026 3246 1340 3323 spiritualis
1385 3247 1688 3318 suavitate,
1721 3256 1842 3304 tum
1873 3244 2344 3303 sanctificationis
2386 3253 2444 3302 et
2470 3246 2653 3320 poeni-

244 3325 436 3381 tentiae
467 3325 693 3383 studio:
739 3326 887 3381 Nam
916 3326 1014 3401 qui
1038 3335 1342 3402 utrumque
1367 3326 1540 3384 istum
1569 3326 1706 3384 fidei
1724 3324 1991 3383 effectum
2022 3326 2080 3381 in
2111 3345 2171 3382 se
2195 3324 2651 3400 deprehenderit,

244 3403 504 3462 dubitare
533 3424 648 3462 non
677 3405 849 3463 debet
878 3404 948 3462 de
1000 3405 1136 3462 fidei
1188 3426 1304 3464 suae
1349 3406 1610 3463 veritate.
1699 3408 1734 3439 ‘⁴
1760 3405 1871 3463 Per
1896 3405 2008 3463 hoc
2038 3405 2251 3462 scimus
2280 3403 2434 3480 quod
2465 3404 2652 3479 ipsum

243 3483 524 3559 novimuS,
557 3484 606 3542 si
634 3484 905 3542 mandata
928 3487 1053 3561 ejus
1076 3484 1509 3560 observamus,’'
1547 3489 1576 3544 1
1600 3486 1740 3544 Joh.
1773 3485 1830 3543 ii.
1863 3488 1917 3559 3,
1949 3487 2005 3543 4.
2091 3484 2260 3558 Quod
2283 3483 2331 3541 si
2352 3493 2503 3541 notae
2527 3484 2652 3541 istae

243 3583 353 3620 non
386 3564 465 3623 ita
494 3573 629 3622 sunt
658 3564 976 3638 sensibileS,
1003 3574 1121 3623 uta
1142 3566 1309 3624 nobis
1328 3565 1479 3623 clare
1508 3586 1734 3642 semper
1760 3565 2162 3641 percipiantur,
2189 3563 2237 3622 si
2259 3563 2467 3640 frigeat
2490 3583 2651 3621 sanc-

241 3643 566 3703 tificationis
596 3645 867 3719 studium,
900 3645 948 3701 si
977 3645 1251 3721 gaudium
1292 3647 1576 3704 contraria
1618 3646 1975 3703 dubitatione
2018 3644 2296 3717 turbetur,
2354 3663 2470 3701 non
2520 3643 2652 3701 ideo

241 3722 680 3798 despondendus
709 3734 797 3783 est
825 3725 1066 3799 animuS,
1098 3725 1196 3783 vel
1224 3726 1295 3784 de
1325 3726 1509 3784 salute
1539 3725 1978 3802 desperandum,
2001 3724 2104 3782 sed
2126 3724 2199 3781 ad
2217 3723 2498 3800 principia
2527 3723 2653 3799 ipsa

243 3802 422 3876 prima
441 3804 910 3861 sanctificationis
933 3805 1375 3880 ascendendum,
1399 3806 1721 3882 cujusmodi
1745 3814 1897 3878 sunt,
1933 3808 1986 3861 1.
2018 3803 2453 3878 Corruptionem
2476 3802 2647 3858 inter·

241 3900 369 3937 nam
399 3882 628 3939 sentiro.
713 3886 769 3940 2.
819 3882 943 3940 Sibi
988 3884 1097 3959 ipsi
1140 3884 1215 3941 ob
1257 3905 1381 3941 eam
1412 3884 1734 3961 displicere.
1821 3887 1875 3941 3.
1922 3884 2169 3940 Peccata
2198 3881 2331 3945 odio
2359 3881 2649 3956 prosequi.

239 3962 294 4016 4.
340 3959 550 4016 Dolere
597 3962 823 4036 quoties
871 3960 1135 4034 labimur,
1188 3971 1245 4020 et
1293 3964 1480 4019 Deum
1527 3963 1888 4020 offendimus
1975 3965 2029 4017 5.
2075 3961 2277 4017 Vitare
2317 3958 2648 4017 occasiones
2705 3994 2709 3999 ·

239 4038 529 4114 peccandi,
561 4048 618 4097 et
647 4039 851 4096 mediis
880 4058 914 4095 a
944 4040 1070 4097 Deo
1091 4041 1438 4117 praescriptis
1457 4042 1540 4099 uti
1564 4041 1638 4099 ad
1657 4042 1871 4098 donum
1904 4040 2014 4097 Dei
2034 4038 2425 4112 excitandum,
2455 4038 2650 4114 qualia

243 4127 370 4176 sunt
399 4120 598 4191 oratio,
632 4118 815 4175 Verbi
843 4119 1156 4193 meditatiO,
1189 4128 1247 4178 et
1276 4121 1401 4177 sim.

319 4198 505 4257 XIII.
554 4200 720 4256 Hanc
750 4218 919 4275 porro
947 4198 1080 4257 fidei
1112 4199 1498 4275 cognitionem
1530 4209 1588 4259 et
1618 4219 1866 4273 sensum,
1915 4218 2030 4256 non
2059 4197 2230 4255 modo
2259 4206 2464 4255 natura
2490 4195 2644 4270 fidei,

243 4278 337 4335 sed
367 4287 424 4336 et
457 4279 751 4355 Scriptura
778 4287 971 4354 aperte
1002 4278 1264 4337 adstruit.
1339 4279 1554 4337 Paulus
1597 4279 1669 4337 de
1714 4299 1773 4337 se
1829 4279 2089 4354 loqnem,
2140 4280 2174 4309 “
2195 4277 2407 4350 Novi‚''
2438 4276 2642 4352 inquit,

246 4361 277 4389 “
297 4359 386 4415 cui
417 4358 775 4432 crediderim,
807 4367 864 4416 et
893 4368 1082 4416 certus
1112 4379 1256 4432 sum,
1298 4359 1455 4435 quod
1481 4368 1688 4434 potens
1734 4368 1820 4416 est
1848 4359 1922 4416 ad
1946 4356 2291 4416 servandum
2323 4356 2647 4432 depositum

242 4456 423 4493 meum
475 4438 534 4494 in
589 4439 751 4495 illum
807 4438 1019 4513 diem,”
1079 4442 1114 4495 2
1172 4439 1319 4497 Tim.
1378 4439 1414 4496 i.
1459 4442 1550 4496 12.
1636 4439 1745 4514 Ita,
1794 4438 1933 4497 Joh.
1990 4441 2066 4495 1ae
2094 4437 2153 4493 ii.
2185 4440 2239 4509 3,
2274 4442 2540 4503 γιυύηομυ
2579 4442 2648 4488 ἔτι

243 4522 491 4580 tynum„
522 4524 656 4569 αὐτὸ
704 4519 971 4576 “scimus
1000 4518 1156 4595 quod
1184 4539 1314 4576 eum
1344 4518 1672 4591 novimuS,'’
1720 4527 1778 4576 et
1806 4538 1930 4594 cap.
1971 4538 2029 4574 v.
2065 4519 2156 4589 10,
2194 4518 2228 4547 “
2247 4515 2349 4591 qui
2376 4512 2558 4572 credit
2585 4512 2646 4569 in

247 4592 451 4648 Filium
483 4593 611 4667 Dei,
641 4596 817 4656 habet
859 4598 1252 4656 testimonium
1295 4599 1356 4655 in
1407 4600 1656 4675 seipso.''
1743 4598 1886 4655 Ideo
1918 4596 2187 4674 Apostoli
2216 4594 2555 4672 profitentur
2582 4612 2644 4650 se

243 4671 482 4742 credere,
514 4673 653 4732 Joh.
683 4676 762 4733 vi.
795 4680 890 4752 69,
927 4680 1089 4735 “nos
1135 4679 1482 4736 credidimus
1531 4688 1590 4737 et
1619 4678 1832 4736 scimus
1881 4685 1937 4736 te
1966 4696 2091 4735 esse
2140 4675 2427 4734 Christum
2459 4672 2641 4746 illum,

385 4770 532 4810 mas·
566 4772 626 4810 ιῐ.
2295 4758 2330 4812 2
2362 4772 2405 4811 M
