3221 5200
291 383 528 433 Quaesr.
559 361 723 442 xrv.]
1307 379 1386 418 ns
1417 379 1568 420 neon
1598 379 1719 419 nm.
2634 366 2711 422 85

278 523 473 600 magis
522 520 825 598 magisque
871 517 1241 594 invalescere,
1294 518 1396 578 ubi
1448 518 1583 577 Diei
1633 517 1926 578 Dominici
1964 518 2128 596 justa
2170 519 2319 579 ratio
2366 539 2483 579 non
2529 521 2704 582 habe-

285 613 624 738 tur-XVIII.
671 679 804 736 Hoc
833 697 974 737 vero
1002 685 1135 735 ante
1164 677 1358 735 omnia
1397 678 1492 736 hic
1522 677 1967 752 observandum,
1998 686 2064 736 ut
2105 698 2221 735 non
2263 686 2381 737 tam
2411 679 2483 737 de
2511 681 2702 739 inves-

278 760 528 837 tiganda
553 759 742 836 prima
769 756 937 816 istius
965 757 1081 814 diei
1110 756 1333 833 origine
1376 757 1555 815 simus
1598 757 1851 831 solliciti,
1881 777 2055 834 quam
2096 756 2169 815 de
2212 758 2361 815 seria
2402 768 2461 817 et
2502 760 2704 818 sedula

278 842 413 917 ejus
441 837 918 898 sanctificatione.
1003 836 1418 913 Quamcunque
1461 835 1805 895 seutentiam
1834 836 1967 912 quis
2009 837 2174 912 sequi
2201 837 2478 912 voluerit;
2522 839 2702 898 libere

282 920 440 977 enim
471 938 579 977 suo
609 935 897 993 quemque
935 915 1159 992 judicio
1189 914 1301 972 frui
1328 914 1615 991 patimur;
1659 915 1769 973 hoc
1814 923 1969 974 arcte
2013 924 2071 974 et
2113 915 2387 974 inviolate
2434 918 2701 976 omnibus

277 998 622 1070 curandum,
643 1004 710 1054 ut
737 1016 813 1053 ex
840 994 1174 1072 praescripto
1198 994 1413 1052 Christi
1437 993 1641 1053 fideles
1669 1013 1704 1051 a
1730 993 2223 1070 profanationibus
2245 995 2495 1071 abducti,
2523 997 2701 1055 sacris

276 1077 517 1154 pietatis
565 1074 861 1135 exercitiis
916 1073 1065 1132 serio
1106 1073 1458 1147 incumbant,
1505 1082 1566 1132 et
1607 1083 2035 1132 sacrosanctum
2083 1074 2237 1133 hunc
2293 1074 2445 1132 diem
2502 1085 2698 1136 sancte

277 1158 616 1215 observent.
701 1155 791 1213 De
840 1156 1008 1230 cujus
1055 1151 1474 1212 observationis
1514 1152 1857 1213 necessitate
1908 1162 1967 1212 et
2008 1152 2179 1213 modo
2221 1153 2281 1211 in
2323 1156 2698 1232 sequentibus

286 1245 521 1313 agetur·
896 1311 1085 1371 XIX.
1131 1311 1221 1370 De
1251 1311 1653 1371 observatione
1673 1312 1807 1371 Diei
1831 1312 2121 1372 Dominici
2149 1333 2265 1371 non
2292 1334 2494 1391 parum
2524 1313 2695 1373 etiam

276 1374 506 1419 Socanda
537 1372 772 1427 Quaestio,
813 1390 1197 1468 disceptatur;
1242 1392 1371 1450 aliis
1400 1392 1459 1448 in
1488 1393 1840 1451 excessu-ad
1866 1393 2105 1450 nimium
2129 1392 2377 1469 rigorem
2397 1402 2455 1453 et
2483 1394 2696 1452 severi-

336 1433 400 1475 de
414 1431 772 1476 observatione

339 1488 460 1534 Diei
515 1488 776 1534 Dominici.
818 1478 995 1529 tatem
1024 1470 1531 1547 propendentibus,
1563 1479 1623 1530 et
1650 1471 1732 1530 ita
1759 1471 1835 1529 ad
1855 1472 1897 1531 J
1901 1472 2229 1530 udai‘smum
2258 1473 2694 1548 accedentibus3
2788 1487 2793 1490 ⁴

339 1547 467 1604 Ejus
509 1547 772 1591 necessitas
814 1550 944 1607 aliis
986 1559 1184 1609 contra
1228 1551 1288 1607 in
1334 1550 1562 1610 defectu
1605 1550 1784 1608 nimia
1826 1550 2180 1610 relaxatione
2225 1553 2536 1628 utentibus,
2567 1573 2696 1628 quae

337 1607 592 1662 probatur.
816 1629 1177 1706 profanitatis
1205 1638 1264 1688 et
1303 1630 1554 1688 licentiae
1585 1630 1823 1707 januam
1866 1631 2066 1722 aperit.
2151 1631 2334 1688 Nobis
2362 1652 2500 1689 vero
2528 1632 2696 1690 tutis-

283 1708 434 1767 sima
480 1707 715 1766 videtur
756 1708 857 1766 via
909 1708 1113 1782 media,
1145 1728 1316 1785 quam
1358 1708 1584 1767 duabus
1638 1709 2126 1786 propositlonibus
2181 1710 2264 1767 sic
2319 1710 2694 1786 explicamus.

283 1787 485 1845 Prima
513 1787 905 1862 necessitatem,
942 1788 1207 1846 Secunda
1234 1790 1459 1846 modum
1488 1788 1907 1846 observationis
1938 1788 2103 1845 istius
2132 1787 2317 1846 docet.

361 1867 522 1925 XX.
568 1867 766 1923 Prima
809 1866 1172 1943 Propositio:
1222 1869 1544 1929 observatio
1585 1868 1725 1925 Diei
1760 1867 2049 1925 Dominici
2105 1888 2217 1925 non
2259 1876 2339 1925 est
2376 1869 2694 1926 necessaria

272 1967 387 2022 per
413 1967 476 2004 se
503 1956 566 2005 ut
584 1967 734 2022 pars
762 1948 939 2003 cultus
967 1947 1155 2020 divini,
1188 1956 1290 2004 aut
1314 1948 1555 2022 mysticae
1579 1947 1996 2024 siqrzfficatiom‘s
2018 1947 2231 2021 qratia,
2260 1948 2363 2003 sed
2386 1956 2570 2004 tamen
2598 1968 2692 2004 ne-

278 2027 532 2084 cessaria
553 2034 635 2083 est
654 2026 874 2083 ratione
901 2026 1125 2096 εὐταξίας
1156 2036 1208 2083 et
1224 2027 1441 2100 politiae
1460 2027 1796 2100 Apostolicae
1817 2035 1871 2084 et
1886 2026 2292 2083 Ecclesiasticae
2313 2026 2690 2086 observandoe.

285 2106 416 2163 Non
447 2113 645 2182 potest
675 2104 793 2162 dici
821 2124 954 2179 pars
982 2105 1173 2163 cultus
1201 2105 1260 2161 iu
1290 2124 1369 2180 se,
1416 2105 1517 2163 sed
1560 2113 1785 2164 tantum
1831 2106 1958 2181 ejus
2000 2104 2335 2180 adjunctum
2365 2113 2423 2162 et
2451 2104 2697 2163 circum-.

280 2186 511 2260 stantia,
545 2184 685 2260 quia
713 2183 902 2241 cultus
933 2184 1323 2260 Evangelicus
1352 2192 1410 2242 et
1437 2189 1638 2254 λογικὶς
1683 2184 1835 2241 Novi
1865 2183 2219 2241 Testamenti
2262 2202 2379 2241 non
2419 2183 2692 2260 alligatur

282 2264 531 2340 amplius
574 2263 749 2321 certis
796 2262 940 2321 locis
981 2263 1077 2321 vel
1127 2262 1500 2339 temporibus,
1546 2270 1612 2321 ut
1661 2261 1768 2320 sub
1797 2262 1998 2319 Veteri
2042 2262 2429 2337 TestamentO,
2476 2264 2579 2322 sed
2627 2264 2688 2321 in

281 2344 487 2418 spiritu
516 2351 577 2402 et
604 2342 848 2400 veritate
870 2342 1063 2400 ubivis
1091 2350 1149 2399 et
1177 2362 1402 2418 semper
1433 2341 1694 2418 praestari
1720 2349 1928 2418 potest.
2013 2341 2352 2399 Necessaria
2379 2353 2570 2402 tamen
2600 2351 2689 2401 est

282 2441 353 2478 ex
381 2422 591 2480 ordine
623 2421 751 2495 Dei,
784 2421 1005 2479 ratione
1032 2421 1248 2498 politiae
1276 2421 1338 2478 iu
1368 2420 1633 2478 Ecclesia
1659 2419 1941 2497 perpetim
1969 2420 2285 2495 servandae,
2307 2423 2443 2497 quia
2470 2422 2691 2498 absque

284 2510 441 2559 certo
471 2501 566 2559 die
596 2519 702 2558 uec
731 2499 873 2557 ordo
900 2520 1006 2558 nec
1036 2499 1307 2558 decorum
1334 2499 1624 2558 constabit
1653 2499 1946 2574 Ecclesiae,
1980 2498 2082 2557 sed
2108 2519 2267 2558 mera
2293 2502 2402 2559 erit
2428 2501 2688 2559 confusio

284 2579 340 2636 in
368 2579 757 2639 conventibus
787 2579 1230 2639 Ecclesiasticis.
1301 2583 1356 2638 2.
1389 2579 1538 2653 Quia
1563 2599 1681 2638 non
1708 2579 1972 2638 instituta
2000 2578 2108 2638 fuit
2135 2579 2411 2657 peculiari
2439 2580 2687 2658 quadam

282 2659 353 2717 de
382 2680 564 2719 causa
590 2680 695 2737 pro
737 2668 894 2718 ccrta
925 2659 1186 2717 Ecclesia
1227 2660 1398 2718 unius
1440 2660 1730 2737 temporie,
1764 2659 1867 2718 sed
1907 2661 2253 2736 generaliter
2291 2680 2395 2737 pro
2428 2661 2690 2719 Ecclesia

283 2740 543 2798 omnium
571 2748 928 2814 temporum3
974 2739 1124 2795 Nam
1151 2746 1216 2796 ut
1246 2738 1517 2815 Apostoli
1544 2740 1645 2816 qui
1686 2740 1796 2797 hoc
1839 2740 2106 2816 exemplo
2155 2759 2260 2798 suo
2302 2748 2361 2799 et
2399 2750 2687 2817 praecepto

281 2820 671 2892 sanciverunt,
708 2822 736 2874 l
766 2818 981 2875 Corint.
1011 2818 1134 2874 xvi.
1165 2822 1219 2891 2,
1252 2818 1386 2877 Act.
1417 2839 1518 2878 xx.
1552 2824 1605 2893 7,
1655 2818 1861 2895 Legati
1903 2819 2260 2877 universales
2301 2819 2560 2895 fuerunt;
2595 2821 2687 2878 Ita

279 2897 350 2954 ad
377 2898 601 2954 bonum
630 2897 810 2955 totius
841 2896 1115 2954 Ecclesiae
1159 2906 1535 2973 respexerunt
1582 2898 1641 2953 in
1683 2897 1791 2955 hac
1837 2899 2149 2956 sanctione.
2235 2899 2312 2957 Et
2354 2908 2419 2956 ut
2460 2909 2689 2975 recepta

278 2975 384 3034 fuit
403 2978 534 3053 jam
566 2985 734 3034 aetate
763 2974 1212 3052 Apostolorum3
1259 2976 1352 3034 Ita
1395 2985 1725 3034 constanter
1767 2985 1991 3034 retenta
2027 2977 2137 3035 fuit
2163 2976 2434 3054 deinceps
2463 2979 2535 3035 ab
2565 2999 2683 3035 om-

280 3056 453 3113 nibus
483 3054 781 3128 EcclesiiS,
814 3062 878 3112 ut
904 3054 1087 3131 liquet
1114 3075 1188 3112 ex
1217 3055 1351 3112 hist.
1384 3055 1630 3112 Ecclesi.
1701 3058 1756 3111 3.
1790 3055 1933 3127 Quia
1964 3055 2124 3111 nulla
2152 3075 2325 3112 causa
2352 3057 2686 3114 mutationis

279 3153 399 3192 esse
431 3142 643 3209 potest,
675 3153 806 3192 cum
852 3140 916 3190 ut
957 3134 1176 3207 mertia,
1209 3134 1292 3191 sic
1337 3142 1394 3190 et
1438 3132 1872 3190 resurrectionis
1903 3133 2116 3189 Christi
2161 3134 2435 3189 memoria
2478 3133 2686 3192 debeat

279 3230 400 3270 esse
432 3221 714 3289 perpetua
742 3212 799 3268 in
830 3212 1108 3286 Ecclesia,
1146 3214 1175 3268 1
1210 3212 1338 3269 Cor.
1369 3210 1450 3267 xi.
1481 3213 1576 3284 26,
1609 3213 1645 3267 2
1676 3210 1824 3266 Tim.
1856 3210 1913 3266 ii.
1946 3212 2002 3266 8.
2087 3212 2143 3266 4.
2176 3210 2324 3282 Quia
2352 3210 2687 3271 confirmata

277 3300 361 3349 est
400 3291 681 3368 deinceps
723 3298 844 3348 tum
875 3290 1205 3349 Canonibus
1232 3289 1409 3347 variis
1439 3288 1825 3347 Conciliorum
1855 3287 2382 3363 Oecumeuicorum,
2413 3296 2536 3347 tum
2568 3290 2688 3348 Im-

273 3378 606 3445 peratorum
637 3370 895 3445 Legibus
922 3378 982 3428 et
1010 3370 1236 3428 Edictis
1263 3367 1543 3445 plurimis.

347 3448 546 3506 XXI.
592 3448 758 3507 Licet
785 3467 923 3506 vero
951 3447 1118 3506 facile
1147 3447 1528 3507 concedamus
1559 3447 1766 3523 Deum,
1798 3448 1898 3524 qui
1929 3448 2214 3507 Dominus
2242 3457 2331 3508 est
2377 3448 2677 3524 Sabbathi,

271 3547 448 3604 posse
476 3536 718 3601 mutare,
740 3526 789 3584 si
808 3527 1000 3602 vellet,
1022 3527 1174 3586 diem
1202 3529 1355 3585 hunc
1383 3528 1631 3604 primum
1662 3527 1721 3583 in
1750 3528 1927 3585 alium
1948 3528 2214 3605 quemvis
2242 3548 2316 3586 ex
2346 3529 2681 3605 septimana,

273 3625 384 3667 non
433 3614 706 3682 putamus
734 3614 927 3664 tamen
955 3607 1065 3663 hoc
1100 3608 1366 3684 cuiquam
1409 3605 1736 3664 mortalium
1778 3607 1972 3682 licere,
2018 3616 2151 3683 post
2178 3616 2294 3665 tam
2324 3617 2684 3668 constantem

274 3693 329 3743 et
355 3685 750 3744 universalem
779 3684 896 3742 diei
937 3684 1104 3747 istius
1132 3686 1609 3744 observationem.
1696 3685 1818 3743 Nec
1863 3686 1911 3743 si
1954 3705 2121 3745 casus
2164 3696 2406 3763 possunt
2450 3687 2591 3761 dari,
2624 3689 2683 3744 in

276 3765 491 3840 quibus
519 3764 752 3840 publica
791 3765 1024 3840 pietatis
1067 3764 1343 3824 exercitia
1381 3766 1492 3823 hoc
1537 3764 1632 3822 die
1672 3765 1934 3842 praestari
1977 3785 2095 3823 non
2136 3776 2397 3840 possunt,
2426 3767 2687 3841 sequitur

277 3843 744 3903 observationem
772 3843 920 3901 hanc
948 3845 1320 3921 temporalem
1346 3851 1571 3902 tantum
1599 3851 1659 3901 et
1699 3844 2033 3903 mutabilem
2063 3864 2223 3920 esse3
2267 3844 2403 3920 quia
2430 3845 2539 3903 hec
2568 3864 2684 3902 non

277 3922 340 3980 fit
366 3932 595 3999 sponte,
628 3922 733 3981 sed
759 3943 833 3980 ex
861 3924 1220 3998 necessitate,
1250 3943 1379 4000 quae
1404 3923 1593 4000 legem
1625 3942 1741 3980 non
1768 3922 1960 3982 habet.

355 4002 588 4061 XXII.
624 4002 688 4061 Si
715 4002 890 4078 prisci
914 4002 1222 4060 Christiani
1254 4002 1610 4060 Sabbathum
1640 4002 1813 4060 etiam
1841 4021 1944 4078 per
1970 4001 2205 4079 aliquod
2233 4008 2460 4077 tempus
2488 4001 2682 4061 obser-

276 4088 490 4139 varunt
519 4101 649 4139 eum
680 4081 793 4138 Die
825 4081 1144 4154 DominicO,
1175 4089 1241 4139 ut
1282 4100 1475 4139 sacros
1517 4080 1576 4137 in
1620 4101 1688 4140 eo
1729 4090 2050 4139 conventus
2090 4080 2384 4153 haberent,
2418 4088 2476 4138 et
2522 4080 2685 4139 nefas

278 4157 557 4218 ducerent
614 4178 684 4217 eo
743 4159 837 4216 die
880 4160 1163 4236 jejunare,
1208 4168 1272 4218 ut
1314 4160 1607 4236 colligitur
1658 4180 1733 4218 ex
1776 4159 2058 4217 Constitu.
2106 4159 2432 4233 Clementis,
2478 4159 2578 4218 lib.
2624 4160 2682 4219 ii.

281 4257 403 4314 cap.
439 4242 535 4312 59,
567 4246 626 4297 et
672 4239 925 4312 Socrate,
957 4238 1056 4296 lib.
1088 4239 1168 4296 iii.
1199 4259 1248 4296 c.
1279 4242 1373 4312 21,
1418 4239 1528 4297 hoc
1570 4239 1846 4316 pertinuit
1889 4237 1966 4296 ad
2007 4239 2306 4296 honestam
2355 4239 2683 4315 Synagogae

282 4318 663 4393 sepulturam;
695 4327 754 4376 et
781 4325 1006 4376 constat
1039 4317 1319 4375 Sabbathi
1345 4318 1739 4393 festivitatem,
1761 4317 1933 4375 etiam
1963 4337 2095 4375 cum
2124 4318 2478 4392 servabatur,
2500 4319 2683 4377 multo

279 4394 426 4453 infra
455 4396 628 4455 Diem
658 4397 1027 4455 Dominicum
1052 4396 1307 4454 habitam
1338 4397 1515 4455 fuisse
1541 4420 1555 4456 t
1600 4396 1768 4471 Quod
1795 4396 1891 4454 vel
1920 4416 1994 4453 ex
2024 4415 2093 4454 eo
2120 4395 2319 4473 liquet,
2351 4397 2508 4473 quod
2535 4397 2685 4457 inter

277 4492 496 4533 errores
543 4476 962 4551 Ebionitarum,
1013 4483 1246 4551 propter
1285 4496 1431 4553 quos
1475 4476 1548 4534 ab
1592 4475 1856 4533 Ecclesia
1902 4474 2268 4534 condemnati
2316 4485 2465 4550 sunt,
2511 4478 2684 4536 etiam

281 4550 447 4612 istius
475 4563 815 4633 arguuntur,
846 4554 1002 4631 quod
1033 4555 1202 4613 Diem
1233 4555 1601 4614 Dominicum
1631 4563 1688 4613 et
1721 4553 2077 4612 Sabbathum
2108 4554 2279 4613 simul
2308 4557 2679 4631 celebrarent,

280 4633 432 4707 apud
475 4634 691 4718 Euseb.
719 4634 820 4692 lib.
851 4634 929 4692 iii.
960 4653 1084 4712 cap.
1108 4636 1182 4691 21
1206 4656 1220 4710 3
1268 4635 1345 4692 Et
1372 4653 1448 4693 ex
1478 4634 1709 4693 Canone
1739 4634 1835 4708 29,
1872 4632 2093 4711 Synodi
2123 4634 2481 4711 Laodicenae,
2514 4638 2681 4714 cujus
