3221 5200
317 390 546 442 Quffisr.
576 366 780 451 xvim]
1337 385 1424 424 m:
1453 385 1608 425 naon
1636 386 1757 426 nm.
2616 375 2730 434 105

310 533 496 609 sensio
523 533 811 606 bonorum,
842 530 981 609 quia
1006 527 1131 588 vita
1154 533 1354 586 nostra
1380 532 1440 585 et
1466 526 1656 584 aliena
1694 546 1811 585 non
1839 526 2013 587 debet
2054 549 2183 588 cum
2212 529 2382 589 bonis
2414 531 2545 591 aliis
2585 541 2729 593 tem·

327 614 620 691 poralibus
649 610 1009 672 commutari.
1093 609 1225 667 Non
1264 607 1515 666 veritatis
1552 608 1943 683 manffestatiO,
1987 618 2088 669 aut
2128 611 2377 669 criminis
2411 616 2682 690 purgatio
2709 639 2731 674 .-

329 696 466 770 quia
493 714 623 753 cum
662 694 825 752 nulla
864 691 945 750 sit
967 687 1272 768 promissio
1304 688 1432 763 Dei,
1477 687 1635 764 quod
1672 688 1785 746 hoc
1825 689 1998 748 modo
2037 691 2432 750 testimonium
2472 696 2729 770 praebere

327 774 474 832 velit
498 773 745 848 veritati,
777 769 1291 831 extraordinariam
1333 769 1460 845 ejus
1497 767 1923 845 providentiam
1952 770 2062 829 hoc
2089 772 2262 830 modo
2290 775 2589 834 consulere
2631 786 2732 835 aut

329 855 632 948 appellare,
663 853 810 911 nihil
847 850 1008 909 aliud
1048 856 1139 909 est
1165 868 1339 926 quam
1379 848 1714 907 inventione
1741 848 2028 909 diabolica
2057 852 2245 910 Deum
2276 853 2517 912 tentare.
2601 854 2734 914 Non

325 935 579 993 mndictae
595 933 843 992 executio
854 956 877 1005 ;
905 930 1042 1009 quia
1061 928 1323 1004 vindicta
1341 928 1664 1005 denegatur
1688 928 1949 1006 privatis,
1980 932 2293 1006 quiessent
2314 934 2397 992 sic
2419 935 2649 1013 judices
2670 937 2731 993 in

323 1013 554 1091 propria
583 1033 773 1089 causa,
806 1021 864 1071 et
891 1011 1031 1070 solis
1058 1009 1320 1087 personis
1347 1009 1596 1086 publicis
1623 1008 1783 1067 licita
1810 1019 1915 1085 est,
1953 1011 2127 1087 idque
2155 1012 2255 1070 via
2286 1014 2456 1090 juris.
2542 1017 2727 1090 Quam

325 1114 464 1152 vero
506 1093 618 1153 arti
645 1094 743 1153 isti
771 1090 1071 1151 diabolicae
1098 1090 1334 1148 faveant
1359 1089 1403 1149 J
1406 1092 1630 1164 esu'itoe,
1659 1089 1901 1164 Lenius,
1931 1092 2175 1168 Amicus,
2204 1095 2480 1169 Escobar,
2525 1105 2584 1154 et
2611 1096 2729 1172 alii,

321 1181 481 1252 patet
509 1193 586 1232 ex
613 1172 924 1251 Excerptis
951 1170 1288 1247 Theologiae
1322 1189 1519 1229 eorum
1549 1169 1802 1246 moralis,
1833 1171 1992 1230 editis
2019 1191 2111 1231 an.
2144 1174 2318 1250 1666,
2347 1175 2606 1253 Proposi.
2632 1179 2724 1255 11,

325 1259 418 1330 12,
454 1257 546 1330 15,
583 1258 676 1313 16.

353 1379 399 1424 2-
535 1384 587 1425 οι
849 1328 2735 1490 ,1522122332222321522wm0dm

1979 1458 1994 1488 ²

328 1511 457 1551 cum
487 1493 614 1552 Lex
644 1492 721 1551 sit
748 1492 1081 1570 spiritualis,
1113 1491 1214 1566 ira,
1246 1490 1459 1566 odium,
1490 1489 1765 1548 vindictae
1793 1491 2066 1569 studium,
2095 1493 2334 1570 invidia,
2366 1462 2732 1574 contumelia:

319 1580 378 1631 et
402 1572 684 1650 quicquid
711 1593 842 1632 cum
864 1591 1005 1631 vera
1032 1581 1091 1631 et
1119 1572 1342 1630 sincera
1367 1571 1619 1647 proximi
1647 1570 1972 1648 dilectione,
1992 1582 2095 1632 aut
2120 1574 2380 1652 legitima
2409 1576 2501 1635 sui
2527 1577 2727 1635 desen-

321 1651 482 1711 sione
510 1661 750 1730 pugnat.
836 1654 978 1729 Quae
1006 1652 1199 1712 omnia
1228 1670 1347 1709 non
1388 1651 1574 1710 solum
1603 1651 1666 1709 in
1707 1651 1781 1710 N.
1813 1651 1881 1709 T.
1910 1652 2271 1730 damnantur,
2305 1656 2515 1715 Matth.
2539 1676 2598 1716 v.
2629 1661 2725 1733 21,

323 1742 392 1791 ut
416 1753 715 1810 perperam
741 1733 951 1793 volunt
983 1731 1291 1807 Sociniani,
1321 1730 1425 1790 sed
1454 1731 1629 1790 etiam
1650 1731 1942 1808 prohibita
1952 1733 2076 1810 jam
2098 1735 2372 1810 leguntur
2389 1745 2447 1794 et
2463 1736 2735 1796 damnata

325 1813 384 1870 in
413 1813 633 1889 Veteri,
667 1814 811 1873 LeV.
841 1814 964 1874 xix,
998 1816 1090 1889 17,
1126 1815 1238 1888 183
1283 1812 1460 1871 Zach.
1489 1812 1613 1870 viii.
1648 1814 1740 1887 16,
1777 1815 1870 1870 17.
1956 1814 2121 1873 Licet
2160 1815 2313 1872 enim
2356 1817 2731 1875 homicidium

327 1893 514 1952 solum
543 1893 874 1953 effectivum
904 1901 964 1952 et
990 1901 1295 1951 externum
1323 1892 1536 1951 forensi
1564 1892 1698 1968 lege
1725 1892 2048 1969 capitaliter
2072 1895 2360 1972 puniatur,
2394 1895 2537 1955 Lev.
2561 1898 2727 1955 xxiv.

331 1977 422 2050 17,
454 1975 768 2049 affectivum
795 1982 991 2033 tamen
1018 1981 1076 2031 et
1103 1974 1381 2031 internum
1409 1971 1614 2030 eodem
1641 1972 1770 2030 loco
1797 1974 1960 2031 venit
1987 1974 2142 2051 apud
2171 1976 2380 2035 Deum.

406 2054 738 2112 XXXIII.
783 2054 931 2128 Quia
971 2072 1112 2112 vero
1153 2054 1213 2109 in
1254 2051 1558 2129 praeceptis
1598 2052 1907 2129 negativis,
1951 2054 2293 2114 affirmativa
2340 2055 2723 2136 continentur,

323 2134 432 2193 hac
457 2135 590 2213 lege
617 2143 882 2194 tenemur
908 2133 982 2192 ad
1010 2132 1261 2210 proximi
1288 2132 1700 2207 defensionem,
1744 2133 2044 2208 auxilium,
2085 2155 2354 2213 amorem,
2398 2147 2730 2197 mansuetu·

324 2214 536 2291 dinem,
566 2214 889 2274 concordiae
917 2222 975 2273 et
1002 2213 1162 2291 pacis
1190 2212 1463 2286 studium,
1497 2212 1606 2270 Ro.
1638 2213 1743 2270 xii.
1775 2215 1869 2271 18.
1952 2214 2086 2272 Non
2126 2215 2279 2273 enim
2319 2216 2460 2275 satis
2501 2227 2591 2276 est
2630 2238 2731 2277 ne-

324 2295 538 2352 minem
565 2295 792 2372 laedere,
826 2294 929 2353 sed
957 2314 1124 2352 suum
1154 2293 1362 2369 cuique
1390 2291 1758 2351 tribuendum
1788 2301 1895 2351 est.
1980 2292 2113 2352 Non
2146 2295 2288 2354 satis
2315 2305 2404 2355 est
2444 2298 2732 2356 neminem

329 2374 606 2450 occidere,
638 2374 742 2433 sed
763 2373 1111 2434 studendum
1134 2374 1369 2450 insuper
1387 2373 1524 2431 vitae
1543 2372 1795 2450 proximi
1817 2375 2226 2434 conservandae
2249 2396 2590 2454 quacunque
2608 2379 2734 2437 fieri

325 2461 519 2531 potest
559 2454 799 2514 honesta
837 2455 1078 2513 ratione.
1163 2453 1242 2512 Et
1268 2461 1334 2512 ut
1360 2453 1582 2529 lampas
1610 2452 1827 2530 duplici
1866 2455 2038 2513 modo
2066 2457 2442 2534 extinguitur,
2486 2466 2588 2517 aut
2626 2479 2732 2536 per

324 2535 445 2591 vim
474 2535 830 2594 exsufflando
857 2536 986 2614 ejus
1012 2535 1344 2610 lucernam;
1387 2542 1488 2592 aut
1526 2552 1645 2591 non
1685 2533 2041 2594 infundendo
2070 2537 2298 2615 oleum3
2345 2540 2438 2597 Ita
2477 2540 2728 2617 proximi

322 2616 446 2673 vita
473 2616 804 2690 destruitur,
834 2624 934 2676 aut
960 2617 1219 2675 violenta
1245 2614 1618 2689 extinctione,
1646 2623 1747 2675 aut
1775 2616 1974 2693 iniqua
1995 2618 2384 2680 subtractione
2407 2620 2723 2699 eleemosy-

320 2714 520 2755 narum
550 2705 611 2756 et
638 2697 1025 2757 subsidiorum
1053 2716 1159 2776 per
1184 2715 1314 2774 quoe
1342 2695 1547 2754 fuisset
1573 2697 1989 2757 conservanda.

1180 2961 1568 3038 QUAEsTIO
1612 2961 1863 3022 xvm.

1106 3166 1189 3206 AD
1219 3166 1587 3207 PRAECEPTUM
1618 3166 1941 3205 sammon.

526 3335 688 3403 Quid
711 3337 1005 3413 Proecepto
1034 3338 1104 3395 dc
1130 3354 1242 3394 non
1269 3335 1595 3393 moechando
1613 3332 2002 3410 prohibeatur,
2034 3341 2087 3392 ct
2102 3334 2481 3412 praecipiatur
2500 3338 2529 3395 ,ἵ

405 3495 456 3554 Ι.
502 3496 588 3555 Ut
616 3502 786 3554 sexto
816 3495 1113 3573 Praecepto
1153 3496 1284 3554 Vita
1309 3503 1432 3554 tum
1465 3493 1742 3569 Proximi,
1788 3502 1910 3553 tum
1938 3502 2136 3554 nostra
2164 3494 2416 3572 ipsorum
2442 3517 2456 3571 ς
2504 3497 2595 3556 Ita
2620 3496 2732 3557 boc

323 3576 571 3653 septimo
598 3576 899 3653 Pudicitia,
931 3584 991 3635 et
1029 3584 1229 3635 nostra
1268 3584 1327 3635 et
1368 3576 1572 3651 aliena,
1614 3575 1784 3633 nobis
1824 3575 2275 3636 commendatur.
2362 3577 2543 3654 Cujus
2584 3579 2732 3637 ratio

324 3656 538 3732 triplex
565 3656 933 3732 assignatur3
977 3656 1210 3729 Divina,
1242 3656 1380 3733 quia
1420 3675 1550 3714 cum
1583 3656 1744 3713 Deus
1774 3654 1848 3714 sit
1877 3667 2127 3732 sanctus,
2173 3677 2399 3733 aequum
2429 3667 2519 3716 est
2544 3658 2730 3717 homi-

326 3754 455 3792 nem
486 3735 562 3793 ad
588 3736 898 3813 imaginem
934 3736 1044 3795 Dei
1072 3735 1387 3810 conditum,
1433 3744 1629 3795 sancte
1659 3744 1718 3794 et
1743 3735 1983 3812 proinde
2021 3737 2196 3795 etiam
2237 3747 2393 3795 caste
2421 3739 2603 3796 vitam
2644 3740 2730 3796 in-

327 3815 580 3889 stituere,
612 3835 742 3874 cum
773 3817 1095 3875 sanctitatis
1123 3836 1257 3893 pars
1287 3816 1363 3874 sit
1389 3816 1659 3891 castitas3
1703 3817 2025 3891 Naturalia,
2056 3816 2194 3892 quia
2222 3837 2351 3874 cum
2382 3817 2456 3873 ad
2496 3819 2597 3892 jus
2626 3838 2727 3877 na·

325 3902 468 3952 turae
509 3896 793 3971 pertineat
833 3896 1009 3954 maris
1051 3904 1109 3954 et
1150 3895 1400 3953 foeminae
1442 3895 1810 3972 conjuncti03
1854 3914 2089 3954 necesse
2132 3904 2221 3954 est
2268 3915 2394 3953 eam
2438 3895 2513 3952 ad
2561 3906 2733 3956 rectae

326 3974 565 4032 rationis
591 3995 851 4032 normam
881 3975 1072 4051 dirigi,
1102 3993 1177 4033 ne
1204 3984 1412 4033 natura
1454 3975 1581 4052 ipsa
1608 3974 1856 4033 effraenis
1883 3983 2114 4034 maneat
2138 3996 2152 4034 ε
2198 3975 2341 4033 Ideo
2367 3975 2529 4032 nulla
2558 3977 2726 4034 estin

326 4053 462 4112 orbe
489 4055 666 4128 nati0,
698 4075 827 4131 quae
853 4055 1283 4113 matrimonium
1311 4074 1428 4113 non
1456 4054 1729 4131 probarit,
1762 4062 1820 4113 et
1845 4073 2031 4130 vagos
2060 4054 2398 4113 concubitus
2426 4074 2540 4111 non
2572 4056 2732 4114 dam—

325 4133 514 4209 narit;
565 4135 772 4209 Civilis,
804 4135 941 4211 quia
967 4144 1033 4194 ut
1060 4134 1406 4193 familiarum
1436 4134 1806 4193 distinctione
1836 4141 2062 4192 constat
2107 4136 2307 4205 εὐταξία
2334 4134 2601 4211 politica3
2648 4137 2730 4195 sio

327 4212 638 4351 earundgpi
678 4233 782 4291 per
821 4233 1006 4292 vagas
1046 4214 1319 4274 libidines
1358 4214 1715 4292 perturbatio
1751 4213 2133 4293 Respublicas
2175 4215 2401 4289 evertit,
2445 4221 2504 4272 et
2531 4214 2734 4275 domos

321 4310 532 4369 pessun
611 4301 653 4352 t.

330 4414 362 4461 S
658 4418 669 4431 .
931 4374 1016 4432 II.
1061 4374 1194 4432 Hoc
1237 4393 1375 4451 ergo
1418 4380 1708 4450 praecepto
1752 4372 1937 4432 omnis
1982 4372 2340 4451 impudicitia
2383 4381 2442 4431 et
2482 4373 2732 4453 luxuria,

366 4418 753 4521 αξροᾞῗιιξέἶιῗεε
769 4442 811 4519 1:
850 4453 1244 4530 cujuscunque
1264 4454 1338 4513 sit
1356 4454 1601 4531 generis,
1615 4454 1968 4530 prohibetur,
1984 4462 2043 4513 et
2064 4453 2172 4512 sub
2188 4453 2420 4512 nomine
2449 4457 2730 4533 adulter-H,

383 4534 548 4579 licitus
589 4535 811 4580 nuncubi·
850 4552 980 4610 quae
1021 4552 1138 4591 una
1179 4542 1269 4593 est
1308 4534 1437 4611 ejus
1479 4534 1701 4611 species
1742 4534 2113 4609 crassissima,
2160 4534 2426 4593 humanae
2472 4536 2734 4596 societati

385 4595 464 4637 ²¹¹⁸
486 4596 698 4639 vetatur.
847 4613 1100 4672 maxime
1146 4613 1407 4687 adversa,
1456 4622 1515 4672 et
1560 4614 1622 4671 in
1671 4614 1995 4690 proximum
2046 4615 2478 4692 contumeliosa,
2530 4636 2733 4694 synec-

304 4689 564 4755 ‚dochice
593 4693 937 4751 continetur.
1024 4693 1351 4753 Damnatur
1376 4694 1571 4772 itaque
1601 4694 1696 4753 hie
1724 4695 1911 4753 omnis
1938 4695 2175 4755 illicitus
2198 4696 2540 4756 concubitus
2567 4707 2734 4755 extra
