3221 5200
254 354 484 403 (ξοβετ.
515 337 588 418 1.]
1292 358 1371 397 ns
1401 357 1554 397 mos
1582 357 1703 397 om.
2627 349 2663 404 5

260 504 324 554 et
351 496 629 556 relatione
658 499 904 559 hominis
942 500 1016 559 ad
1047 501 1253 575 Deum,
1284 499 1527 576 ejusque
1550 499 1814 576 cognitio
1841 500 2020 560 menti
2048 521 2084 559 a
2108 510 2315 562 natura
2342 503 2529 563 indita
2555 512 2659 579 est,
2703 578 2710 584 ·

259 595 382 634 non
410 596 513 653 per
539 578 899 638 traditionem
927 580 1025 639 vel
1050 580 1471 639 institutionem
1498 580 1800 654 acquisita.

263 700 417 756 origo
446 701 591 760 Legis
611 706 749 746 natu·
870 660 1054 719 VIII.
1103 659 1273 718 Unde
1315 659 1479 735 origo
1519 668 1578 717 et
1625 658 2058 718 fundamentum
2110 661 2288 738 Legis
2335 661 2504 720 istius
2543 681 2661 720 non

322 760 538 803 ralisnon
550 761 755 817 petenda.
795 738 967 797 debet
993 738 1128 816 peti,
1160 746 1225 797 ut
1251 757 1548 815 perperam
1575 738 1794 797 faciunt
1820 740 1865 797 J
1867 740 2035 813 udaei,
2066 760 2141 799 ex
2167 752 2372 816 septem
2400 744 2662 816 staecep·

322 823 396 861 0ss
419 832 477 861 θλ
492 820 746 886 praeceptis
787 819 855 875 tis
891 838 1021 894 quae
1063 826 1323 877 statuunt
1363 818 1499 875 data
1539 817 1771 875 Adamo
1812 827 1871 876 et
1913 819 1965 875 N
1969 820 2166 894 oacho,
2210 821 2421 897 quibus
2462 840 2663 880 omnes

320 874 697 920 Noachndarum.

260 977 318 1031 2.
348 972 422 1032 de
449 974 679 1033 nomine
711 977 823 1034 Dei
863 996 979 1034 non
1022 976 1490 1054 blasphemandO,
1523 979 1579 1034 3.
1609 976 1682 1034 de
1710 976 1863 1034 furto
1890 997 2007 1034 non
2047 977 2326 1053 faciend0,
2371 983 2428 1037 4.
2471 979 2544 1037 de
2572 980 2658 1036 in-

260 1062 425 1111 cestu
451 1062 512 1113 et
538 1054 708 1113 foedis
735 1056 1072 1114 libidinibus
1099 1056 1406 1133 fugiendis,
1434 1058 1489 1113 5.
1518 1055 1591 1113 de
1621 1056 1663 1113 J
1666 1055 1931 1114 udicibus
1958 1064 2017 1115 et
2055 1058 2496 1133 Magistratibus
2523 1078 2657 1117 con·

260 1132 586 1208 stitueudis,
632 1137 688 1192 6.
718 1135 791 1193 de
819 1136 1099 1212 sanguine
1126 1156 1243 1193 uon
1269 1134 1580 1208 fundende,
1613 1139 1670 1192 7.
1699 1134 1771 1192 de
1799 1135 2057 1193 membro
2084 1137 2348 1195 animalis
2374 1137 2515 1212 vivi,
2556 1157 2659 1196 seu

261 1232 432 1270 carue
460 1232 590 1271 cum
621 1215 916 1290 sanguine,
948 1215 1048 1290 qui
1089 1224 1178 1274 est
1217 1215 1408 1272 anima
1449 1215 1592 1290 ejus,
1623 1234 1739 1271 non
1780 1214 2148 1274 comedenda.
2233 1216 2396 1291 Quia,
2428 1226 2658 1293 prseter-

261 1294 436 1368 quam
464 1292 621 1368 quod
659 1293 774 1352 ista
812 1294 936 1352 sola
963 1293 1267 1353 traditione
1308 1294 1586 1368 nituntur,
1617 1293 1775 1369 quod
1815 1293 1887 1351 de
1925 1295 1967 1352 J
1971 1314 2071 1353 ure
2111 1296 2359 1353 naturali
2388 1295 2502 1353 dici
2542 1316 2660 1354 non

262 1378 488 1447 potest;
531 1392 648 1429 non
693 1381 828 1431 sunt
872 1374 1064 1431 omnia
1107 1372 1443 1449 simpliciter
1483 1373 1739 1446 moralia,
1785 1381 1843 1431 et
1885 1383 2174 1450 perpetuae
2217 1375 2654 1450 observationis,

263 1450 367 1508 sed
394 1451 661 1527 quaedam
688 1452 1104 1510 caeremonialia
1131 1461 1188 1510 et
1214 1452 1480 1528 positiva,
1511 1452 1682 1529 quale
1710 1451 1857 1510 illud
1883 1452 1954 1510 de
1983 1473 2100 1511 uon
2140 1454 2493 1512 comedendo
2527 1474 2658 1512 san-

263 1530 473 1605 guine;
531 1550 638 1589 uec
679 1531 1026 1589 exhauriunt
1063 1530 1340 1608 quicquid
1380 1538 1470 1589 est
1509 1531 1553 1590 J
1556 1530 1676 1589 uris
1715 1531 2009 1608 naturalis,
2041 1532 2177 1591 licet
2216 1533 2291 1591 ab
2333 1553 2403 1592 eo
2448 1532 2656 1593 deduci

261 1610 488 1686 possint
514 1618 789 1686 tanquam
817 1610 1215 1669 conclusiones
1242 1630 1318 1668 ex
1347 1610 1468 1667 suis
1493 1610 1809 1687 principiis.

871 1690 990 1747 IX.
1037 1689 1154 1748 Sed
1180 1688 1490 1766 petendum
1519 1698 1607 1747 est
1635 1690 1708 1747 ab
1737 1690 1863 1766 ipso
1891 1693 2030 1765 jure
2065 1700 2303 1766 naturae,
2336 1692 2493 1768 quod
2521 1692 2656 1750 niti-

782 1777 878 1827 tur
916 1777 1039 1827 tum
1086 1778 1292 1827 natura
1334 1768 1445 1826 Dei
1488 1768 1792 1843 Creatoris,
1824 1770 1925 1845 qui
1965 1790 2069 1846 per
2101 1791 2262 1828 suam
2292 1772 2654 1829 sanctitatem

258 1865 377 1904 nou
404 1855 595 1923 potest
614 1867 731 1905 non
771 1848 1139 1924 praescribere
1176 1857 1454 1906 creamrae
1481 1847 1685 1921 officia,
1716 1867 1844 1924 quae
1878 1849 2010 1925 jure
2037 1849 2140 1907 illo
2167 1849 2462 1925 nituntur3
2507 1850 2657 1908 Tum

261 1934 652 1985 creaturarum
695 1928 948 2004 ipsarum
989 1927 1352 1985 rationalium
1394 1926 1740 2002 conditione,
1777 1947 1905 2003 quae
1945 1937 2179 2005 propter
2218 1928 2658 2006 dependentium

261 2005 662 2079 necessariam,
693 2024 866 2082 quam
895 2006 1109 2064 habent
1136 2026 1171 2064 a
1190 2007 1315 2065 Deo
1342 2006 1403 2063 in
1432 2025 1641 2083 genere
1668 2007 1861 2082 moris,
1902 2027 2018 2064 non
2047 2008 2237 2065 minus
2264 2028 2332 2066 ac
2360 2009 2420 2065 in
2448 2029 2659 2084 genere

260 2085 430 2158 entis,
463 2093 733 2143 tenentur
759 2084 835 2142 ad
876 2105 947 2143 ea
985 2085 1309 2163 praestanda
1337 2085 1433 2143 vel
1461 2085 1754 2161 fugienda,
1784 2105 1914 2163 quse
1942 2105 2084 2144 sana
2110 2088 2255 2145 ratio
2281 2096 2345 2145 et
2371 2087 2659 2145 dictamen

258 2164 628 2222 conscientia
655 2164 918 2223 facienda
942 2165 1038 2222 vel
1065 2165 1340 2241 fugienda
1367 2164 1508 2241 ipsis
1536 2165 1733 2224 dictat.

265 2274 401 2326 Quot
449 2277 603 2321 modis
653 2277 742 2323 Jus
866 2242 951 2301 X.
990 2247 1106 2301 Jus
1130 2253 1323 2302 autem
1350 2253 1573 2301 naturae
1598 2244 1694 2301 hic
1735 2264 1771 2301 a
1809 2243 1979 2302 nobis
2021 2244 2282 2320 sumitur,
2325 2265 2443 2304 non
2472 2248 2582 2303 late
2608 2255 2664 2304 et

328 2339 519 2436 ²33³*
548 2350 743 2393 ''⁸¹⁸⁹“
782 2321 2363 2462 ᾼἭῖἔῗὲηεῗίἶὲηὲὶιεᾞᾝῗὲῗέι’ὟὲῗίῬῶῑῖΓὲ
2397 2328 2664 2463 effla

262 2477 343 2535 do
385 2477 759 2555 distinguitur
796 2502 833 2539 a
870 2484 1021 2540 Jure
1062 2482 1325 2541 Gentium
1365 2499 1479 2555 quo
1524 2447 1735 2539 omnes,
1770 2482 1990 2540 Gentes
2031 2490 2286 2558 utuntur,
2337 2448 2397 2541 el:
2418 2424 2476 2541 ‘iz
2513 2486 2663 2543 Jure

264 2558 440 2618 Civili
474 2558 630 2634 quod
672 2578 916 2638 quaeque
956 2561 1162 2620 civitas
1203 2568 1304 2619 aut
1346 2559 1644 2619 hominum
1686 2561 1930 2620 societas
1973 2562 2084 2621 sibi
2129 2562 2468 2639 coustituit3
2526 2563 2664 2639 quia

259 2647 327 2697 ut
354 2639 414 2696 in
444 2638 614 2696 bruta
638 2641 784 2699 ratio
811 2661 929 2700 non
955 2641 1127 2716 cadit,
1157 2641 1240 2699 ita
1278 2660 1386 2698 nec
1417 2640 1567 2716 juris
1594 2648 1696 2699 aut
1721 2641 1947 2719 injuriae
1973 2642 2200 2719 proprie
2229 2651 2364 2701 sunt
2391 2644 2661 2720 capacia3

264 2718 384 2776 Sed
422 2719 612 2776 stricte
650 2728 705 2777 et
726 2721 969 2796 proprie
1016 2740 1119 2796 pro
1160 2739 1229 2778 eo
1270 2719 1427 2795 quod
1467 2728 1758 2779 creaturas
1795 2720 2103 2780 rationales
2139 2731 2364 2781 tantum
2407 2723 2659 2800 respicit,

263 2797 423 2873 quod
449 2799 493 2857 J
498 2798 866 2858 urisconsulti
905 2799 1209 2858 includunt
1247 2799 1354 2856 sub
1382 2799 1426 2857 J
1428 2818 1530 2856 ure
1572 2800 1850 2875 gentium,
1881 2808 1940 2858 et
1979 2810 2133 2859 recte
2175 2802 2521 2860 describitur
2559 2822 2664 2880 per

263 2896 597 2935 communes
636 2879 902 2937 notiones
939 2878 1237 2955 practicas,
1282 2897 1384 2936 seu
1425 2879 1621 2935 lumen
1661 2888 1720 2936 et
1746 2879 2033 2938 dictamen
2075 2881 2458 2955 conscientiae,
2505 2881 2662 2958 quod

269 2956 428 3014 Deus
465 2957 712 3032 singulis
744 2957 1074 3016 hominibus
1114 2977 1150 3014 a
1189 2966 1395 3016 natura
1420 2957 1725 3034 insculpsit
1765 2958 1840 3015 ad
1879 2959 2107 3018 honesti
2148 2968 2208 3018 et
2245 2960 2430 3038 turpis
2458 2961 2661 3019 discri-

265 3053 415 3108 men,
438 3044 503 3094 et
522 3037 917 3112 cognitionem
944 3035 1333 3095 faciendorum
1362 3043 1421 3094 et
1446 3035 1870 3112 fugiendorum.
2177 3105 2182 3110 ι

351 3114 469 3171 ΧΙ.
501 3116 593 3172 Ex
615 3116 706 3174 his
734 3125 925 3174 autem
952 3115 1300 3189 notionibus,
1330 3114 1459 3172 aliae
1489 3123 1627 3172 sunt
1644 3116 1963 3190 primariae,
1995 3136 2139 3192 quas
2156 3119 2441 3193 principia
2465 3119 2664 3196 appel·

271 3192 471 3267 lamus,
502 3194 630 3252 aliae
669 3196 1034 3269 secundariae,
1065 3214 1195 3271 quae
1232 3193 1607 3251 conclusiones
1650 3192 1935 3251 dicuutur.
2022 3195 2311 3271 Principia
2353 3205 2503 3270 sunt,
2535 3217 2663 3272 quae

267 3291 372 3348 per
396 3293 457 3331 se
478 3281 631 3346 nota,
663 3282 722 3332 et
742 3275 897 3350 apud
916 3293 1115 3334 omues
1139 3274 1395 3346 immota,
1427 3270 1486 3329 iu
1513 3272 1668 3329 bono
1693 3271 1984 3329 communi
2011 3271 2265 3349 fundata,
2297 3274 2534 3332 rationis
2562 3275 2662 3332 ad·

268 3352 542 3411 miniculo
591 3353 989 3412 conclusiones
1033 3372 1108 3410 ex
1154 3372 1216 3410 se
1265 3352 1531 3428 gignunt,
1576 3371 1706 3428 quae
1756 3351 1831 3409 ad
1871 3350 2305 3411 fundamentum
2343 3354 2664 3413 communis

267 3431 404 3489 boni
431 3431 800 3507 reducuntur,
830 3452 961 3508 quse
987 3432 1084 3490 vel
1116 3432 1553 3508 propinquiores
1581 3439 1733 3504 sunt,
1765 3431 2113 3507 immedt‘ata’,
2143 3441 2203 3491 et
2230 3432 2303 3491 de
2330 3433 2531 3510 primo,
2575 3434 2664 3493 uti

267 3510 598 3587 loquuntur,
629 3521 848 3570 naturae
875 3512 1201 3586 dictamine,
1225 3530 1355 3586 quse
1383 3510 1643 3587 proxime
1672 3510 2024 3587 colliguntur
2049 3531 2124 3570 ex
2151 3512 2465 3589 principiis,
2496 3522 2555 3572 et
2581 3513 2664 3572 fa·

268 3591 379 3648 cile
426 3591 487 3647 in
515 3591 904 3667 coguitionem
930 3590 1190 3664 veniunt,
1221 3590 1316 3647 vel
1350 3591 1612 3647 mediatoe
1639 3598 1698 3648 et
1740 3591 2079 3665 remotiores,
2110 3611 2240 3667 quae
2267 3612 2371 3670 per
2396 3594 2664 3651 remotio-

268 3689 386 3727 rem
416 3670 901 3746 consequentiam,
922 3678 981 3727 et
1007 3669 1210 3746 majori
1231 3689 1361 3727 oum
1383 3668 1718 3727 difficultate
1739 3689 1814 3728 ex
1832 3670 2128 3746 principiis
2149 3671 2487 3730 inferuntur.
2537 3674 2663 3731 111ae

267 3749 503 3822 nullam,
538 3749 675 3808 Istae
715 3768 832 3807 non
874 3750 1146 3825 exiguam
1187 3749 1246 3805 in
1285 3757 1553 3826 eorrupta
1591 3748 1701 3806 hac
1728 3757 1934 3806 natura
1969 3751 2305 3809 varietatem
2333 3750 2665 3811 admittunt.

270 3828 550 3902 Quamvis
577 3847 715 3886 vero
744 3828 804 3886 in
831 3828 960 3886 istis
987 3826 1453 3886 conclusionibus
1492 3847 1607 3885 non
1637 3847 1753 3886 uno
1780 3827 1953 3886 modo
1991 3838 2257 3906 corrupta
2281 3831 2358 3888 sit
2388 3830 2512 3888 Lex
2555 3830 2668 3889 ista

267 3916 400 3984 post
425 3915 744 3984 peccatum,
774 3918 898 3965 tum
925 3908 1125 3966 nativa
1151 3906 1531 3984 corruptione,
1555 3915 1680 3965 tum
1707 3926 1898 3983 prava.
1910 3906 2273 3983 educatione,
2305 3917 2426 3965 tum
2454 3907 2665 3966 vitiosa

269 3986 702 4060 consuetudine,
732 4006 836 4062 per
861 4005 1035 4062 quam
1062 3985 1208 4044 vitia
1235 3994 1294 4043 et
1321 3985 1561 4043 crimina
1586 3986 1920 4062 turpissima
1946 4006 2356 4063 nonnunquam
2384 3987 2662 4044 virtutum

267 4067 499 4124 nomine
526 4065 831 4140 donantur,
863 4073 922 4123 et
947 4066 1178 4124 laudem
1206 4064 1484 4138 obtinent,
1516 4064 1675 4141 quod
1718 4064 2091 4141 iniquissimae
2120 4064 2473 4142 quarundam
2508 4065 2665 4123 Gen-

268 4145 411 4203 tium
442 4145 636 4222 Leges
664 4152 722 4203 et
750 4145 949 4204 Mores
976 4144 1392 4220 corruptissimi
1433 4144 1758 4201 luculenter
1783 4152 2104 4222 testantur-3
2157 4146 2290 4202 Hoc
2330 4163 2446 4202 uon
2473 4143 2668 4204 obstat

270 4233 460 4283 tamen
504 4224 814 4300 quominus
857 4223 1059 4282 eadem
1105 4242 1330 4299 semper
1371 4232 1601 4280 maneat
1643 4242 1681 4279 a
1720 4222 1800 4280 ud
1846 4242 2063 4299 omnes,
2109 4222 2302 4300 quoad
2339 4223 2527 4300 prima
2563 4243 2668 4283 sua

270 4302 566 4381 principia,
594 4312 658 4362 et
684 4303 1046 4361 immediatas
1073 4301 1473 4361 conclusiones
1500 4301 1636 4358 inde
1704 4300 1958 4360 eductas.

271 4416 387 4462 Dari
408 4418 590 4475 Legem
613 4420 753 4461 natu·
877 4381 1032 4440 XIL
1076 4382 1278 4475 Talem
1305 4389 1497 4439 autem
1527 4379 1652 4437 dari
1695 4381 1914 4473 Legem
1954 4380 2272 4491 n‘aturalem
2313 4380 2498 4439 multa
2536 4402 2666 4459 pro·-

326 4477 753 4592 ἶιιέῗὲἕᾞιιζΐὲἲέ·
792 4460 1223 4615 ιιίἓιῖιᾞαὶᾏῐιῒβ
1254 4468 2014 4615 ἔὲὶῖῗοθῖοἷέἒὲξιῗῧῗὲε,
2044 4458 2420 4614 ῗῗιῐῖιῖῗῑὲἰῗῗ
2439 4461 2668 4599 ἓῐξξὲἶ

270 4617 398 4677 liter
434 4619 625 4679 facere
669 4639 800 4697 quae
842 4627 977 4680 sunt
1015 4618 1208 4696 Legis,
1250 4626 1310 4679 et
1345 4637 1473 4678 esse
1517 4617 1630 4677 sibi
1670 4618 1902 4694 Legem,
1950 4623 2149 4695 utpote
2192 4639 2321 4695 quse
2360 4619 2671 4681 ostendunt

264 1734 360 1780 Sed
373 1733 439 1778 aJ
442 1749 527 1779 ure
537 1738 742 1781 naturoe.

784 899 999 974 posteri
1027 917 1223 957 eorum
1251 897 1784 972 obstringerentur3
1841 901 1893 955 1.
1923 897 1995 956 de
2026 898 2209 957 Idolis
2235 920 2353 958 nou
2381 900 2655 975 colendis,
2741 944 2748 951 .
