<?xml version="1.0" encoding="UTF-8"?>
<!DOCTYPE html PUBLIC "-//W3C//DTD XHTML 1.0 Transitional//EN"
    "http://www.w3.org/TR/xhtml1/DTD/xhtml1-transitional.dtd">
<html xmlns="http://www.w3.org/1999/xhtml" xml:lang="en" lang="en">
 <head>
  <title>
</title>
<meta http-equiv="Content-Type" content="text/html;charset=utf-8" />
  <meta name='ocr-system' content='tesseract 3.04.00' />
  <meta name='ocr-capabilities' content='ocr_page ocr_carea ocr_par ocr_line ocrx_word'/>
</head>
<body>
  <div class='ocr_page' id='page_1' title='image "./institutiotheol01turrgoog_0044.png"; bbox 0 0 3221 5200; ppageno 0'>
   <div class='ocr_carea' id='block_1_1' title="bbox 512 323 2916 403">
    <p class='ocr_par' dir='ltr' id='par_1_1' title="bbox 512 323 2916 403">
     <span class='ocr_line' id='line_1_1' title="bbox 512 323 2916 403; baseline -0.002 -14"><span class='ocrx_word' id='word_1_1' title='bbox 512 335 582 391; x_wconf 89' lang='grc'>16</span> <span class='ocrx_word' id='word_1_2' title='bbox 655 338 669 349; x_wconf 86' lang='grc'><em>’</em></span> <span class='ocrx_word' id='word_1_3' title='bbox 1388 349 1567 390; x_wconf 79' lang='lat' dir='ltr'>Locus</span> <span class='ocrx_word' id='word_1_4' title='bbox 1598 347 1957 388; x_wconf 67' lang='lat' dir='ltr'>monemus».</span> <span class='ocrx_word' id='word_1_5' title='bbox 2567 323 2818 403; x_wconf 63' lang='lat' dir='ltr'>[Quaes‘r.</span> <span class='ocrx_word' id='word_1_6' title='bbox 2851 345 2916 384; x_wconf 93' lang='lat'>11.</span> 
     </span>
    </p>
   </div>
   <div class='ocr_carea' id='block_1_2' title="bbox 402 483 2917 2624">
    <p class='ocr_par' dir='ltr' id='par_1_2' title="bbox 500 483 2917 1184">
     <span class='ocr_line' id='line_1_2' title="bbox 587 483 2917 567; baseline -0.003 -17"><span class='ocrx_word' id='word_1_7' title='bbox 587 493 873 552; x_wconf 90' lang='lat' dir='ltr'>XXVII.</span> <span class='ocrx_word' id='word_1_8' title='bbox 919 492 1084 551; x_wconf 85' lang='lat' dir='ltr'>Licet</span> <span class='ocrx_word' id='word_1_9' title='bbox 1112 498 1303 549; x_wconf 88' lang='lat' dir='ltr'>autem</span> <span class='ocrx_word' id='word_1_10' title='bbox 1335 489 1631 567; x_wconf 74' lang='lat' dir='ltr'><strong>Scriptura</strong></span> <span class='ocrx_word' id='word_1_11' title='bbox 1656 507 1773 546; x_wconf 88' lang='lat' dir='ltr'>non</span> <span class='ocrx_word' id='word_1_12' title='bbox 1802 484 2182 564; x_wconf 85' lang='lat' dir='ltr'>reprehendat</span> <span class='ocrx_word' id='word_1_13' title='bbox 2212 483 2615 561; x_wconf 84' lang='lat' dir='ltr'>Polygamiam</span> <span class='ocrx_word' id='word_1_14' title='bbox 2644 484 2705 541; x_wconf 90' lang='lat' dir='ltr'>in</span> <span class='ocrx_word' id='word_1_15' title='bbox 2729 484 2917 543; x_wconf 88' lang='lat' dir='ltr'>Patri-</span> 
     </span>
     <span class='ocr_line' id='line_1_3' title="bbox 501 562 2916 648; baseline -0.004 -19"><span class='ocrx_word' id='word_1_16' title='bbox 501 572 725 648; x_wconf 75' lang='lat' dir='ltr'>archis3</span> <span class='ocrx_word' id='word_1_17' title='bbox 756 573 887 630; x_wconf 91' lang='lat' dir='ltr'>Non</span> <span class='ocrx_word' id='word_1_18' title='bbox 916 571 1178 648; x_wconf 87' lang='lat' dir='ltr'>sequitur</span> <span class='ocrx_word' id='word_1_19' title='bbox 1204 570 1422 628; x_wconf 83' lang='lat' dir='ltr'>licitam</span> <span class='ocrx_word' id='word_1_20' title='bbox 1450 568 1659 627; x_wconf 88' lang='lat' dir='ltr'>fuisse:</span> <span class='ocrx_word' id='word_1_21' title='bbox 1689 568 1839 625; x_wconf 88' lang='lat' dir='ltr'>Nam</span> <span class='ocrx_word' id='word_1_22' title='bbox 1866 574 1926 624; x_wconf 89' lang='lat' dir='ltr'>et</span> <span class='ocrx_word' id='word_1_23' title='bbox 1953 565 2068 624; x_wconf 84' lang='lat' dir='ltr'>alia</span> <span class='ocrx_word' id='word_1_24' title='bbox 2093 564 2258 625; x_wconf 79' lang='lat' dir='ltr'>varia</span> <span class='ocrx_word' id='word_1_25' title='bbox 2284 564 2609 625; x_wconf 85' lang='lat' dir='ltr'>referuntur</span> <span class='ocrx_word' id='word_1_26' title='bbox 2628 562 2689 620; x_wconf 90' lang='lat' dir='ltr'>in</span> <span class='ocrx_word' id='word_1_27' title='bbox 2722 563 2916 641; x_wconf 84' lang='lat' dir='ltr'>Scrip-</span> 
     </span>
     <span class='ocr_line' id='line_1_4' title="bbox 500 643 2916 727; baseline -0.004 -18"><span class='ocrx_word' id='word_1_28' title='bbox 500 659 649 725; x_wconf 88' lang='lat' dir='ltr'>tura,</span> <span class='ocrx_word' id='word_1_29' title='bbox 678 670 786 709; x_wconf 90' lang='lat' dir='ltr'>nec</span> <span class='ocrx_word' id='word_1_30' title='bbox 813 649 1325 727; x_wconf 88' lang='lat' dir='ltr'>reprehenduntur,</span> <span class='ocrx_word' id='word_1_31' title='bbox 1370 668 1501 725; x_wconf 84' lang='lat' dir='ltr'>quae</span> <span class='ocrx_word' id='word_1_32' title='bbox 1528 668 1564 706; x_wconf 88' lang='lat' dir='ltr'>a</span> <span class='ocrx_word' id='word_1_33' title='bbox 1590 655 1830 723; x_wconf 83' lang='lat' dir='ltr'>peccato</span> <span class='ocrx_word' id='word_1_34' title='bbox 1854 644 2120 704; x_wconf 85' lang='lat' dir='ltr'>excusari</span> <span class='ocrx_word' id='word_1_35' title='bbox 2159 652 2471 720; x_wconf 89' lang='lat' dir='ltr'>nequeunt,</span> <span class='ocrx_word' id='word_1_36' title='bbox 2515 652 2582 701; x_wconf 86' lang='lat' dir='ltr'>ut</span> <span class='ocrx_word' id='word_1_37' title='bbox 2624 643 2800 702; x_wconf 90' lang='lat' dir='ltr'>Lothi</span> <span class='ocrx_word' id='word_1_38' title='bbox 2828 644 2916 700; x_wconf 87' lang='lat' dir='ltr'>in·</span> 
     </span>
     <span class='ocr_line' id='line_1_5' title="bbox 500 722 2917 809; baseline -0.003 -22"><span class='ocrx_word' id='word_1_39' title='bbox 500 739 712 805; x_wconf 84' lang='lat' dir='ltr'>cestus,</span> <span class='ocrx_word' id='word_1_40' title='bbox 748 730 939 789; x_wconf 86' lang='lat' dir='ltr'>Saulis</span> <span class='ocrx_word' id='word_1_41' title='bbox 966 730 1269 809; x_wconf 65' lang='grc' dir='ltr'>ωὖτοχειςίω,</span> <span class='ocrx_word' id='word_1_42' title='bbox 1295 736 1354 787; x_wconf 94' lang='lat' dir='ltr'>et</span> <span class='ocrx_word' id='word_1_43' title='bbox 1372 729 1498 785; x_wconf 90' lang='lat' dir='ltr'>sim.</span> <span class='ocrx_word' id='word_1_44' title='bbox 1560 728 1707 784; x_wconf 85' lang='lat' dir='ltr'>Eam</span> <span class='ocrx_word' id='word_1_45' title='bbox 1735 745 1874 784; x_wconf 83' lang='lat' dir='ltr'>vero</span> <span class='ocrx_word' id='word_1_46' title='bbox 1891 725 2192 801; x_wconf 84' lang='lat' dir='ltr'>probatam</span> <span class='ocrx_word' id='word_1_47' title='bbox 2213 743 2329 783; x_wconf 87' lang='lat' dir='ltr'>non</span> <span class='ocrx_word' id='word_1_48' title='bbox 2357 722 2535 781; x_wconf 84' lang='lat' dir='ltr'>fuisse</span> <span class='ocrx_word' id='word_1_49' title='bbox 2559 722 2687 781; x_wconf 87' lang='lat' dir='ltr'>Deo</span> <span class='ocrx_word' id='word_1_50' title='bbox 2714 722 2917 799; x_wconf 81' lang='lat' dir='ltr'>colligi</span> 
     </span>
     <span class='ocr_line' id='line_1_6' title="bbox 500 803 2914 886; baseline -0.004 -18"><span class='ocrx_word' id='word_1_51' title='bbox 500 817 697 885; x_wconf 89' lang='lat' dir='ltr'>potest</span> <span class='ocrx_word' id='word_1_52' title='bbox 723 829 758 867; x_wconf 86' lang='lat' dir='ltr'>a</span> <span class='ocrx_word' id='word_1_53' title='bbox 784 810 1090 886; x_wconf 86' lang='lat' dir='ltr'>posteriori</span> <span class='ocrx_word' id='word_1_54' title='bbox 1131 830 1204 867; x_wconf 87' lang='lat' dir='ltr'>ex</span> <span class='ocrx_word' id='word_1_55' title='bbox 1235 806 1597 885; x_wconf 87' lang='lat' dir='ltr'>gravissimis</span> <span class='ocrx_word' id='word_1_56' title='bbox 1625 804 2067 878; x_wconf 76' lang='lat' dir='ltr'>calamitatibuS,</span> <span class='ocrx_word' id='word_1_57' title='bbox 2111 803 2324 880; x_wconf 90' lang='lat' dir='ltr'>quibus</span> <span class='ocrx_word' id='word_1_58' title='bbox 2363 803 2706 879; x_wconf 85' lang='lat' dir='ltr'>polygamos</span> <span class='ocrx_word' id='word_1_59' title='bbox 2742 821 2914 879; x_wconf 89' lang='lat' dir='ltr'>prop-</span> 
     </span>
     <span class='ocr_line' id='line_1_7' title="bbox 503 881 2914 965; baseline -0.002 -20"><span class='ocrx_word' id='word_1_60' title='bbox 503 895 662 946; x_wconf 82' lang='lat' dir='ltr'>terea</span> <span class='ocrx_word' id='word_1_61' title='bbox 689 889 1017 965; x_wconf 76' lang='lat' dir='ltr'>castigavit,</span> <span class='ocrx_word' id='word_1_62' title='bbox 1102 887 1257 946; x_wconf 90' lang='lat' dir='ltr'>Nota</span> <span class='ocrx_word' id='word_1_63' title='bbox 1296 906 1441 945; x_wconf 84' lang='lat' dir='ltr'>crux</span> <span class='ocrx_word' id='word_1_64' title='bbox 1482 884 1800 943; x_wconf 87' lang='lat' dir='ltr'>domestica</span> <span class='ocrx_word' id='word_1_65' title='bbox 1840 903 1909 942; x_wconf 90' lang='lat' dir='ltr'>eo</span> <span class='ocrx_word' id='word_1_66' title='bbox 1950 882 2181 941; x_wconf 87' lang='lat' dir='ltr'>nomine</span> <span class='ocrx_word' id='word_1_67' title='bbox 2224 881 2562 941; x_wconf 87' lang='lat' dir='ltr'>Abrahamo</span> <span class='ocrx_word' id='word_1_68' title='bbox 2603 881 2914 958; x_wconf 79' lang='lat' dir='ltr'>imposita3</span> 
     </span>
     <span class='ocr_line' id='line_1_8' title="bbox 503 960 2917 1044; baseline -0.002 -21"><span class='ocrx_word' id='word_1_69' title='bbox 503 966 659 1026; x_wconf 88' lang='lat' dir='ltr'>Nota</span> <span class='ocrx_word' id='word_1_70' title='bbox 691 968 891 1044; x_wconf 87' lang='lat' dir='ltr'>jurgia</span> <span class='ocrx_word' id='word_1_71' title='bbox 918 976 976 1026; x_wconf 89' lang='lat' dir='ltr'>et</span> <span class='ocrx_word' id='word_1_72' title='bbox 1010 966 1405 1025; x_wconf 81' lang='lat' dir='ltr'>aemulationes</span> <span class='ocrx_word' id='word_1_73' title='bbox 1446 984 1693 1025; x_wconf 86' lang='lat' dir='ltr'>uxorum</span> <span class='ocrx_word' id='word_1_74' title='bbox 1737 963 1982 1037; x_wconf 81' lang='lat' dir='ltr'>Jacobi3</span> <span class='ocrx_word' id='word_1_75' title='bbox 2028 963 2245 1020; x_wconf 87' lang='lat' dir='ltr'>Notum</span> <span class='ocrx_word' id='word_1_76' title='bbox 2287 960 2429 1038; x_wconf 91' lang='lat' dir='ltr'>quid</span> <span class='ocrx_word' id='word_1_77' title='bbox 2472 960 2668 1018; x_wconf 87' lang='lat' dir='ltr'>David</span> <span class='ocrx_word' id='word_1_78' title='bbox 2708 980 2917 1037; x_wconf 88' lang='lat' dir='ltr'>passus</span> 
     </span>
     <span class='ocr_line' id='line_1_9' title="bbox 503 1040 2917 1124; baseline -0.002 -20"><span class='ocrx_word' id='word_1_79' title='bbox 503 1046 579 1105; x_wconf 87' lang='lat' dir='ltr'>sit</span> <span class='ocrx_word' id='word_1_80' title='bbox 607 1067 643 1104; x_wconf 93' lang='lat' dir='ltr'>a</span> <span class='ocrx_word' id='word_1_81' title='bbox 668 1047 982 1107; x_wconf 88' lang='lat' dir='ltr'>liberorum</span> <span class='ocrx_word' id='word_1_82' title='bbox 1020 1046 1260 1124; x_wconf 89' lang='lat' dir='ltr'>flagitiis</span> <span class='ocrx_word' id='word_1_83' title='bbox 1288 1064 1363 1103; x_wconf 84' lang='lat' dir='ltr'>ex</span> <span class='ocrx_word' id='word_1_84' title='bbox 1407 1043 1753 1122; x_wconf 85' lang='lat' dir='ltr'>Polygamia</span> <span class='ocrx_word' id='word_1_85' title='bbox 1781 1042 1940 1117; x_wconf 87' lang='lat' dir='ltr'>ortis,</span> <span class='ocrx_word' id='word_1_86' title='bbox 1984 1048 2044 1100; x_wconf 88' lang='lat' dir='ltr'>et</span> <span class='ocrx_word' id='word_1_87' title='bbox 2071 1060 2244 1118; x_wconf 84' lang='lat' dir='ltr'>quam</span> <span class='ocrx_word' id='word_1_88' title='bbox 2273 1060 2405 1099; x_wconf 85' lang='lat' dir='ltr'>care</span> <span class='ocrx_word' id='word_1_89' title='bbox 2446 1040 2770 1099; x_wconf 87' lang='lat' dir='ltr'>constiterit</span> <span class='ocrx_word' id='word_1_90' title='bbox 2809 1041 2917 1098; x_wconf 81' lang='lat' dir='ltr'>illa</span> 
     </span>
     <span class='ocr_line' id='line_1_10' title="bbox 508 1126 822 1184; baseline 0.006 -2"><span class='ocrx_word' id='word_1_91' title='bbox 508 1126 822 1184; x_wconf 80' lang='lat' dir='ltr'>Salomoni.</span> 
     </span>
    </p>

    <p class='ocr_par' dir='ltr' id='par_1_3' title="bbox 402 1198 2915 2545">
     <span class='ocr_line' id='line_1_11' title="bbox 584 1198 2911 1279; baseline -0.002 -18"><span class='ocrx_word' id='word_1_92' title='bbox 584 1204 903 1263; x_wconf 88' lang='lat' dir='ltr'>XXVIII.</span> <span class='ocrx_word' id='word_1_93' title='bbox 949 1204 1225 1279; x_wconf 84' lang='lat' dir='ltr'>Quamvis</span> <span class='ocrx_word' id='word_1_94' title='bbox 1255 1203 1605 1262; x_wconf 81' lang='lat' dir='ltr'>Patriarchae</span> <span class='ocrx_word' id='word_1_95' title='bbox 1633 1199 1983 1259; x_wconf 81' lang='lat' dir='ltr'>nesciverint</span> <span class='ocrx_word' id='word_1_96' title='bbox 2012 1219 2074 1258; x_wconf 89' lang='lat' dir='ltr'>se</span> <span class='ocrx_word' id='word_1_97' title='bbox 2101 1218 2340 1276; x_wconf 88' lang='lat' dir='ltr'>peccare</span> <span class='ocrx_word' id='word_1_98' title='bbox 2367 1219 2472 1276; x_wconf 91' lang='lat' dir='ltr'>per</span> <span class='ocrx_word' id='word_1_99' title='bbox 2496 1198 2911 1277; x_wconf 84' lang='lat' dir='ltr'>polygamiam,</span> 
     </span>
     <span class='ocr_line' id='line_1_12' title="bbox 504 1279 2914 1361; baseline -0.002 -19"><span class='ocrx_word' id='word_1_100' title='bbox 504 1284 560 1343; x_wconf 87' lang='lat' dir='ltr'>N</span> <span class='ocrx_word' id='word_1_101' title='bbox 563 1304 638 1341; x_wconf 91' lang='lat' dir='ltr'>on</span> <span class='ocrx_word' id='word_1_102' title='bbox 667 1285 859 1342; x_wconf 79' lang='lat' dir='ltr'>obstat</span> <span class='ocrx_word' id='word_1_103' title='bbox 886 1291 1077 1342; x_wconf 90' lang='lat' dir='ltr'>tamen</span> <span class='ocrx_word' id='word_1_104' title='bbox 1105 1283 1412 1361; x_wconf 82' lang='lat' dir='ltr'>quominus</span> <span class='ocrx_word' id='word_1_105' title='bbox 1440 1280 1807 1360; x_wconf 89' lang='lat' dir='ltr'>peccaverint</span> <span class='ocrx_word' id='word_1_106' title='bbox 1835 1300 1909 1338; x_wconf 86' lang='lat' dir='ltr'>ex</span> <span class='ocrx_word' id='word_1_107' title='bbox 1928 1279 2270 1356; x_wconf 80' lang='lat' dir='ltr'>ignorantia,</span> <span class='ocrx_word' id='word_1_108' title='bbox 2300 1287 2571 1355; x_wconf 85' lang='lat' dir='ltr'>putantes</span> <span class='ocrx_word' id='word_1_109' title='bbox 2598 1279 2660 1336; x_wconf 93' lang='lat' dir='ltr'>id</span> <span class='ocrx_word' id='word_1_110' title='bbox 2685 1279 2914 1338; x_wconf 89' lang='lat' dir='ltr'>licitum</span> 
     </span>
     <span class='ocr_line' id='line_1_13' title="bbox 501 1358 2915 1440; baseline -0.001 -20"><span class='ocrx_word' id='word_1_111' title='bbox 501 1382 628 1421; x_wconf 90' lang='lat' dir='ltr'>esse</span> <span class='ocrx_word' id='word_1_112' title='bbox 659 1364 925 1421; x_wconf 88' lang='lat' dir='ltr'>omnibus</span> <span class='ocrx_word' id='word_1_113' title='bbox 951 1364 1108 1439; x_wconf 89' lang='lat' dir='ltr'>quod</span> <span class='ocrx_word' id='word_1_114' title='bbox 1147 1362 1363 1440; x_wconf 87' lang='lat' dir='ltr'>passim</span> <span class='ocrx_word' id='word_1_115' title='bbox 1405 1361 1720 1434; x_wconf 79' lang='lat' dir='ltr'>obtinebat,</span> <span class='ocrx_word' id='word_1_116' title='bbox 1763 1379 1944 1436; x_wconf 85' lang='lat' dir='ltr'>prava</span> <span class='ocrx_word' id='word_1_117' title='bbox 1971 1358 2385 1423; x_wconf 85' lang='lat' dir='ltr'>consuetudine</span> <span class='ocrx_word' id='word_1_118' title='bbox 2427 1378 2557 1434; x_wconf 85' lang='lat' dir='ltr'>quae</span> <span class='ocrx_word' id='word_1_119' title='bbox 2584 1358 2915 1418; x_wconf 82' lang='lat' dir='ltr'>invaluerat</span> 
     </span>
     <span class='ocr_line' id='line_1_14' title="bbox 502 1437 2909 1518; baseline -0.001 -20"><span class='ocrx_word' id='word_1_120' title='bbox 502 1442 560 1499; x_wconf 87' lang='lat' dir='ltr'>in</span> <span class='ocrx_word' id='word_1_121' title='bbox 587 1442 730 1518; x_wconf 90' lang='lat' dir='ltr'>ipsis</span> <span class='ocrx_word' id='word_1_122' title='bbox 759 1443 1100 1501; x_wconf 76' lang='lat' dir='ltr'>obscurante</span> <span class='ocrx_word' id='word_1_123' title='bbox 1126 1443 1222 1500; x_wconf 86' lang='lat' dir='ltr'>vel</span> <span class='ocrx_word' id='word_1_124' title='bbox 1250 1442 1590 1500; x_wconf 87' lang='lat' dir='ltr'>obliterante</span> <span class='ocrx_word' id='word_1_125' title='bbox 1617 1440 1907 1517; x_wconf 81' lang='lat' dir='ltr'>primaevae</span> <span class='ocrx_word' id='word_1_126' title='bbox 1933 1437 2311 1496; x_wconf 87' lang='lat' dir='ltr'>institutionis</span> <span class='ocrx_word' id='word_1_127' title='bbox 2338 1438 2687 1511; x_wconf 81' lang='lat' dir='ltr'>memoriam,</span> <span class='ocrx_word' id='word_1_128' title='bbox 2705 1447 2909 1496; x_wconf 89' lang='lat' dir='ltr'>utnon</span> 
     </span>
     <span class='ocr_line' id='line_1_15' title="bbox 503 1516 2906 1598; baseline -0 -21"><span class='ocrx_word' id='word_1_129' title='bbox 503 1529 916 1597; x_wconf 79' lang='lat' dir='ltr'>cognoscerent</span> <span class='ocrx_word' id='word_1_130' title='bbox 943 1541 1069 1580; x_wconf 87' lang='lat' dir='ltr'>esse</span> <span class='ocrx_word' id='word_1_131' title='bbox 1110 1529 1426 1598; x_wconf 84' lang='lat' dir='ltr'>peccatum.</span> <span class='ocrx_word' id='word_1_132' title='bbox 1510 1520 1634 1578; x_wconf 88' lang='lat' dir='ltr'>Nec</span> <span class='ocrx_word' id='word_1_133' title='bbox 1675 1518 1935 1594; x_wconf 88' lang='lat' dir='ltr'>sequitur</span> <span class='ocrx_word' id='word_1_134' title='bbox 1973 1525 2231 1575; x_wconf 88' lang='lat' dir='ltr'>mortuos</span> <span class='ocrx_word' id='word_1_135' title='bbox 2270 1535 2398 1575; x_wconf 84' lang='lat' dir='ltr'>esse</span> <span class='ocrx_word' id='word_1_136' title='bbox 2438 1516 2499 1573; x_wconf 89' lang='lat' dir='ltr'>in</span> <span class='ocrx_word' id='word_1_137' title='bbox 2540 1526 2704 1575; x_wconf 77' lang='lat' dir='ltr'>reatu</span> <span class='ocrx_word' id='word_1_138' title='bbox 2744 1517 2906 1576; x_wconf 89' lang='lat' dir='ltr'>illius</span> 
     </span>
     <span class='ocr_line' id='line_1_16' title="bbox 500 1595 2908 1677; baseline -0.001 -20"><span class='ocrx_word' id='word_1_139' title='bbox 500 1601 724 1677; x_wconf 85' lang='lat' dir='ltr'>peccati</span> <span class='ocrx_word' id='word_1_140' title='bbox 751 1600 907 1677; x_wconf 92' lang='lat' dir='ltr'>quod</span> <span class='ocrx_word' id='word_1_141' title='bbox 933 1600 1292 1677; x_wconf 84' lang='lat' dir='ltr'>ignorabant,</span> <span class='ocrx_word' id='word_1_142' title='bbox 1338 1599 1474 1675; x_wconf 88' lang='lat' dir='ltr'>quia</span> <span class='ocrx_word' id='word_1_143' title='bbox 1512 1617 1807 1674; x_wconf 89' lang='lat' dir='ltr'>nunquam</span> <span class='ocrx_word' id='word_1_144' title='bbox 1847 1595 2245 1673; x_wconf 85' lang='lat' dir='ltr'>poenitentiam</span> <span class='ocrx_word' id='word_1_145' title='bbox 2286 1597 2415 1673; x_wconf 89' lang='lat' dir='ltr'>ejus</span> <span class='ocrx_word' id='word_1_146' title='bbox 2443 1605 2722 1672; x_wconf 83' lang='lat' dir='ltr'>egerunt3</span> <span class='ocrx_word' id='word_1_147' title='bbox 2765 1597 2908 1672; x_wconf 88' lang='lat' dir='ltr'>quia</span> 
     </span>
     <span class='ocr_line' id='line_1_17' title="bbox 500 1675 2904 1756; baseline -0.001 -20"><span class='ocrx_word' id='word_1_148' title='bbox 500 1679 553 1736; x_wconf 84' lang='lat' dir='ltr'>si</span> <span class='ocrx_word' id='word_1_149' title='bbox 580 1699 696 1737; x_wconf 90' lang='lat' dir='ltr'>non</span> <span class='ocrx_word' id='word_1_150' title='bbox 738 1694 1009 1756; x_wconf 82' lang='lat' dir='ltr'>expresse</span> <span class='ocrx_word' id='word_1_151' title='bbox 1052 1687 1111 1737; x_wconf 89' lang='lat' dir='ltr'>et</span> <span class='ocrx_word' id='word_1_152' title='bbox 1146 1679 1462 1736; x_wconf 85' lang='lat' dir='ltr'>formaliter</span> <span class='ocrx_word' id='word_1_153' title='bbox 1485 1677 1882 1754; x_wconf 87' lang='lat' dir='ltr'>poenitentiam</span> <span class='ocrx_word' id='word_1_154' title='bbox 1911 1676 2068 1734; x_wconf 89' lang='lat' dir='ltr'>illius</span> <span class='ocrx_word' id='word_1_155' title='bbox 2093 1684 2370 1751; x_wconf 86' lang='lat' dir='ltr'>egerunt3</span> <span class='ocrx_word' id='word_1_156' title='bbox 2414 1675 2673 1750; x_wconf 76' lang='lat' dir='ltr'>implicite</span> <span class='ocrx_word' id='word_1_157' title='bbox 2708 1683 2904 1733; x_wconf 82' lang='lat' dir='ltr'>tamen</span> 
     </span>
     <span class='ocr_line' id='line_1_18' title="bbox 503 1754 2906 1835; baseline -0.001 -20"><span class='ocrx_word' id='word_1_158' title='bbox 503 1759 629 1834; x_wconf 88' lang='lat' dir='ltr'>ejus</span> <span class='ocrx_word' id='word_1_159' title='bbox 658 1759 887 1818; x_wconf 83' lang='lat' dir='ltr'>veniam</span> <span class='ocrx_word' id='word_1_160' title='bbox 927 1757 1230 1835; x_wconf 88' lang='lat' dir='ltr'>petierunt,</span> <span class='ocrx_word' id='word_1_161' title='bbox 1262 1777 1439 1834; x_wconf 90' lang='lat' dir='ltr'>quum</span> <span class='ocrx_word' id='word_1_162' title='bbox 1480 1756 1755 1833; x_wconf 86' lang='lat' dir='ltr'>petebant</span> <span class='ocrx_word' id='word_1_163' title='bbox 1782 1754 2009 1813; x_wconf 87' lang='lat' dir='ltr'>veniam</span> <span class='ocrx_word' id='word_1_164' title='bbox 2038 1755 2293 1813; x_wconf 90' lang='lat' dir='ltr'>omnium</span> <span class='ocrx_word' id='word_1_165' title='bbox 2334 1762 2698 1831; x_wconf 89' lang='lat' dir='ltr'>peccatorum</span> <span class='ocrx_word' id='word_1_166' title='bbox 2727 1754 2906 1813; x_wconf 87' lang='lat' dir='ltr'>etiam</span> 
     </span>
     <span class='ocr_line' id='line_1_19' title="bbox 504 1833 2902 1913; baseline -0.001 -19"><span class='ocrx_word' id='word_1_167' title='bbox 504 1837 876 1895; x_wconf 89' lang='lat' dir='ltr'>occultorum.</span> <span class='ocrx_word' id='word_1_168' title='bbox 961 1837 1083 1895; x_wconf 92' lang='lat' dir='ltr'>Nec</span> <span class='ocrx_word' id='word_1_169' title='bbox 1123 1835 1463 1913; x_wconf 83' lang='lat' dir='ltr'>poenitentia</span> <span class='ocrx_word' id='word_1_170' title='bbox 1489 1834 1755 1912; x_wconf 88' lang='lat' dir='ltr'>specialis</span> <span class='ocrx_word' id='word_1_171' title='bbox 1796 1853 1968 1911; x_wconf 89' lang='lat' dir='ltr'>super</span> <span class='ocrx_word' id='word_1_172' title='bbox 2002 1834 2113 1891; x_wconf 92' lang='lat' dir='ltr'>hoc</span> <span class='ocrx_word' id='word_1_173' title='bbox 2153 1834 2306 1891; x_wconf 87' lang='lat' dir='ltr'>facto</span> <span class='ocrx_word' id='word_1_174' title='bbox 2347 1834 2535 1909; x_wconf 88' lang='lat' dir='ltr'>magis</span> <span class='ocrx_word' id='word_1_175' title='bbox 2563 1834 2637 1891; x_wconf 92' lang='lat' dir='ltr'>ab</span> <span class='ocrx_word' id='word_1_176' title='bbox 2678 1833 2749 1892; x_wconf 92' lang='lat' dir='ltr'>iis</span> <span class='ocrx_word' id='word_1_177' title='bbox 2776 1835 2902 1892; x_wconf 87' lang='lat' dir='ltr'>exi-</span> 
     </span>
     <span class='ocr_line' id='line_1_20' title="bbox 504 1912 2902 1991; baseline 0 -19"><span class='ocrx_word' id='word_1_178' title='bbox 504 1916 710 1991; x_wconf 89' lang='lat' dir='ltr'>genda,</span> <span class='ocrx_word' id='word_1_179' title='bbox 741 1935 913 1991; x_wconf 91' lang='lat' dir='ltr'>quam</span> <span class='ocrx_word' id='word_1_180' title='bbox 936 1934 1108 1990; x_wconf 87' lang='lat' dir='ltr'>super</span> <span class='ocrx_word' id='word_1_181' title='bbox 1135 1915 1301 1973; x_wconf 83' lang='lat' dir='ltr'>factis</span> <span class='ocrx_word' id='word_1_182' title='bbox 1328 1914 1457 1972; x_wconf 86' lang='lat' dir='ltr'>aliis</span> <span class='ocrx_word' id='word_1_183' title='bbox 1486 1913 1559 1972; x_wconf 89' lang='lat' dir='ltr'>de</span> <span class='ocrx_word' id='word_1_184' title='bbox 1586 1913 1798 1990; x_wconf 92' lang='lat' dir='ltr'>quibus</span> <span class='ocrx_word' id='word_1_185' title='bbox 1826 1933 1941 1971; x_wconf 89' lang='lat' dir='ltr'>non</span> <span class='ocrx_word' id='word_1_186' title='bbox 1968 1913 2241 1989; x_wconf 88' lang='lat' dir='ltr'>leguntur</span> <span class='ocrx_word' id='word_1_187' title='bbox 2266 1912 2662 1988; x_wconf 84' lang='lat' dir='ltr'>poenitentiam</span> <span class='ocrx_word' id='word_1_188' title='bbox 2690 1914 2902 1989; x_wconf 79' lang='lat' dir='ltr'>egisse.</span> 
     </span>
     <span class='ocr_line' id='line_1_21' title="bbox 504 1991 2906 2069; baseline 0 -18"><span class='ocrx_word' id='word_1_189' title='bbox 504 1994 674 2052; x_wconf 89' lang='lat' dir='ltr'>Alias</span> <span class='ocrx_word' id='word_1_190' title='bbox 699 2013 807 2051; x_wconf 90' lang='lat' dir='ltr'>nec</span> <span class='ocrx_word' id='word_1_191' title='bbox 849 1994 1149 2051; x_wconf 88' lang='lat' dir='ltr'>Noachum</span> <span class='ocrx_word' id='word_1_192' title='bbox 1178 2012 1349 2069; x_wconf 86' lang='lat' dir='ltr'>super</span> <span class='ocrx_word' id='word_1_193' title='bbox 1388 1992 1681 2068; x_wconf 86' lang='lat' dir='ltr'>ebrietate,</span> <span class='ocrx_word' id='word_1_194' title='bbox 1724 2011 1830 2050; x_wconf 89' lang='lat' dir='ltr'>nec</span> <span class='ocrx_word' id='word_1_195' title='bbox 1861 1991 2112 2050; x_wconf 87' lang='lat' dir='ltr'>Lothum</span> <span class='ocrx_word' id='word_1_196' title='bbox 2141 2011 2312 2069; x_wconf 90' lang='lat' dir='ltr'>super</span> <span class='ocrx_word' id='word_1_197' title='bbox 2337 1992 2578 2066; x_wconf 88' lang='lat' dir='ltr'>incestu,</span> <span class='ocrx_word' id='word_1_198' title='bbox 2622 2013 2729 2050; x_wconf 90' lang='lat' dir='ltr'>nec</span> <span class='ocrx_word' id='word_1_199' title='bbox 2756 1993 2906 2051; x_wconf 87' lang='lat' dir='ltr'>alios</span> 
     </span>
     <span class='ocr_line' id='line_1_22' title="bbox 506 2071 2902 2149; baseline -0.001 -18"><span class='ocrx_word' id='word_1_200' title='bbox 506 2093 677 2149; x_wconf 89' lang='lat' dir='ltr'>super</span> <span class='ocrx_word' id='word_1_201' title='bbox 703 2073 833 2131; x_wconf 86' lang='lat' dir='ltr'>aliis</span> <span class='ocrx_word' id='word_1_202' title='bbox 859 2072 1112 2149; x_wconf 83' lang='lat' dir='ltr'>peccatis</span> <span class='ocrx_word' id='word_1_203' title='bbox 1151 2072 1547 2149; x_wconf 86' lang='lat' dir='ltr'>poenitentiam</span> <span class='ocrx_word' id='word_1_204' title='bbox 1575 2071 1764 2147; x_wconf 86' lang='lat' dir='ltr'>egisse</span> <span class='ocrx_word' id='word_1_205' title='bbox 1804 2071 2070 2149; x_wconf 85' lang='lat' dir='ltr'>legimus,</span> <span class='ocrx_word' id='word_1_206' title='bbox 2113 2090 2261 2147; x_wconf 87' lang='lat' dir='ltr'>quos</span> <span class='ocrx_word' id='word_1_207' title='bbox 2301 2080 2493 2130; x_wconf 88' lang='lat' dir='ltr'>tamen</span> <span class='ocrx_word' id='word_1_208' title='bbox 2533 2082 2902 2148; x_wconf 87' lang='lat' dir='ltr'>peccatorum</span> 
     </span>
     <span class='ocr_line' id='line_1_23' title="bbox 506 2146 2899 2227; baseline -0 -17"><span class='ocrx_word' id='word_1_209' title='bbox 506 2153 761 2210; x_wconf 91' lang='lat' dir='ltr'>omnium</span> <span class='ocrx_word' id='word_1_210' title='bbox 788 2151 1017 2210; x_wconf 82' lang='lat' dir='ltr'>veniam</span> <span class='ocrx_word' id='word_1_211' title='bbox 1046 2171 1080 2208; x_wconf 89' lang='lat' dir='ltr'>a</span> <span class='ocrx_word' id='word_1_212' title='bbox 1110 2151 1237 2209; x_wconf 89' lang='lat' dir='ltr'>Deo</span> <span class='ocrx_word' id='word_1_213' title='bbox 1278 2171 1380 2227; x_wconf 87' lang='lat' dir='ltr'>per</span> <span class='ocrx_word' id='word_1_214' title='bbox 1405 2150 1579 2208; x_wconf 87' lang='lat' dir='ltr'>fidem</span> <span class='ocrx_word' id='word_1_215' title='bbox 1607 2151 1669 2207; x_wconf 92' lang='lat' dir='ltr'>in</span> <span class='ocrx_word' id='word_1_216' title='bbox 1699 2150 1974 2207; x_wconf 86' lang='lat' dir='ltr'>Messiam</span> <span class='ocrx_word' id='word_1_217' title='bbox 2015 2146 2350 2226; x_wconf 79' lang='lat' dir='ltr'>impetrasse</span> <span class='ocrx_word' id='word_1_218' title='bbox 2391 2169 2508 2209; x_wconf 86' lang='lat' dir='ltr'>non</span> <span class='ocrx_word' id='word_1_219' title='bbox 2548 2151 2899 2210; x_wconf 77' lang='lat' dir='ltr'>dubitamuS.</span> 
     </span>
     <span class='ocr_line' id='line_1_24' title="bbox 402 2227 2902 2307; baseline 0 -19"><span class='ocrx_word' id='word_1_220' title='bbox 402 2244 405 2247; x_wconf 84' lang='grc'><em>“</em></span> <span class='ocrx_word' id='word_1_221' title='bbox 508 2231 573 2288; x_wconf 84' lang='lat' dir='ltr'>Si</span> <span class='ocrx_word' id='word_1_222' title='bbox 599 2232 680 2307; x_wconf 91' lang='lat' dir='ltr'>pii</span> <span class='ocrx_word' id='word_1_223' title='bbox 706 2231 950 2306; x_wconf 86' lang='lat' dir='ltr'>quilibet</span> <span class='ocrx_word' id='word_1_224' title='bbox 977 2231 1159 2288; x_wconf 88' lang='lat' dir='ltr'>multa</span> <span class='ocrx_word' id='word_1_225' title='bbox 1185 2229 1550 2289; x_wconf 89' lang='lat' dir='ltr'>committunt</span> <span class='ocrx_word' id='word_1_226' title='bbox 1587 2236 1825 2307; x_wconf 87' lang='lat' dir='ltr'>peccata</span> <span class='ocrx_word' id='word_1_227' title='bbox 1851 2249 1926 2287; x_wconf 86' lang='lat' dir='ltr'>ex</span> <span class='ocrx_word' id='word_1_228' title='bbox 1954 2229 2279 2305; x_wconf 78' lang='lat' dir='ltr'>ignorantia</span> <span class='ocrx_word' id='word_1_229' title='bbox 2319 2238 2378 2287; x_wconf 90' lang='lat' dir='ltr'>et</span> <span class='ocrx_word' id='word_1_230' title='bbox 2404 2227 2610 2304; x_wconf 82' lang='lat' dir='ltr'>errore,</span> <span class='ocrx_word' id='word_1_231' title='bbox 2655 2249 2902 2305; x_wconf 89' lang='lat' dir='ltr'>quorum</span> 
     </span>
     <span class='ocr_line' id='line_1_25' title="bbox 504 2308 2900 2387; baseline 0 -21"><span class='ocrx_word' id='word_1_232' title='bbox 504 2329 797 2386; x_wconf 89' lang='lat' dir='ltr'>nunquam</span> <span class='ocrx_word' id='word_1_233' title='bbox 826 2310 1159 2370; x_wconf 83' lang='lat' dir='ltr'>distinctam</span> <span class='ocrx_word' id='word_1_234' title='bbox 1197 2318 1380 2387; x_wconf 87' lang='lat' dir='ltr'>agunt</span> <span class='ocrx_word' id='word_1_235' title='bbox 1405 2308 1818 2386; x_wconf 79' lang='lat' dir='ltr'>poenitentiam,</span> <span class='ocrx_word' id='word_1_236' title='bbox 1862 2308 2018 2385; x_wconf 86' lang='lat' dir='ltr'>quod</span> <span class='ocrx_word' id='word_1_237' title='bbox 2044 2328 2162 2366; x_wconf 90' lang='lat' dir='ltr'>non</span> <span class='ocrx_word' id='word_1_238' title='bbox 2188 2308 2429 2384; x_wconf 89' lang='lat' dir='ltr'>impedit</span> <span class='ocrx_word' id='word_1_239' title='bbox 2468 2309 2775 2384; x_wconf 88' lang='lat' dir='ltr'>quominus</span> <span class='ocrx_word' id='word_1_240' title='bbox 2803 2329 2900 2367; x_wconf 89' lang='lat' dir='ltr'>eo-</span> 
     </span>
     <span class='ocr_line' id='line_1_26' title="bbox 504 2387 2900 2465; baseline 0 -18"><span class='ocrx_word' id='word_1_241' title='bbox 504 2409 631 2447; x_wconf 89' lang='lat' dir='ltr'>rum</span> <span class='ocrx_word' id='word_1_242' title='bbox 673 2398 871 2465; x_wconf 90' lang='lat' dir='ltr'>petant</span> <span class='ocrx_word' id='word_1_243' title='bbox 898 2398 956 2448; x_wconf 91' lang='lat' dir='ltr'>et</span> <span class='ocrx_word' id='word_1_244' title='bbox 982 2389 1279 2449; x_wconf 82' lang='lat' dir='ltr'>obtineant</span> <span class='ocrx_word' id='word_1_245' title='bbox 1305 2390 1717 2463; x_wconf 86' lang='lat' dir='ltr'>remissionem,</span> <span class='ocrx_word' id='word_1_246' title='bbox 1750 2387 1992 2446; x_wconf 87' lang='lat' dir='ltr'>dicendo</span> <span class='ocrx_word' id='word_1_247' title='bbox 2021 2407 2152 2445; x_wconf 89' lang='lat' dir='ltr'>cum</span> <span class='ocrx_word' id='word_1_248' title='bbox 2183 2387 2427 2461; x_wconf 82' lang='lat' dir='ltr'>Davide,</span> <span class='ocrx_word' id='word_1_249' title='bbox 2470 2389 2673 2464; x_wconf 71' lang='lat' dir='ltr'>Purya</span> <span class='ocrx_word' id='word_1_250' title='bbox 2698 2409 2786 2447; x_wconf 80' lang='lat' dir='ltr'>me</span> <span class='ocrx_word' id='word_1_251' title='bbox 2825 2390 2900 2447; x_wconf 81' lang='lat' dir='ltr'>ab</span> 
     </span>
     <span class='ocr_line' id='line_1_27' title="bbox 506 2466 2577 2545; baseline 0 -20"><span class='ocrx_word' id='word_1_252' title='bbox 506 2470 744 2542; x_wconf 55' lang='lat' dir='ltr'>occultus,</span> <span class='ocrx_word' id='word_1_253' title='bbox 772 2469 869 2527; x_wconf 87' lang='lat' dir='ltr'>Ps.</span> <span class='ocrx_word' id='word_1_254' title='bbox 898 2468 1042 2543; x_wconf 65' lang='lat' dir='ltr'>xix„</span> <span class='ocrx_word' id='word_1_255' title='bbox 1074 2468 1276 2545; x_wconf 89' lang='lat' dir='ltr'>quidni</span> <span class='ocrx_word' id='word_1_256' title='bbox 1303 2468 1455 2525; x_wconf 90' lang='lat' dir='ltr'>idem</span> <span class='ocrx_word' id='word_1_257' title='bbox 1485 2467 1744 2525; x_wconf 90' lang='lat' dir='ltr'>dicamus</span> <span class='ocrx_word' id='word_1_258' title='bbox 1772 2467 1844 2524; x_wconf 88' lang='lat' dir='ltr'>de</span> <span class='ocrx_word' id='word_1_259' title='bbox 1872 2466 2166 2527; x_wconf 85' lang='lat' dir='ltr'>veteribus</span> <span class='ocrx_word' id='word_1_260' title='bbox 2195 2466 2577 2542; x_wconf 76' lang='lat' dir='ltr'>Polygamis?</span> 
     </span>
    </p>

    <p class='ocr_par' dir='ltr' id='par_1_4' title="bbox 592 2545 2900 2624">
     <span class='ocr_line' id='line_1_28' title="bbox 592 2545 2900 2624; baseline -0 -19"><span class='ocrx_word' id='word_1_261' title='bbox 592 2548 850 2607; x_wconf 87' lang='lat' dir='ltr'>XXIX.</span> <span class='ocrx_word' id='word_1_262' title='bbox 894 2546 1098 2622; x_wconf 86' lang='lat' dir='ltr'>Quoad</span> <span class='ocrx_word' id='word_1_263' title='bbox 1124 2548 1463 2619; x_wconf 75' lang='lat' dir='ltr'>Divortzum‚</span> <span class='ocrx_word' id='word_1_264' title='bbox 1498 2547 1658 2605; x_wconf 87' lang='lat' dir='ltr'>Deus</span> <span class='ocrx_word' id='word_1_265' title='bbox 1685 2565 1792 2604; x_wconf 91' lang='lat' dir='ltr'>nec</span> <span class='ocrx_word' id='word_1_266' title='bbox 1818 2546 2091 2622; x_wconf 76' lang='lat' dir='ltr'>praecepit</span> <span class='ocrx_word' id='word_1_267' title='bbox 2119 2545 2470 2622; x_wconf 87' lang='lat' dir='ltr'>simpliciter,</span> <span class='ocrx_word' id='word_1_268' title='bbox 2495 2554 2596 2605; x_wconf 87' lang='lat' dir='ltr'>aut</span> <span class='ocrx_word' id='word_1_269' title='bbox 2621 2545 2900 2624; x_wconf 83' lang='lat' dir='ltr'>permisit,</span> 
     </span>
    </p>
   </div>
   <div class='ocr_carea' id='block_1_3' title="bbox 506 2625 3018 2701">
    <p class='ocr_par' dir='ltr' id='par_1_5' title="bbox 506 2625 3018 2701">
     <span class='ocr_line' id='line_1_29' title="bbox 506 2625 3018 2701; baseline 0.001 -18"><span class='ocrx_word' id='word_1_270' title='bbox 506 2627 609 2683; x_wconf 90' lang='lat' dir='ltr'>sed</span> <span class='ocrx_word' id='word_1_271' title='bbox 638 2635 860 2685; x_wconf 88' lang='lat' dir='ltr'>tantum</span> <span class='ocrx_word' id='word_1_272' title='bbox 887 2626 1192 2699; x_wconf 54' lang='lat' dir='ltr'>licentiam⁴</span> <span class='ocrx_word' id='word_1_273' title='bbox 1211 2626 1604 2698; x_wconf 85' lang='lat' dir='ltr'>divortiorum,</span> <span class='ocrx_word' id='word_1_274' title='bbox 1631 2645 1760 2701; x_wconf 85' lang='lat' dir='ltr'>quae</span> <span class='ocrx_word' id='word_1_275' title='bbox 1797 2625 2094 2683; x_wconf 88' lang='lat' dir='ltr'>obtinebat</span> <span class='ocrx_word' id='word_1_276' title='bbox 2119 2625 2275 2701; x_wconf 89' lang='lat' dir='ltr'>apud</span> <span class='ocrx_word' id='word_1_277' title='bbox 2310 2625 2554 2684; x_wconf 83' lang='lat' dir='ltr'>Judaeos</span> <span class='ocrx_word' id='word_1_278' title='bbox 2582 2636 2780 2685; x_wconf 88' lang='lat' dir='ltr'>contra</span> <span class='ocrx_word' id='word_1_279' title='bbox 2821 2627 2903 2685; x_wconf 89' lang='lat' dir='ltr'>le·</span> <span class='ocrx_word' id='word_1_280' title='bbox 3003 2685 3018 2698; x_wconf 82' lang='grc'><em>,</em></span> 
     </span>
    </p>
   </div>
   <div class='ocr_carea' id='block_1_4' title="bbox 483 2704 2902 4675">
    <p class='ocr_par' dir='ltr' id='par_1_6' title="bbox 503 2704 2902 3000">
     <span class='ocr_line' id='line_1_30' title="bbox 505 2704 2899 2780; baseline 0.001 -19"><span class='ocrx_word' id='word_1_281' title='bbox 505 2724 639 2779; x_wconf 88' lang='lat' dir='ltr'>gem</span> <span class='ocrx_word' id='word_1_282' title='bbox 667 2705 985 2762; x_wconf 82' lang='lat' dir='ltr'>naturalem</span> <span class='ocrx_word' id='word_1_283' title='bbox 1014 2705 1286 2780; x_wconf 89' lang='lat' dir='ltr'>conjugii,</span> <span class='ocrx_word' id='word_1_284' title='bbox 1332 2704 1503 2761; x_wconf 85' lang='lat' dir='ltr'>certis</span> <span class='ocrx_word' id='word_1_285' title='bbox 1529 2704 1761 2778; x_wconf 85' lang='lat' dir='ltr'>legibus</span> <span class='ocrx_word' id='word_1_286' title='bbox 1788 2722 2049 2762; x_wconf 85' lang='lat' dir='ltr'>coercere</span> <span class='ocrx_word' id='word_1_287' title='bbox 2076 2704 2279 2779; x_wconf 85' lang='lat' dir='ltr'>voluit,</span> <span class='ocrx_word' id='word_1_288' title='bbox 2321 2713 2389 2763; x_wconf 87' lang='lat' dir='ltr'>ut</span> <span class='ocrx_word' id='word_1_289' title='bbox 2415 2704 2649 2763; x_wconf 89' lang='lat' dir='ltr'>modum</span> <span class='ocrx_word' id='word_1_290' title='bbox 2676 2707 2761 2764; x_wconf 89' lang='lat' dir='ltr'>rei</span> <span class='ocrx_word' id='word_1_291' title='bbox 2787 2706 2899 2763; x_wconf 86' lang='lat' dir='ltr'>illi-</span> 
     </span>
     <span class='ocr_line' id='line_1_31' title="bbox 503 2782 2902 2860; baseline 0.001 -20"><span class='ocrx_word' id='word_1_292' title='bbox 503 2783 634 2841; x_wconf 84' lang='lat' dir='ltr'>citae</span> <span class='ocrx_word' id='word_1_293' title='bbox 662 2792 915 2860; x_wconf 89' lang='lat' dir='ltr'>poneret,</span> <span class='ocrx_word' id='word_1_294' title='bbox 959 2802 1076 2840; x_wconf 93' lang='lat' dir='ltr'>non</span> <span class='ocrx_word' id='word_1_295' title='bbox 1105 2802 1243 2841; x_wconf 87' lang='lat' dir='ltr'>vero</span> <span class='ocrx_word' id='word_1_296' title='bbox 1270 2790 1335 2841; x_wconf 89' lang='lat' dir='ltr'>ut</span> <span class='ocrx_word' id='word_1_297' title='bbox 1363 2802 1489 2840; x_wconf 86' lang='lat' dir='ltr'>eam</span> <span class='ocrx_word' id='word_1_298' title='bbox 1514 2783 1734 2841; x_wconf 86' lang='lat' dir='ltr'>licitam</span> <span class='ocrx_word' id='word_1_299' title='bbox 1776 2782 2006 2841; x_wconf 88' lang='lat' dir='ltr'>faceret.</span> <span class='ocrx_word' id='word_1_300' title='bbox 2092 2783 2264 2843; x_wconf 88' lang='lat' dir='ltr'>Unde</span> <span class='ocrx_word' id='word_1_301' title='bbox 2306 2784 2570 2842; x_wconf 84' lang='lat' dir='ltr'>Christus</span> <span class='ocrx_word' id='word_1_302' title='bbox 2610 2784 2751 2844; x_wconf 82' lang='lat' dir='ltr'>dicit</span> <span class='ocrx_word' id='word_1_303' title='bbox 2789 2785 2902 2843; x_wconf 87' lang='lat' dir='ltr'>hoc</span> 
     </span>
     <span class='ocr_line' id='line_1_32' title="bbox 506 2863 2895 2939; baseline 0.001 -20"><span class='ocrx_word' id='word_1_304' title='bbox 506 2863 697 2920; x_wconf 91' lang='lat' dir='ltr'>Deum</span> <span class='ocrx_word' id='word_1_305' title='bbox 722 2863 1060 2938; x_wconf 53' lang='lat' dir='ltr'>permisisse,</span> <span class='ocrx_word' id='word_1_306' title='bbox 1106 2879 1208 2921; x_wconf 88' lang='lat' dir='ltr'>seu</span> <span class='ocrx_word' id='word_1_307' title='bbox 1249 2865 1527 2937; x_wconf 72' lang='lat' dir='ltr'>tolerasse,</span> <span class='ocrx_word' id='word_1_308' title='bbox 1564 2870 1809 2938; x_wconf 80' lang='lat' dir='ltr'>propter</span> <span class='ocrx_word' id='word_1_309' title='bbox 1850 2863 2112 2920; x_wconf 76' lang='lat' dir='ltr'>duritiem</span> <span class='ocrx_word' id='word_1_310' title='bbox 2139 2863 2325 2921; x_wconf 73' lang='lat' dir='ltr'>cordis</span> <span class='ocrx_word' id='word_1_311' title='bbox 2364 2865 2718 2939; x_wconf 79' lang='lat' dir='ltr'>Judaeorum,</span> <span class='ocrx_word' id='word_1_312' title='bbox 2751 2865 2895 2924; x_wconf 86' lang='lat' dir='ltr'>Mat.</span> 
     </span>
     <span class='ocr_line' id='line_1_33' title="bbox 505 2941 1159 3000; baseline 0.012 -3"><span class='ocrx_word' id='word_1_313' title='bbox 505 2941 629 2999; x_wconf 83' lang='lat' dir='ltr'>xix.</span> <span class='ocrx_word' id='word_1_314' title='bbox 661 2944 717 3000; x_wconf 88' lang='lat'>8.</span> <span class='ocrx_word' id='word_1_315' title='bbox 1155 2948 1159 2952; x_wconf 62' lang='grc'><em>’</em></span> 
     </span>
    </p>

    <p class='ocr_par' dir='ltr' id='par_1_7' title="bbox 483 3020 2898 4675">
     <span class='ocr_line' id='line_1_34' title="bbox 583 3020 2898 3099; baseline 0.001 -22"><span class='ocrx_word' id='word_1_316' title='bbox 583 3020 806 3078; x_wconf 89' lang='lat' dir='ltr'>XXX.</span> <span class='ocrx_word' id='word_1_317' title='bbox 853 3020 916 3079; x_wconf 89' lang='lat' dir='ltr'>Si</span> <span class='ocrx_word' id='word_1_318' title='bbox 964 3022 1240 3099; x_wconf 75' lang='lat' dir='ltr'>Conjuqz&#39;a</span> <span class='ocrx_word' id='word_1_319' title='bbox 1286 3022 1346 3079; x_wconf 82' lang='lat' dir='ltr'>in</span> <span class='ocrx_word' id='word_1_320' title='bbox 1380 3022 1653 3097; x_wconf 64' lang='lat' dir='ltr'>gradibus</span> <span class='ocrx_word' id='word_1_321' title='bbox 1685 3020 1996 3096; x_wconf 61' lang='lat' dir='ltr'>prohibitis,</span> <span class='ocrx_word' id='word_1_322' title='bbox 2047 3040 2176 3097; x_wconf 83' lang='lat' dir='ltr'>quae</span> <span class='ocrx_word' id='word_1_323' title='bbox 2225 3021 2376 3080; x_wconf 89' lang='lat' dir='ltr'>inter</span> <span class='ocrx_word' id='word_1_324' title='bbox 2420 3022 2634 3081; x_wconf 89' lang='lat' dir='ltr'>liberos</span> <span class='ocrx_word' id='word_1_325' title='bbox 2682 3020 2898 3080; x_wconf 88' lang='lat' dir='ltr'>Adami</span> 
     </span>
     <span class='ocr_line' id='line_1_35' title="bbox 483 3100 2895 3179; baseline 0 -22"><span class='ocrx_word' id='word_1_326' title='bbox 483 3102 709 3176; x_wconf 79' lang='lat' dir='ltr'>fratres</span> <span class='ocrx_word' id='word_1_327' title='bbox 736 3107 790 3159; x_wconf 82' lang='lat' dir='ltr'>et</span> <span class='ocrx_word' id='word_1_328' title='bbox 824 3121 1049 3160; x_wconf 76' lang='lat' dir='ltr'>sorores</span> <span class='ocrx_word' id='word_1_329' title='bbox 1088 3102 1147 3159; x_wconf 91' lang='lat' dir='ltr'>in</span> <span class='ocrx_word' id='word_1_330' title='bbox 1188 3100 1469 3179; x_wconf 87' lang='lat' dir='ltr'>principio</span> <span class='ocrx_word' id='word_1_331' title='bbox 1514 3108 1810 3159; x_wconf 86' lang='lat' dir='ltr'>contracta</span> <span class='ocrx_word' id='word_1_332' title='bbox 1849 3108 1999 3174; x_wconf 90' lang='lat' dir='ltr'>sunt,</span> <span class='ocrx_word' id='word_1_333' title='bbox 2047 3101 2389 3160; x_wconf 83' lang='lat' dir='ltr'>necessitate</span> <span class='ocrx_word' id='word_1_334' title='bbox 2425 3101 2508 3159; x_wconf 84' lang='lat' dir='ltr'>ita</span> <span class='ocrx_word' id='word_1_335' title='bbox 2551 3100 2895 3178; x_wconf 85' lang='lat' dir='ltr'>postulante,</span> 
     </span>
     <span class='ocr_line' id='line_1_36' title="bbox 498 3179 2898 3257; baseline 0.001 -21"><span class='ocrx_word' id='word_1_336' title='bbox 498 3179 608 3239; x_wconf 90' lang='lat' dir='ltr'>hoc</span> <span class='ocrx_word' id='word_1_337' title='bbox 634 3200 752 3240; x_wconf 89' lang='lat' dir='ltr'>non</span> <span class='ocrx_word' id='word_1_338' title='bbox 791 3188 909 3239; x_wconf 85' lang='lat' dir='ltr'>tam</span> <span class='ocrx_word' id='word_1_339' title='bbox 937 3182 1152 3242; x_wconf 85' lang='lat' dir='ltr'>factum</span> <span class='ocrx_word' id='word_1_340' title='bbox 1195 3189 1282 3239; x_wconf 87' lang='lat' dir='ltr'>est</span> <span class='ocrx_word' id='word_1_341' title='bbox 1308 3201 1412 3257; x_wconf 90' lang='lat' dir='ltr'>per</span> <span class='ocrx_word' id='word_1_342' title='bbox 1451 3180 1935 3257; x_wconf 79' lang='lat' dir='ltr'>dispensationem</span> <span class='ocrx_word' id='word_1_343' title='bbox 1979 3179 2204 3256; x_wconf 88' lang='lat' dir='ltr'>proprie</span> <span class='ocrx_word' id='word_1_344' title='bbox 2233 3179 2446 3238; x_wconf 87' lang='lat' dir='ltr'>dictam</span> <span class='ocrx_word' id='word_1_345' title='bbox 2485 3181 2678 3257; x_wconf 87' lang='lat' dir='ltr'>Legis,</span> <span class='ocrx_word' id='word_1_346' title='bbox 2722 3198 2898 3256; x_wconf 87' lang='lat' dir='ltr'>quam</span> 
     </span>
     <span class='ocr_line' id='line_1_37' title="bbox 494 3258 2897 3338; baseline -0 -21"><span class='ocrx_word' id='word_1_347' title='bbox 494 3279 600 3337; x_wconf 90' lang='lat' dir='ltr'>per</span> <span class='ocrx_word' id='word_1_348' title='bbox 626 3262 753 3337; x_wconf 89' lang='lat' dir='ltr'>ejus</span> <span class='ocrx_word' id='word_1_349' title='bbox 781 3260 1242 3321; x_wconf 83' lang='lat' dir='ltr'>declarationem.</span> <span class='ocrx_word' id='word_1_350' title='bbox 1299 3261 1342 3319; x_wconf 87' lang='lat' dir='ltr'><em>J</em></span> <span class='ocrx_word' id='word_1_351' title='bbox 1345 3260 1497 3319; x_wconf 85' lang='lat' dir='ltr'>udaei</span> <span class='ocrx_word' id='word_1_352' title='bbox 1528 3261 1808 3318; x_wconf 87' lang='lat' dir='ltr'>Doctores</span> <span class='ocrx_word' id='word_1_353' title='bbox 1836 3258 2094 3335; x_wconf 88' lang='lat' dir='ltr'>plerique</span> <span class='ocrx_word' id='word_1_354' title='bbox 2122 3258 2462 3338; x_wconf 86' lang='lat' dir='ltr'>confugiunt</span> <span class='ocrx_word' id='word_1_355' title='bbox 2487 3258 2584 3316; x_wconf 92' lang='lat' dir='ltr'>hic</span> <span class='ocrx_word' id='word_1_356' title='bbox 2610 3259 2686 3317; x_wconf 88' lang='lat' dir='ltr'>ad</span> <span class='ocrx_word' id='word_1_357' title='bbox 2712 3260 2897 3316; x_wconf 76' lang='lat' dir='ltr'>indul-</span> 
     </span>
     <span class='ocr_line' id='line_1_38' title="bbox 491 3337 2896 3417; baseline -0.001 -20"><span class='ocrx_word' id='word_1_358' title='bbox 491 3341 739 3413; x_wconf 71' lang='lat' dir='ltr'>qentiam</span> <span class='ocrx_word' id='word_1_359' title='bbox 770 3341 897 3414; x_wconf 88' lang='lat' dir='ltr'>Dei,</span> <span class='ocrx_word' id='word_1_360' title='bbox 928 3342 1093 3417; x_wconf 84' lang='lat' dir='ltr'>quasi</span> <span class='ocrx_word' id='word_1_361' title='bbox 1124 3341 1285 3398; x_wconf 87' lang='lat' dir='ltr'>Deus</span> <span class='ocrx_word' id='word_1_362' title='bbox 1313 3339 1439 3413; x_wconf 90' lang='lat' dir='ltr'>hoc,</span> <span class='ocrx_word' id='word_1_363' title='bbox 1472 3339 1609 3396; x_wconf 85' lang='lat' dir='ltr'>licet</span> <span class='ocrx_word' id='word_1_364' title='bbox 1635 3338 1922 3411; x_wconf 82' lang='lat' dir='ltr'>vitiosum,</span> <span class='ocrx_word' id='word_1_365' title='bbox 1954 3337 2258 3396; x_wconf 90' lang='lat' dir='ltr'>indulserit</span> <span class='ocrx_word' id='word_1_366' title='bbox 2285 3338 2484 3414; x_wconf 87' lang='lat' dir='ltr'>primis</span> <span class='ocrx_word' id='word_1_367' title='bbox 2505 3338 2621 3396; x_wconf 89' lang='lat' dir='ltr'>illis</span> <span class='ocrx_word' id='word_1_368' title='bbox 2649 3338 2896 3395; x_wconf 90' lang='lat' dir='ltr'>homini-</span> 
     </span>
     <span class='ocr_line' id='line_1_39' title="bbox 496 3416 2896 3492; baseline 0.001 -18"><span class='ocrx_word' id='word_1_369' title='bbox 496 3416 624 3474; x_wconf 90' lang='lat' dir='ltr'>bus.</span> <span class='ocrx_word' id='word_1_370' title='bbox 705 3419 926 3474; x_wconf 90' lang='lat' dir='ltr'>Verum</span> <span class='ocrx_word' id='word_1_371' title='bbox 954 3417 1316 3492; x_wconf 87' lang='lat' dir='ltr'>indulgentia</span> <span class='ocrx_word' id='word_1_372' title='bbox 1355 3437 1470 3473; x_wconf 90' lang='lat' dir='ltr'>non</span> <span class='ocrx_word' id='word_1_373' title='bbox 1515 3424 1901 3474; x_wconf 87' lang='lat' dir='ltr'>consentanea</span> <span class='ocrx_word' id='word_1_374' title='bbox 1931 3416 2052 3492; x_wconf 87' lang='lat' dir='ltr'>juri</span> <span class='ocrx_word' id='word_1_375' title='bbox 2091 3425 2149 3475; x_wconf 90' lang='lat' dir='ltr'>et</span> <span class='ocrx_word' id='word_1_376' title='bbox 2176 3417 2463 3474; x_wconf 86' lang='lat' dir='ltr'>honestati</span> <span class='ocrx_word' id='word_1_377' title='bbox 2504 3417 2752 3476; x_wconf 82' lang='lat' dir='ltr'>naturali</span> <span class='ocrx_word' id='word_1_378' title='bbox 2781 3436 2896 3476; x_wconf 86' lang='lat' dir='ltr'>non</span> 
     </span>
     <span class='ocr_line' id='line_1_40' title="bbox 494 3493 2894 3571; baseline 0 -20"><span class='ocrx_word' id='word_1_379' title='bbox 494 3500 686 3569; x_wconf 88' lang='lat' dir='ltr'>potest</span> <span class='ocrx_word' id='word_1_380' title='bbox 725 3494 916 3551; x_wconf 89' lang='lat' dir='ltr'>locum</span> <span class='ocrx_word' id='word_1_381' title='bbox 955 3496 1184 3569; x_wconf 87' lang='lat' dir='ltr'>habere,</span> <span class='ocrx_word' id='word_1_382' title='bbox 1221 3494 1357 3569; x_wconf 89' lang='lat' dir='ltr'>quia</span> <span class='ocrx_word' id='word_1_383' title='bbox 1397 3495 1557 3552; x_wconf 90' lang='lat' dir='ltr'>Deus</span> <span class='ocrx_word' id='word_1_384' title='bbox 1583 3513 1877 3570; x_wconf 89' lang='lat' dir='ltr'>nunquam</span> <span class='ocrx_word' id='word_1_385' title='bbox 1917 3493 2182 3571; x_wconf 86' lang='lat' dir='ltr'>indulget</span> <span class='ocrx_word' id='word_1_386' title='bbox 2218 3496 2405 3555; x_wconf 84' lang='lat' dir='ltr'>facere</span> <span class='ocrx_word' id='word_1_387' title='bbox 2433 3496 2666 3554; x_wconf 89' lang='lat' dir='ltr'>malum.</span> <span class='ocrx_word' id='word_1_388' title='bbox 2750 3496 2894 3570; x_wconf 79' lang='lat' dir='ltr'>Alii,</span> 
     </span>
     <span class='ocr_line' id='line_1_41' title="bbox 495 3571 2897 3650; baseline 0.001 -20"><span class='ocrx_word' id='word_1_389' title='bbox 495 3581 561 3630; x_wconf 90' lang='lat' dir='ltr'>ut</span> <span class='ocrx_word' id='word_1_390' title='bbox 589 3571 861 3647; x_wconf 73' lang='lat' dir='ltr'>August,</span> <span class='ocrx_word' id='word_1_391' title='bbox 893 3575 1289 3631; x_wconf 81' lang='lat' dir='ltr'>Necessitatem</span> <span class='ocrx_word' id='word_1_392' title='bbox 1328 3572 1422 3630; x_wconf 91' lang='lat' dir='ltr'>hic</span> <span class='ocrx_word' id='word_1_393' title='bbox 1464 3572 1802 3648; x_wconf 90' lang='lat' dir='ltr'>obtendunt,</span> <span class='ocrx_word' id='word_1_394' title='bbox 1850 3575 1888 3606; x_wconf 91' lang='lat'><strong>“</strong></span> <span class='ocrx_word' id='word_1_395' title='bbox 1915 3593 2045 3632; x_wconf 87' lang='lat' dir='ltr'>cum</span> <span class='ocrx_word' id='word_1_396' title='bbox 2088 3593 2206 3632; x_wconf 90' lang='lat' dir='ltr'>non</span> <span class='ocrx_word' id='word_1_397' title='bbox 2253 3575 2504 3647; x_wconf 86' lang='lat' dir='ltr'>essent,&#39;&#39;</span> <span class='ocrx_word' id='word_1_398' title='bbox 2549 3574 2753 3650; x_wconf 90' lang='lat' dir='ltr'>inquit,</span> <span class='ocrx_word' id='word_1_399' title='bbox 2793 3574 2897 3633; x_wconf 89' lang='lat' dir='ltr'>lib.</span> 
     </span>
     <span class='ocr_line' id='line_1_42' title="bbox 496 3649 2896 3729; baseline 0.003 -24"><span class='ocrx_word' id='word_1_400' title='bbox 496 3649 659 3708; x_wconf 84' lang='lat' dir='ltr'>xviii.</span> <span class='ocrx_word' id='word_1_401' title='bbox 691 3650 763 3706; x_wconf 90' lang='lat' dir='ltr'>de</span> <span class='ocrx_word' id='word_1_402' title='bbox 794 3651 856 3708; x_wconf 87' lang='lat' dir='ltr'>C.</span> <span class='ocrx_word' id='word_1_403' title='bbox 889 3652 963 3709; x_wconf 93' lang='lat' dir='ltr'>D.</span> <span class='ocrx_word' id='word_1_404' title='bbox 993 3671 1118 3728; x_wconf 89' lang='lat' dir='ltr'>cap.</span> <span class='ocrx_word' id='word_1_405' title='bbox 1153 3655 1246 3727; x_wconf 85' lang='lat'>16,</span> <span class='ocrx_word' id='word_1_406' title='bbox 1295 3653 1330 3683; x_wconf 90' lang='lat'><strong>“</strong></span> <span class='ocrx_word' id='word_1_407' title='bbox 1359 3651 1466 3709; x_wconf 91' lang='lat' dir='ltr'>ulli</span> <span class='ocrx_word' id='word_1_408' title='bbox 1504 3652 1766 3710; x_wconf 88' lang='lat' dir='ltr'>homines</span> <span class='ocrx_word' id='word_1_409' title='bbox 1794 3652 1906 3710; x_wconf 90' lang='lat' dir='ltr'>nisi</span> <span class='ocrx_word' id='word_1_410' title='bbox 1949 3653 2051 3729; x_wconf 90' lang='lat' dir='ltr'>qui</span> <span class='ocrx_word' id='word_1_411' title='bbox 2078 3673 2152 3710; x_wconf 84' lang='lat' dir='ltr'>ex</span> <span class='ocrx_word' id='word_1_412' title='bbox 2181 3653 2298 3712; x_wconf 80' lang='lat' dir='ltr'>illis</span> <span class='ocrx_word' id='word_1_413' title='bbox 2338 3653 2565 3712; x_wconf 85' lang='lat' dir='ltr'>duobus</span> <span class='ocrx_word' id='word_1_414' title='bbox 2592 3654 2714 3711; x_wconf 87' lang='lat' dir='ltr'>nati</span> <span class='ocrx_word' id='word_1_415' title='bbox 2754 3653 2896 3711; x_wconf 83' lang='lat' dir='ltr'>fuis-</span> 
     </span>
     <span class='ocr_line' id='line_1_43' title="bbox 494 3728 2893 3809; baseline 0.001 -23"><span class='ocrx_word' id='word_1_416' title='bbox 494 3735 638 3802; x_wconf 87' lang='lat' dir='ltr'>sent,</span> <span class='ocrx_word' id='word_1_417' title='bbox 669 3728 780 3785; x_wconf 85' lang='lat' dir='ltr'>viri</span> <span class='ocrx_word' id='word_1_418' title='bbox 807 3748 1030 3788; x_wconf 90' lang='lat' dir='ltr'>sorores</span> <span class='ocrx_word' id='word_1_419' title='bbox 1059 3750 1193 3789; x_wconf 89' lang='lat' dir='ltr'>suas</span> <span class='ocrx_word' id='word_1_420' title='bbox 1233 3729 1514 3806; x_wconf 86' lang='lat' dir='ltr'>conjuges</span> <span class='ocrx_word' id='word_1_421' title='bbox 1555 3739 1915 3807; x_wconf 86' lang='lat' dir='ltr'>acceperunt,</span> <span class='ocrx_word' id='word_1_422' title='bbox 1961 3731 2119 3807; x_wconf 92' lang='lat' dir='ltr'>quod</span> <span class='ocrx_word' id='word_1_423' title='bbox 2157 3741 2360 3809; x_wconf 82' lang='lat' dir='ltr'>postea</span> <span class='ocrx_word' id='word_1_424' title='bbox 2387 3741 2601 3809; x_wconf 88' lang='lat' dir='ltr'>quanto</span> <span class='ocrx_word' id='word_1_425' title='bbox 2629 3741 2719 3791; x_wconf 89' lang='lat' dir='ltr'>est</span> <span class='ocrx_word' id='word_1_426' title='bbox 2746 3732 2893 3790; x_wconf 87' lang='lat' dir='ltr'>anti-</span> 
     </span>
     <span class='ocr_line' id='line_1_44' title="bbox 492 3808 2894 3886; baseline 0.001 -22"><span class='ocrx_word' id='word_1_427' title='bbox 492 3808 663 3883; x_wconf 89' lang='lat' dir='ltr'>quius</span> <span class='ocrx_word' id='word_1_428' title='bbox 693 3809 1069 3885; x_wconf 89' lang='lat' dir='ltr'>compellente</span> <span class='ocrx_word' id='word_1_429' title='bbox 1097 3809 1456 3883; x_wconf 83' lang='lat' dir='ltr'>necessitate,</span> <span class='ocrx_word' id='word_1_430' title='bbox 1488 3818 1650 3867; x_wconf 86' lang='lat' dir='ltr'>tanto</span> <span class='ocrx_word' id='word_1_431' title='bbox 1692 3817 1893 3886; x_wconf 87' lang='lat' dir='ltr'>postea</span> <span class='ocrx_word' id='word_1_432' title='bbox 1919 3810 2134 3868; x_wconf 87' lang='lat' dir='ltr'>factum</span> <span class='ocrx_word' id='word_1_433' title='bbox 2163 3819 2252 3869; x_wconf 88' lang='lat' dir='ltr'>est</span> <span class='ocrx_word' id='word_1_434' title='bbox 2284 3811 2670 3869; x_wconf 87' lang='lat' dir='ltr'>damnabilius</span> <span class='ocrx_word' id='word_1_435' title='bbox 2696 3810 2894 3886; x_wconf 90' lang='lat' dir='ltr'>religi·</span> 
     </span>
     <span class='ocr_line' id='line_1_45' title="bbox 495 3887 2897 3965; baseline 0.002 -22"><span class='ocrx_word' id='word_1_436' title='bbox 495 3905 603 3944; x_wconf 89' lang='lat' dir='ltr'>one</span> <span class='ocrx_word' id='word_1_437' title='bbox 631 3888 1028 3964; x_wconf 88' lang='lat' dir='ltr'>prohibente.&#39;&#39;</span> <span class='ocrx_word' id='word_1_438' title='bbox 1116 3887 1232 3945; x_wconf 88' lang='lat' dir='ltr'>Sed</span> <span class='ocrx_word' id='word_1_439' title='bbox 1248 3908 1434 3963; x_wconf 88' lang='lat' dir='ltr'>neque</span> <span class='ocrx_word' id='word_1_440' title='bbox 1455 3887 1565 3946; x_wconf 93' lang='lat' dir='ltr'>hoc</span> <span class='ocrx_word' id='word_1_441' title='bbox 1593 3889 1761 3964; x_wconf 90' lang='lat' dir='ltr'>plene</span> <span class='ocrx_word' id='word_1_442' title='bbox 1784 3887 2112 3947; x_wconf 81' lang='lat' dir='ltr'>satisfacere</span> <span class='ocrx_word' id='word_1_443' title='bbox 2139 3899 2365 3965; x_wconf 85' lang='lat' dir='ltr'>potest:</span> <span class='ocrx_word' id='word_1_444' title='bbox 2409 3889 2558 3963; x_wconf 86' lang='lat' dir='ltr'>Quia</span> <span class='ocrx_word' id='word_1_445' title='bbox 2582 3889 2897 3948; x_wconf 82' lang='lat' dir='ltr'>necessita-</span> 
     </span>
     <span class='ocr_line' id='line_1_46' title="bbox 491 3965 2898 4044; baseline 0.001 -21"><span class='ocrx_word' id='word_1_446' title='bbox 491 3965 567 4023; x_wconf 88' lang='lat' dir='ltr'>tis</span> <span class='ocrx_word' id='word_1_447' title='bbox 594 3967 751 4025; x_wconf 90' lang='lat' dir='ltr'>illius</span> <span class='ocrx_word' id='word_1_448' title='bbox 779 3986 953 4025; x_wconf 90' lang='lat' dir='ltr'>causa</span> <span class='ocrx_word' id='word_1_449' title='bbox 979 3966 1088 4024; x_wconf 81' lang='lat' dir='ltr'>fuit</span> <span class='ocrx_word' id='word_1_450' title='bbox 1128 3966 1251 4042; x_wconf 91' lang='lat' dir='ltr'>ipse</span> <span class='ocrx_word' id='word_1_451' title='bbox 1283 3967 1459 4041; x_wconf 89' lang='lat' dir='ltr'>Deus,</span> <span class='ocrx_word' id='word_1_452' title='bbox 1500 3966 1600 4043; x_wconf 90' lang='lat' dir='ltr'>qui</span> <span class='ocrx_word' id='word_1_453' title='bbox 1630 3967 1797 4024; x_wconf 83' lang='lat' dir='ltr'>facile</span> <span class='ocrx_word' id='word_1_454' title='bbox 1836 3987 2032 4026; x_wconf 86' lang='lat' dir='ltr'>casum</span> <span class='ocrx_word' id='word_1_455' title='bbox 2074 3968 2229 4025; x_wconf 89' lang='lat' dir='ltr'>hunc</span> <span class='ocrx_word' id='word_1_456' title='bbox 2255 3968 2458 4026; x_wconf 83' lang='lat' dir='ltr'>tollere</span> <span class='ocrx_word' id='word_1_457' title='bbox 2498 3968 2799 4044; x_wconf 86' lang='lat' dir='ltr'>potuisset,</span> <span class='ocrx_word' id='word_1_458' title='bbox 2844 3969 2898 4026; x_wconf 85' lang='lat' dir='ltr'>si</span> 
     </span>
     <span class='ocr_line' id='line_1_47' title="bbox 490 4045 2895 4123; baseline 0 -21"><span class='ocrx_word' id='word_1_459' title='bbox 490 4046 769 4103; x_wconf 86' lang='lat' dir='ltr'>voluisset</span> <span class='ocrx_word' id='word_1_460' title='bbox 786 4047 951 4123; x_wconf 91' lang='lat' dir='ltr'>plura</span> <span class='ocrx_word' id='word_1_461' title='bbox 965 4046 1263 4103; x_wconf 87' lang='lat' dir='ltr'>hominum</span> <span class='ocrx_word' id='word_1_462' title='bbox 1280 4045 1442 4121; x_wconf 90' lang='lat' dir='ltr'>paria</span> <span class='ocrx_word' id='word_1_463' title='bbox 1458 4065 1669 4121; x_wconf 88' lang='lat' dir='ltr'>creare,</span> <span class='ocrx_word' id='word_1_464' title='bbox 1689 4065 1768 4122; x_wconf 87' lang='lat' dir='ltr'>ne</span> <span class='ocrx_word' id='word_1_465' title='bbox 1778 4046 2046 4104; x_wconf 89' lang='lat' dir='ltr'>homines</span> <span class='ocrx_word' id='word_1_466' title='bbox 2066 4047 2488 4123; x_wconf 88' lang='lat' dir='ltr'>conjicerentur</span> <span class='ocrx_word' id='word_1_467' title='bbox 2505 4046 2564 4103; x_wconf 89' lang='lat' dir='ltr'>in</span> <span class='ocrx_word' id='word_1_468' title='bbox 2582 4047 2895 4104; x_wconf 84' lang='lat' dir='ltr'>necessita·</span> 
     </span>
     <span class='ocr_line' id='line_1_48' title="bbox 489 4124 2895 4201; baseline 0 -20"><span class='ocrx_word' id='word_1_469' title='bbox 489 4131 604 4181; x_wconf 86' lang='lat' dir='ltr'>tem</span> <span class='ocrx_word' id='word_1_470' title='bbox 653 4124 910 4182; x_wconf 84' lang='lat' dir='ltr'>violandi</span> <span class='ocrx_word' id='word_1_471' title='bbox 938 4125 1054 4183; x_wconf 87' lang='lat' dir='ltr'>Jus</span> <span class='ocrx_word' id='word_1_472' title='bbox 1094 4124 1372 4182; x_wconf 87' lang='lat' dir='ltr'>naturale.</span> <span class='ocrx_word' id='word_1_473' title='bbox 1456 4124 1830 4183; x_wconf 87' lang='lat' dir='ltr'>Commodius</span> <span class='ocrx_word' id='word_1_474' title='bbox 1871 4124 1971 4182; x_wconf 88' lang='lat' dir='ltr'>alii</span> <span class='ocrx_word' id='word_1_475' title='bbox 2013 4144 2075 4183; x_wconf 90' lang='lat' dir='ltr'>se</span> <span class='ocrx_word' id='word_1_476' title='bbox 2118 4125 2434 4201; x_wconf 83' lang='lat' dir='ltr'>expediunt</span> <span class='ocrx_word' id='word_1_477' title='bbox 2476 4124 2895 4201; x_wconf 87' lang='lat' dir='ltr'>distinguendo</span> 
     </span>
     <span class='ocr_line' id='line_1_49' title="bbox 486 4203 2894 4281; baseline 0.001 -22"><span class='ocrx_word' id='word_1_478' title='bbox 486 4205 599 4259; x_wconf 74' lang='lat' dir='ltr'>Jus</span> <span class='ocrx_word' id='word_1_479' title='bbox 625 4207 886 4262; x_wconf 79' lang='lat' dir='ltr'>naturale</span> <span class='ocrx_word' id='word_1_480' title='bbox 920 4203 1264 4278; x_wconf 77' lang='lat' dir='ltr'>primarium</span> <span class='ocrx_word' id='word_1_481' title='bbox 1291 4212 1345 4262; x_wconf 82' lang='lat' dir='ltr'>et</span> <span class='ocrx_word' id='word_1_482' title='bbox 1369 4204 1696 4277; x_wconf 80' lang='lat' dir='ltr'>absolutum,</span> <span class='ocrx_word' id='word_1_483' title='bbox 1741 4203 1897 4279; x_wconf 92' lang='lat' dir='ltr'>quod</span> <span class='ocrx_word' id='word_1_484' title='bbox 1923 4204 1984 4260; x_wconf 91' lang='lat' dir='ltr'>in</span> <span class='ocrx_word' id='word_1_485' title='bbox 2012 4211 2218 4262; x_wconf 84' lang='lat' dir='ltr'>natura</span> <span class='ocrx_word' id='word_1_486' title='bbox 2253 4204 2380 4281; x_wconf 90' lang='lat' dir='ltr'>ipsa</span> <span class='ocrx_word' id='word_1_487' title='bbox 2423 4203 2536 4261; x_wconf 89' lang='lat' dir='ltr'>Dei</span> <span class='ocrx_word' id='word_1_488' title='bbox 2563 4203 2894 4261; x_wconf 77' lang='lat' dir='ltr'>immediate</span> 
     </span>
     <span class='ocr_line' id='line_1_50' title="bbox 489 4280 2891 4359; baseline 0.002 -24"><span class='ocrx_word' id='word_1_489' title='bbox 489 4280 775 4356; x_wconf 82' lang='lat' dir='ltr'>fundatur,</span> <span class='ocrx_word' id='word_1_490' title='bbox 806 4292 865 4341; x_wconf 89' lang='lat' dir='ltr'>et</span> <span class='ocrx_word' id='word_1_491' title='bbox 890 4281 1300 4355; x_wconf 80' lang='lat' dir='ltr'>secundarium,</span> <span class='ocrx_word' id='word_1_492' title='bbox 1331 4281 1488 4359; x_wconf 92' lang='lat' dir='ltr'>quod</span> <span class='ocrx_word' id='word_1_493' title='bbox 1514 4280 1788 4340; x_wconf 87' lang='lat' dir='ltr'>fundatur</span> <span class='ocrx_word' id='word_1_494' title='bbox 1813 4282 1874 4338; x_wconf 91' lang='lat' dir='ltr'>in</span> <span class='ocrx_word' id='word_1_495' title='bbox 1901 4290 2106 4340; x_wconf 87' lang='lat' dir='ltr'>natura</span> <span class='ocrx_word' id='word_1_496' title='bbox 2133 4301 2340 4357; x_wconf 90' lang='lat' dir='ltr'>rerum,</span> <span class='ocrx_word' id='word_1_497' title='bbox 2371 4291 2429 4341; x_wconf 86' lang='lat' dir='ltr'>et</span> <span class='ocrx_word' id='word_1_498' title='bbox 2456 4282 2646 4340; x_wconf 87' lang='lat' dir='ltr'>locum</span> <span class='ocrx_word' id='word_1_499' title='bbox 2665 4290 2891 4339; x_wconf 83' lang='lat' dir='ltr'>tantum</span> 
     </span>
     <span class='ocr_line' id='line_1_51' title="bbox 488 4358 2889 4438; baseline 0.001 -24"><span class='ocrx_word' id='word_1_500' title='bbox 488 4358 662 4417; x_wconf 90' lang='lat' dir='ltr'>habet</span> <span class='ocrx_word' id='word_1_501' title='bbox 690 4361 748 4417; x_wconf 88' lang='lat' dir='ltr'>in</span> <span class='ocrx_word' id='word_1_502' title='bbox 777 4370 932 4420; x_wconf 85' lang='lat' dir='ltr'>certo</span> <span class='ocrx_word' id='word_1_503' title='bbox 960 4381 1149 4420; x_wconf 89' lang='lat' dir='ltr'>rerum</span> <span class='ocrx_word' id='word_1_504' title='bbox 1179 4367 1350 4435; x_wconf 89' lang='lat' dir='ltr'>statu,</span> <span class='ocrx_word' id='word_1_505' title='bbox 1393 4368 1461 4418; x_wconf 89' lang='lat' dir='ltr'>ut</span> <span class='ocrx_word' id='word_1_506' title='bbox 1485 4361 1585 4419; x_wconf 82' lang='lat' dir='ltr'>lex</span> <span class='ocrx_word' id='word_1_507' title='bbox 1612 4360 1923 4437; x_wconf 89' lang='lat' dir='ltr'>prohibens</span> <span class='ocrx_word' id='word_1_508' title='bbox 1952 4360 2164 4419; x_wconf 87' lang='lat' dir='ltr'>furtum</span> <span class='ocrx_word' id='word_1_509' title='bbox 2208 4360 2480 4438; x_wconf 87' lang='lat' dir='ltr'>supponit</span> <span class='ocrx_word' id='word_1_510' title='bbox 2520 4380 2709 4418; x_wconf 88' lang='lat' dir='ltr'>rerum</span> <span class='ocrx_word' id='word_1_511' title='bbox 2739 4360 2889 4418; x_wconf 83' lang='lat' dir='ltr'>divi·</span> 
     </span>
     <span class='ocr_line' id='line_1_52' title="bbox 489 4436 2894 4518; baseline 0.001 -25"><span class='ocrx_word' id='word_1_512' title='bbox 489 4436 743 4512; x_wconf 80' lang='lat' dir='ltr'>sionem3</span> <span class='ocrx_word' id='word_1_513' title='bbox 786 4440 952 4498; x_wconf 83' lang='lat' dir='ltr'>Talia</span> <span class='ocrx_word' id='word_1_514' title='bbox 978 4441 1248 4518; x_wconf 86' lang='lat' dir='ltr'>conjugia</span> <span class='ocrx_word' id='word_1_515' title='bbox 1274 4459 1594 4516; x_wconf 86' lang='lat' dir='ltr'>repugnare</span> <span class='ocrx_word' id='word_1_516' title='bbox 1623 4438 1855 4515; x_wconf 88' lang='lat' dir='ltr'>quidem</span> <span class='ocrx_word' id='word_1_517' title='bbox 1882 4440 2184 4514; x_wconf 87' lang='lat' dir='ltr'>posteriori</span> <span class='ocrx_word' id='word_1_518' title='bbox 2216 4441 2337 4516; x_wconf 90' lang='lat' dir='ltr'>juri</span> <span class='ocrx_word' id='word_1_519' title='bbox 2366 4439 2615 4496; x_wconf 86' lang='lat' dir='ltr'>naturali</span> <span class='ocrx_word' id='word_1_520' title='bbox 2652 4439 2712 4495; x_wconf 91' lang='lat' dir='ltr'>in</span> <span class='ocrx_word' id='word_1_521' title='bbox 2740 4447 2894 4496; x_wconf 76' lang='lat' dir='ltr'>certo</span> 
     </span>
     <span class='ocr_line' id='line_1_53' title="bbox 488 4518 2887 4594; baseline 0.001 -22"><span class='ocrx_word' id='word_1_522' title='bbox 488 4535 679 4572; x_wconf 81' lang='lat' dir='ltr'>rerum</span> <span class='ocrx_word' id='word_1_523' title='bbox 706 4526 870 4592; x_wconf 80' lang='lat' dir='ltr'>statu,</span> <span class='ocrx_word' id='word_1_524' title='bbox 903 4539 1003 4577; x_wconf 90' lang='lat' dir='ltr'>seu</span> <span class='ocrx_word' id='word_1_525' title='bbox 1032 4530 1241 4578; x_wconf 80' lang='lat' dir='ltr'>natura</span> <span class='ocrx_word' id='word_1_526' title='bbox 1268 4520 1577 4592; x_wconf 74' lang='lat' dir='ltr'>constituta,</span> <span class='ocrx_word' id='word_1_527' title='bbox 1622 4524 1755 4594; x_wconf 84' lang='lat' dir='ltr'>post</span> <span class='ocrx_word' id='word_1_528' title='bbox 1796 4518 2025 4592; x_wconf 85' lang='lat' dir='ltr'>generis</span> <span class='ocrx_word' id='word_1_529' title='bbox 2052 4519 2286 4575; x_wconf 86' lang='lat' dir='ltr'>humani</span> <span class='ocrx_word' id='word_1_530' title='bbox 2329 4518 2887 4594; x_wconf 85' lang='lat' dir='ltr'>multiplicationem,</span> 
     </span>
     <span class='ocr_line' id='line_1_54' title="bbox 487 4593 2886 4675; baseline 0.002 -24"><span class='ocrx_word' id='word_1_531' title='bbox 487 4602 545 4652; x_wconf 87' lang='lat' dir='ltr'>ct</span> <span class='ocrx_word' id='word_1_532' title='bbox 572 4593 775 4652; x_wconf 88' lang='lat' dir='ltr'>illicita</span> <span class='ocrx_word' id='word_1_533' title='bbox 815 4615 940 4654; x_wconf 86' lang='lat' dir='ltr'>esse</span> <span class='ocrx_word' id='word_1_534' title='bbox 981 4608 1200 4674; x_wconf 86' lang='lat' dir='ltr'>natura,</span> <span class='ocrx_word' id='word_1_535' title='bbox 1246 4606 1477 4675; x_wconf 88' lang='lat' dir='ltr'>propter</span> <span class='ocrx_word' id='word_1_536' title='bbox 1515 4596 1898 4655; x_wconf 81' lang='lat' dir='ltr'>reverentiam</span> <span class='ocrx_word' id='word_1_537' title='bbox 1942 4597 2256 4673; x_wconf 73' lang='lat' dir='ltr'>sanguiniS,</span> <span class='ocrx_word' id='word_1_538' title='bbox 2301 4597 2437 4672; x_wconf 88' lang='lat' dir='ltr'>quia</span> <span class='ocrx_word' id='word_1_539' title='bbox 2476 4598 2537 4654; x_wconf 88' lang='lat' dir='ltr'>in</span> <span class='ocrx_word' id='word_1_540' title='bbox 2589 4616 2783 4654; x_wconf 86' lang='lat' dir='ltr'>sorore</span> <span class='ocrx_word' id='word_1_541' title='bbox 2827 4605 2886 4655; x_wconf 85' lang='lat' dir='ltr'>ct</span> 
     </span>
    </p>
   </div>
  </div>
 </body>
</html>
