3221 5200
505 343 624 401 410
1312 361 1495 405 Locus
1524 362 1784 403 nscmus
1812 361 2102 410 Quamne.
2511 339 2768 423 [Qud-:sn
2800 360 2927 402 xtv.

503 512 717 564 nostrae
748 524 920 581 super
947 522 1079 561 eum
1107 502 1299 579 posita
1326 503 1515 578 fuerit,
1547 512 1606 562 et
1635 522 1710 561 ex
1739 504 1867 580 ejus
1895 502 2184 562 vibicibus
2213 502 2436 560 sanatio
2464 501 2634 560 nobis
2663 502 2921 579 contige·

504 586 597 660 rit,
631 585 747 643 Isa.
777 586 881 644 liii.
915 587 969 659 5,
1003 585 1057 657 6,
1074 603 1220 641 ·cum
1249 592 1548 660 peccatum
1578 591 1638 642 et
1665 582 1994 642 maledictio
2022 582 2234 641 dicitur
2276 582 2463 640 factus
2483 601 2588 675 Ριρ
2616 582 2801 657 nobiS,
2853 590 2918 640 ut

504 685 762 725 essemus
783 629 1014 743 justit’ia
1041 673 1099 721 et
1119 663 1445 722 benedictio
1478 663 1633 722 Dei
1617 683 1677 720 ιιι
1704 663 1849 740 ips0,
1881 667 1917 721 2
1963 664 2093 722 Cor.
2123 683 2182 720 v.
2211 665 2307 737 21,
2341 662 2474 720 Gal.
2506 662 2586 719 iii.
2622 666 2715 720 13.

502 783 546 831 7
578 784 711 835 Quia
731 799 829 829 non
870 787 981 831 anis
1109 743 1397 802 XXVII.
1446 743 1721 822 SeptimO,
1755 742 1913 801 Pro
1898 743 1969 801 lis
1989 750 2214 801 tantum
2243 750 2506 801 mortuus
2535 750 2624 800 est
2653 741 2917 801 Christus

560 845 793 900 impetrat
817 846 980 890 saluto
1020 823 1231 899 quibus
1274 824 1518 883 salutem
1567 822 1915 900 impetravit,
1966 832 2025 881 et
2068 822 2430 901 impetratam
2475 822 2743 899 applicat.
2832 822 2917 880 At

566 915 715 958 quam
808 905 984 959 quibus
1027 902 1167 961 solis
1197 904 1417 962 Electis
1445 904 1689 962 salutem
1718 903 1987 980 impetrat
2028 912 2088 962 et
2130 903 2398 980 applicat.
2486 903 2646 979 Ergo
2693 924 2797 979 pro
2846 902 2919 960 iis

559 962 801 1018 applicat,
1027 983 1166 1041 solis
1194 992 1455 1042 mortuus
1484 992 1591 1044 est.
1678 983 1852 1041 Ratio
1880 983 2115 1060 majoris
2141 982 2361 1060 duplici
2388 981 2763 1041 fundamento
2782 982 2913 1041 niti·

500 1069 610 1119 tur.
699 1063 750 1118 1.
798 1061 1012 1120 Christi
1040 1071 1281 1122 mortem
1303 1084 1406 1142 pro
1434 1064 1603 1123 nobis
1632 1063 1908 1122 destinari
1936 1084 1971 1120 a
2003 1063 2127 1122 Deo
2156 1062 2230 1121 ad
2273 1062 2731 1139 impetrationem
2762 1062 2915 1121 salu·

500 1139 593 1199 tis.
678 1143 733 1198 2.
766 1140 1236 1218 Impetrationem
1266 1144 1518 1222 separari
1546 1164 1663 1202 non
1690 1164 1861 1221 posse
1889 1142 1963 1201 ab
1990 1143 2390 1220 applicatione,
2415 1142 2552 1219 quia
2579 1141 2754 1200 finis
2738 1162 2912 1220 lmpe-

499 1220 763 1279 trationis
790 1240 908 1279 non
936 1222 1084 1281 alius
1113 1232 1304 1300 potest
1320 1244 1446 1283 esse
1469 1244 1642 1301 quam
1666 1223 1992 1301 applicatiO,
2018 1232 2076 1282 et
2093 1222 2305 1281 frustra
2322 1223 2738 1298 impetraretur,
2759 1222 2916 1299 quod

498 1319 793 1377 nunquam
822 1302 1229 1378 applicandum
1259 1314 1428 1363 esset.
1518 1303 1689 1363 Unde
1720 1304 1994 1380 sequitur,
2028 1303 2078 1361 si
2105 1303 2409 1379 impetrata
2436 1310 2525 1361 est
2547 1302 2702 1360 salus
2731 1303 2914 1360 omni·

499 1379 626 1454 buS,
660 1381 927 1439 omnibus
954 1382 1167 1459 pariter
1194 1384 1471 1461 applicari
1498 1383 1742 1459 debere;
1789 1392 1848 1442 et
1876 1383 1925 1441 si
1968 1403 2086 1441 non
2134 1382 2453 1460 applicatur
2496 1382 2778 1456 omnibus,
2811 1382 2917 1441 sed

497 1468 721 1518 tantum
742 1461 977 1536 Electis‚
1009 1462 1276 1521 omnibus
1304 1464 1478 1523 etiam
1507 1483 1624 1521 non
1652 1483 1778 1521 esse
1805 1463 2201 1540 impetratam3
2247 1463 2349 1520 sed
2371 1461 2589 1519 Electis
2609 1461 2913 1520 duntaxat.

500 1540 743 1597 Frustra
770 1541 1070 1617 regeritur.
1159 1546 1211 1601 1.
1244 1543 1457 1602 Christi
1486 1552 1728 1602 mortem
1757 1563 1872 1601 non
1902 1552 2019 1601 tam
2049 1508 2323 1601 destinari
2351 1540 2425 1599 ad
2453 1540 2913 1618 impetrationem

500 1619 721 1694 salutm,
754 1640 929 1697 quam
957 1621 1032 1679 ad
1060 1623 1435 1682 remotionem
1463 1623 1749 1682 obstaculi
1767 1623 2030 1700 justitiae,
2061 1642 2192 1699 quae
2233 1620 2638 1694 intercedebat,
2689 1622 2913 1697 quomi-

498 1718 609 1757 nus
642 1700 800 1758 Deus
830 1701 902 1759 de
932 1702 1116 1761 salute
1146 1712 1343 1763 nostra
1370 1704 1626 1781 cogitare
1652 1712 1867 1780 posset.
1953 1701 2103 1777 Quia
2124 1703 2209 1761 sic
2237 1709 2586 1779 sequeretur,
2620 1701 2913 1760 Christum

498 1799 616 1837 non
644 1787 761 1837 tam
791 1781 1244 1859 redemptionem
1272 1793 1331 1843 et
1359 1785 1602 1843 salutem
1633 1783 1800 1842 nobis
1829 1783 2224 1859 acquisivisse,
2250 1782 2429 1859 'quam
2470 1781 2913 1859 possibilitatem

502 1859 706 1918 salutis
735 1869 975 1937 tantum,
1009 1871 1067 1921 et
1095 1872 1437 1940 potestatem
1470 1864 1630 1923 Patri
1659 1883 1874 1922 novum
1905 1863 2123 1921 Foedus
2153 1863 2371 1921 Gratiae
2417 1881 2547 1920 cum
2585 1861 2914 1920 hominibus

498 1940 846 2018 paciscendi,
867 1942 1063 2018 quod
1047 1964 1106 2001 ιιι
1139 1944 1682 2004 Remonstrantibus
1711 1943 1935 2037 pridem
1964 1943 2315 2018 damnatum,
2338 1951 2402 2001 ut
2425 1941 2695 2019 injurium
2713 1941 2917 2000 virtuti

500 2020 700 2078 Crucis
730 2021 961 2096 Christi,
993 2031 1052 2082 et
1079 2024 1345 2083 efficaciae
1376 2026 1503 2102 ejus
1532 2024 1878 2102 sponsionis.
1922 2022 2224 2097 Quomodo
2246 2042 2386 2101 ergo
2409 2022 2695 2080 diceretur
2722 2040 2783 2080 se
2812 2020 2912 2079 de-

496 2098 650 2158 disse
678 2105 963 2195 ἇηιλυτςοι
989 2123 1093 2180 pro
1121 2104 1306 2180 nobis,
1339 2114 1612 2164 aeternam
1643 2103 1886 2162 salutem
1915 2103 2084 2161 nobis
2112 2102 2372 2180 adipisci,
2404 2121 2510 2160 nos
2539 2102 2817 2160 redimere
2838 2100 2914 2159 ab

496 2181 653 2237 omni
681 2181 1001 2258 iniquitate,
1034 2194 1093 2244 et
1120 2184 1300 2243 vitam
1331 2194 1603 2244 aeternam
1631 2184 1800 2242 nobis
1822 2183 1976 2259 dare,
2009 2192 2067 2242 et
2094 2182 2210 2240 alia
2256 2183 2318 2241 id
2365 2202 2567 2259 genus,
2620 2202 2749 2275 quae
2797 2199 2913 2238 non

495 2260 936 2336 possibilitatem
966 2271 1190 2323 tantum
1220 2265 1441 2341 salutis,
1474 2264 1623 2323 sed
1606 2284 1790 2342 ipsam
1819 2263 2063 2322 salutem
2093 2283 2129 2321 a
2172 2263 2402 2322 Christo
2447 2262 2616 2321 nobis
2643 2262 2912 2338 impetra-

497 2347 614 2398 tam
646 2349 908 2401 statuunt
927 2346 957 2401 't’

575 2420 897 2480 XXVIII.
943 2426 998 2481 2.
1046 2423 1177 2482 Νοιι
1197 2423 1406 2482 melius
1429 2423 1655 2496 dicitur,
1680 2421 2024 2481 “Christum
2046 2422 2501 2498 redemptionem
2519 2421 2786 2480 omnibus
2807 2420 2912 2477 im-

491 2501 787 2577 petrasse
772 2522 829 2558 m
853 2521 983 2559 eum
1001 2502 1191 2577 finem,
1219 2511 1283 2560 ιιι
1304 2503 1571 2560 omnibus
1593 2502 1993 2578 applicaretur,
2026 2502 2198 2560 modo
2226 2521 2353 2558 eam
2379 2521 2495 2559 non
2519 2500 2911 2577 respuerentl'

494 2580 643 2654 Quia
671 2580 780 2638 hoc
810 2581 924 2639 dici
952 2582 1153 2659 nequit
1180 2589 1445 2658 respectu
1472 2581 1918 2654 innumerorum,
1950 2581 2162 2673 quibus
2205 2600 2314 2639 nec
2340 2580 2571 2639 oblatus
2599 2589 2689 2638 est
2719 2580 2906 2639 Chris·

492 2667 604 2731 tuS,
636 2660 733 2716 vel
762 2659 833 2717 de
863 2661 1093 2719 nomine
1121 2681 1375 2736 unquam
1405 2660 1692 2736 cognitus.
1781 2659 2007 2718 Deinde
2036 2661 2119 2718 sic
2150 2660 2413 2718 Christus
2460 2659 2692 2716 inanem
2734 2658 2911 2716 finem

493 2737 605 2795 sibi
634 2739 1044 2830 proposuisset,
1077 2739 1150 2797 de
1171 2759 1232 2797 re
1263 2759 1377 2797 non
1408 2747 1630 2798 tantum
1661 2758 1777 2797 non
1808 2739 2016 2814 futura,
2069 2739 2173 2798 scd
2221 2738 2395 2797 etiam
2443 2758 2574 2815 quae
2620 2737 2745 2795 dari
2793 2757 2916 2796 non

491 2825 716 2893 poterat
744 2817 867 2875 sine
898 2838 1002 2877 suo
1031 2818 1201 2894 don0,
1233 2819 1389 2895 quod
1418 2827 1609 2877 tamen
1640 2819 1757 2877 illis
1779 2818 1977 2896 largiri
1998 2819 2202 2896 noluit,
2223 2818 2389 2895 quasi
2411 2818 2522 2876 hoc
2541 2825 2695 2876 esset
2717 2817 2914 2877 Chris·

490 2896 537 2955 ti
566 2896 886 2973 consilium,
920 2898 1073 2957 Volo
1102 2899 1406 2976 impetrare
1435 2899 1886 2977 redemptionem
1924 2899 2208 2974 omnibus,
2253 2917 2322 2957 eo
2369 2898 2484 2957 fine
2532 2907 2600 2957 ut
2646 2898 2916 2958 omnibus

491 2977 827 3053 applicetur,
859 2979 1031 3038 modo
1061 2979 1298 3038 credant
1321 3002 1335 3056 3
1383 2980 1462 3038 Et
1488 2988 1681 3039 tamen
1711 2978 2025 3038 innumeris
2053 2999 2159 3038 nec
2187 2979 2445 3037 revelare
2486 2978 2622 3038 volo
2650 2977 2914 3055 redemp-

491 3058 706 3116 tionem
737 3059 924 3134 istam,
955 3080 1063 3119 nec
1091 3060 1272 3120 dare
1255 3060 1571 3119 mnumeris
1598 3060 1811 3137 quibus
1839 3060 2145 3136 revelatur,
2190 3059 2594 3132 conditionem,
2648 3058 2770 3116 sine
2800 3078 2917 3134 qua

490 3139 613 3197 fieri
636 3160 750 3197 non
780 3149 970 3217 potest
998 3150 1063 3200 ut
1091 3139 1207 3199 inis
1236 3141 1599 3218 applicetur'
1584 3161 1643 3198 ιιι
1673 3149 1995 3216 aeternum;
2039 3140 2101 3198 id
2122 3149 2226 3214 est,
2259 3140 2395 3198 volo
2437 3148 2504 3198 ut
2530 3138 2591 3196 id
2617 3138 2734 3212 fiat,
2754 3137 2912 3214 quod

490 3240 607 3278 non
638 3228 860 3279 tantum
885 3222 1004 3279 scio
1033 3241 1150 3279 non
1178 3221 1451 3314 futurum,
1483 3241 1590 3279 nec
1619 3221 1744 3279 fieri
1770 3240 1958 3297 posse,
1990 3220 2091 3279 sed
2122 3221 2293 3280 etiam
2323 3219 2479 3297 quod
2506 3219 2642 3277 nolo
2692 3226 2756 3275 ut
2791 3217 2909 3292 fiat,

491 3301 628 3376 quia
655 3301 789 3358 nolo
820 3301 1240 3359 communicare
1269 3301 1331 3359 id
1360 3302 1482 3360 sine
1510 3320 1627 3377 quo
1655 3300 1824 3359 fieri
1808 3321 1869 3358 ιιι
1897 3309 2173 3359 aeternum
2203 3300 2420 3377 nequit,
2450 3299 2606 3376 quod
2625 3317 2767 3356 ame
2790 3298 2915 3356 solo

491 3379 744 3456 pendet:
788 3379 946 3455 quod
974 3381 1022 3437 si
1050 3381 1341 3438 hominem
1372 3381 1690 3457 sapientem
1718 3399 1834 3438 non
1884 3380 2067 3452 decet,
2119 3389 2335 3457 quanto
2383 3380 2573 3436 minus
2624 3378 2914 3436 Christum

494 3459 979 3532 sapientissimum
1010 3468 1068 3517 et
1096 3460 1395 3535 optimum.
1482 3460 1605 3517 Nec
1635 3459 1684 3517 si
1713 3459 1972 3517 defectus
2002 3459 2169 3517 istius
2198 3459 2598 3536 applicationis
2638 3477 2754 3516 non
2777 3476 2912 3515 con-

493 3536 669 3610 tingit
697 3536 867 3612 culpa
910 3537 1142 3609 Christi,
1174 3537 1277 3594 sed
1305 3558 1407 3614 per
1434 3537 1720 3610 accidens,
1751 3538 2046 3596 hominum
2078 3539 2299 3597 scilicet
2327 3539 2540 3596 scelere
2571 3546 2628 3596 et
2647 3536 2910 3594 incredu-

490 3615 672 3687 litate,
727 3614 786 3671 id
834 3614 1047 3673 desinit
1095 3616 1286 3674 minus
1334 3636 1462 3674 esse
1528 3615 1801 3692 injurium
1861 3618 2109 3692 Christo,
2156 3618 2323 3711 quasi
2371 3618 2468 3675 vel
2517 3637 2635 3676 non
2681 3615 2913 3694 praesci-

495 3693 661 3767 verit,
694 3695 787 3752 vel
817 3695 1143 3771 nequiverit
1169 3695 1232 3753 id
1259 3695 1553 3772 impedire,
1584 3716 1700 3772 quo
1729 3695 1794 3753 fit
1822 3704 1886 3754 ut
1914 3696 2126 3754 frustra
2154 3697 2229 3756 sit
2257 3697 2582 3790 impetratio
2603 3716 2711 3755 nec
2737 3697 2914 3754 finem

497 3794 664 3833 suum
694 3783 1050 3852 assequatur.
1137 3775 1305 3849 Quod
1334 3796 1473 3834 vero
1502 3784 1748 3853 negatur
1775 3774 1988 3835 frustra
2008 3796 2176 3852 esse;
2221 3777 2358 3853 quia
2385 3776 2523 3836 licet
2565 3785 2759 3835 careat
2786 3795 2914 3834 suc·

496 3875 680 3931 cessu,
713 3875 829 3913 non
856 3855 1009 3914 facta
1036 3863 1230 3914 tamen
1259 3855 1334 3915 sit
1362 3864 1577 3914 temere
1607 3864 1666 3915 et
1686 3856 1848 3915 nullo
1876 3857 2136 3930 consilio,
2167 3857 2304 3933 quia
2330 3865 2622 3935 utcunque
2651 3856 2917 3914 homines

495 3956 558 3994 se
587 3945 807 4013 gerant,
839 3935 899 3993 id
929 3935 1085 4012 quod
1113 3936 1364 3995 maxime
1395 3936 1695 4014 spectabat
1720 3945 1903 3996 morte
1933 3956 2038 3996 sua
2067 3938 2330 3996 Christus
2358 3945 2446 3995 est
2488 3944 2803 4009 assecutus,
2849 3944 2917 3994 ut

489 4018 611 4094 jam
643 4017 799 4074 omni
827 4016 1045 4074 homini
1076 4015 1125 4074 si
1154 4016 1326 4076 modo
1356 4016 1552 4075 credat
1580 4023 1640 4074 et
1666 4017 1983 4093 resipiscat,
2036 4025 2237 4094 parata
2279 4017 2356 4076 sit
2401 4017 2573 4075 venia
2619 4036 2687 4074 ac
2737 4015 2913 4090 salus,

496 4096 654 4173 quod
684 4097 1058 4155 inexorabilis
1081 4096 1325 4173 justitiae
1356 4096 1570 4154 divinae
1599 4096 1760 4172 rigor
1785 4105 1918 4155 ante
1947 4096 2326 4172 prohibebat3
2372 4097 2504 4155 Non
2531 4096 2687 4156 tollit
2713 4096 2914 4154 absur-

495 4176 752 4251 ditatem,
784 4177 920 4252 quia
949 4197 1078 4235 cum
1102 4177 1297 4235 nullus
1325 4177 1474 4235 alius
1503 4177 1688 4253 possit
1715 4195 1843 4234 esse
1871 4176 2004 4235 finis
2032 4177 2467 4253 impetrationis,
2511 4196 2686 4254 quam
2731 4175 2916 4253 appli-

495 4257 663 4331 catio,
694 4276 810 4313 ιιοιι
839 4265 1030 4332 potest
1056 4275 1174 4313 non
1201 4257 1326 4314 fieri
1355 4266 1586 4330 temere,
1619 4255 1777 4332 quod
1822 4255 1995 4314 finem
2042 4257 2197 4314 hunc
2244 4276 2360 4314 non
2409 4255 2752 4334 assequitur.
2840 4256 2919 4315 Et

498 4337 763 4395 Christus
792 4356 907 4394 non
937 4334 1138 4395 debuit
1158 4343 1383 4394 tantum
1414 4336 1555 4394 mori
1586 4356 1690 4412 pro
1718 4336 2064 4409 hominibus,
2097 4337 2156 4394 ui
2184 4345 2383 4413 parata
2412 4337 2488 4395 sit
2516 4337 2632 4395 illis
2659 4335 2833 4394 venia
2860 4344 2920 4394 ct

493 4416 667 4489 salus,
701 4415 809 4474 sub
838 4414 1165 4473 conditione
1193 4415 1266 4474 ab
1292 4416 1438 4492 ipsis
1465 4435 1581 4474 non
1609 4414 1943 4493 praestabili,
1977 4415 2079 4473 sed
2107 4424 2171 4474 ut
2199 4416 2271 4474 de
2299 4416 2452 4475 facto
2480 4417 2709 4475 veniam
2739 4424 2799 4474 et
2825 4434 2916 4475 sa-

490 4496 669 4554 lutem
702 4503 1141 4571 consequantur.

575 4559 836 4632 XXIX.
884 4575 1016 4632 Hoc
1071 4574 1275 4634 fortius
1320 4574 1690 4634 confirmatur
1731 4595 1806 4634 ex
1851 4578 2016 4633 modo
2065 4576 2500 4652 Impetratt'oms,
2552 4596 2686 4635 nam
2725 4576 2774 4634 si
2840 4575 2916 4633 ad

494 4670 693 4709 omnes
734 4662 792 4711 et
835 4654 1096 4728 singulos
1124 4653 1475 4729 extenditur,
1506 4655 1603 4714 vel
1633 4655 1742 4714 erit
1770 4655 2053 4730 absoluta,
2100 4656 2195 4714 vel
2245 4655 2654 4716 conditionata.
2743 4654 2915 4713 Prius
