3221 5200
548 333 661 391 194
1454 347 1639 388 Locus
1668 345 2070 386 nuonncmus.
2559 322 2822 404 [Quffis‘r.
2847 343 2959 383 vn.

546 499 729 550 totam
758 490 1262 567 dispensationem,
1292 508 1423 565 quae
1453 487 1747 547 Christum
1791 484 2099 545 antecessit
2141 484 2214 542 ab
2257 483 2383 562 ipso
2414 483 2666 543 hominis
2694 484 2862 561 lapsu
2903 493 2962 543 et

549 571 930 649 promissione
959 570 1046 628 illi
1075 569 1226 644 data,
1257 573 1293 626 2
1326 569 1455 627 Cor.
1485 568 1568 626 iii.
1600 571 1696 627 14.
1784 566 1957 627 Unde
1987 566 2268 640 Christus,
2303 564 2455 625 Heb.
2498 565 2580 622 ix.
2616 567 2707 639 15,
2729 603 2734 609 ·
2759 565 2971 624 dicitur

552 651 844 709 Mediator
886 652 922 683 “
952 649 1299 709 constitutus
1328 649 1402 706 ad
1431 648 1822 726 expiationem
1848 646 2372 722 transgressionum
2394 664 2522 720 quae
2542 643 2707 703 factae
2736 644 2968 704 fuerunt

546 732 659 790 sub
686 731 861 809 priori
890 731 1108 805 Test.,''
1159 749 1275 788 non
1302 729 1505 806 utique
1530 737 1756 787 tantum
1786 728 1894 786 sub
1925 727 2102 802 Lege,
2154 725 2256 784 sed
2294 726 2419 803 jam
2447 724 2521 782 ab
2548 725 2715 783 initio
2743 725 2967 798 mundi,

548 821 609 870 et
637 832 687 869 c.
716 811 839 871 viii.
874 814 966 886 13,
999 811 1075 868 V.
1106 811 1173 868 Τ.
1204 818 1446 868 vocatur
1474 807 1750 886 quicquid
1778 807 2194 884 antiquandum
2245 814 2349 879 est,
2401 824 2518 862 non
2561 804 2734 862 modo
2781 805 2964 863 Caere-

546 892 761 950 moniae
784 911 823 949 a
851 892 1019 960 Mose
1048 890 1235 968 primo
1258 890 1411 965 latae,
1442 889 1547 948 sed
1579 887 1876 948 Sacrificio.
1902 895 1960 945 et
1990 885 2382 961 CircumcisiO,
2413 905 2543 962 quae
2572 893 2703 943 ante
2748 885 2968 961 Legem

547 973 820 1049 scriptam
841 972 966 1049 jam
995 971 1351 1028 obtinebant.

630 1052 817 1110 VIII.
863 1051 985 1109 Nec
1015 1050 1065 1108 si
1093 1050 1426 1108 oeconomiae
1457 1049 1737 1107 Mosa'icoe
1777 1046 2056 1125 peculiari
2096 1045 2316 1105 ratione
2345 1044 2535 1122 pactio
2564 1044 2797 1103 Veteris
2825 1045 2966 1103 Tes-

548 1131 794 1190 tamenti
822 1130 1155 1189 attribuitur
1198 1130 1527 1206 aliquand0,
1570 1129 1831 1206 sequitur
1874 1128 2062 1186 Vetus
2090 1127 2525 1185 Testamentum
2554 1134 2691 1183 tunc
2734 1124 2965 1183 demum

544 1212 884 1270 inchoatum
913 1211 1090 1269 fuisse
1115 1232 1129 1286 3
1175 1209 1461 1287 siquidem
1503 1208 1705 1268 eadem
1750 1207 1982 1285 Religio
2009 1206 2315 1283 utrobique
2346 1206 2613 1280 obtinuit,
2660 1213 2718 1264 et
2743 1215 2874 1264 ante
2905 1213 2964 1264 et

547 1300 684 1369 post
712 1292 948 1368 Legem,
1005 1290 1313 1365 Sacrificia,
1363 1289 1756 1364 Circumcisi0‚
1799 1295 1858 1346 et
1884 1287 1998 1346 alia
2025 1287 2224 1362 multa,
2255 1307 2384 1363 quae
2414 1287 2602 1344 Vetus
2630 1286 2965 1344 Testamen-

549 1381 673 1430 tum
703 1371 1096 1430 constituunt:
1144 1369 1260 1428 Sed
1300 1371 1410 1429 hoc
1438 1369 1503 1428 fit
1529 1370 1751 1428 ratione
1781 1368 2110 1426 illustrioris
2152 1366 2618 1440 confirmationis,
2650 1366 2787 1442 quia
2826 1375 2964 1424 tunc

551 1451 908 1509 confirmatio
937 1452 1258 1527 priscorum
1287 1449 1459 1509 simul
1487 1458 1546 1508 et
1572 1468 1855 1508 novorum
1884 1448 2100 1507 rituum
2127 1447 2190 1504 in
2237 1454 2452 1505 certam
2498 1446 2804 1504 Sacrorum
2848 1446 2962 1504 for-

550 1551 705 1589 mam
734 1533 995 1606 aecessit,
1026 1539 1085 1590 et
1112 1530 1383 1608 periodus
1411 1530 1512 1589 illa
1540 1530 1766 1589 solenni
1794 1527 2026 1586 foederis
2054 1527 2444 1600 renovatione,
2489 1535 2548 1585 et
2574 1526 2773 1584 multis
2801 1526 2965 1585 addi-

549 1612 821 1671 tamentis
875 1612 956 1671 ita
1008 1611 1119 1670 fuit
1171 1611 1538 1688 locupletata,
1596 1618 1663 1669 ut
1703 1608 2008 1687 perfectior
2047 1608 2221 1684 longe
2262 1607 2452 1681 fuerit,
2496 1615 2555 1664 et
2596 1614 2968 1682 antegressas

549 1711 748 1751 omnes
776 1692 1083 1752 absorbere
1113 1692 1279 1768 quasi
1306 1690 1618 1766 videretur,
1648 1709 1765 1767 quo
1794 1708 1967 1748 sensu
1997 1687 2369 1747 Circumcisio
2398 1707 2433 1745 a
2462 1687 2629 1745 Mose
2646 1686 2793 1751 ,data
2822 1687 2965 1746 dici-

546 1782 657 1848 tur,
703 1774 746 1832 J
750 1773 920 1832 ohan.
949 1773 1052 1832 vii.
1083 1776 1179 1848 22,
1210 1792 1341 1849 quae
1368 1772 1543 1849 longe
1572 1778 1706 1829 ante
1752 1770 1978 1827 Mosem
2007 1768 2153 1844 fuit3
2203 1769 2300 1828 Sic
2329 1787 2480 1845 saepe
2509 1767 2570 1824 id
2596 1766 2722 1825 fieri
2751 1766 2963 1826 dieitur

547 1852 607 1911 in
638 1854 947 1931 Scriptura,
975 1852 1133 1931 quod
1177 1862 1490 1911 renovatur
1518 1859 1595 1910 ‘et
1642 1850 1944 1909 illustriori
1991 1848 2163 1907 modo
2190 1849 2547 1926 proponitur,
2596 1855 2662 1906 ut
2690 1857 2860 1906 antea
2886 1848 2965 1908 de

544 1953 701 1992 novo
733 1933 976 1992 Foedere
1001 1932 1339 1992 novissimis
1361 1932 1565 1991 diebus
1587 1930 1894 2009 pangendo
1923 1929 2164 1988 dictum.
2205 1930 2284 1987 Et
2310 1929 2445 1987 hine
2475 1927 2642 1986 facile
2665 1928 2962 2004 explican-

547 2023 642 2072 tur
668 2014 816 2090 loca,
848 2015 1023 2073 Deut.
1050 2033 1110 2072 v.
1140 2017 1195 2088 2,
1228 2016 1283 2088 3,
1315 2013 1359 2072 J
1362 2032 1538 2071 erem.
1558 2011 1726 2068 xxxi.
1746 2013 1846 2084 32,
1875 2010 2007 2069 Gal.
2036 2010 2115 2067 iv.
2140 2013 2235 2084 24,
2267 2010 2326 2066 in
2357 2008 2568 2085 quibus
2596 2007 2830 2066 foederis
2857 2027 2962 2068 seu

546 2093 904 2153 Testamenti
931 2093 1145 2153 veteris
1174 2093 1403 2151 initium
1429 2091 1663 2151 videtur
1690 2090 1825 2148 duci
1873 2110 1907 2148 a
1937 2090 2120 2164 Mose,
2173 2097 2231 2148 et
2259 2088 2473 2147 foedere
2502 2088 2576 2146 ab
2620 2088 2747 2164 ipso
2789 2096 2964 2165 paeto

544 2194 676 2234 eum
728 2175 1009 2234 Israelitis
1037 2175 1096 2231 in
1128 2173 1352 2232 Horeb.
1433 2173 1582 2248 Quia
1631 2171 1714 2230 ibi
1757 2190 1874 2230 non
1902 2170 2094 2247 agitur
2122 2170 2193 2227 de
2222 2190 2284 2228 re
2311 2169 2454 2245 ipsa,
2487 2168 2591 2226 sed
2632 2175 2855 2227 tantum
2884 2169 2960 2227 de

545 2254 718 2313 modo
746 2254 847 2331 rei,
879 2275 995 2313 non
1023 2263 1089 2314 ut
1117 2262 1363 2331 negetur
1385 2253 1575 2312 Deum
1598 2251 1789 2310 foedus
1817 2250 2106 2328 pepigisse
2136 2269 2267 2308 cum
2299 2249 2588 2324 Patribus,
2608 2248 2765 2324 quod
2786 2249 2965 2308 toties

544 2336 821 2394 asseritur
869 2336 1025 2410 alibi,
1081 2335 1197 2392 imo
1243 2333 1520 2412 quiequid
1572 2334 1733 2392 Deus
1763 2331 1898 2390 fecit
1929 2330 2150 2404 Israe'li,
2197 2329 2334 2388 fecit
2378 2349 2454 2388 ex
2482 2329 2697 2387 virtute
2724 2328 2964 2388 foederis

541 2434 672 2473 eum
698 2415 969 2474 Patribus
986 2416 1131 2488 initi,
1158 2414 1347 2473 Exod.
1379 2415 1438 2472 ii.
1468 2417 1574 2488 243
1626 2411 1743 2472 Sed
1772 2420 1996 2471 tantum
2017 2419 2081 2470 ut
2109 2411 2382 2468 innuatur
2408 2429 2477 2468 eo
2505 2409 2678 2468 modo
2697 2417 2755 2468 et
2777 2409 2961 2468 forma

542 2495 799 2554 nondum
828 2495 1043 2553 sactum
1073 2495 1267 2568 fuisse,
1313 2502 1371 2552 et
1400 2513 1529 2552 cum
1558 2493 1663 2552 tali
1692 2501 1986 2569 apparatu,
2024 2489 2370 2567 alloquendo
2399 2487 2500 2547 eos
2528 2510 2560 2547 e
2587 2489 2778 2548 medio
2807 2489 2958 2549 toni·

541 2583 737 2633 truum
760 2583 819 2633 et
846 2574 1244 2652 fulgetrorum‚
1268 2573 1461 2632 dando
1482 2573 1626 2652 ipsis
1656 2571 1875 2649 Legem
1893 2570 2125 2649 propria
2142 2590 2318 2630 manu
2347 2589 2453 2630 sua
2480 2578 2793 2646 exaratam,
2823 2590 2958 2630 cum

542 2654 935 2712 additamento
963 2662 1051 2713 tot
1078 2654 1311 2712 rituum.

626 2734 745 2793 IX.
791 2734 938 2792 Cum
982 2733 1200 2792 Paulus
1241 2733 1339 2808 ait,
1384 2733 1537 2791 Heb.
1581 2733 1663 2792 ix.
1699 2734 1790 2807 18,
1822 2734 1919 2807 20,
1963 2732 2100 2791 Vct.
2144 2732 2303 2792 Test.
2347 2732 2622 2791 initiatum
2665 2752 2779 2791 esse
2831 2751 2958 2791 cum

538 2815 825 2891 sanquine,
856 2833 972 2872 non
999 2814 1131 2873 vult
1158 2813 1352 2873 statim
1381 2813 1665 2891 originem
1707 2814 1834 2889 ejus
1859 2812 2059 2871 referri
2087 2814 2318 2871 demum
2349 2813 2424 2870 ad
2452 2815 2854 2889 αἱμαπιχυσὴιν
2881 2812 2957 2871 de

541 2915 673 2973 qua,
709 2894 900 2954 Exod.
931 2895 1095 2953 xxiv.
1128 2897 1185 2971 6,
1234 2894 1401 2971 quasi
1445 2912 1648 2952 recens
1692 2892 1880 2951 adhuc
1917 2892 2107 2951 fuerit.
2192 2893 2357 2968 Quia,
2389 2903 2769 2970 praeterquam
2797 2891 2958 2970 quod

538 2976 642 3035 illa
669 2976 1024 3045 consecratio
1051 2975 1239 3054 potuit
1271 2975 1397 3052 jam
1437 2974 1564 3033 fieri
1602 2994 1708 3050 per
1735 2974 2140 3050 αἱμαπκχυσ-ύυ
2177 2975 2236 3032 in
2266 2973 2563 3035 sacrificiis
2593 2974 2956 3033 Patriarcha·

540 3077 670 3116 rum
700 3057 907 3116 factam
932 3080 946 3133 ;
992 3057 1042 3116 si
1070 3056 1146 3115 ad
1195 3055 1384 3114 Exod.
1415 3055 1580 3114 xxiv.
1612 3054 1907 3129 referatur,
1952 3054 2178 3113 notabit
2218 3054 2513 3113 solennem
2541 3063 2763 3113 tantum
2793 3052 2955 3112 dedi-

540 3139 841 3214 cationem,
873 3158 989 3197 non
1016 3138 1259 3215 primam
1289 3136 1727 3211 institutionem,
1753 3135 2042 3213 quomodo
2071 3135 2133 3192 id
2159 3154 2389 3212 quoque
2419 3134 2535 3192 dici
2560 3142 2751 3210 potest
2779 3135 2954 3206 ἔγκαι-

541 3219 763 3297 ιίζισθωι,
816 3219 972 3298 quod
1017 3218 1206 3278 denuo
1254 3218 1568 3277 solenniter
1615 3216 1931 3290 dedicatur,
1978 3215 2115 3274 licet
2162 3235 2254 3273 res
2299 3215 2425 3291 ipsa
2452 3214 2625 3291 longe
2655 3222 2787 3273 ante
2826 3215 2952 3291 jam

538 3301 813 3361 extiterit.
896 3301 1164 3370 ’Eyw‘un
1203 3318 1343 3375 ergo
1370 3306 1615 3375 possunt
1649 3297 1721 3355 de
1770 3296 1977 3374 quavis
2021 3294 2399 3369 dedicatione,
2431 3295 2555 3352 sive
2582 3294 2782 3371 prima,
2828 3295 2958 3353 sive

537 3380 871 3454 instaurata,
901 3380 1167 3455 intelligi,
1204 3382 1234 3435 1
1269 3379 1495 3436 Macch.
1525 3377 1607 3436 vi.
1637 3385 1695 3434 et
1722 3377 1803 3435 iv.
1832 3379 1928 3450 43,
1958 3377 2001 3435 J
2006 3376 2175 3434 ohan.
2205 3396 2263 3433 x.
2295 3379 2390 3449 22,
2422 3383 2480 3433 et
2509 3375 2664 3434 Heb.
2694 3396 2752 3433 x.
2784 3378 2880 3433 20.

621 3459 706 3518 X.
755 3460 817 3517 Si
846 3479 881 3515 a
907 3458 1223 3535 Theologis
1262 3457 1450 3515 foedus
1495 3456 1715 3533 gratiae,
1767 3456 1925 3532 quod
1972 3457 2080 3515 sub
2128 3455 2505 3533 promissione
2535 3456 2691 3514 nuda
2719 3455 2960 3514 Adamo

537 3538 690 3597 facta
718 3538 1132 3612 continebatur,
1166 3537 1454 3614 accepisse
1484 3536 1699 3595 dicitur
1729 3537 1891 3611 σχέο-ιι
1911 3537 2098 3614 magis
2120 3535 2450 3595 soederalem
2473 3543 2729 3614 tempore
2759 3535 2950 3594 Abra-

534 3618 710 3693 hami,
742 3626 801 3676 et
830 3617 1016 3675 Mosis
1045 3627 1299 3694 tempore
1343 3617 1730 3675 characterem
1773 3616 2171 3694 perfectiorem
2201 3616 2673 3675 Testamentariae
2703 3616 2950 3693 disposi-

535 3698 727 3773 tionis,
777 3698 909 3755 Non
950 3697 1081 3755 ideo
1110 3697 1191 3772 fit,
1243 3705 1309 3755 ut
1352 3697 1554 3756 Patres
1583 3704 1717 3756 ante
1748 3697 1966 3774 Legem
2009 3696 2393 3756 excludantur
2419 3717 2454 3755 a
2481 3697 2715 3757 Veteris
2743 3697 2948 3754 Testa-

532 3779 714 3838 menti
752 3776 1077 3855 complexu,
1134 3777 1231 3836 vel
1288 3786 1355 3836 ut
1422 3778 1559 3837 Vct.
1618 3778 1777 3836 Test.
1835 3778 2217 3855 restringatur
2272 3786 2496 3836 tantum
2552 3777 2628 3835 ad
2695 3776 2952 3854 typicam

531 3858 973 3938 promissionem
999 3866 1167 3916 terrae
1197 3858 1467 3933 Canaan3
1512 3858 1629 3917 Sed
1656 3866 1722 3917 ut
1749 3878 2090 3936 progressus
2119 3856 2491 3918 revelationis
2533 3856 2765 3915 foederis
2795 3858 2947 3915 Gra·

531 3941 629 4001 tiae
657 3948 905 4014 notetur,
952 3946 1011 3997 et
1037 3938 1372 3997 oeconomiae
1414 3938 1581 3997 istius
1624 3937 1868 3997 infantia
1907 3947 1967 3997 et
1993 3938 2336 4012 rudimenta,
2380 3958 2510 4015 quae
2538 3937 2771 3996 fuerunt
2810 3944 2952 3995 ante

533 4021 770 4098 Legem,
818 4019 1253 4097 distinguantur
1300 4019 1373 4076 ab
1418 4018 1546 4095 ejus
1583 4018 1911 4096 perfectiori
1960 4017 2387 4077 constitutione.
2474 4018 2639 4076 Licet
2665 4036 2805 4076 vero
2834 4017 2950 4075 sub

530 4101 665 4161 Vet.
697 4102 857 4160 Test.
878 4100 936 4158 in
954 4100 1202 4177 quadam
1225 4100 1353 4176 ejus
1371 4098 1609 4177 periodo
1628 4098 1935 4157 haereditas
1963 4106 2132 4156 terrae
2162 4098 2393 4156 Canaan
2424 4097 2561 4156 data
2590 4098 2664 4156 sit
2695 4096 2898 4155 Israeli
2924 4119 2942 4168 ;

528 4182 640 4241 hoe
687 4201 804 4239 non
853 4181 1107 4240 absolvit
1150 4180 1434 4258 integram
1463 4180 1543 4239 V.
1570 4179 1641 4236 T.
1683 4187 1964 4253 naturam,
2017 4176 2175 4255 quod
2224 4178 2626 4254 complectitur
2668 4176 2946 4254 quicquid

528 4262 816 4340 Typicum
865 4269 925 4320 et
973 4261 1386 4320 Caeremoniale
1427 4259 1537 4319 fuit
1580 4258 1645 4317 in
1687 4258 2116 4337 dispensatione
2145 4257 2248 4316 illa
2285 4257 2410 4337 jam
2458 4257 2533 4318 ab
2575 4257 2702 4335 ipso
2742 4256 2949 4316 mundi

527 4342 786 4402 exordiO.

526 4461 568 4506 P
600 4461 611 4473 ·
761 4465 834 4506 tas
865 4461 907 4506 E
961 4462 981 4505 1
1151 4420 1272 4480 XI.
1316 4421 1404 4481 Ut
1430 4426 1624 4479 autem
1653 4417 1726 4478 de
1769 4417 1986 4495 duplici
2029 4418 2140 4477 ista
2180 4417 2501 4477 oeconomia
2538 4416 2797 4477 dicamus
2826 4416 2947 4475 dis-

572 4476 697 4564 rgirpna
716 4476 784 4564 ffb
835 4475 1030 4564 Adca‘ineg
1069 4502 1263 4587 tincte,
1298 4501 1479 4576 Prior,
1505 4521 1638 4577 quae
1664 4508 1753 4558 est
1775 4499 2008 4559 Veteris
2036 4499 2409 4575 Testamenti,
2431 4498 2538 4558 sub
2567 4498 2754 4558 tribus
2784 4498 2946 4557 Peri-

584 4578 646 4621 ω
666 4578 1016 4622 Abrahamum.
1057 4582 1185 4641 odis
1240 4601 1343 4641 seu
1413 4581 1730 4640 Curriculis
1797 4580 2042 4658 spectari
2110 4587 2337 4657 potest:
2422 4579 2522 4637 Ab
2586 4578 2818 4639 Adamo
2867 4577 2945 4636 ad

526 4661 959 4740 Abrahamum;
1006 4662 1081 4722 ab
1126 4662 1460 4720 Abrahamo
1503 4661 1579 4719 ad
1606 4662 1874 4737 Mosem;
1920 4680 1957 4719 a
1986 4660 2151 4719 Mose
2180 4659 2258 4719 ad
2285 4659 2600 4720 Christum.
2682 4658 2948 4718 Primum
