3221 5200
297 398 524 449 Quaesr.
556 379 646 463 ι]
1179 403 1259 444 ns
1288 404 1541 446 rmum
1568 405 1826 447 curm.
2600 389 2711 446 171

300 547 465 600 tonat
491 540 554 598 in
579 551 929 620 peccatores,
951 542 1024 602 In
1045 543 1299 605 secundo
1320 564 1460 604 vero
1481 546 1645 607 velut
1671 566 1757 606 ex
1775 553 1971 607 monte
1994 545 2251 607 Gerizim
2278 542 2715 605 benedictiones

299 621 776 700 promulgantur3
822 624 1081 684 Primum
1107 624 1274 702 fugat
1311 625 1576 686 homines
1603 646 1641 685 a
1669 627 1815 702 Dec,
1844 626 1982 704 quia
2021 646 2192 686 nemo
2220 633 2412 703 potest
2438 644 2542 702 per
2567 623 2715 683 illud

302 699 378 759 ad
420 701 614 760 Deum
654 703 961 779 accedere;
1010 704 1127 764 Sed
1168 705 1456 782 posterius
1494 715 1732 766 revocat
1770 705 2035 767 homines
2068 705 2144 765 ad
2181 706 2389 780 Deum,
2433 713 2492 764 et
2532 704 2718 781 aperit

305 779 577 874 thronum
604 782 1028 860 misericordiae,
1058 784 1134 844 ad
1154 803 1329 862 quem
1356 806 1489 846 eum
1503 785 1719 846 fiducia
1746 786 2086 849 accedentes
2106 804 2415 866 possumus
2435 784 2716 845 auxilium

306 877 565 922 mvemre
592 869 850 941 tempore
877 872 1220 942 opportuno.

1271 1103 1661 1180 QUAEs‘mo
1702 1103 1781 1165 v.

1047 1280 1127 1322 DE
1154 1280 1417 1324 nurum
1445 1281 1716 1324 rfflnnms
1744 1281 2008 1324 (imvm.

310 1419 405 1479 An
430 1440 602 1480 unum
629 1430 685 1480 et
708 1421 855 1481 idem
881 1423 1091 1483 Foedm
1123 1423 1348 1484 Gratioe
1373 1426 1568 1502 quoad
1587 1424 1953 1483 substantiam
1963 1422 2151 1499 fierit
2175 1422 2233 1482 in
2258 1430 2497 1501 utroque
2527 1424 2715 1483 Testa·

697 1511 879 1562 mento
898 1504 928 1560 3
1008 1501 1195 1580 Amr„
1227 1511 1379 1563 cont.
1414 1502 1626 1581 Socim,
1659 1504 1870 1582 Anah„
1901 1512 1962 1564 et
1989 1503 2317 1563 Remonstr.

395 1658 446 1719 I.
491 1658 898 1720 Controversia
923 1662 1048 1721 haec
1075 1660 1421 1739 gravissima
1460 1660 1631 1721 nobis
1658 1661 1962 1721 intercedit
1988 1682 2122 1722 cum
2152 1660 2483 1739 Pelagianis
2512 1661 2718 1720 veteri·

312 1739 424 1799 bus
463 1746 523 1800 et
562 1740 992 1818 recentioribus,
1041 1740 1364 1802 Socinianis
1403 1750 1559 1820 puta,
1606 1741 2167 1818 Remonstrantibus,
2198 1740 2410 1800 Anaba
2447 1740 2619 1815 tistis,
2662 1749 2724 1799 et

313 1818 462 1895 aliis,
492 1819 594 1897 qui
632 1828 850 1898 negant
876 1820 1237 1881 identitatem
1281 1821 1515 1881 foederis
1543 1822 1800 1899 gratuiti,
1840 1830 1900 1881 et
1934 1821 2141 1882 nolunt
2170 1822 2374 1880 Patres
2464 1864 2479 1879 .
2508 1820 2577 1877 Τ.
2607 1820 2719 1879 sal·

312 1907 483 1958 vatos
502 1919 629 1959 esse
646 1920 722 1959 ex
751 1900 1004 1978 gratuita
1022 1901 1135 1961 Dei
1160 1901 1554 1961 misericordia
1580 1902 1642 1960 in
1665 1900 1895 1962 Christo
1924 1902 2246 1961 Mediatore
2271 1900 2587 1981 θιυθςόπᾳ,
2618 1918 2722 1976 per

312 1978 487 2039 fidem
516 1979 698 2058 ipsius
725 1981 975 2040 venturi.

919 2061 1004 2121 II.
1049 2060 1341 2121 Sociniani
1357 2069 1612 2122 mentem
1633 2080 1798 2121 suam
1818 2060 2149 2140 exprimunt
2173 2062 2453 2123 Oateches.
2476 2060 2720 2118 Rakovi.

837 2161 888 2200 c.
916 2161 995 2216 v.‚
1023 2141 1125 2201 ubi
1154 2141 1495 2220 profitentur
1522 2142 1683 2220 Lege
1713 2142 1928 2201 Christi
1955 2141 2071 2201 duo
2098 2140 2381 2218 promissa
2421 2138 2719 2215 contineri,

836 2220 1107 2280 nimirum
1135 2222 1291 2281 Vitae
1320 2231 1567 2298 aeternae,
1587 2230 1648 2281 et
1668 2221 1917 2299 Spiritus
1942 2221 2157 2297 Sancti,
2187 2240 2317 2298 quse
2346 2220 2506 2297 Lege
2536 2219 2722 2277 Mosis

315 2315 434 2356 non
474 2297 951 2361 continebantur:
996 2303 1033 2336 “
1055 2301 1415 2379 Nusquam,”
1459 2301 1665 2378 inquit,
1711 2304 1750 2335 “
1767 2301 1827 2358 in
1875 2301 2034 2379 Lege
2080 2301 2265 2360 Mosis
2308 2300 2577 2377 reperies,
2624 2298 2720 2357 vel

316 2376 499 2446 vitam
526 2385 815 2456 aeternam,
846 2388 946 2440 aut
974 2380 1191 2441 donum
1223 2381 1472 2459 Spiritus
1504 2381 1564 2440 S.
1594 2380 2000 2440 obedientibus
2039 2380 2343 2458 praeceptis
2372 2379 2550 2456 Legis
2590 2398 2720 2456 pro·

316 2457 573 2532 missum,
597 2460 1082 2536 quemadmodum
1102 2462 1164 2519 in
1186 2461 1349 2539 Lege
1439 2481 1470 2519 r
1487 2461 1780 2520 Christum
1808 2460 1944 2520 data
1969 2461 2252 2538 promissa
2267 2479 2395 2519 esse
2424 2466 2651 2518 constat
2665 2458 2721 2517 :'’

358 2537 476 2596 uod
501 2537 745 2598 Socinus
772 2539 845 2599 de
868 2540 1070 2602 Officio
1097 2541 1312 2600 Christi
1463 2541 1552 2600 ‘us
1579 2540 1915 2600 confirmat:
1951 2543 1987 2574 “
2012 2541 2275 2600 Dicimus
2300 2539 2480 2618 igitur
2505 2557 2724 2597 novum

341 2617 507 2678 oedus
534 2620 893 2697 apertissime
914 2621 1051 2681 vitae
1074 2630 1302 2682 aeternae
1328 2622 1768 2701 promissionem
1797 2621 1967 2681 nobis
1987 2622 2268 2697 attulisse,
2298 2628 2576 2699 praeterea
2634 2638 2724 2678 ro·

317 2698 558 2758 missum
578 2700 934 2760 remissionis
960 2704 1386 2779 peccatorum,’'
1417 2700 1562 2780 &c.;
1596 2704 1634 2735 ‘⁴
1653 2702 1901 2780 denique
1923 2700 2269 2780 promissum
2287 2700 2555 2760 omnibus
2581 2639 2723 2758 (ide-

317 2777 475 2838 libus
496 2780 986 2859 consequendum,
1022 2781 1269 2860 Spiritus
1301 2782 1517 2842 Sancti.
1603 2781 1828 2858 Quibus
1869 2782 2137 2841 omnibus
2164 2800 2297 2841 cum
2324 2788 2496 2840 vetus
2535 2779 2727 2838 foedus

318 2857 468 2919 illud
494 2868 686 2920 careat
713 2868 772 2920 et
799 2861 1061 2938 caruerit,
1092 2869 1151 2921 et
1177 2870 1462 2922 terrenam
1502 2861 1840 2922 felicitatem
1865 2862 2244 2940 proposuerit,
2275 2860 2443 2919 facile
2470 2868 2560 2920 est
2585 2859 2726 2918 novi

321 2938 555 2999 foederis
581 2941 972 3018 praestantiam
999 2942 1109 3001 hac
1137 2942 1198 3001 in
1226 2950 1387 3020 parte
1416 2943 1791 3020 agnoscere.’'
1876 2941 2043 3001 Idem
2070 2941 2313 3019 probare
2343 2948 2469 2999 sata
2513 2940 2557 2999 't
2593 2941 2724 2999 Vol-

321 3018 499 3078 kelius
524 3020 703 3080 variis
743 3021 1116 3100 argumentis,
1159 3022 1261 3081 lib.
1292 3022 1374 3080 iii.
1404 3021 1477 3081 de
1507 3022 1701 3099 Relig.
1745 3041 1870 3100 cap.
1904 3023 1996 3098 11,
2042 3029 2101 3080 et
2132 3021 2411 3080 smalcius
2489 3040 2521 3079 e
2565 3019 2726 3078 Divi.

325 3099 556 3176 Christi,
601 3119 726 3179 cap.
756 3106 792 3159 2
823 3109 882 3161 et
910 3104 966 3161 7.
1050 3101 1184 3160 Non
1224 3109 1442 3179 negant
1480 3109 1676 3160 tamen
1720 3101 1923 3160 Patres
1949 3100 2028 3160 V.
2058 3101 2126 3158 Τ.
2157 3100 2431 3173 salvatos,
2473 3099 2571 3157 vel
2613 3099 2726 3157 sal-

327 3177 551 3238 vandos
572 3179 927 3240 beatitudine
951 3189 1167 3240 aeterna
1186 3181 1398 3241 fuisse:
1431 3182 1468 3214 “
1490 3181 1580 3240 Ne
1601 3179 1745 3257 quid
1766 3179 2254 3255 dissimulemus,'’
2278 3178 2468 3255 inquit
2492 3177 2725 3237 Smalci.

323 3278 372 3318 c.
405 3262 460 3333 7,
510 3261 547 3293 “
566 3258 808 3320 firmiter
849 3261 1173 3338 statuimus,
1220 3260 1448 3320 etiamsi
1489 3259 1794 3338 promissio
1838 3258 2001 3318 nulla
2046 3267 2246 3336 aperta
2287 3266 2449 3318 extet
2487 3257 2551 3315 in
2587 3257 2724 3317 Vet.

327 3339 569 3399 Foedere
596 3341 734 3401 vitae
763 3349 1031 3418 aeternae3
1074 3360 1202 3400 eam
1230 3350 1425 3400 tamen
1464 3339 1777 3417 aliquando
1806 3338 2000 3399 datam
2026 3338 2099 3397 iri
2127 3337 2395 3397 omnibus
2434 3336 2569 3414 illis,
2600 3337 2726 3414 qui·

324 3438 551 3497 cunque
582 3420 708 3480 Deo
737 3441 992 3499 unquam
1018 3420 1221 3481 confisi
1262 3429 1414 3496 sunt,
1460 3428 1519 3480 et
1544 3419 1733 3479 eidem
1776 3419 2160 3479 obediverunt
2181 3419 2238 3497 ;”
2282 3438 2415 3477 cum
2442 3437 2559 3495 quo
2588 3416 2727 3477 facit

323 3498 582 3560 Volkeli.
610 3501 826 3579 pariter
853 3522 903 3562 c.
938 3504 1031 3561 11.
1115 3501 1238 3560 Nec
1266 3508 1484 3578 negant
1506 3500 1710 3561 Deum„
1724 3499 2013 3559 remisisse
2040 3498 2159 3558 illis
2185 3507 2437 3577 peccata,
2461 3498 2729 3576 quamvis

322 3579 436 3638 hoc
462 3599 579 3639 non
599 3581 942 3659 promiserit,
972 3581 1070 3640 vel
1097 3580 1436 3659 significarit
1463 3600 1525 3640 se
1553 3580 1856 3655 facturum,
1891 3579 2074 3660 (Soci.
2104 3579 2177 3639 de
2209 3580 2406 3639 Serva.
2436 3600 2493 3657 p.
2518 3580 2575 3655 3,
2599 3598 2649 3637 c.
2668 3577 2725 3654 2,

326 3667 385 3719 et
413 3659 485 3719 de
512 3660 555 3721 J
558 3661 733 3720 ustifi.
763 3681 813 3720 c.
844 3664 880 3720 8
900 3661 945 3742 3)
975 3670 1035 3721 et
1077 3661 1282 3721 Patres
1307 3660 1573 3720 notitiam
1602 3668 1663 3720 et
1691 3680 1853 3738 spem
1879 3660 2018 3720 vitae
2061 3668 2289 3733 aeternae
2331 3658 2584 3737 aliquam
2623 3658 2726 3717 ha-

320 3738 538 3815 buisse,
556 3748 848 3818 utcunque
867 3740 1009 3818 ipsis
1024 3760 1142 3800 non
1161 3740 1476 3818 promissae,
1503 3739 1759 3821 (Smalci.
1788 3740 1862 3800 de
1883 3740 2041 3799 Divi.
2068 3740 2203 3800 Chr.
2222 3760 2272 3798 c.
2304 3743 2337 3798 7
2361 3739 2405 3818 ;)
2431 3739 2725 3798 Christum

325 3827 386 3879 et
411 3819 656 3897 gratiam
698 3841 766 3880 ac
807 3821 1053 3881 salutem
1094 3820 1155 3879 in
1184 3820 1413 3881 Christo
1454 3819 1789 3899 praedictam
1831 3821 1969 3879 olim
1997 3820 2060 3877 in
2086 3819 2165 3879 V.
2194 3820 2263 3877 Τ.
2291 3818 2488 3878 fuisse.
2575 3817 2727 3877 Soci.

323 3901 615 3978 praelect.:
662 3903 697 3935 “
720 3900 953 3961 Certum
981 3908 1071 3960 est
1097 3909 1308 3977 autem,
1351 3920 1470 3960 non
1494 3909 1722 3960 tantum
1751 3900 2042 3959 Christum
2071 3898 2249 3959 fuisse
2285 3917 2490 3957 revera
2515 3904 2574 3956 et
2601 3916 2730 3956 esse

330 3980 697 4040 Servatorem
724 3989 1001 4058 nostrum,
1027 3980 1132 4041 sed
1152 3980 1409 4040 etiamid
1435 3980 1772 4058 praedictum
1794 4000 1898 4057 per
1919 3979 2241 4057 Prophetas
2267 3977 2462 4052 fuisse,
2492 3983 2559 4036 ut
2578 3976 2731 4035 inter

323 4060 440 4119 alia
457 4061 588 4120 loca
606 4060 779 4120 fidem
799 4061 1020 4122 faciunt
1047 4082 1171 4139 cap.
1194 4060 1362 4119 xxiii.
1385 4069 1446 4120 et
1464 4060 1676 4119 xxxiii.
1695 4060 1738 4121 J
1742 4060 1956 4136 erem.,'
1962 4060 1976 4086 ’
2000 4057 2111 4118 &c.
2157 4056 2274 4118 Sed
2289 4075 2408 4115 non
2428 4064 2731 4134 propterea

324 4141 549 4215 volunt,
578 4141 677 4200 vel
703 4142 949 4202 Veteres
975 4140 1051 4200 ad
1080 4141 1371 4201 Christum
1413 4140 1754 4218 respexisse,
1784 4139 1882 4199 vel
1908 4140 1969 4197 in
2011 4158 2115 4217 spe
2152 4137 2313 4196 illius
2338 4135 2570 4196 venturi
2612 4155 2728 4194 ser-

326 4229 495 4280 vatos
520 4219 717 4281 fuisse.
789 4221 973 4299 Idem,
997 4222 1164 4299 epist.
1186 4220 1247 4280 ii.
1277 4221 1353 4280 ad
1381 4220 1718 4294 Radecium,
1740 4218 2018 4279 Biblioth'.
2046 4217 2197 4278 Soci.
2226 4237 2283 4296 p.
2315 4219 2428 4277 377
2452 4239 2468 4276 :
2500 4219 2536 4250 “
2560 4215 2632 4274 In
2660 4234 2731 4275 eo

327 4300 433 4359 abs
458 4308 517 4360 te
545 4300 842 4378 dissentio,
873 4302 1034 4380 quod
1058 4300 1274 4361 videris
1316 4300 1651 4376 concedere,
1681 4298 1838 4357 viros
1879 4299 2008 4377 pios
2033 4298 2137 4376 qui
2177 4298 2288 4357 sub
2314 4297 2393 4357 V.
2421 4296 2580 4355 Test.
2609 4295 2729 4355 fne-

327 4389 480 4455 runt,
510 4380 585 4439 ad
614 4381 905 4441 Christum
934 4382 995 4440 in
1036 4380 1394 4459 caeremoniis
1421 4380 1539 4440 illis
1568 4388 1628 4439 et
1668 4378 1963 4438 sacrificiis
1996 4378 2057 4436 in
2085 4377 2296 4455 quibus
2336 4375 2728 4451 adumbratur,

326 4460 669 4538 respexisse,
700 4469 758 4522 et
784 4462 847 4519 in
876 4482 977 4540 spe
1017 4456 1181 4521 illius
1201 4460 1434 4520 venturi
1474 4467 1736 4519 servatos
1775 4458 1972 4534 fuisse,
2015 4457 2077 4516 id
2103 4457 2261 4534 quod
2288 4476 2398 4534 ego
2423 4455 2566 4513 mihi
2602 4475 2729 4533 per-

330 4539 572 4600 suadere
599 4541 761 4600 nulla
786 4542 1008 4603 ratione
1034 4542 1244 4620 queo,’'
1274 4539 1384 4600 &c.
1470 4539 1629 4599 Hinc
1657 4537 2025 4618 distinguunt
2050 4537 2226 4596 fidem
2253 4536 2483 4596 illorum
2509 4543 2730 4613 tempo-

327 4639 456 4679 rum
484 4628 543 4679 et
569 4630 841 4698 nostram,
885 4630 951 4682 ut
990 4622 1093 4681 illa
1131 4621 1278 4681 fides
1319 4619 1492 4681 Fuerit
1532 4620 1593 4678 in
1638 4620 1827 4679 Deum
1870 4617 2223 4696 simpliciter,
2268 4618 2392 4676 haec
2420 4636 2559 4675 vero
2585 4616 2731 4675 fides

328 4699 503 4759 etiam
526 4699 586 4758 in
609 4700 918 4762 Christum.
975 4699 1202 4762 Smalci.
1225 4709 1426 4761 contra
1439 4699 1675 4759 Frantz.
1709 4699 1941 4778 Disput.
1971 4697 2176 4758 ultima
2200 4721 2215 4759 z
2246 4700 2282 4732 ‘¹
2305 4697 2429 4758 Nec
2456 4696 2601 4757 fides
2629 4695 2730 4755 illa

330 2125 586 2172 Sententia
605 2126 787 2173 Social-

435 2198 653 2232 anorum.
