3221 5200
266 356 495 406 Qua-:six
528 336 640 417 nn]
1108 355 1185 393 nr.
1215 354 1552 396 voca‘rionn
1582 355 1659 394 m·
1687 354 1843 396 rma.
2560 332 2676 391 465

262 518 374 556 usu
402 497 639 556 rationis
668 496 899 574 polleat,
932 498 1055 555 sine
1085 498 1204 555 ulla
1231 497 1504 575 peculiari
1539 497 1870 555 immediata
1913 495 2006 553 vel
2039 494 2262 552 interna
2291 492 2436 551 lucis
2466 493 2674 550 collus·

262 578 527 654 tratione,
559 577 828 635 facillime
858 578 1179 654 intelligere
1211 588 1268 636 et
1295 578 1587 655 percipere
1620 597 1820 635 omnes
1852 576 2162 652 Scriptura-'2
2207 593 2425 647 sensus,
2459 573 2559 649 qui
2600 573 2675 631 ad

261 658 509 716 salutem
538 658 848 715 necessarii
870 667 1003 716 sunt
1033 658 1199 731 scitu,
1231 657 1470 726 creditu,
1504 665 1753 733 speratu,
1786 657 1882 714 vel
1912 656 2122 713 factu.’'

345 737 595 796 XXVI.
642 738 748 795 Cui
777 739 953 795 errori
982 738 1464 813 periculosissimo
1495 748 1558 796 ut
1587 746 1889 795 occurrant
1919 736 2137 809 Patres,
2164 732 2246 790 sic
2276 732 2509 814 modum
2539 753 2672 810 ope-

262 818 502 876 rationis
522 819 739 877 Gratiae
762 818 1071 894 explicant,
1104 818 1211 874 Th.
1245 818 1324 875 xi.
1345 826 1402 875 et
1430 818 1551 889 xii„
1580 818 1912 876 “Caeterum
1936 814 2168 892 quando
2194 814 2354 871 Deus
2371 814 2482 870 hoc
2506 832 2671 870 suum

260 896 684 974 beneplacitum
706 897 765 954 in
796 898 1016 955 Electis
1045 898 1364 973 exequitur,
1398 917 1500 955 seu
1528 918 1726 955 veram
1749 897 1808 954 in
1830 897 1901 954 iis
1924 894 2357 954 conversionem
2387 902 2671 970 operatur,

262 996 380 1035 non
421 986 645 1037 tantum
689 977 1075 1053 Evangelium
1119 978 1235 1035 illis
1278 986 1513 1035 externe
1556 976 1857 1054 praedicari
1887 984 2064 1047 curat,
2097 984 2155 1033 et
2184 983 2432 1031 mentem
2475 993 2672 1031 eorum

259 1076 364 1134 per
395 1058 670 1135 Spiritum
705 1057 978 1116 Sanctum
1006 1066 1271 1133 potenter
1300 1057 1602 1132 illuminat,
1636 1066 1702 1115 ut
1730 1067 1882 1116 recte
1912 1055 2241 1131 intelligant
2269 1061 2326 1111 et
2355 1054 2676 1130 dijudicent

258 1156 390 1213 quae
421 1146 555 1195 sunt
589 1138 834 1212 Spiritus
866 1138 994 1211 Dei,
1020 1137 1121 1195 sed
1140 1137 1398 1213 ejusdem
1421 1137 1593 1194 etiam
1624 1137 1870 1213 Spiritus
1898 1133 2292 1212 regenerantis
2322 1134 2573 1191 efficacia
2601 1134 2675 1191 ad

260 1212 464 1275 intima
490 1217 739 1274 hominis
767 1224 1044 1293 penetrat,
1078 1237 1177 1275 cor
1204 1218 1462 1275 clausum
1505 1218 1705 1293 aperit,
1752 1216 1957 1274 durum
1987 1215 2226 1289 emollit,
2270 1214 2672 1290 praeputiatum

260 1296 637 1372 circumcidit,
669 1297 1067 1373 voluntatique
1086 1317 1270 1354 novas
1297 1298 1606 1373 qualitates
1637 1296 1903 1371 infundit,
1925 1296 2175 1372 facitque
2199 1314 2325 1352 eam
2344 1314 2419 1351 ex
2448 1305 2674 1353 mortua

260 1376 473 1450 vivam,
506 1397 581 1435 ex
610 1376 761 1434 mala
790 1377 1018 1451 bonam,
1051 1397 1124 1435 ex
1153 1378 1384 1435 nolente
1426 1377 1733 1451 volentem,
1766 1377 2002 1453 agitque
2047 1384 2105 1433 et
2147 1375 2378 1432 roborat
2420 1394 2563 1448 eam,
2611 1384 2674 1432 ut

260 1476 362 1514 ceu
396 1457 566 1514 arbor
593 1457 746 1515 bona
773 1457 993 1515 fructus
1023 1458 1302 1515 bonarum
1331 1458 1621 1515 actionum
1651 1456 1904 1534 proferre
1935 1457 2134 1533 possit.
2221 1455 2418 1530 Atque
2458 1464 2545 1513 est
2573 1455 2674 1512 illa

261 1544 557 1612 tantopere
601 1538 661 1594 in
716 1538 1025 1613 Scripturis
1069 1537 1381 1614 praedicata
1411 1538 1785 1613 regeneratiO,
1833 1557 1987 1595 nova
2032 1535 2264 1609 creatiO,
2313 1535 2610 1592 suscitatio
2639 1557 2675 1592 a

260 1617 583 1691 mortuiS,et
601 1617 933 1691 vivificatiO,
955 1637 1125 1693 quam
1136 1619 1293 1675 Deus
1317 1618 1438 1675 sine
1462 1618 1630 1674 nobis
1654 1618 1712 1674 in
1735 1618 1904 1675 nobis
1924 1616 2250 1693 operatur,’'
2275 1620 2370 1672 δίο.
2407 1616 2480 1672 Et
2505 1616 2561 1672 in
2585 1636 2669 1673 re-

251 1696 505 1771 jectione
527 1698 816 1772 Errorum,
842 1697 950 1754 Th.
976 1698 1072 1772 vi.,
1094 1697 1364 1774 Synodus
1388 1698 1623 1754 damnat
1642 1718 1756 1767 eos,
1784 1698 1883 1773 qui
1902 1697 2112 1755 docent
2137 1697 2242 1751 “in
2267 1714 2405 1751 vera
2421 1694 2672 1752 hominis

255 1776 649 1848 conversione,
682 1797 796 1834 non
828 1796 994 1852 posse
1036 1798 1217 1834 novas
1259 1778 1583 1853 qualitateS,
1631 1778 1880 1847 habitus,
1914 1796 2015 1833 seu
2044 1775 2196 1831 dona
2223 1774 2282 1830 in
2312 1774 2670 1831 voluntatem

254 1856 386 1930 ejus
413 1877 448 1913 a
477 1857 603 1914 Deo
632 1856 875 1930 infundi,
907 1865 1078 1932 atque
1108 1857 1253 1913 adeo
1283 1857 1472 1929 fidem,
1505 1876 1620 1931 qua
1647 1857 1894 1932 primum
1924 1854 2329 1927 convertimur,
2375 1861 2433 1910 et
2480 1874 2515 1910 a
2559 1874 2675 1929 qua

257 1935 458 1994 fideles
488 1936 863 2007 nominamur,
915 1956 1031 1993 non
1078 1956 1203 1993 esse
1254 1935 1589 2012 qualitatem
1621 1956 1721 1993 seu
1752 1935 1964 1992 donum
2006 1956 2039 1992 a
2072 1936 2197 1991 Deo
2246 1934 2514 2003 infusum,
2569 1934 2672 1991 sed

255 2023 479 2074 tantum
509 2024 699 2073 actum
727 2016 993 2088 hominis,
1036 2035 1221 2091 neque
1263 2016 1431 2073 aliter
1471 2015 1687 2072 donum
1717 2015 1830 2072 dici
1859 2034 2045 2090 posse,
2077 2034 2249 2091 quam
2278 2022 2541 2088 respectu
2571 2033 2669 2089 po-

256 2096 483 2153 testatis
512 2093 587 2151 ad
609 2095 798 2171 ipsum
827 2095 1221 2171 perveniendi.
1307 2095 1725 2153 Contradicunt
1746 2095 1898 2152 enim
1929 2095 2052 2152 haec
2082 2093 2259 2152 sacris
2281 2093 2508 2166 LiteriS,
2540 2114 2669 2169 quae

256 2182 545 2233 testantur
574 2174 763 2231 Deum
790 2193 973 2232 novas
1003 2174 1310 2250 qualitates
1338 2174 1492 2248 fidei,
1523 2174 1866 2233 obedientiae
1889 2194 1956 2232 ac
1986 2193 2188 2232 sensus
2207 2173 2419 2231 amoris
2438 2173 2527 2230 sui
2546 2193 2670 2231 cor·

256 2252 429 2311 dibus
457 2253 668 2310 nostris
699 2253 1014 2326 infundere,
1045 2254 1171 2312 Jer.
1203 2254 1369 2311 xxxi.
1402 2257 1513 2329 333
1564 2255 1676 2312 Isa.
1707 2254 1851 2311 xliv.
1897 2257 1968 2328 33
2017 2254 2255 2311 Rom.v.
2288 2252 2381 2310 53³
2464 2254 2540 2310 Et
2559 2254 2665 2311 Th.

258 2333 379 2407 vii„
416 2333 667 2390 Damnat
695 2352 795 2390 eos
823 2333 922 2409 qui
968 2333 1177 2392 docent
1230 2334 1547 2392 “Gratiam
1599 2354 1714 2411 qua
1757 2333 2148 2391 convertimur
2175 2331 2249 2391 ad
2281 2334 2486 2407 Deum,
2526 2334 2667 2390 nihil

255 2412 417 2470 aliud
445 2431 588 2486 esse,
620 2432 792 2488 quam
836 2413 1025 2471 lenem
1083 2414 1424 2487 suasionem,
1475 2433 1578 2472 seu
1626 2422 1690 2471 ut
1735 2414 1832 2471 alii
1878 2414 2187 2490 explicant,
2248 2412 2668 2470 nobilissimum

254 2491 469 2568 agendi
497 2491 732 2550 modum
760 2492 821 2550 in
845 2493 1234 2551 Conversione
1263 2494 1530 2568 hominis,
1562 2502 1621 2551 ct
1649 2502 1868 2552 naturae
1905 2495 2172 2550 humanae
2195 2493 2670 2551 convenientissi-

256 2592 431 2648 mum,
481 2592 610 2650 quae
658 2572 760 2632 fiat
810 2573 1191 2649 suasionibuS,
1223 2573 1482 2651 nihilque
1513 2574 1742 2633 obstare
1771 2574 2079 2652 quominus
2129 2572 2224 2631 vel
2263 2573 2385 2631 sola
2433 2574 2668 2632 moralis

254 2654 443 2729 gratia
489 2654 753 2712 homines
795 2655 1073 2712 animales
1113 2654 1318 2713 reddat
1364 2655 1725 2732 spirituales3
1770 2655 1886 2713 imo
1932 2655 2121 2712 Deum
2155 2674 2271 2711 non
2300 2653 2468 2712 aliter
2495 2674 2668 2730 quam

253 2735 458 2792 morali
488 2734 707 2793 ratione
737 2755 1078 2794 consensum
1106 2735 1424 2794 voluntatis
1442 2735 1773 2812 producere,
1806 2744 1977 2811 atque
2006 2735 2066 2791 in
2095 2754 2163 2792 eo
2193 2734 2505 2792 consistere
2536 2754 2670 2812 ope·

255 2814 494 2872 rationis
538 2814 754 2872 divinae
796 2815 1122 2891 efficaciam,
1155 2835 1285 2892 quae
1338 2817 1565 2873 Satanae
1613 2816 2002 2892 operationem
2034 2823 2280 2891 superat,
2309 2814 2478 2891 ‘quod
2510 2815 2670 2873 Deus

252 2901 468 2951 aeterna
492 2894 663 2968 bona,
700 2896 876 2952 Satan
905 2905 1097 2955 autem
1139 2896 1477 2972 temporalia
1504 2896 1819 2972 promittat.
1906 2895 2152 2953 Omnino
2180 2895 2333 2952 euim
2362 2895 2471 2952 hoc
2503 2894 2667 2952 Pela-

255 2973 492 3049 gianum
535 2982 639 3047 est,
692 2983 751 3031 et
790 2976 1074 3031 universae
1109 2975 1418 3050 Scripturae
1461 2975 1827 3048 contrarium,
1873 2995 2001 3050 quse
2045 2983 2251 3049 practer
2292 2975 2462 3046 hunc,
2495 2975 2666 3032 etiam

250 3052 432 3109 alium
462 3061 520 3110 et
547 3052 721 3128 longe
750 3053 1123 3110 efficaciorem
1147 3061 1205 3111 et
1233 3053 1574 3112 diviniorem
1608 3054 1857 3129 Spiritus
1891 3055 1949 3110 S.
1980 3054 2189 3128 agendi
2213 3053 2448 3110 modum
2477 3053 2535 3109 in
2565 3055 2666 3111 ho-

252 3131 426 3189 minis
469 3132 844 3189 conversione
887 3133 1166 3208 agnoscit,
1230 3133 1400 3190 Ezec.
1452 3133 1663 3190 xxxvi.
1711 3136 1806 3206 26,
1855 3132 2024 3189 Dabo
2062 3131 2231 3189 vobis
2277 3150 2377 3189 cor
2430 3151 2665 3208 novum,

252 3219 315 3269 et
343 3211 607 3288 spiritum
636 3231 853 3268 novum
881 3211 1032 3269 dabo
1061 3211 1120 3268 in
1149 3211 1340 3269 medio
1368 3212 1607 3270 vestri.'’

208 3351 215 3358 ,
337 3291 624 3349 XXVII.
671 3291 856 3365 Quam
879 3291 1220 3350 sententiam
1241 3290 1519 3350 Calvinus
1548 3300 1749 3351 contra
1772 3293 2045 3370 Pighium
2076 3291 2146 3350 de
2172 3291 2302 3351 Lib.
2332 3291 2522 3350 Arbit.
2548 3293 2664 3352 dis-

250 3380 462 3448 putans
485 3390 602 3429 non
635 3371 811 3430 semel
841 3371 1147 3430 adstruxit.
1236 3372 1317 3431 Ut
1346 3373 1507 3431 ‘enim
1549 3374 1660 3432 iste
1703 3394 1832 3432 cum
1879 3371 2116 3449 Pelagio
2159 3393 2274 3430 non
2317 3373 2431 3430 alia
2478 3373 2668 3434 media

248 3451 643 3511 conversionis
685 3461 896 3510 nostrae
937 3472 1110 3529 quam
1139 3460 1380 3511 externa
1408 3462 1466 3512 et
1495 3454 1786 3530 objectiva
1812 3452 2181 3531 agnoscebat,
2216 3452 2325 3511 Ille
2355 3461 2553 3511 contra
2580 3455 2665 3512 bi-

250 3531 455 3590 fariam
514 3534 703 3591 Deum
747 3533 969 3609 operari
1025 3532 1084 3590 in
1135 3533 1355 3592 Electis
1411 3535 1629 3610 statuit,
1682 3537 1717 3567 ‘⁴
1735 3545 1901 3594 extra
1927 3554 2030 3612 per
2059 3534 2335 3608 Verbum,
2383 3534 2538 3592 intus
2567 3555 2669 3611 per

255 3611 594 3689 Spiritum,’'
625 3613 699 3671 ad
727 3613 828 3672 lib.
857 3613 937 3671 iv.
960 3635 1017 3690 p.
1049 3617 1184 3672 252.
1274 3617 1309 3646 “
1336 3615 1554 3692 Spiritu
1581 3624 1805 3673 mentes
1834 3614 2230 3688 illuminando,
2257 3614 2430 3672 corda
2449 3614 2523 3672 ad
2539 3616 2664 3692 jus-

250 3692 394 3750 titiae
424 3713 674 3751 amorem
704 3692 1036 3770 cultumque
1065 3693 1383 3768 formandO,
1415 3704 1480 3753 ut
1501 3716 1669 3753 novae
1692 3704 1966 3754 creaturae
1989 3695 2163 3770 fiant,
2209 3693 2408 3752 Verbo
2436 3694 2511 3751 ad
2533 3715 2667 3752 ean-

250 3771 384 3827 dem
413 3773 844 3831 renovationem
876 3775 1275 3850 expetendam,
1308 3776 1693 3851 quaerendam,
1725 3774 2141 3851 assequendam
2174 3773 2541 3831 excitand0.’'
2587 3776 2667 3833 Et

247 3869 378 3907 cum
408 3851 699 3908 attulisset
726 3852 1104 3929 objectionem
1139 3855 1348 3930 Pighii,
1375 3875 1488 3930 qua
1511 3875 1571 3912 se
1594 3855 1911 3929 constringi
1950 3862 2007 3911 et
2036 3853 2110 3910 ad
2153 3852 2663 3911 contradictionem

249 3928 409 4004 adigi
435 3929 711 4004 putabat:
756 3931 1019 3989 nimirum
1052 3933 1207 4008 quod
1240 3936 1275 3965 “
1298 3944 1398 3990 aut
1424 3934 1672 4009 Spiritus
1701 3935 1925 3991 actione
1954 3933 2108 4007 prior
2137 3940 2289 3989 esset
2312 3932 2490 3988 Verbi
2522 3952 2665 4008 prae-

249 4008 481 4082 dicatio,
513 4016 615 4066 aut
657 4010 974 4085 posterior;
1025 4012 1356 4069 Secundum
1400 4012 1508 4069 hoc
1538 4032 1571 4068 a
1600 4012 1820 4069 ratione
1863 4011 2293 4068 dissentaneum
2338 4031 2480 4081 esse,
2527 4013 2664 4087 quia

249 4087 462 4146 frustra
489 4097 812 4164 quaererent
833 4098 891 4147 et
911 4098 1246 4166 appeterent
1268 4091 1760 4166 regenerationem
1788 4091 2007 4163 fideleS,
2029 4110 2202 4165 quam
2222 4091 2344 4165 jam
2369 4093 2662 4151 consecuti

249 4177 443 4227 essent
467 4190 479 4243 ;
530 4169 787 4227 Priorem
827 4189 965 4227 vero
995 4189 1137 4244 esse,
1164 4170 1438 4228 doctrinae
1462 4190 1603 4227 meae
1628 4190 1742 4228 non
1762 4170 2086 4243 convenire,
2112 4169 2210 4245 qui
2233 4170 2522 4228 hominem
2553 4173 2661 4230 sub

245 4258 466 4307 naturae
495 4256 784 4308 vetustate
815 4269 886 4308 ne
910 4259 1176 4326 appetere
1195 4248 1428 4326 quidem
1447 4249 1663 4308 bonum
1681 4269 1850 4326 posse
1870 4249 2151 4307 traderem
2164 4250 2228 4307 ‘?''
2263 4250 2441 4325 “Ego
2460 4254 2658 4326 ver0‚’'

245 4327 450 4405 inquit,
486 4331 521 4361 “
541 4329 876 4406 responden,
928 4329 1196 4388 fidelibus
1245 4330 1364 4406 jam
1424 4331 1777 4406 regeneratis
1822 4329 2118 4407 praedicari
2154 4328 2432 4404 Verbum,
2485 4330 2659 4408 idque

245 4407 551 4466 efficaciter
567 4417 773 4467 etcum
793 4409 997 4485 fructu,
1019 4430 1135 4468 non
1152 4419 1217 4468 ut
1235 4419 1543 4468 nascantur
1559 4430 1726 4468 novae
1747 4419 2037 4483 creaturae,
2061 4408 2162 4467 sed
2183 4417 2249 4466 ut
2271 4420 2584 4486 augescant
2602 4422 2660 4471 et

245 4485 635 4546 adolescant.’'
682 4491 760 4548 Et
780 4499 995 4566 postea,
1024 4491 1290 4548 “Paulus
1308 4491 1442 4548 dum
1466 4491 1574 4548 sibi
1598 4490 1963 4548 commissum
1985 4510 2110 4547 esse
2138 4488 2384 4564 Spiritus
2402 4490 2657 4550 ministe-

246 4565 392 4622 rium
415 4567 711 4642 gloriatur,
742 4590 858 4627 uno
887 4571 1066 4628 verbo
1094 4572 1218 4629 haec
1241 4570 1356 4629 duo
1398 4571 1549 4628 inter
1577 4591 1637 4628 se
1668 4571 1952 4644 conciliat,
1984 4578 2042 4627 et
2070 4568 2207 4645 quid
2239 4569 2348 4625 sibi
2377 4570 2487 4627 hoc
2515 4572 2659 4630 velit

246 4644 501 4704 declarat
526 4669 541 4704 ε
606 4648 825 4726 Nempe
855 4651 1009 4726 quod
1040 4650 1344 4709 efficaciter
1371 4651 1660 4729 insculpat
1693 4652 1850 4709 Deus
1899 4649 2194 4708 hominum
2242 4649 2510 4708 cordibus
2556 4671 2657 4728 per

406 4743 553 4784 raas
583 4744 644 4785 11.
2229 4733 2264 4786 2
2296 4749 2332 4786 6
