3221 5200
313 383 544 426 QUAEST.
578 364 686 443 vn]
1153 384 1227 423 ns
1259 383 1603 424 vomi-ross
1638 385 1707 424 ετ
1740 384 1894 424 rma.
2616 368 2730 425 483

314 542 449 578 nem
480 525 865 580 convertenti.
950 524 1118 582 Licet
1141 544 1279 582 vero
1309 543 1428 581 non
1458 544 1564 599 per
1605 525 1809 582 omnia
1835 526 2150 582 conveniat
2177 525 2331 583 actio
2363 526 2471 582 Dei
2503 526 2560 582 in
2594 544 2723 582 nos-

313 601 391 656 tri
420 602 804 658 conversione
832 621 965 659 cum
997 604 1310 672 creatione,
1342 605 1784 673 resurrectione,
1815 611 1875 660 et
1901 604 2300 678 generatione,
2324 613 2384 659 et
2414 604 2579 660 varia
2607 604 2722 660 dis·-

311 679 561 735 erimina
609 681 705 736 hic
753 689 1101 749 occurrant3
1144 681 1206 738 N
1211 700 1290 737 on
1346 687 1540 756 potest
1586 682 1677 738 vis
1725 682 2062 755 argumenti
2108 681 2367 754 infringi.
2455 681 2617 748 Quia
2658 682 2720 737 in

311 756 605 812 similibus
635 759 997 832 metaphoris
1036 759 1489 816 circumstantiae
1520 778 1641 815 non
1672 769 1810 815 suut
1853 761 2150 832 urgendae,
2176 759 2235 815 in
2280 759 2498 833 quibus
2528 761 2723 816 multa

312 842 562 907 possunt
589 854 712 891 esse
740 837 1016 910 disparia,
1047 839 1147 894 sed
1177 857 1389 910 scopus
1417 845 1657 894 tantum
1697 839 2111 906 attendenduS,
2136 837 2238 910 qui
2283 856 2403 893 non
2433 838 2586 894 alius
2613 846 2720 902 est,

313 930 492 984 quam
524 913 871 971 immensam
901 924 959 970 et
987 915 1270 973 invictam
1302 915 1526 974 Gratiae
1555 915 1873 971 efficaciam
1906 916 2249 980 describere,
2280 933 2413 988 quae
2443 934 2503 972 se
2532 915 2723 971 exerit

311 988 370 1044 in
403 992 716 1048 hominum
745 993 1145 1062 conversione,
1171 993 1422 1049 similem
1452 993 1748 1067 potentiis,
1772 1011 1953 1067 quam
1979 993 2142 1050 Deus
2157 993 2434 1050 adhibuit
2450 993 2511 1049 in
2545 995 2719 1051 Crea-

311 1067 488 1137 tione,
518 1077 578 1124 et
609 1069 1080 1126 Resurrectione.
1165 1071 1223 1127 N
1230 1090 1295 1127 ec
1322 1072 1442 1128 alio
1471 1072 1767 1145 pertinent
1794 1072 2121 1144 magnificae
2150 1071 2269 1129 illae
2298 1072 2720 1145 descriptiones

311 1145 481 1202 istius
509 1148 883 1220 operationis,
914 1166 1062 1222 quas
1104 1149 1278 1206 toties
1318 1150 1532 1223 repetit
1575 1149 1929 1223 Apostolus,
1975 1158 2043 1206 ut
2082 1167 2289 1224 quum,
2321 1150 2359 1206 2
2389 1151 2523 1206 Cor.
2554 1150 2631 1205 iv.
2663 1149 2718 1216 5,

310 1224 367 1291 6,
398 1224 557 1292 dicit,
590 1232 622 1257 ‘⁶
650 1225 864 1295 Deum,
895 1226 999 1299 qui
1041 1226 1212 1295 dixit,
1243 1235 1312 1283 ut
1351 1227 1458 1282 lux
1499 1229 1935 1300 splendesceret
1974 1246 2006 1284 e
2048 1227 2322 1293 tenebris,
2353 1228 2720 1300 splenduisse

312 1301 373 1356 in
397 1302 676 1358 cordibus
725 1303 940 1359 nostris
981 1307 1057 1362 ad
1100 1305 1366 1361 dandum
1411 1305 1580 1361 nobis
1628 1304 2029 1379 cognitionem
2056 1305 2262 1379 gloriae
2294 1305 2405 1361 Dei
2458 1306 2517 1361 in
2566 1305 2715 1362 facie

310 1378 461 1435 Jesu
493 1379 769 1449 Christi,'’
853 1381 948 1451 Et,
1003 1383 1154 1456 Eph.
1200 1383 1237 1438 i.
1292 1383 1381 1451 19,
1407 1383 1500 1452 20,
1540 1401 1730 1456 quum
1774 1384 2023 1439 eandem
2070 1382 2399 1457 potentiam
2438 1401 2618 1456 quam
2657 1385 2718 1438 in

313 1457 530 1514 Christi
557 1477 593 1514 a
621 1458 869 1515 mortuis
909 1458 1262 1517 excitatione
1310 1460 1600 1529 adhibuit,
1632 1461 1912 1518 adhibere
1960 1462 2171 1518 asserit
2217 1462 2279 1517 in
2329 1462 2717 1518 conversione

309 1542 530 1604 nostra,
557 1544 591 1568 ‘⁶
615 1536 703 1594 Ut
729 1539 1122 1610 agnoscatis,’'
1155 1537 1366 1612 inquit,
1399 1545 1433 1572 “
1464 1559 1598 1612 quae
1628 1538 1704 1596 sit
1730 1539 2025 1596 excellens
2069 1540 2176 1596 illa
2216 1539 2573 1612 magnitudo
2604 1538 2718 1595 Dei

309 1614 588 1686 potentiae
618 1614 679 1670 in
721 1633 832 1671 nos
876 1616 980 1689 qui
1021 1615 1334 1686 credimuS,
1365 1620 1696 1674 secundum
1736 1617 2053 1674 efficaciam
2083 1617 2309 1674 roboris
2349 1618 2497 1690 ejus,
2534 1635 2715 1690 quam

309 1698 588 1764 operatus
616 1693 793 1750 estin
825 1693 1057 1751 Christo
1095 1693 1409 1750 excitando
1454 1713 1590 1752 eum
1638 1714 1675 1750 a
1722 1695 2034 1751 mortuis.’'
2121 1694 2194 1751 In
2241 1695 2460 1767 quibus
2491 1693 2718 1750 Paulus

310 1768 394 1825 ita
431 1771 666 1827 extollit
694 1771 975 1828 virtutem
1020 1771 1150 1841 Dei,
1184 1779 1252 1829 ut
1296 1791 1606 1846 nunquam
1654 1772 1763 1828 sibi
1808 1772 2143 1829 satisfacere
2193 1772 2485 1827 videatur.
2571 1770 2715 1826 Non

310 1846 580 1904 meminit
607 1855 840 1904 tantum
872 1850 1168 1922 potentiae,
1201 1851 1304 1905 sed
1334 1868 1408 1905 ne
1450 1868 1825 1906 communem
1867 1849 1963 1907 hic
1992 1858 2051 1906 et
2079 1848 2439 1905 ordinariam
2469 1848 2717 1904 arbitra-

309 1943 524 1995 remur,
554 1927 722 1982 addit
767 1936 948 1994 faysen
993 1927 1445 2003 maynitudinem
1484 1928 1768 2001 potentian
1797 1935 1858 1983 et
1898 1927 2143 2001 quidem
2187 1935 2493 1999 ὑσιρειίλλη,
2517 1926 2579 1980 id
2609 1935 2713 1995 est,

310 2022 444 2076 quae
474 2013 710 2077 superet
731 2013 971 2077 captum
1001 2016 1292 2073 nostrum,
1317 2013 1377 2060 et
1398 2006 1567 2078 quasi
1598 2007 1713 2062 hoc
1734 2023 1853 2060 non
1873 2006 2181 2073 sufficeret,
2206 2003 2444 2076 subjicit
2467 2004 2715 2060 modum

311 2081 778 2154 omnipotentem
807 2090 868 2137 et
894 2081 1200 2151 invictum,
1230 2100 1352 2155 quo
1395 2081 1685 2140 immensa
1733 2083 1840 2139 illa
1880 2082 2147 2155 potentia
2188 2089 2430 2156 operata
2457 2089 2561 2149 est,
2592 2099 2712 2137 non

311 2158 430 2215 leni
487 2165 722 2214 tantum
776 2159 1050 2216 suasione
1088 2163 1188 2216 sed
1242 2169 1370 2213 κατὰ
1434 2171 1514 2218 τὴν
1582 2171 1793 2233 Erigyium
1864 2170 1942 2214 τοῦ
1989 2171 2181 2233 κράτους
2231 2190 2309 2220 τῆς
2359 2169 2515 2230 ι’τχῦος
2576 2170 2718 2215 αὑτοῦ

297 2239 480 2311 juna
529 2235 827 2310 efficaciam
889 2240 1159 2310 potentiue
1216 2239 1434 2295 roboris
1482 2241 1622 2313 ejus,
1669 2240 1747 2295 id.
1814 2240 2044 2295 roboris
2086 2239 2494 2313 potentissimi,
2544 2240 2717 2314 cujus

309 2314 604 2388 specimen
647 2313 709 2368 in
760 2313 975 2370 Christi
1027 2317 1450 2373 resurrectione
1480 2317 1672 2373 visum
1722 2323 1827 2385 est,
1881 2324 1949 2374 ut
1991 2319 2199 2374 eadem
2250 2317 2437 2374 virtus
2464 2317 2714 2386 infinita,

308 2411 441 2465 quae
474 2392 531 2447 in
567 2390 799 2448 Christo
827 2393 1170 2450 suscitando
1218 2412 1341 2450 sese
1369 2393 1617 2462 exeruit,
1649 2395 1708 2451 in
1760 2395 2099 2451 hominibus
2127 2395 2348 2468 pariter
2376 2414 2451 2452 ex
2492 2395 2713 2468 peccati

311 2470 546 2526 tumulo
576 2469 900 2525 excitandis
927 2472 1199 2529 debuerit
1237 2473 1482 2546 operari.
1568 2472 1609 2529 J
1616 2491 1713 2529 am
1740 2472 1785 2529 si
1812 2473 1976 2530 Deus
2020 2491 2139 2529 non
2187 2473 2437 2531 ulterius
2486 2472 2611 2546 agit
2652 2473 2714 2529 in

311 2548 482 2606 nobis
511 2547 942 2618 convertendis,
974 2569 1157 2625 quam
1187 2559 1254 2608 ut
1283 2551 1582 2626 relinquat
1609 2550 1914 2607 hominem
1939 2552 1999 2609 in
2029 2550 2290 2626 ancipiti,
2323 2557 2391 2608 ut
2419 2569 2598 2627 penes
2627 2551 2710 2625 ip-

309 2647 443 2683 sum
465 2628 540 2683 sit
557 2626 809 2701 gratiam
822 2628 1150 2698 admittere,
1163 2630 1259 2686 vel
1273 2630 1527 2703 rejicere,
1541 2630 1687 2704 quid
1708 2629 1984 2704 opusfuit
2001 2630 2113 2686 isto
2127 2630 2443 2687 verborum
2453 2630 2715 2697 cumu10,

307 2714 367 2762 et
388 2725 509 2780 qua
535 2705 659 2762 veri
689 2706 877 2778 specie
899 2708 1094 2780 potuit
1112 2707 1302 2764 dicere
1322 2709 1604 2765 invictam
1627 2708 1798 2764 istam
1821 2708 2146 2782 potentiam
2168 2707 2229 2764 in
2254 2708 2423 2765 nobis
2450 2707 2610 2765 exeri
2638 2709 2716 2764 ad

308 2786 555 2840 modum
586 2785 1027 2842 resurrectionis
1057 2785 1311 2844 Christi?
1357 2788 1511 2844 Sane
1538 2787 1653 2843 ista
1680 2787 1896 2852 omnia,
1922 2787 2015 2842 vel
2046 2786 2283 2842 nullum
2313 2804 2552 2843 sensum
2580 2785 2718 2842 fun-

307 2863 478 2931 dunt,
494 2864 584 2917 vel
606 2862 812 2934 gratim
832 2863 1381 2934 irresistibilitatcm,
1395 2874 1454 2921 et
1471 2864 1788 2921 efficaciam
1807 2863 2265 2938 insuperabilem
2289 2866 2715 2921 demonstrant.

389 2939 466 2994 X.
510 2937 642 2994 Nec
690 2940 804 2995 dici
854 2948 1048 3013 potest
1075 2943 1239 3014 quod
1277 2943 1492 2998 volunt
1521 2941 2051 3000 Remonstrantes:
2086 2942 2137 2998 1.
2184 2949 2218 2974 “
2245 2941 2369 3014 Agi
2418 2943 2493 2997 dc
2521 2960 2717 2998 resur-

309 3016 568 3071 rectione
607 3017 884 3088 corporiS,
914 3036 1033 3072 non
1077 3021 1151 3073 de
1197 3020 1578 3075 conversione
1622 3019 1893 3076 animae.’'
1979 3019 2140 3085 Quia
2183 3037 2396 3091 scopus
2443 3027 2503 3074 et
2542 3020 2719 3076 series

308 3094 622 3148 verborum
654 3094 910 3149 ostendit
938 3094 1244 3150 manifeste
1273 3096 1371 3167 agi
1392 3097 1466 3151 de
1488 3096 1868 3151 conversione
1891 3104 2107 3164 nostra,
2127 3113 2508 3168 nequaquam
2526 3097 2600 3151 de
2629 3115 2719 3152 re-

306 3170 686 3239 surrectione,
716 3178 777 3225 et
819 3172 931 3226 hoc
959 3173 1344 3227 confirmatur
1373 3191 1446 3228 ex
1475 3191 1601 3244 cap.
1634 3172 1692 3227 ii.
1721 3172 1775 3241 5,
1799 3175 1855 3240 6,
1886 3174 1989 3228 ubi
2021 3173 2353 3246 Apostolus
2382 3172 2611 3228 rediens
2640 3175 2718 3229 ad

302 3249 661 3317 institutum,
709 3256 742 3279 ‘⁶
770 3247 848 3304 Et
898 3266 1004 3304 nos
1047 3250 1375 3318 mortuos,''
1405 3249 1599 3323 inquit
1648 3249 1764 3305 “in
1802 3250 2070 3323 peccatis,
2100 3248 2533 3306 convivificavit
2578 3268 2717 3306 cum

307 3326 599 3394 Christ0,”
630 3327 792 3399 quod
814 3327 888 3381 de
916 3327 1340 3383 resurrectione
1368 3327 1625 3400 intelligi
1654 3327 1876 3400 nequit,
1902 3336 1970 3383 ut
1998 3347 2103 3384 nec
2132 3326 2458 3400 sequentia,
2479 3344 2596 3382 ver.
2627 3328 2716 3395 10,

306 3411 340 3438 ‘·'
368 3404 544 3461 Illius
566 3422 717 3477 opus
743 3422 966 3472 sumUS,
996 3405 1174 3461 creati
1202 3404 1265 3461 in
1292 3405 1525 3462 Christo
1553 3405 1596 3461 J
1600 3406 1764 3460 csu.”
1848 3405 2121 3480 Denique
2151 3404 2199 3460 si
2228 3404 2717 3461 resurrectionem

305 3483 591 3537 voluisset
620 3489 826 3538 notare
855 3500 975 3537 non
1005 3482 1251 3539 dixisset
1276 3484 1604 3557 potentiam
1634 3482 1801 3539 illam
1830 3484 1990 3540 exeri
2018 3485 2077 3540 in
2109 3482 2379 3557 praesenti
2408 3500 2550 3556 erga
2590 3501 2718 3552 noe,

304 3562 407 3617 sed
439 3560 502 3615 in
530 3559 737 3616 futuro
769 3567 1005 3616 tantum
1034 3579 1161 3617 esse
1183 3562 1559 3618 exerendam.

386 3639 501 3694 XI.
548 3639 601 3694 2.
648 3646 681 3670 ‘⁴
709 3637 831 3710 Agi
857 3656 979 3693 non
1009 3640 1083 3695 de
1110 3640 1248 3695 fidei
1276 3639 1685 3713 productione,
1705 3640 1849 3713 quia
1870 3639 2200 3713 alloquitur
2225 3639 2446 3708 fideles,
2471 3637 2575 3713 qui
2589 3638 2721 3709 jam

304 3716 705 3783 crediderunt,
736 3717 839 3771 sed
866 3717 940 3772 de
968 3716 1105 3772 fidei
1135 3717 1579 3775 conservatione
1608 3717 2111 3786 etincrement0,”
2142 3726 2212 3774 ut
2249 3717 2285 3772 2
2324 3716 2526 3773 These.
2555 3716 2591 3772 i.
2628 3716 2720 3773 11.

310 3793 426 3850 Sed
455 3793 594 3851 licet
622 3794 968 3866 alloquatur
992 3795 1199 3851 fideles
1218 3795 1351 3866 jam
1379 3797 1700 3864 credente3‚
1730 3814 1852 3851 non
1895 3795 2094 3851 obstat
2134 3794 2456 3868 quominus
2493 3792 2555 3848 in
2600 3811 2722 3849 me-

307 3869 560 3925 moriam
588 3871 968 3926 illis'revocet
995 3873 1240 3928 modum
1272 3890 1394 3946 quo
1435 3873 1832 3940 crediderunt,
1862 3879 1922 3928 et
1949 3872 2232 3927 virtutem
2274 3870 2553 3925 invictam
2604 3869 2721 3925 Dei

306 3964 411 4020 per
437 3964 616 4018 quam
645 3947 1039 4016 crediderunt,
1070 3954 1139 4004 ut
1176 3968 1247 4005 eo
1287 3950 1478 4022 magis
1515 3950 1844 4005 excitentur
1880 3950 1956 4005 ad
2006 3948 2461 4021 glorificandum
2504 3945 2718 4003 Deum.

310 4023 542 4080 Deinde
563 4024 612 4079 si
635 4030 800 4079 tanta
827 4026 1094 4096 potentia
1122 4027 1547 4100 requiraturin
1590 4026 2035 4083 conservatione
2077 4032 2137 4080 ct
2179 4024 2560 4089 incrementO,
2600 4041 2721 4079 non

308 4101 518 4170 minor,
542 4102 663 4157 imo
686 4104 872 4173 major
900 4102 1097 4175 longe,
1120 4104 1444 4177 requiritur
1467 4105 1541 4160 ad
1564 4104 1697 4177 ejus
1717 4102 2183 4175 productionem.
2248 4101 2301 4156 3.
2329 4108 2363 4133 ‘⁴
2387 4100 2532 4156 Non
2554 4118 2723 4172 posse

308 4179 708 4236 conversionis
729 4187 930 4236 actum
959 4198 994 4236 a
1012 4181 1140 4236 solo
1165 4181 1293 4237 Deo
1321 4184 1577 4254 pendere
1607 4188 1678 4236 ut
1706 4180 2072 4236 resuscitatio
2094 4178 2312 4235 mortui
2330 4195 2366 4234 a
2393 4177 2522 4233 solo
2545 4179 2724 4234 susci-

310 4266 474 4314 tante
515 4259 750 4332 pendet,
795 4255 938 4330 quia
975 4258 1202 4314 homini
1243 4259 1353 4331 ipsi
1395 4258 1738 4332 praecipitur
1764 4265 1825 4313 et
1865 4275 1984 4314 non
2016 4274 2149 4312 raro
2178 4255 2518 4312 tribuitur.”
2606 4256 2722 4313 Sed

309 4336 450 4391 licet
470 4336 695 4393 homini
723 4334 1117 4409 praecipiatur,
1139 4344 1206 4392 ut
1233 4337 1490 4392 officium
1519 4336 1807 4403 debitum,
1835 4336 1948 4391 hoc
1977 4352 2095 4390 non
2125 4334 2375 4408 impedit
2403 4334 2724 4405 quominus

315 4413 444 4468 Deo
473 4414 807 4469 vindicetur
834 4421 1122 4488 tanquam
1158 4433 1308 4487 opus
1334 4414 1464 4487 ejus
1493 4413 1818 4488 proprium.
1903 4413 2067 4469 Deus
2096 4412 2366 4484 jubendo
2396 4411 2558 4479 talia,
2590 4430 2723 4485 quae

311 4490 435 4562 ipse
463 4491 713 4547 daturus
742 4500 834 4548 est
867 4492 1125 4549 ostendit
1152 4491 1549 4549 obedientiam
1591 4492 1876 4559 debitam,
1904 4498 1965 4546 et
1992 4490 2205 4564 partim
2237 4488 2418 4545 etiam
2452 4488 2724 4561 jubendo

314 4568 437 4623 dat.
523 4567 602 4623 Et
651 4569 924 4641 quamvis
964 4570 1267 4627 conversio
1312 4570 1564 4626 actualis
1594 4569 1819 4624 homini
1852 4568 2150 4625 tribuatur
2179 4567 2240 4623 in
2283 4574 2418 4624 actu
2449 4569 2725 4635 secunde,

317 4644 460 4719 quia
489 4650 654 4700 actus
683 4647 822 4718 agit,
868 4665 1179 4721 nunquam
1209 4657 1407 4704 tamen
1451 4646 1773 4704 habitualis
1798 4647 1859 4702 in
1890 4656 2027 4703 actu
2058 4645 2265 4719 primO.
