3221 5200
444 384 562 447 404
1256 397 1437 443 Locus
1468 395 1727 443 Dicemus
1757 396 2044 452 omarus.
2453 376 2703 464 [Qusnsr.
2737 393 2867 441 xxv.

448 565 575 606 esse
610 545 973 604 Servatorem
1004 542 1213 620 Populi
1244 545 1332 603 sui
1381 552 1439 602 et
1495 544 1764 622 Corporis
1821 547 1910 603 sui
1956 544 2306 621 simpliciter,
2367 543 2414 601 si
2477 543 2750 601 Servator
2777 549 2868 600 est

452 636 787 685 caeterorum
808 627 836 682 Ρ
876 635 935 683 et
962 626 1223 702 posuisse
1266 624 1514 682 animam
1567 645 1728 682 suam
1757 646 1861 701 pro
1892 626 2134 699 OvibuS,
2165 645 2272 700 pro
2313 624 2482 682 Filiis
2515 624 2642 697 Dei,
2675 630 2733 680 et
2760 643 2869 699 pre

454 705 736 779 Ecclesia,
769 704 813 761 si
840 724 942 781 pro
972 704 1101 762 aliis
1130 705 1302 763 etiam
1348 714 1607 763 mortuus
1637 714 1790 763 esset
1828 726 1902 763 ex
1948 706 2060 763 Dei
2088 704 2333 762 consilio
2359 713 2417 762 et
2447 703 2661 761 Christi
2690 703 2873 779 ipsius

454 786 771 844 intentione
792 787 825 842 t>
904 784 1120 842 Annon
1144 785 1253 843 hoe
1274 785 1625 843 luculentius
1654 785 1856 843 fuisset
1886 786 2012 862 ejus
2041 783 2338 843 charitatis
2360 792 2784 861 argumentum,
2815 790 2876 840 et

455 865 691 942 majoris
720 857 1130 922 c'onsolationis
1159 863 1594 923 fundamentum
1616 867 1646 922 Ρ

539 945 728 1003 XIII.
777 944 830 1000 N
834 944 1173 1021 equiequam
1192 946 1286 1002 hic
1311 944 1617 1021 Excipitur
1633 945 1691 1002 in
1714 964 1954 1022 genere:
1983 948 2033 1002 1.
2068 947 2106 976 ‘⁶
2127 943 2495 1020 Scripturam,
2518 962 2646 1019 quae
2665 941 2878 1000 alicubi

456 1024 753 1100 restringit
780 1033 1020 1082 mortem
1053 1024 1267 1083 Christi
1314 1024 1390 1082 ad
1438 1045 1671 1101 paucOS,
1718 1025 1857 1082 alibi
1913 1025 1987 1082 ad
2036 1044 2235 1083 omnes
2265 1023 2636 1081 extendere.''
2724 1021 2874 1094 Quia

458 1104 866 1163 universalitas
898 1104 1012 1176 illa,
1046 1113 1109 1162 ut
1137 1115 1338 1182 postca
1365 1105 1682 1178 docebitur,
1735 1125 1850 1161 non
1881 1113 1969 1163 est
1998 1105 2278 1178 absoluta,
2312 1103 2413 1160 sed
2454 1104 2719 1176 limitata,
2743 1122 2873 1179 quae

462 1204 677 1262 genera
706 1184 1081 1260 singulorum,
1116 1205 1231 1241 non
1281 1184 1511 1259 singula
1560 1204 1835 1260 generum
1881 1185 2131 1262 respicit.
2177 1188 2233 1242 2.
2279 1185 2315 1215 ‘⁴
2335 1183 2456 1258 Agi
2488 1183 2545 1240 in
2590 1182 2734 1239 locis
2763 1181 2880 1238 illis

464 1285 580 1323 non
609 1264 681 1322 de
716 1263 1115 1340 impetratione
1144 1265 1282 1340 sola,
1316 1285 1444 1340 quae
1473 1265 1657 1340 possit
1686 1285 1811 1323 csse
1840 1264 2206 1338 universaliS,
2249 1262 2350 1321 scd
2381 1264 2452 1320 de
2482 1262 2882 1339 impetratione

464 1355 523 1403 et
551 1343 937 1420 applicatione
992 1344 1182 1418 simul,
1239 1365 1368 1420 quae
1426 1344 1502 1401 sit
1556 1344 1978 1420 particularis.'¹
2066 1344 2211 1418 Quia
2240 1343 2468 1401 termini
2525 1343 2638 1417 isti,
2671 1342 2885 1418 quibus

469 1424 718 1501 Spiritus
751 1423 997 1481 Sanctus
1026 1424 1169 1482 locis
1198 1424 1464 1500 allegatis
1492 1425 1689 1497 utitur,
1741 1435 1805 1482 ut
1849 1426 2202 1482 Servatorem
2248 1444 2376 1497 esse,
2426 1423 2676 1480 animam
2716 1442 2877 1479 suam

456 1524 672 1580 ponere
691 1523 807 1578 pro
848 1503 1054 1579 alique,
1087 1506 1230 1562 dare
1257 1525 1314 1561 se
1348 1522 1463 1579 pro
1491 1505 1699 1579 aliquo,
1730 1512 1789 1562 et
1836 1505 2062 1580 aliquos
2109 1509 2381 1584 πεςιποιιῖν,
2415 1503 2885 1574 satisfactionem,

470 1583 932 1659 impetrationem
961 1593 1019 1642 et
1049 1584 1483 1660 acquisitionem
1515 1584 1719 1642 salutis
1747 1586 1974 1660 proprie
2004 1584 2310 1660 designant
2334 1606 2348 1658 ;
2397 1584 2473 1641 Et
2500 1583 2635 1640 licet
2664 1592 2794 1658 post
2825 1601 2886 1638 se

470 1662 913 1739 applicationem
943 1663 1252 1737 traherent,
1284 1683 1401 1720 non
1428 1663 1621 1721 minus
1659 1663 1918 1722 efficaces
1946 1674 2154 1738 essent,
2187 1684 2318 1721 eum
2346 1663 2672 1740 impetratio
2701 1672 2758 1720 et
2786 1682 2887 1737 ap·
2958 1734 2961 1739 ᾗ

470 1742 705 1820 plicatio
736 1742 851 1800 sint
880 1742 1306 1820 inseparabileS,
1338 1752 1536 1820 utpote
1588 1742 1847 1820 ejusdem
1875 1743 2216 1811 latitudinis,
2249 1752 2314 1801 ut
2352 1744 2591 1821 jamjam
2621 1742 2888 1819 probabi-

470 1836 582 1881 tur.
629 1826 684 1880 3.
719 1823 955 1880 “Posse
979 1824 1150 1881 simul
1179 1823 1292 1881 dici
1323 1824 1614 1882 Christum
1635 1843 1760 1882 esse
1783 1831 2069 1881 mortuum
2099 1844 2202 1900 pro
2232 1823 2576 1900 quibusdam
2607 1823 2892 1894 absolute,

470 1911 528 1961 et
555 1923 662 1979 pro
690 1902 958 1960 omnibus
987 1903 1435 1962 conditionate.'’
1523 1904 1673 1978 Quia
1723 1904 2066 1981 supponitur
2103 1904 2299 1981 gratie,
2346 1903 2500 1980 quod
2529 1901 2888 1979 probandum

472 1983 597 2057 fuit,
630 1982 755 2040 dari
783 1981 1069 2058 duplicem
1102 1983 1479 2042 intentionem·
1501 1983 1561 2040 in
1613 1984 1841 2042 Christo
1884 1985 2179 2059 moriente,
2212 1984 2384 2041 aliam
2414 1983 2892 2053 conditionatam,

473 2083 603 2139 quae
633 2061 707 2119 ad
735 2081 935 2120 omnes
963 2063 1326 2137 extendatur,
1358 2063 1530 2121 aliam
1560 2064 1903 2139 absolutam,
1935 2084 2065 2141 quae
2094 2064 2169 2121 ad
2197 2084 2412 2141 paucos
2440 2062 2731 2135 reseratur,
2758 2078 2890 2118 cum

480 2143 776 2219 Scriptura
804 2142 1067 2218 nuspiam
1098 2145 1224 2221 ejus
1254 2144 1593 2219 meminerit,
1636 2164 1764 2221 quae
1794 2144 1866 2202 de
1915 2144 2298 2222 applicatione
2342 2144 2571 2221 quidem
2602 2150 2665 2200 ut
2694 2140 2889 2198 condi-

475 2223 698 2280 tionata
725 2222 997 2299 loquitur,
1031 2223 1134 2280 scd
1162 2244 1473 2301 numquam
1505 2223 1576 2282 de
1607 2224 2019 2302 redemptione.
2104 2225 2158 2282 N
2162 2246 2225 2282 ec
2269 2234 2472 2282 natura
2500 2223 2581 2281 rei
2609 2222 2719 2279 hoc
2746 2220 2892 2298 pati-

476 2311 571 2360 tur
603 2324 617 2376 3
663 2322 792 2360 cum
823 2322 897 2360 ex
926 2302 1154 2361 illorum
1184 2304 1493 2381 hypothesi
1550 2304 1607 2360 in
1666 2305 1896 2364 decreto
1926 2304 1996 2363 de
2053 2315 2233 2363 morte
2293 2304 2522 2377 Christi,
2582 2302 2896 2360 secundum

478 2382 636 2458 quod
667 2390 926 2440 mortuus
955 2391 1060 2457 est,
1093 2392 1151 2441 et
1179 2384 1411 2460 quidem
1443 2384 1644 2442 eadem
1674 2385 2009 2459 intentione,
2041 2405 2155 2461 qua
2184 2385 2244 2441 id
2273 2384 2564 2442 decretum
2595 2391 2733 2456 erat,
2765 2400 2895 2439 cum

479 2462 747 2520 executio
777 2460 985 2520 debeat
1041 2463 1386 2539 respondere
1445 2463 1831 2540 destinationi,
1882 2485 1989 2521 nec
2018 2465 2166 2522 alius
2213 2465 2398 2540 possit
2425 2483 2550 2520 esse
2579 2463 2639 2519 in
2670 2461 2905 2525 Christe

481 2542 759 2599 moriente
789 2540 1029 2599 affectus
1057 2550 1115 2600 et
1144 2562 1365 2609 sensus,
1400 2562 1571 2619 quam
1602 2542 1662 2599 in
1695 2544 1865 2602 Patre
1894 2543 2253 2618 destinante;
2298 2542 2459 2599 nulla
2497 2542 2685 2599 adhuc
2727 2540 2900 2598 fuerit

480 2620 868 2679 consideratio
891 2621 1240 2695 Electorum,
1274 2622 1370 2696 qui
1402 2622 1634 2679 decreto
1653 2622 1884 2680 demum
1907 2631 2182 2699 sequente
2211 2623 2285 2679 ab
2315 2623 2444 2679 aliis
2467 2621 2714 2696 separati
2746 2629 2902 2678 sunt.

484 2700 711 2757 Deinde
740 2699 871 2774 quis
900 2700 1096 2757 credat
1117 2700 1176 2757 in
1199 2700 1369 2757 unico
1397 2709 1455 2757 et
1473 2700 1899 2775 simplicissimo
1916 2710 2065 2775 actu,
2098 2720 2211 2776 quo
2235 2700 2427 2758 omnia
2455 2720 2489 2756 a
2515 2701 2638 2756 Deo
2668 2698 2902 2756 decreta

482 2787 633 2852 sunt,
665 2778 801 2835 licet
831 2797 864 2834 a
892 2778 1061 2835 nobis
1089 2778 1358 2836 distincte
1378 2779 1750 2854 concipiatur,
1777 2780 1920 2838 duas
1951 2780 2298 2837 intentiones
2327 2780 2503 2837 fuisse
2534 2778 2677 2836 adeo
2706 2777 2900 2836 diver-

484 2874 595 2932 saS,
629 2857 678 2914 si
706 2876 822 2913 non
851 2857 1183 2932 contrarias,
1216 2868 1280 2915 ut
1307 2878 1409 2934 pro
1438 2858 1705 2916 omnibus
1727 2859 1958 2935 quidem
1987 2879 2103 2918 uno
2131 2859 2303 2918 modo
2325 2859 2575 2918 voluerit
2601 2858 2767 2932 mori,
2797 2879 2905 2936 pro

486 2936 834 3014 quibusdam
864 2956 1001 2994 vero
1050 2945 1275 2995 tantum
1304 2938 1463 2996 alio?
1545 2937 1674 2997 Irno
1716 2959 1844 2998 cum
1897 2959 2012 2997 non
2039 2939 2223 3016 pessit
2244 2940 2395 2998 velle
2425 2940 2570 2997 mori
2598 2960 2702 3017 pro
2734 2939 2902 2998 Elec·-

481 3017 559 3076 tis
587 3017 868 3091 absolute,
901 3017 1041 3094 quin
1070 3038 1143 3076 ex
1194 3018 1459 3095 opposito
1487 3018 1633 3077 nolit
1672 3020 1814 3077 mori
1864 3041 1967 3098 pro
1997 3021 2275 3098 reprobis,
2308 3020 2407 3098 qui
2437 3021 2554 3079 illis
2582 3020 2902 3079 contradis-

486 3098 846 3175 tinguuntur,
879 3099 1005 3174 capi
1033 3118 1149 3155 non
1179 3107 1386 3175 potest,
1438 3099 1728 3176 quomodo
1777 3100 1835 3157 in
1892 3101 2064 3159 unico
2091 3109 2221 3160 actu
2265 3101 2516 3160 voluerit
2544 3110 2601 3160 et
2656 3100 2907 3158 noluerit

487 3199 592 3255 pro
622 3178 692 3235 iis
723 3178 885 3236 mori.
932 3184 987 3236 4.
1035 3182 1070 3211 ‘⁴
1091 3179 1221 3236 Etsi
1249 3179 1378 3237 loca
1406 3179 1478 3238 de
1510 3180 1729 3238 Electis
1756 3181 2147 3258 loquerentur,
2178 3202 2292 3240 non
2315 3191 2508 3240 tamen
2533 3181 2602 3239 ‹le
2634 3181 2773 3239 solis
2802 3200 2901 3238 ex-

487 3258 708 3317 clusive
739 3258 813 3315 ad
842 3259 987 3316 alios
1017 3259 1395 3336 intelligenda
1424 3280 1566 3335 esse,
1599 3262 1889 3336 quomodo
1914 3261 2132 3320 Paulus
2161 3262 2360 3321 dicens
2390 3262 2684 3320 Christum
2714 3281 2816 3337 pro
2842 3279 2906 3317 se

487 3337 782 3413 traditum,
814 3339 961 3396 alios
1011 3339 1086 3396 ab
1113 3339 1373 3414 ejusdem
1423 3340 1635 3398 amoris
1683 3341 1971 3400 consortio
2019 3362 2135 3400 non
2185 3342 2459 3415 excludit,
2514 3341 2645 3400 Gal.
2676 3341 2734 3397 ii.
2766 3340 2905 3398 20.”

490 3417 640 3490 Quia
666 3418 795 3474 loca
824 3418 1017 3474 omnia
1044 3418 1312 3493 allegata,
1346 3419 1394 3476 si
1424 3439 1538 3476 non
1568 3421 1857 3496 explicite,
1890 3431 1950 3479 at
1998 3421 2273 3499 implicite
2323 3420 2681 3479 exclusivam
2721 3419 2903 3476 iuclu-

490 3495 636 3553 dunt
664 3495 724 3550 in
746 3495 1131 3571 descriptione
1154 3517 1348 3554 corum
1374 3498 1445 3555 dc
1475 3499 1685 3574 quibus
1708 3500 1915 3576 agitur,
1942 3517 2070 3577 quae
2100 3501 2175 3558 ad
2196 3501 2340 3558 alios
2363 3501 2644 3577 pertinere
2673 3497 2905 3573 nequit:

496 3574 580 3632 Ut
607 3573 744 3630 licet
769 3573 1098 3632 benedictio
1128 3577 1496 3651 promittatur
1525 3577 1784 3636 Abrahae
1834 3580 2067 3654 Semini,
2100 3600 2214 3637 non
2243 3578 2442 3637 addita
2473 3577 2756 3655 particula
2783 3577 2906 3650 soli,

493 3652 636 3710 satis
665 3659 856 3710 tamen
889 3673 963 3710 cx
992 3661 1197 3712 natura
1252 3656 1334 3712 rei
1363 3656 1673 3733 colligitur.
1763 3659 1856 3718 Sic
1906 3660 2034 3718 loca
2061 3660 2172 3717 ista
2215 3659 2408 3716 omnia
2436 3678 2504 3715 eo
2553 3655 2812 3729 tendunt,
2844 3664 2914 3712 ut

492 3730 846 3807 amplificent
874 3732 1161 3810 insignem
1192 3734 1407 3794 Christi
1436 3756 1688 3795 amorem
1718 3758 1858 3816 erga
1886 3738 2041 3798 Oves
2091 3758 2241 3814 suaa,
2271 3758 2376 3816 pro
2421 3738 2632 3814 quibus
2660 3737 2909 3793 animam

494 3811 674 3889 ponit,
700 3832 840 3888 erga
869 3812 1190 3871 Ecclesiam
1215 3824 1273 3874 et
1301 3816 1575 3894 populum
1601 3838 1704 3894 pro
1733 3839 1847 3895 quo
1867 3839 1928 3877 se
1958 3818 2211 3877 tradidit.
2297 3818 2382 3877 At
2412 3818 2460 3876 si
2489 3817 2634 3875 nihil
2662 3816 2911 3893 peculia-

495 3893 576 3951 ris
604 3892 663 3949 in
691 3892 805 3951 hoc
831 3894 1068 3970 negotio
1097 3895 1314 3954 habent
1342 3915 1460 3973 prae
1489 3899 1730 3972 caeteris,
1762 3919 1891 3975 quae
1913 3899 2061 3957 ratio
2084 3898 2197 3957 diei
2227 3906 2438 3975 potest,
2470 3919 2572 3956 cur
2600 3898 2916 3955 immensus

495 3972 606 4031 iste
634 3992 796 4030 amor
823 3974 1072 4032 animam
1103 3977 1388 4052 ponentiS,
1444 3978 1782 4054 sanguinem
1831 3979 2141 4053 fundentis,
2194 3989 2253 4038 et
2281 3999 2342 4038 se
2371 3978 2653 4038 tradentis
2682 3975 2915 4050 Christi,

498 4052 615 4110 illis
646 4053 940 4128 speciatim
963 4054 1331 4132 applicetur?
1375 4057 1497 4115 Nec
1526 4058 1854 4134 exemplum
1908 4059 2075 4117 Pauli
2117 4060 2230 4117 huc
2259 4059 2433 4133 facit;
2478 4058 2615 4134 quia
2662 4077 2779 4113 non
2805 4057 2918 4112 hoc

501 4131 612 4189 sibi
642 4133 845 4191 tribuit
875 4135 1040 4209 quasi
1063 4135 1433 4212 privilegium
1462 4139 1752 4213 peculiare
1800 4155 2064 4214 personae
2091 4158 2226 4212 suae,
2276 4138 2379 4196 sed
2406 4146 2472 4196 ut
2517 4137 2729 4194 bonum
2759 4154 2911 4191 com·

496 4231 669 4270 mune
700 4213 925 4271 caeteris
955 4213 1157 4272 electis
1188 4225 1246 4274 et
1274 4215 1560 4291 fidelibus,
1582 4218 1795 4294 quibus
1823 4217 1883 4274 in
1911 4219 2240 4293 exemplum
2261 4237 2322 4275 se
2350 4215 2636 4293 proponit,
2667 4223 2733 4272 ut
2761 4213 2916 4271 idem

497 4289 569 4349 de
599 4292 805 4369 seipsis
834 4292 895 4349 in
925 4293 1127 4352 eodem
1159 4303 1311 4353 statu
1340 4296 1653 4373 praedicare
1682 4297 1924 4373 possint.

578 4371 760 4429 XIV.
807 4372 938 4430 Non
996 4372 1217 4432 solidus
1265 4376 1552 4452 excipitur
1599 4377 1659 4433 in
1690 4375 1878 4453 specie
1905 4398 1918 4435 ε
1970 4378 2019 4433 1.
2073 4374 2172 4432 Ad
2223 4374 2434 4432 Matth.
2484 4373 2520 4430 i.
2554 4376 2648 4446 21,
2698 4375 2733 4405 “
2754 4372 2919 4431 Licet

500 4448 763 4508 Christus
793 4451 1018 4510 dicatur
1066 4453 1340 4512 Servator
1387 4456 1593 4532 Populi
1638 4456 1726 4513 sui
1786 4455 2059 4532 peculiari
2102 4454 2324 4512 ratione
2393 4461 2626 4531 propter
2675 4454 2918 4512 salutem

499 4538 631 4587 actu
680 4538 739 4588 et
767 4550 966 4607 reapse
1016 4532 1127 4610 ipsi
1172 4534 1478 4594 collatam:
1546 4536 1677 4593 Non
1707 4535 1934 4593 obstare
1964 4535 2270 4610 quominus
2325 4533 2599 4592 Servator
2641 4533 2716 4592 sit
2745 4534 2919 4591 etiam

499 4608 739 4665 aliorum
809 4620 1043 4687 propter
1112 4614 1355 4671 salutem
1412 4614 1529 4672 illis
1588 4624 1816 4692 partum
1885 4615 2022 4673 licet
2083 4634 2198 4671 non
2271 4614 2619 4691 applicatum
2685 4620 2924 4690 propter

502 4704 697 4742 eorum
764 4689 1241 4764 incredulitatem,
1302 4713 1371 4750 eo
1428 4695 1599 4753 modo
1657 4715 1772 4770 quo
1820 4695 2036 4754 Paulus
2082 4694 2222 4753 dicit
2274 4695 2463 4753 Deum
2525 4713 2650 4752 esse
2702 4695 2920 4751 Serva·
