3221 5200
268 374 489 425 Quaes‘r.
519 353 615 434 11.]
1142 371 1221 411 m:
1242 369 1582 412 vocA‘mom:
1613 371 1685 411 ιιι·
1711 368 1873 411 rins.
2558 358 2676 413 447

263 515 431 592 cepti,
464 512 621 573 istud
641 530 781 571 vero
807 510 1167 570 voluntatem
1198 511 1448 587 Decreti,
1480 531 1609 589 quae
1643 512 1781 571 licet
1798 512 2044 571 diversae
2072 509 2226 586 sint,
2263 508 2424 589 (quia
2453 512 2686 573 diversa

264 597 493 671 objecta
522 593 631 651 sibi
679 600 1024 668 proponunt,
1068 592 1224 668 prior
1249 591 1485 667 quidem
1514 592 1689 651 officii
1724 592 2183 670 praeceptionem,
2228 592 2513 667 posterior
2540 612 2679 651 vero

271 675 355 733 rei
385 674 566 750 ipsius
594 670 1040 751 executionem,)
1072 691 1188 728 non
1217 679 1351 728 sunt
1378 680 1572 730 tamen
1601 672 1902 730 contraries
1920 679 1978 729 et
2006 671 2302 747 oppositae,
2337 672 2438 729 sed
2469 673 2684 748 optimc

264 754 415 812 inter
442 773 503 810 se
551 753 727 830 juxta
773 751 967 808 varios
1021 758 1317 827 respectus
1359 752 1755 810 conciliantur.
1842 751 1952 808 Ille
1996 751 2145 808 serio
2173 770 2290 807 non
2332 760 2520 825 vocat,
2580 752 2681 827 qui

263 839 533 891 vocatum
563 852 680 889 non
720 830 1092 904 vult²venire,
1137 830 1216 887 id.
1247 849 1364 887 non
1405 830 1666 907 praecipit
1706 850 1812 889 nec
1856 838 2084 907 gratum
2138 829 2315 887 habet
2342 838 2408 888 ut
2462 832 2680 907 veniat,

264 912 465 971 fateor.
554 910 673 970 Sed
699 929 815 968 non
843 910 944 986 qui
971 930 1087 967 non
1115 909 1244 968 vult
1289 910 1485 968 venire
1515 930 1631 987 quo
1680 918 1868 984 vocat,
1917 909 1995 967 id.
2026 908 2128 984 qui
2181 928 2299 966 non
2349 909 2598 968 intendit
2625 920 2683 968 et

265 990 524 1050 decrevit
553 990 768 1065 venire,
798 1008 966 1066 neg0.
1052 988 1200 1046 Nam
1229 989 1303 1046 ad
1332 989 1540 1047 seriam
1570 990 1951 1057 Vocationem
1979 1008 2096 1046 non
2142 988 2465 1063 requiritur,
2515 998 2581 1046 ut
2609 991 2686 1048 sit

268 1072 511 1130 intentio
540 1078 600 1129 et
647 1069 951 1128 consilium
980 1088 1112 1126 eum
1140 1067 1483 1142 adducendi,
1519 1068 1621 1127 sed
1651 1077 1873 1127 tantum
1915 1075 1982 1126 ut
2011 1068 2086 1127 sit
2115 1067 2384 1126 voluntas
2413 1077 2685 1127 constans

267 1149 641 1228 praecipiendi
669 1148 936 1223 officium,
994 1157 1052 1206 et
1092 1147 1435 1206 beneficium
1478 1148 1625 1207 illud
1665 1147 1899 1206 facienti
1943 1147 2290 1220 conferendi,
2337 1148 2493 1224 quod
2525 1148 2686 1206 Deus

268 1230 398 1288 vult
424 1230 676 1287 maxime
707 1228 872 1286 serio,
962 1226 1078 1286 Sed
1108 1227 1158 1284 si
1186 1228 1335 1285 serio
1365 1228 1621 1286 ostendit
1648 1227 1789 1304 quid
1835 1226 2053 1285 homini
2100 1227 2413 1303 praecipiat,
2440 1235 2499 1285 et
2527 1247 2684 1303 qute-

268 1329 403 1366 nam
433 1308 508 1366 sit
536 1308 739 1367 salutis
762 1308 873 1382 via,
900 1315 958 1365 et
984 1306 1126 1382 quid
1156 1307 1267 1364 sibi
1295 1314 1524 1382 gratum
1553 1308 1646 1382 sit,
1677 1327 1794 1365 non
1824 1306 2018 1364 statim
2063 1307 2225 1364 Deus
2266 1307 2517 1366 ostendit
2545 1307 2688 1384 quid

270 1387 582 1446 intenderit
610 1396 667 1446 et
688 1386 1009 1446 decreverit
1035 1386 1159 1463 ipse
1188 1385 1392 1461 facere,
1423 1395 1488 1445 ut
1517 1386 1589 1445 de
1633 1386 1999 1464 legislatione
2044 1387 2167 1463 jam
2218 1386 2455 1446 dictum.
2542 1387 2682 1462 Nec,

271 1469 320 1527 si
350 1469 500 1526 inter
526 1467 807 1541 homines,
842 1466 1118 1542 Princeps
1146 1465 1245 1524 vel
1294 1464 1626 1542 Legislator
1651 1467 1798 1524 nihil
1847 1466 2139 1542 praecepit,
2171 1466 2330 1542 quod
2356 1486 2472 1524 non
2522 1467 2685 1541 velit,

270 1548 350 1605 id.
381 1566 497 1604 non
525 1545 789 1604 intendat
815 1546 987 1604 etiam
1016 1544 1141 1602 fieri
1170 1565 1204 1602 a
1232 1544 1498 1619 subditis,
1549 1547 1687 1623 quia
1713 1564 1891 1623 penes
1935 1545 2124 1622 ipsum
2154 1565 2270 1603 non
2299 1555 2387 1603 est
2434 1545 2687 1621 positum

272 1627 418 1685 illud
446 1625 667 1684 efficere
697 1625 758 1682 in
785 1625 927 1702 ipsis
958 1647 971 1699 ;
1021 1624 1294 1701 Sequitur
1320 1624 1382 1682 id
1408 1625 1599 1683 locum
1630 1626 1802 1684 etiam
1842 1625 2056 1683 habere
2086 1625 2147 1681 in
2188 1626 2330 1699 Deo,
2356 1644 2391 1682 a
2418 1644 2533 1701 quo
2563 1626 2687 1683 solo

271 1705 484 1782 pendet
512 1724 629 1762 non
656 1704 828 1762 modo
857 1704 917 1762 id
945 1704 1269 1781 praecipere,
1303 1704 1405 1762 sed
1433 1712 1491 1763 et
1519 1705 1581 1764 id
1607 1705 1830 1763 efficere
1858 1704 1917 1761 in
1958 1705 2206 1763 homine.
2295 1704 2411 1761 Sed
2441 1704 2490 1761 si
2524 1703 2690 1763 dare-

275 1794 368 1843 tur
398 1783 724 1860 Legislator
750 1784 883 1842 talis
905 1785 1055 1841 inter
1084 1783 1361 1858 homines,
1393 1793 1547 1842 recte
1598 1785 1887 1842 diceretur
1928 1783 2080 1841 velle
2110 1782 2172 1841 id
2207 1783 2364 1858 quod
2409 1783 2690 1859 approbat

275 1873 335 1924 et
360 1863 637 1941 praecipit,
668 1864 803 1921 licet
831 1882 947 1921 non
976 1863 1237 1920 intendat
1265 1862 1505 1921 efficere.

355 1943 571 2001 XVII.
619 1942 932 2000 Promissio
981 1941 1246 1999 absoluta
1287 1961 1403 1999 non
1444 1949 1636 2018 potest
1677 1960 1803 1999 esse
1846 1941 2010 2013 seria,
2054 1940 2167 1998 nisi
2195 1940 2468 1998 fundetur
2495 1940 2551 1997 in
2584 1960 2685 1999 vo·

274 2022 496 2081 luntate
519 2029 578 2079 et
605 2020 923 2080 intentione
952 2020 1337 2096 promittentis
1380 2020 1551 2077 dandi
1582 2021 1739 2097 quod
1780 2020 2150 2096 promittitur.
2240 2019 2356 2078 Sed
2385 2020 2498 2077 alia
2539 2019 2686 2078 ratio

275 2110 366 2160 est
393 2100 839 2174 conditionatae3
885 2099 1094 2158 sufficit
1122 2099 1194 2156 ad
1239 2099 1575 2157 salvandam
1619 2100 1746 2177 ejus
1788 2099 2193 2173 sinceritatem,
2236 2106 2304 2157 ut
2331 2099 2407 2157 sit
2446 2099 2689 2158 intentio

275 2181 337 2237 in
368 2180 494 2237 Deo
523 2178 901 2237 connectendi
929 2178 1247 2237 certissime
1275 2198 1394 2236 rem
1423 2178 1764 2254 promissam
1793 2197 1922 2237 cum
1952 2178 2298 2252 conditione,
2329 2186 2395 2236 ut
2421 2180 2687 2255 nuspiam

277 2259 391 2317 ista
419 2266 696 2332 occurrat,
729 2257 870 2334 quin
916 2257 1020 2314 illa
1062 2276 1188 2314 eam
1233 2258 1553 2316 comitetur.
1642 2258 1799 2315 Hinc
1841 2258 1994 2316 enim
2035 2257 2117 2331 fit,
2149 2265 2214 2315 ut
2253 2267 2487 2335 propter
2507 2258 2684 2316 talem

279 2337 697 2396 connexionem
725 2344 783 2394 et
825 2336 1283 2413 dependentiam,
1328 2337 1577 2395 maxime
1621 2338 1775 2395 seria
1817 2337 1892 2395 sit
1933 2336 2149 2395 oblatio
2191 2338 2409 2411 salutis,
2455 2357 2584 2413 quae
2626 2338 2692 2396 fit

277 2416 608 2475 hominibus
650 2416 1034 2491 credentibus,
1065 2415 1201 2492 quia
1242 2435 1411 2473 nemo
1451 2416 1625 2474 fidem
1666 2416 1969 2474 habiturus
1996 2423 2101 2490 est,
2150 2416 2251 2492 qui
2299 2418 2543 2475 salutem
2572 2437 2689 2475 non

276 2497 353 2556 sit
374 2496 689 2554 certissime
723 2503 1154 2554 consecuturus.

361 2576 612 2635 XVIII.
657 2575 918 2636 Verbum
945 2574 1286 2635 Vocationis
1315 2583 1568 2635 externae
1597 2575 1771 2634 debet
1798 2594 1925 2635 esse
1955 2574 2185 2651 signum
2236 2574 2469 2635 Decreti
2511 2576 2687 2634 alicu-

272 2657 370 2733 jus
400 2676 515 2734 quo
543 2656 782 2732 nititur;
829 2656 933 2715 sed
953 2676 1070 2715 non
1098 2656 1292 2715 statim
1318 2656 1550 2715 Decreti
1562 2656 1634 2714 de
1656 2655 1916 2732 personis
1946 2655 2337 2732 singularibus
2376 2656 2688 2732 salvandis,

280 2737 384 2795 sed
431 2737 503 2794 de
546 2736 750 2794 mediis
798 2744 857 2795 et
897 2755 1095 2795 eorum
1137 2736 1495 2795 connexione
1537 2755 1667 2794 cum
1714 2736 1916 2794 salute.
2005 2735 2469 2794 Fundamentum
2499 2736 2689 2794 Voca-

277 2816 453 2874 tionis
508 2816 569 2873 in
618 2835 847 2892 genere,
905 2825 1190 2891 quatenus
1245 2815 1515 2892 dirigitur
1577 2813 2078 2873 indiscriminatim
2134 2814 2209 2872 ad
2262 2815 2542 2888 homines,
2602 2824 2692 2874 est

283 2896 592 2953 Decretum
642 2895 714 2953 de
757 2894 1085 2970 colligenda
1140 2895 1404 2953 Ecclesia
1456 2915 1561 2972 per
1614 2895 1893 2953 Verbum.
1981 2893 2443 2953 Fundamentum
2499 2896 2690 2953 Voca-

280 2973 456 3032 tionis
503 2982 767 3049 respectu
818 2974 1150 3032 Electorum
1206 2982 1296 3032 est
1346 2975 1654 3032 Decretum
1698 2974 1946 3049 speciale
1988 2973 2060 3031 de
2117 2974 2461 3031 eonferenda
2514 2975 2606 3032 his
2633 2983 2693 3032 et

280 3053 397 3110 illis
453 3052 638 3109 salute
659 3071 763 3128 pro
812 3051 953 3127 ipsis
1000 3071 1104 3128 per
1157 3053 1450 3110 Christum
1504 3053 1803 3128 acquisita.
1909 3052 2373 3109 Fundamentum
2428 3060 2692 3128 respectu

282 3131 682 3208 Reproborum
710 3138 799 3188 est
829 3130 1140 3189 Decretum
1189 3130 1262 3188 de
1305 3125 1503 3187 ordine
1549 3139 1607 3188 et
1649 3130 2005 3188 connexione
2033 3129 2352 3187 mediorum
2392 3131 2612 3205 salutis,
2633 3139 2692 3190 et

281 3210 353 3268 de
391 3208 781 3286 propositione
823 3217 882 3267 et
922 3209 1304 3285 praeceptione
1347 3209 1585 3266 istorum
1634 3207 1954 3267 mediorum
1997 3208 2346 3266 hominibus.
2430 3209 2691 3268 Verbum

281 3309 422 3365 ergo
451 3288 790 3347 Vocationis
819 3288 1050 3364 signum
1080 3295 1169 3346 est
1200 3287 1430 3346 Decreti
1457 3287 1642 3361 ἱειὶιιε,
1674 3307 1789 3363 quo
1818 3307 2033 3346 nexum
2063 3287 2199 3345 fecit
2227 3286 2687 3347 indissolubilem

280 3369 430 3427 inter
456 3368 630 3426 fidem
659 3376 718 3427 et
746 3368 1006 3442 salutem,
1037 3386 1212 3443 quam
1241 3367 1376 3444 quia
1403 3367 1674 3444 proponit
1724 3367 2001 3442 Verbum,
2032 3366 2195 3425 nulla
2227 3366 2518 3426 simulatio
2563 3369 2689 3426 Deo

278 3456 469 3525 potest
496 3447 762 3522 adscribi,
794 3466 926 3505 cum
952 3447 1100 3504 nihil
1126 3455 1407 3525 proponat
1434 3447 1591 3524 quod
1618 3447 1982 3506 verissimum
2008 3466 2126 3505 non
2155 3446 2247 3504 sit.

361 3528 551 3586 XIX.
597 3529 741 3587 Cum
769 3526 914 3586 fides
941 3526 1002 3584 in
1025 3527 1334 3602 Christum,
1359 3546 1488 3603 quoe
1515 3527 1685 3586 nobis
1705 3526 2095 3604 praescribitur
2111 3527 2172 3584 in
2201 3526 2541 3603 Vocatione,
2571 3547 2687 3586 non

278 3608 685 3684 praescribatur
728 3607 923 3684 quoad
963 3625 1162 3666 omnes
1207 3616 1370 3666 actus
1413 3626 1548 3665 suos
1597 3606 1770 3666 simul
1819 3615 1877 3666 et
1925 3606 2121 3682 semel,
2148 3607 2252 3666 sed
2292 3607 2578 3684 gradatim
2628 3615 2687 3666 et

278 3688 622 3761 successive,
638 3695 696 3746 et
723 3687 882 3764 prius
899 3687 1094 3763 quoad
1114 3695 1277 3746 actus
1299 3687 1597 3764 generales
1626 3696 1685 3746 et
1706 3687 1972 3762 directos,
1997 3707 2167 3763 quam
2192 3687 2385 3764 quoad
2407 3688 2684 3765 speciales

280 3774 340 3823 et
366 3765 631 3841 reflexos,
656 3765 848 3842 quoad
869 3775 1061 3825 actum
1090 3787 1360 3826 assensus
1389 3774 1446 3825 et
1474 3766 1699 3844 refugii,
1745 3786 1918 3843 quam
1963 3766 2156 3842 quoad
2184 3775 2379 3824 actum
2422 3767 2681 3843 acquies-

278 3845 482 3901 centiae
536 3845 597 3901 in
627 3844 855 3903 Christo
899 3864 1004 3921 pro
1033 3865 1123 3904 me
1151 3855 1411 3922 mortuo;
1455 3846 1571 3904 imo
1600 3866 1707 3905 nec
1747 3846 2152 3922 praecipiantur
2179 3845 2293 3919 isti,
2338 3845 2450 3902 nisi
2477 3845 2681 3921 positis

276 3922 746 3981 antecedentibus
772 3945 786 3981 ε
818 3923 1124 4000 Perperam
1143 3925 1354 3983 dicitur
1378 3925 1817 4001 promissionem
1840 3924 2042 3982 salutis
2072 3943 2146 3982 ex
2173 3934 2371 3982 nostra
2398 3924 2683 3983 sententia

276 4001 401 4060 fieri
424 4003 531 4060 sub
559 4001 907 4077 conditione,
938 4022 1066 4077 quae
1090 4003 1211 4060 sine
1240 4003 1541 4061 mendacio
1568 4005 1795 4080 impleri
1821 4023 1938 4061 non
1966 4003 2166 4079 possit.
2212 4002 2360 4060 Nam
2387 4003 2678 4061 Christum

276 4100 403 4139 esse
426 4101 626 4140 verum
655 4090 716 4139 et
740 4079 1054 4158 perfectum
1078 4080 1453 4140 'Servatorem
1482 4083 1737 4140 omnium
1765 4081 1840 4140 ad
1867 4082 2053 4158 ipsum
2101 4082 2249 4140 serio
2291 4101 2394 4158 per
2420 4081 2591 4140 fidem
2623 4090 2682 4141 et

274 4159 675 4238 poenitentiam
723 4159 1195 4236 confugientium,
1243 4160 1401 4237 quod
1437 4161 1767 4219 hominibus
1813 4160 2160 4219 credendum
2201 4161 2592 4237 praescribitur
2619 4162 2678 4218 in

275 4248 411 4299 actu
459 4241 677 4301 directo
715 4239 867 4315 fidei,
898 4247 1089 4317 potest
1116 4240 1273 4298 credi
1302 4240 1425 4298 sine
1462 4240 1780 4316 mendacio,
1812 4240 1887 4298 ab
1942 4239 2013 4297 iis
2070 4240 2260 4317 etiam,
2311 4261 2415 4317 pro
2465 4240 2676 4317 quibus

274 4320 537 4380 Christus
577 4340 696 4379 non
723 4328 812 4379 est
838 4328 1115 4379 mortuus.

352 4399 509 4458 XX.
554 4400 973 4459 Promissiones
1013 4407 1072 4458 et
1111 4398 1282 4458 minae
1321 4397 1533 4457 additae
1582 4399 1693 4457 Dei
1735 4397 2038 4472 mandatiS,
2069 4398 2213 4456 nihil
2249 4399 2436 4475 magis
2485 4399 2674 4475 expri-

272 4487 437 4537 munt
492 4479 563 4538 de
612 4481 723 4540 Dei
750 4488 939 4539 mente
978 4489 1037 4539 et
1064 4480 1400 4554 intentione,
1448 4497 1621 4555 quam
1677 4479 1803 4555 ipsa
1849 4478 2135 4553 mandata,
2187 4499 2316 4555 quae
2366 4478 2676 4537 ostendunt

271 4556 503 4634 quidem
541 4560 682 4636 quid
730 4561 805 4619 sit
837 4560 1153 4619 voluntatis
1183 4560 1293 4618 Dei
1335 4557 1736 4636 praecipientis,
1767 4578 1882 4617 non
1912 4578 2049 4617 vero
2078 4558 2219 4635 quid
2247 4558 2323 4616 sit
2362 4558 2674 4618 voluntatis

272 4637 650 4714 decernentis,
700 4659 829 4717 quae
869 4640 1096 4717 proprie
1150 4639 1420 4698 voluntas
1472 4638 1583 4696 Dei
1638 4638 1754 4696 dici
1809 4637 1998 4697 debet.
2106 4638 2188 4697 Ut
2235 4657 2374 4715 ergo
2427 4637 2675 4714 Spiritus
