3221 5200
192 388 448 435 QUAEs'r.
479 368 636 450 xva]
1105 391 1181 430 nn
1213 389 1550 431 vocxrioxn
1580 391 1656 429 nr
1686 391 1842 429 rins.
2514 374 2629 430 539

189 527 501 604 particula
529 531 830 605 exceptiva,
864 529 965 588 sed
991 532 1366 605 adversativa,
1397 551 1501 608 pro
1527 532 1630 589 sed
1647 554 1667 588 .·
1714 532 1897 587 Nemo
1924 529 2097 605 periit
2124 529 2280 588 exiis
2314 551 2451 607 quos
2498 531 2636 589 milii

195 609 436 684 dedisti,
485 613 588 666 sed
633 610 803 685 periit
829 618 1054 668 tantum
1078 612 1240 689 filius
1277 611 1631 687 perditionis,
1678 609 1779 687 qui
1821 629 1936 667 non
1978 618 2101 667 erat
2128 629 2203 667 ex
2232 611 2497 669 datorum
2524 630 2629 668 nu-

197 706 396 761 mer0,
444 688 546 746 sed
589 689 961 765 reproborum
989 699 1047 748 et
1075 691 1253 749 exitio
1283 691 1644 765 devotorum,
1675 698 1741 749 ut
1795 689 1935 747 alibi
1981 708 2097 746 non
2147 690 2325 748 semel
2368 690 2630 761 sumitur,

201 767 352 825 Gal.
387 767 446 824 ii.
483 770 573 840 16,
610 771 639 824 1
675 769 803 826 Cor.
836 769 935 827 vii.
971 773 1062 844 17,
1096 770 1228 829 Gal.
1260 770 1296 828 i.
1330 774 1384 845 7,
1418 769 1606 847 Apoc.
1637 769 1761 828 xxi.
1792 772 1889 828 27.

298 846 636 904 XXXIX.
682 846 866 906 Aliud
894 858 982 907 est
1019 870 1057 906 a
1097 850 1293 925 qratia
1336 851 1594 908 excidere
1627 850 1864 925 positive
1910 867 2014 924 per
2040 847 2254 906 realem
2282 847 2483 924 gratiae
2505 848 2630 924 jam

199 936 465 1001 receptae
507 927 923 1004 privationem;
971 928 1151 987 Aliud
1183 950 1320 988 vero
1342 930 1601 988 excidere
1641 930 1712 987 ab
1740 949 1808 987 ea
1836 928 2102 1003 neqative,
2147 928 2304 985 illam
2334 947 2449 984 non
2478 946 2631 984 asse-

202 1005 470 1081 quendo.
560 1007 654 1064 Illi
683 1007 754 1065 de
783 1009 993 1083 quibus
1036 1010 1291 1085 loquitur
1329 1009 1564 1084 Paulus,
1603 1009 1736 1066 Gal.
1770 1029 1824 1067 v.
1855 1011 1910 1081 4,
1942 1007 2245 1083 posteriori
2295 1026 2484 1079 sensu,
2516 1025 2632 1064 non

91 1133 94 1140 .
203 1085 417 1161 priori,
465 1085 735 1144 dicuntur
762 1089 1030 1146 excidisse
1067 1109 1106 1146 α
1141 1089 1355 1165 qratia,
1399 1095 1685 1165 quatenus
1733 1088 1940 1146 misere
1969 1087 2230 1145 volentes
2260 1087 2302 1145 J
2306 1086 2633 1145 uda’ismum

206 1185 354 1221 cum
386 1166 840 1241 ChristianismO,
900 1177 957 1225 et
991 1168 1206 1244 Legem
1235 1188 1361 1227 cum
1410 1168 1752 1244 EvangeliO,
1784 1168 1825 1226 J
1832 1166 2084 1224 ustitiam
2115 1186 2276 1224 suam
2333 1185 2463 1223 cum
2493 1165 2535 1223 J
2540 1184 2632 1222 us-

207 1244 350 1301 titia
401 1246 630 1318 Christi,
677 1246 788 1305 ista
810 1266 869 1304 se
899 1248 1223 1324 privabant,
1254 1257 1313 1306 et
1340 1249 1414 1306 ab
1451 1268 1520 1306 ea
1547 1248 1631 1305 ita
1658 1246 2021 1319 excidebant,
2047 1254 2111 1303 ut
2139 1246 2278 1303 alibi
2305 1245 2378 1302 de
2408 1246 2450 1304 J
2454 1244 2636 1302 udaeis

208 1323 382 1398 dicit,
419 1324 586 1381 Rom.
618 1327 697 1383 ix.
729 1329 801 1384 31
830 1347 994 1401 ;cu1n
1035 1329 1188 1386 enim
1231 1327 1416 1404 gratia
1438 1336 1496 1386 et
1522 1327 1791 1385 meritum
1835 1327 1951 1384 sint
1994 1334 2259 1392 sedena-a,
2302 1345 2418 1383 non
2446 1333 2638 1401 potest

207 1422 336 1539 Ru
365 1404 553 1479 gratia
580 1405 846 1464 excidere
875 1407 1137 1484 quisquis
1176 1407 1463 1486 justitiam
1499 1426 1680 1480 suam,
1712 1407 1808 1465 vel
1844 1426 1920 1465 ex
1948 1413 2087 1481 toto,
2120 1406 2215 1462 vel
2243 1425 2318 1463 ex
2366 1413 2545 1482 parte,
2577 1405 2637 1461 iu

311 1503 385 1558 ge
417 1484 639 1559 quaerit.

300 1562 442 1621 XL.
489 1563 671 1621 Aliud
713 1573 800 1623 est
840 1559 990 1623 tradi
1035 1565 1265 1624 Satanae
1307 1585 1438 1624 cum
1489 1564 1754 1641 Epulone
1812 1562 1887 1621 ad
1916 1573 2193 1622 aeternum
2249 1571 2597 1621 tormentum
2621 1585 2636 1638 ;

212 1639 408 1699 Aliud
435 1663 566 1700 cum
613 1645 845 1703 Incesto
888 1645 1254 1704 Corinthiaco
1283 1645 1343 1703 in
1362 1644 1602 1704 exitium
1635 1645 1839 1717 carnis,
1872 1651 1936 1701 ut
1969 1644 2216 1719 Spiritus
2246 1645 2444 1701 salvus
2474 1644 2548 1700 sit
2577 1643 2638 1700 in

213 1720 313 1778 die
341 1722 592 1796 Domini,
625 1725 651 1778 1
681 1724 810 1781 Cor.
835 1743 891 1782 v.
917 1727 972 1782 5.
1007 1724 1227 1783 Fidelis
1254 1733 1446 1802 potest
1468 1724 1619 1782 tradi
1635 1722 1937 1800 posteriori
1959 1723 2069 1780 hoc
2089 1722 2278 1796 modo,
2304 1742 2420 1780 non
2442 1723 2636 1797 priori.

217 1801 761 1860 Exeommunicatio
786 1803 978 1879 lapsos
1000 1824 1034 1861 a
1061 1823 1241 1880 regno
1271 1803 1546 1861 coelorum
1576 1801 1914 1878 simpliciter
1941 1821 2057 1858 non
2078 1800 2353 1875 excludit,
2380 1801 2482 1859 sed
2507 1821 2638 1859 cum

216 1879 571 1955 conditione,
623 1882 734 1938 nisi
786 1890 1089 1957 resurgant
1136 1902 1239 1960 per
1284 1882 1700 1959 poenitentiam,
1733 1900 1906 1957 quam
1955 1899 2197 1938 censura
2225 1881 2336 1938 ista
2363 1890 2638 1956 tanquam

220 1959 474 2018 salubris
502 1960 789 2018 medicina
817 1971 1086 2037 operatur
1109 1962 1164 2018 in
1186 1981 1319 2018 vere
1348 1961 1620 2018 fidelibus
1647 1980 1750 2037 per
1773 1960 1884 2018 Dei
1906 1961 2167 2035 gratiam,
2193 1964 2228 2016 2
2262 1961 2390 2018 Cor.
2415 1961 2515 2018 vii.
2546 1963 2636 2019 11.

223 2039 397 2102 Unde
428 2040 958 2098 excommunicatus
1000 2060 1116 2098 non
1145 2040 1357 2098 desinit
1384 2041 1444 2097 in
1472 2040 1700 2098 occulto
1730 2059 1855 2098 esse
1893 2040 2211 2097 membrum
2243 2039 2473 2112 Christi,
2504 2039 2641 2098 licet

219 2118 417 2194 quoad
466 2128 764 2176 externam
813 2119 1176 2196 disciplinam
1224 2139 1329 2196 pro
1369 2127 1628 2196 tempore
1677 2140 1712 2176 a
1761 2119 2010 2196 Corpore
2072 2127 2312 2177 externo
2360 2119 2639 2178 Ecclesiae

221 2206 530 2272 resecetur,
562 2206 621 2256 et
675 2218 710 2256 a
769 2199 1073 2257 Sacrorum
1129 2198 1528 2257 communione
1555 2221 1569 2257 ι
1636 2199 1918 2256 Nimirum
1970 2199 2508 2257 Excommunicatio
2552 2208 2641 2258 est

223 2276 520 2353 flagellum
550 2277 658 2352 piae
689 2278 896 2336 Matris
924 2279 984 2336 in
1006 2298 1249 2355 pravum
1277 2278 1476 2353 filium,
1498 2298 1670 2355 quem
1699 2298 1815 2336 non
1843 2278 1979 2355 quia
2008 2277 2280 2353 flagellat,
2306 2278 2437 2336 ideo
2465 2279 2642 2337 habet

220 2376 325 2433 pro
354 2376 471 2414 non
498 2356 635 2432 filio,
669 2357 771 2415 sed
794 2358 1040 2435 castigat
1067 2358 1339 2435 graviter,
1369 2366 1436 2416 ut
1462 2358 1746 2434 emendet,
1777 2377 1850 2416 ne
1878 2357 1980 2415 fiat
2006 2358 2237 2415 omnino
2267 2378 2384 2415 non
2412 2358 2586 2416 filius.

304 2436 478 2495 XLI.
525 2437 688 2496 Licet
721 2437 917 2496 Sancti
945 2457 1048 2515 per
1075 2438 1278 2515 gravia
1306 2437 1365 2495 in
1411 2457 1543 2515 quae
1586 2438 1861 2496 labuntur
1900 2445 2138 2514 peccata
2178 2447 2505 2496 mereantur
2533 2458 2636 2496 ex-

226 2516 544 2574 clusionem
573 2537 608 2574 a
636 2537 814 2593 regno
845 2518 1136 2594 coelorum,
1168 2526 1227 2577 et
1259 2518 1692 2594 justificationis
1721 2538 1787 2576 ac
1817 2516 2142 2594 adoptionis
2184 2517 2636 2594 abrogationem,

227 2597 294 2655 fit
322 2606 513 2656 tamen
547 2597 655 2655 Dei
684 2597 1092 2675 misericordia,
1137 2606 1203 2658 ut
1242 2608 1547 2677 propterea
1572 2618 1680 2657 nec
1709 2598 1751 2657 J
1756 2618 1823 2658 us
1852 2597 1926 2656 ad
1952 2618 2196 2674 reg-num
2224 2598 2501 2657 coelorum
2530 2599 2640 2659 tol-

223 2676 392 2751 latur,
450 2697 556 2735 nec
606 2679 648 2737 J
652 2679 960 2737 ustificatio
1008 2689 1108 2739 aut
1163 2678 1424 2755 Adoptio
1472 2688 1792 2754 revocetur,
1838 2698 1944 2737 nec
1974 2686 2158 2737 status
2187 2678 2641 2754 regenerationis

224 2756 521 2816 aboleatur
547 2758 829 2816 effective.
914 2759 1062 2833 Quia
1089 2760 1132 2818 J
1135 2779 1204 2818 us
1232 2760 1307 2817 ad
1334 2779 1578 2837 regnum
1600 2779 1719 2817 non
1747 2758 1807 2816 in
1836 2758 2160 2817 actionibus
2187 2759 2400 2817 nostris
2429 2758 2632 2817 funda-

226 2844 334 2908 tur,
366 2837 470 2895 sed
497 2838 557 2894 in
586 2840 839 2913 gratuita
862 2839 973 2898 Dei
1001 2839 1326 2917 adoptione,
1351 2850 1409 2899 et
1430 2848 1628 2899 nostra
1656 2858 1787 2897 cum
1811 2838 2040 2897 Christo
2071 2838 2283 2897 unione
2325 2838 2633 2897 indissolu-

227 2915 365 2990 bili;
415 2917 490 2973 Et
517 2927 710 2975 reatus
732 2919 905 2995 hujus
933 2919 1028 2977 vel
1057 2919 1214 2977 illius
1242 2920 1464 2996 peccati
1491 2939 1609 2978 non
1637 2919 1882 2994 abrogat
1900 2918 2376 2990 justificationem
2405 2919 2634 2976 univer·

230 2993 404 3051 salem
432 3004 797 3069 peccatorum
823 2998 1288 3073 praecedentium,
1339 3007 1399 3056 et
1441 3006 1655 3057 statum
1703 3017 1964 3073 personae
2016 2998 2141 3055 Deo
2191 3017 2293 3072 per
2343 2997 2634 3056 Christum

229 3074 641 3149 reconciliatae3
689 3075 767 3133 Et
813 3076 1139 3150 adoptionis
1166 3076 1546 3153 previlegium
1577 3097 1613 3134 a
1640 3076 1808 3134 nobis
1850 3095 1965 3133 non
2007 3075 2236 3150 pendet,
2285 3075 2386 3133 sed
2430 3097 2465 3133 a
2513 3075 2638 3133 sola

233 3153 340 3210 Dei
369 3153 558 3210 Patris
600 3153 1028 3231 misericordia3
1061 3154 1140 3214 Et
1187 3156 1375 3230 gratia
1422 3154 1874 3229 regenerationis
1917 3154 2045 3212 fluit
2071 3173 2107 3211 a
2138 3154 2372 3231 Spiritu,
2424 3155 2524 3229 qui
2573 3162 2639 3212 ut

232 3252 421 3290 semen
470 3232 626 3290 istud
672 3232 970 3291 vivificum
1019 3234 1200 3292 semel
1246 3235 1308 3291 in
1356 3233 1626 3292 cordibus
1654 3233 1866 3291 nostris
1895 3233 2275 3310 implantavit,
2308 3233 2389 3291 ita
2416 3234 2501 3291 illi
2530 3232 2635 3290 imu

231 3312 419 3389 primit
447 3312 566 3369 vim
610 3313 902 3371 coelestem
957 3321 1015 3372 et
1068 3313 1577 3390 incorruptibilem,
1630 3311 1987 3388 eandemque
2041 3320 2318 3389 perpetuo
2367 3312 2526 3371 fovet
2579 3321 2638 3371 et

233 3400 434 3450 tuetur.
521 3393 615 3450 Ita
655 3393 921 3469 quamvis
948 3393 1132 3470 possit
1180 3394 1351 3451 homo
1393 3412 1639 3470 peccans
1666 3412 1835 3452 usum
1866 3392 2033 3451 istius
2062 3394 2104 3452 J
2107 3393 2242 3468 uris,
2275 3401 2334 3451 et
2352 3392 2636 3469 justifica-

234 3471 398 3529 tionis
454 3492 686 3530 scnsum
740 3474 1002 3532 amittere
1057 3474 1263 3532 saltem
1311 3474 1386 3531 ad
1440 3482 1703 3550 tempus;
1751 3474 1881 3531 Non
1919 3481 2110 3549 potest
2137 3481 2330 3531 tamen
2350 3474 2481 3549 jure
2510 3474 2637 3549 ipso

235 3552 510 3611 excidere.
573 3553 700 3612 Etsi
730 3553 1058 3630 adoptionis
1086 3553 1291 3612 solatio
1321 3554 1595 3630 privetur,
1620 3574 1735 3611 non
1764 3561 1957 3612 tamen
1980 3553 2171 3612 statim
2203 3553 2304 3610 illa
2331 3553 2638 3630 adoptione

237 3632 474 3706 exuitur,
504 3641 569 3692 ut
590 3633 745 3692 filius
772 3635 874 3692 fiat
903 3634 1137 3693 Diaboli
1164 3642 1223 3693 et
1245 3653 1446 3693 servus
1474 3634 1712 3711 peccati,
1743 3634 1843 3710 qui
1870 3633 2057 3694 factus
2086 3634 2272 3692 fuerat
2302 3633 2486 3692 Filius
2507 3632 2637 3692 Dei.

239 3710 311 3768 Et
338 3712 384 3768 si
413 3732 608 3771 semen
648 3713 803 3773 istud
845 3714 905 3772 in
948 3715 1118 3773 corde
1166 3714 1326 3789 latet,
1373 3734 1478 3772 nec
1520 3714 1660 3772 foris
1690 3734 1751 3772 se
1779 3714 1972 3790 prodit
1999 3714 2074 3771 ad
2102 3714 2324 3772 fructus
2351 3713 2635 3787 ferendos,

238 3810 344 3846 non
371 3793 611 3850 moritur
639 3801 829 3851 tamen
854 3817 869 3852 ι
893 3794 1016 3852 vita
1058 3814 1283 3870 semper
1311 3804 1400 3853 est
1426 3794 1485 3852 in
1514 3794 1724 3852 radice.
1757 3794 1945 3852 Actus
1972 3793 2108 3851 fidei
2136 3801 2327 3870 potest
2354 3792 2636 3868 intercipi,

239 3868 334 3925 sed
359 3889 475 3926 non
504 3872 626 3947 ipse
655 3873 887 3931 habitus
915 3873 1128 3948 excuti,
1159 3882 1225 3931 ut
1254 3874 1406 3949 ignis
1434 3873 1535 3949 qui
1565 3874 1673 3932 sub
1702 3873 1991 3931 cineribus
2040 3873 2198 3945 latet,
2247 3880 2311 3929 ut
2358 3871 2481 3928 vita
2509 3890 2639 3945 quae

241 3968 336 4084 {ua
361 3948 615 4025 deliquia
642 3952 874 4026 patitur,
905 3960 970 4010 ut
997 3952 1194 4028 planta
1221 3953 1463 4011 durante
1505 3953 1732 4030 hyeme,
1776 3971 1906 4028 quae
1947 3971 2053 4008 nec
2081 3951 2262 4023 floret,
2295 3969 2401 4008 nec
2442 3949 2639 4008 fructi-

281 4037 381 4086 cat.

317 4108 520 4167 XLII.
566 4107 749 4169 Aliud
777 4116 865 4168 est
893 4108 1120 4168 fidelem
1151 4110 1406 4186 graviter
1432 4119 1782 4188 peccantem,
1816 4128 1942 4168 esse
1984 4128 2089 4167 suo
2132 4110 2336 4168 merito
2365 4109 2638 4166 damnan-

243 4188 384 4264 dum,
417 4191 467 4248 si
495 4189 683 4267 quoad
714 4209 775 4247 se
799 4190 857 4246 in
888 4209 1059 4247 sensu
1088 4190 1277 4248 diviso
1320 4199 1610 4266 spectetur
1634 4212 1647 4266 3
1694 4189 1877 4248 Aliud
1900 4189 1949 4247 si
1967 4188 2360 4247 consideretur
2385 4189 2446 4246 in
2470 4208 2642 4247 sensu

243 4270 562 4346 composite,
584 4279 643 4329 et
660 4270 850 4346 quoad
870 4270 1180 4328 Decretum
1200 4270 1328 4328 Dei.
1368 4270 1554 4328 Priori
1575 4289 1749 4329 sensu
1770 4288 1972 4328 verum
1993 4276 2083 4327 est
2100 4289 2258 4328 reum
2276 4288 2402 4327 esse
2420 4269 2640 4343 mortiS,

244 4357 296 4405 et
322 4350 367 4407 si
392 4350 453 4407 in
483 4370 550 4408 eo
575 4358 726 4408 statu
749 4358 1079 4425 moreretur,
1112 4358 1269 4408 certo
1298 4349 1706 4408 damnandum.
1796 4349 1911 4408 Sed
1938 4349 2239 4426 posteriori
2254 4358 2409 4408 recte
2432 4348 2644 4407 dicitur

246 4427 620 4487 absolvendus
649 4439 706 4488 et
734 4430 1079 4506 salvandus3
1128 4431 1253 4488 Deo
1282 4429 1362 4489 ita
1389 4430 1669 4488 immensa
1698 4449 1802 4489 sua
1829 4429 2105 4488 charitate
2128 4439 2185 4487 et
2215 4429 2494 4505 sapientia
2521 4448 2643 4487 rem

247 4505 586 4584 disponente,
613 4518 676 4567 ut
705 4529 997 4586 nunquam
1025 4511 1085 4568 in
1103 4530 1173 4570 eo
1195 4518 1348 4570 statu
1371 4510 1557 4585 obeat,
1591 4510 1695 4569 sed
1722 4510 1880 4587 prius
1911 4529 2015 4587 per
2041 4509 2172 4567 fidei
2204 4518 2262 4568 et
2289 4509 2641 4586 poenitentias

249 4595 423 4643 actum
453 4596 791 4646 renovatum
832 4591 1254 4668 redintegretur
1282 4598 1340 4650 et
1366 4590 1565 4649 redeat
1591 4590 1654 4647 in
1681 4591 1854 4664 viam,
1899 4598 2205 4666 antequam
2241 4590 2537 4666 perveniat
2567 4588 2642 4648 ad

248 4674 461 4725 metam.
551 4667 718 4725 Unde
758 4670 931 4744 juxta
979 4670 1268 4747 duplicem
1313 4679 1487 4746 exten,
1534 4669 1665 4729 duae
1707 4670 1832 4729 istae
1876 4670 2312 4748 propositiones,
2341 4670 2478 4729 lieet
2506 4690 2640 4729 con-
