3221 5200
235 383 461 433 QUAEs‘r.
492 367 587 448 11.]
1072 387 1150 426 nu
1192 386 1527 427 vocsrroxs
1572 386 1646 426 ΕΤ
1689 386 1845 427 rum.
2520 373 2639 429 443

234 523 441 599 gionis,
474 534 532 584 et
558 546 668 585 usu
701 529 1038 601 Sacrorum3
1094 527 1216 585 Ista
1242 526 1594 585 invisibilem
1624 534 1683 585 et
1709 525 1994 585 internam
2023 525 2084 583 in
2114 525 2228 584 fide
2257 533 2316 586 et
2343 528 2640 588 charitate.

236 604 331 660 Ex
359 605 460 663 illa
492 607 689 664 Sancti
717 607 987 666 dicuntur
1014 607 1326 683 aequivoce,
1373 607 1467 663 Ex
1496 607 1608 665 ista
1635 625 1776 665 vero
1803 606 2031 683 proprie
2061 615 2118 664 et
2145 607 2409 665 univoce.

836 686 1017 744 VIII.
1064 686 1317 760 Quaestio
1366 686 1459 743 hic
1496 694 1765 745 movetur
1803 686 1876 743 ab
1918 684 2290 744 Adversariis
2331 687 2484 744 circa
2524 687 2642 747 dis·

234 767 316 812 An
338 763 548 815 Vocatio'
560 777 718 815 exter·
759 764 1094 823 tinctionem
1137 765 1384 841 duplicis
1423 765 1592 824 istius
1621 765 1978 840 vocationis,
2011 765 2111 822 An
2148 766 2376 824 vocatio
2419 767 2644 825 interna

294 841 357 928 11¹?
373 835 465 929 aet
524 831 718 874 interna
759 854 817 903 ct
859 844 1060 902 efficax
1101 844 1490 920 distinguatur
1530 852 1756 904 tantum
1790 845 1864 902 ab
1913 854 2153 903 externa
2180 864 2216 902 a
2241 847 2543 922 posteriori
2584 856 2644 905 et

293 887 716 989 ιζίῑὲξὶῃζέζέἶαφ
757 923 1174 997 eventualiter3
1262 925 1359 981 An
1388 943 1526 981 vero
1555 924 1729 982 etiam
1757 944 1792 981 a
1819 924 2013 999 priori,
2057 925 2280 983 ratione
2323 925 2641 984 voluntatis

759 1011 818 1060 et
862 1003 1093 1061 Decreti
1141 970 1342 1076 divini,
1383 1011 1441 1061 et
1467 1011 1687 1061 naturas
1736 1002 1918 1079 ipsius
1959 1003 2342 1062 vocationis?
2424 1005 2641 1063 Luthe-

237 1080 361 1137 rani
390 1082 543 1139 enim
571 1082 952 1140 Vocationem
995 1082 1277 1140 internam
1305 1091 1364 1140 et
1392 1091 1691 1140 externam
1720 1100 1756 1138 a
1782 1090 1942 1158 parte
1970 1082 2053 1140 rei
2081 1102 2257 1140 unam
2285 1082 2643 1159 eandemque

238 1170 490 1236 censent,
522 1162 603 1219 ita
632 1170 696 1220 ut
724 1180 923 1219 omnes
972 1169 1208 1220 externe
1253 1161 1463 1236 vocati,
1521 1162 1744 1219 interne
1835 1181 2021 1237 uoque
2069 1170 2366 1220 vocentur.
2426 1163 2643 1239 Rogati

236 1258 391 1313 vem,
424 1241 523 1317 qui
552 1241 668 1316 fiat,
701 1241 860 1317 quod
880 1240 1128 1299 Vocatio
1156 1250 1396 1299 externa
1421 1240 1482 1297 in
1509 1260 1626 1300 uno
1655 1240 1733 1299 sit
1753 1260 1785 1298 e
1847 1260 1973 1312 cax,
2003 1240 2062 1297 in
2092 1241 2272 1299 altero
2300 1244 2455 1299 non?
2497 1242 2642 1301 Res-

234 1318 506 1394 pondent,
539 1320 598 1377 id
626 1321 699 1378 ab
728 1320 977 1378 hominis
1005 1320 1141 1378 oriri
1169 1321 1485 1379 voluntate.
1550 1320 1880 1378 Arminiani
1909 1340 2030 1378 rem
2058 1319 2268 1379 clarius
2296 1320 2638 1397 edisserunt,

237 1397 661 1458 Vocationem‘
646 1420 705 1456 ιιι
735 1399 1081 1476 quibusdam
1109 1418 1236 1458 esse
1277 1400 1692 1474 inefficacem,
1676 1420 1736 1457 m
1765 1399 1895 1458 aliis
1942 1418 2076 1475 non,
2134 1419 2250 1458 non
2295 1400 2453 1476 quod
2483 1402 2644 1459 Deus

234 1478 445 1553 plura'
428 1499 489 1536 ιιι
517 1480 632 1536 illis
660 1487 944 1556 operetur,
976 1479 1081 1537 sed
1107 1480 1262 1555 quod
1294 1479 1448 1537 bona
1487 1479 1738 1537 hominis
1779 1480 2052 1539 voluntas
2093 1478 2402 1538 efficaciam
2446 1500 2641 1557 super-

236 1556 429 1631 addat,
475 1558 744 1635 quodque
782 1558 867 1616 illi
908 1578 1012 1635 pro
1056 1578 1161 1617 sua
1199 1559 1466 1617 libertate
1502 1558 1812 1618 admittant
1853 1559 2132 1633 Verbum,
2177 1559 2335 1635 quod
2376 1559 2475 1617 alii
2524 1580 2644 1618 res·

235 1646 438 1712 puunt.
501 1638 619 1696 Sed
647 1637 968 1697 Orthodoxi
999 1638 1306 1696 discrimen
1335 1638 1491 1697 istud
1519 1654 1638 1697 non
1666 1639 1740 1696 ab
1762 1639 2011 1697 hominis
2038 1638 2220 1696 libero
2250 1638 2487 1697 arbitrio
2517 1659 2641 1697 sus-

237 1716 514 1791 pendunt,
546 1725 604 1776 et
632 1717 756 1775 solo
795 1725 1007 1775 eventu
1049 1717 1461 1791 dimetiuntur;
1521 1717 1626 1776 sed
1654 1717 1771 1775 ab
1754 1737 1881 1794 lpso
1927 1717 2039 1775 Dei
2076 1718 2325 1775 Decreto
2354 1726 2412 1775 et
2439 1726 2646 1775 natura

238 1794 594 1870 Vocationis,
627 1805 684 1854 et
712 1796 1040 1854 discrimine
1084 1797 1303 1856 Gratiae
1345 1796 1702 1872 subjectivae,
1747 1816 1876 1872 quae
1917 1796 2089 1871 longe
2129 1795 2416 1854 efficacius
2443 1796 2504 1853 in
2532 1796 2641 1870 his,

236 1894 409 1949 quam
437 1875 497 1932 in
526 1875 642 1934 illis
671 1883 954 1951 operetur,
994 1882 1213 1950 petunt.

314 1955 432 2013 IX.
520 1956 799 2014 Rationes
842 1962 991 2027 sunt,
1082 1957 1134 2012 1.
1220 1953 1368 2026 Quia
1410 1953 1659 2012 Vocatio
1701 1953 1928 2011 interna
1967 1960 2058 2011 est
2097 1961 2228 2008 »aa-k
2253 1959 2462 2026 reum»,
2508 1973 2638 2029 quae

234 2034 475 2109 proinde
503 2034 717 2110 pendet
745 2054 780 2090 a
810 2033 1057 2091 Decreto
1088 2031 1217 2107 Dei,
1249 2039 1307 2089 et
1336 2040 1424 2089 est
1451 2040 1665 2090 aeterna
1692 2040 1750 2089 et
1778 2043 1866 2099 ὶμι
1871 2041 2150 2099 rapiam-05,
2190 2033 2358 2091 Rom.
2389 2032 2510 2090 viii.
2543 2036 2640 2108 28,

236 2119 296 2170 et
336 2114 417 2171 xi.
462 2116 585 2185 293
673 2112 805 2169 Non
854 2132 993 2188 ergo
1042 2111 1248 2169 efficax
1294 2119 1519 2169 tantum
1574 2111 1972 2169 eventualiter.
2056 2116 2112 2169 2.
2198 2112 2347 2185 Quia
2400 2119 2645 2170 eventus

236 2190 359 2282 ipse
387 2211 503 2250 non
532 2160 765 2249 aliunde
794 2192 1023 2267 pendet,
1067 2210 1243 2267 quam
1271 2190 1390 2248 ab
1374 2209 1500 2267 ipso
1532 2190 1780 2248 Decreto
1811 2189 1939 2263 Dei,
1985 2190 2086 2265 qui
2113 2189 2196 2249 ita
2222 2190 2422 2283 dirigit
2449 2191 2643 2249 Voca-

235 2270 452 2328 tionem
499 2279 779 2347 potenter,
824 2278 889 2329 ut
930 2279 1201 2328 eventum
1251 2289 1418 2328 suum
1466 2269 1793 2327 necessario
1841 2267 2113 2328 sortiatur
2140 2270 2200 2327 ιιι
2233 2270 2323 2345 iis,
2367 2270 2467 2346 qui
2510 2279 2647 2330 sunt

237 2349 423 2424 electi,
456 2350 591 2408 Act.
622 2350 745 2407 xiii.
777 2351 873 2422 48,
935 2348 1365 2407 “Crediderunt
1392 2356 1676 2425 quotquot
1704 2347 1953 2406 ordinati
1980 2357 2143 2407 erant
2170 2349 2245 2407 ad
2274 2350 2452 2407 vitam
2482 2358 2645 2409 aeter-

236 2448 387 2486 nam.
396 2430 429 2455 '²
513 2433 569 2488 3.
628 2429 776 2503 Quia
818 2427 961 2486 alias
1009 2428 1182 2487 homo
1241 2427 1492 2504 seipsum
1540 2428 1977 2502 discriminaret,
2029 2437 2229 2488 contra
2279 2429 2546 2503 Paulum,
2608 2432 2639 2487 1

240 2508 368 2565 Cor.
399 2507 477 2566 iv.
510 2512 564 2583 7,
626 2510 661 2540 ‘⁶
686 2507 828 2582 Quis
871 2515 928 2566 te
957 2507 1279 2566 discernit?
1341 2507 1496 2582 Quid
1522 2507 1703 2567 habes
1731 2507 1885 2584 quod
1922 2528 2041 2565 non
2081 2508 2414 2585 acceperis?
2437 2510 2467 2537 ”
2522 2510 2645 2567 Nec

236 2595 389 2646 esset
421 2590 456 2620 ‘⁴
486 2587 665 2647 solius
697 2588 807 2646 Dei
835 2587 1178 2663 miserentis,
1209 2587 1314 2647 sed
1338 2587 1589 2647 hominis
1619 2587 1868 2647 volentis
1896 2595 1955 2647 et
1982 2588 2321 2663 currentis,'’
2359 2588 2528 2646 Rom.
2558 2589 2653 2648 ix.

238 2670 353 2743 163
414 2688 544 2726 cum
587 2677 779 2727 tamen
825 2669 985 2726 Deus
1031 2678 1299 2744 operetur
1339 2668 1400 2725 in
1441 2668 1610 2728 nobis
1655 2669 1809 2726 velle
1838 2675 1897 2726 et
1923 2669 2211 2745 perficere,
2260 2668 2411 2727 Phil.
2453 2669 2513 2726 ii.
2548 2670 2648 2729 13..

236 2746 389 2819 Quid
430 2749 525 2806 hic
567 2755 888 2825 opponatur
915 2748 988 2805 ab
1018 2747 1389 2807 Adversariis
1438 2748 1814 2825 expendetur,
1858 2768 2036 2825 quum
2065 2748 2138 2808 de
2172 2748 2426 2808 efficacia
2452 2747 2643 2807 Voca-

235 2825 408 2885 tionis
438 2836 642 2905 agetur
670 2828 730 2885 in
759 2827 1152 2903 sequentibus.

319 2906 403 2963 X.
456 2907 703 2964 Vocatio
731 2926 930 2964 rursus
959 2905 1240 2982 distingui
1269 2906 1417 2965 solet
1444 2906 1505 2963 in
1533 2907 1890 2965 ordinariam
1919 2914 1979 2965 et
2004 2905 2331 2980 mediatam,
2364 2914 2422 2965 et
2449 2916 2644 2965 extra»

234 2985 591 3043 ordinariam
618 2997 676 3042 et
703 2985 1111 3043 immediatam.
1171 2986 1286 3042 Illa
1312 2994 1416 3060 est,
1462 3005 1636 3062 quam
1668 2986 1828 3045 Deus
1857 2985 2095 3044 adhibet
2120 2986 2183 3043 in
2210 2986 2499 3044 ordinaria
2527 2986 2642 3044 dis·

233 3063 568 3141 pensatione
598 3064 816 3139 gratiae‚
850 3084 978 3139 quae
1007 3064 1072 3120 fit
1099 3064 1427 3122 interventu
1455 3065 1776 3122 mediorum
1805 3072 2190 3138 externorum,
2211 3084 2315 3123 seu
2340 3064 2646 3123 ministerii

234 3142 549 3200 hominum.
636 3143 760 3200 Ista
800 3161 957 3216 ver0,
1001 3162 1131 3218 quae
1174 3149 1340 3200 extra
1382 3142 1641 3200 ordinem
1683 3142 1808 3201 fieri
1849 3143 2011 3216 solet,
2052 3151 2317 3219 respectu
2359 3151 2644 3200 certorum

234 3221 682 3294 individuorum,
708 3241 837 3297 quae
863 3221 1024 3278 Deus
1040 3220 1369 3279 immediate
1398 3228 1456 3279 et
1481 3240 1585 3297 per
1614 3241 1693 3295 se,
1724 3221 1942 3296 absque
1969 3221 2297 3280 interventu
2325 3221 2640 3296 hominum,

233 3309 407 3360 vocat
434 3300 508 3359 ad
538 3320 598 3359 se
629 3308 688 3359 et
716 3300 1018 3376 convertit,
1063 3299 1252 3375 qualis
1279 3300 1409 3359 visa
1434 3309 1523 3358 est
1550 3301 1612 3359 in
1631 3300 1879 3375 latrone,
1924 3300 2126 3376 Paule,
2171 3308 2229 3359 et
2269 3300 2400 3359 aliis
2441 3300 2641 3358 imme-

235 3379 389 3440 diate
418 3401 453 3439 a
483 3382 610 3439 Deo
638 3379 879 3439 vocatis.

1159 3617 1547 3693 QUAESTIO
1618 3618 1704 3676 11.

984 3795 1060 3834 DE
1102 3795 1440 3836 VOCATIONF.
1482 3794 1895 3837 REPROBORUM.

234 3936 327 3993 An
348 3934 615 4010 Βερνοόἱ,
639 3934 738 4008 qui
767 3933 1079 3991 Vocationis
1106 3936 1518 4012 extemaefiunt
1533 3934 1862 4011 participes,
1897 3954 1961 3992 eo
1989 3935 2108 3991 Dei
2130 3934 2356 3992 consilio
2385 3942 2439 3992 et
2464 3933 2637 3993 inten-

316 4016 460 4072 tione
498 4021 777 4086 vocentur,
807 4020 870 4067 ut
886 4011 1082 4069 salutis
1105 4014 1262 4089 fiant
1274 4015 1618 4090 participes.
1607 4016 1632 4055 ²
1719 4014 1804 4069 Et
1828 4012 1940 4087 An,
1970 4014 2073 4071 hoc
2112 4022 2328 4089 negato,
2372 4022 2640 4089 sequatur

314 4098 503 4153 Deum
523 4113 647 4152 cum
667 4091 776 4149 illis
796 4110 907 4148 non
928 4110 1098 4166 aqere
1116 4092 1279 4167 serio,
1309 4094 1412 4150 sed
1426 4093 1761 4169 hypocritae
1781 4101 1835 4149 et
1851 4092 2140 4150 simulate·
2114 4137 2133 4165 ,
2166 4095 2256 4151 vel
2272 4112 2440 4169 posse
2465 4093 2636 4168 injus-

317 4175 452 4234 titiae
477 4174 643 4232 ullius
670 4189 958 4231 accusari.
922 4170 974 4211 ²
1056 4169 1204 4246 Neg.

838 4330 888 4388 Ι.
945 4327 1203 4403 Quaestio
1241 4328 1367 4387 haec
1405 4326 1575 4387 nobis
1616 4327 1919 4388 intercedit
1946 4347 2078 4387 cum
2107 4328 2478 4405 LutheraniS,
2522 4329 2638 4388 Ar·

294 4396 681 4498 Smssssnssuaess·
757 4409 1042 4484 minianis,
1091 4416 1149 4467 et
1194 4407 1411 4467 Gratiae
1442 4407 1806 4467 Universalis
1842 4408 2140 4484 Patronis;
2186 4409 2302 4485 qui,
2353 4417 2420 4468 ut
2450 4409 2638 4469 Voca-

560 4485 571 4497 ‘
758 4489 932 4547 tionis
963 4487 1476 4548 Universalitatem
1504 4486 1821 4561 adstruant,
1844 4487 2046 4546 saltem
2068 4488 2261 4564 quoad
2279 4488 2640 4549 Praeconium

238 4566 545 4643 Evangelii
573 4567 633 4623 in
664 4568 925 4627 Ecclesia
951 4568 1187 4643 visibili,
1231 4566 1580 4645 pertendunt
1606 4574 1891 4644 quotquot
1918 4576 2198 4626 vocantur
2224 4587 2327 4644 per
2353 4568 2634 4646 Verbum,

231 4669 266 4704 a
297 4648 422 4705 Dco
452 4646 645 4703 vocari
674 4667 803 4705 cum
827 4647 1141 4706 intentione
1161 4648 1399 4707 salutis:
1428 4647 1565 4725 quia
1592 4647 1737 4705 alias
1762 4648 1921 4707 Deus
1943 4646 2210 4707 illuderet
2226 4647 2555 4709 hominibus
2577 4657 2637 4709 et

2729 2406 2750 2439 1
