3221 5200
541 306 660 372 446
1249 328 1433 369 Locus
1463 323 1724 367 nscmus
1754 323 2025 374 omarus,
2594 316 2848 394 [Qua-:52
2881 337 2948 377 11,

542 472 710 529 Rom.
740 470 862 529 viii.
892 472 987 546 28,
1021 477 1078 529 et
1106 469 1428 527 necessario
1451 466 1924 545 justificarentur,
1977 474 2036 524 et
2083 467 2560 548 glorificarentur,
2619 475 2756 550 quia
2801 497 2950 553 quos

544 550 788 624 vocavit,
814 570 915 608 eos
935 551 1107 609 etiam
1130 548 1489 626 justificavit,
1516 545 1624 604 διο.
1649 566 1769 604 ver.
1800 548 1895 619 30,
1928 546 2083 621 quod
2106 547 2177 605 de
2206 548 2322 608 illis
2344 550 2459 609 dici
2488 555 2704 630 nequit.

620 630 776 687 XII.
822 632 876 689 5.
922 630 1069 703 Quia
1096 648 1213 686 non
1241 628 1370 685 aliis
1397 626 1751 703 promittitur
1779 626 1934 683 salus
1962 645 2037 682 ex
2065 626 2381 688 intentione
2430 631 2557 707 Dei,
2610 654 2782 709 quam
2811 654 2949 693 con·

537 709 813 768 ditionem
842 708 1231 786 praescriptam
1260 707 1622 781 habentibuS,
1654 705 1854 781 quales
1883 712 2017 763 sunt
2038 708 2257 764 onerati
2286 718 2344 766 et
2365 710 2707 789 laborantes,
2735 715 2949 773 Matth.

537 790 618 847 xi.
650 792 727 848 28
759 812 772 864 ;
832 789 1107 863 sitienteS,
1142 787 1256 844 Isa.
1300 786 1379 845 lv.
1416 790 1444 842 l
1473 808 1486 861 ;
1532 786 1832 844 credentes
1860 793 1918 842 et
1945 785 2305 862 poenitentes,
2338 788 2474 848 Act.
2504 791 2563 849 ii.
2596 795 2691 850 38.
2778 793 2946 867 Quod

537 888 667 927 cum
697 868 769 926 de
799 868 1055 943 reprobis
1084 867 1199 924 dici
1226 874 1492 942 nequeat,
1535 865 1649 923 dici
1678 883 1793 923 non
1821 873 2013 941 potest
2057 866 2271 941 pariter
2319 887 2419 926 eos
2447 888 2483 926 a
2511 871 2638 929 Deo
2660 874 2856 931 vocari
2878 893 2950 932 ea

537 947 853 1006 intentione
882 954 948 1005 ut
975 947 1288 1004 salventur.

618 1027 807 1084 XIII.
855 1029 909 1083 6.
955 1026 1103 1099 Quia
1131 1045 1245 1084 non
1274 1025 1462 1101 magis
1490 1032 1682 1100 potest
1710 1024 1826 1082 dici
1876 1024 2063 1082 Deum
2113 1044 2313 1084 omnes
2358 1036 2416 1084 et
2445 1028 2707 1106 singulos
2735 1050 2946 1090 vocare

536 1127 604 1164 ea
630 1106 963 1180 intentione,
994 1113 1061 1163 ut
1090 1105 1401 1179 salventur,
1433 1124 1605 1180 quam
1635 1111 1701 1162 ut
1728 1105 2107 1180 damnentur;
2152 1105 2436 1180 siquidem
2474 1110 2779 1184 promissio
2807 1132 2931 1169 con·

535 1185 816 1244 ditionata
843 1185 1086 1242 includit
1109 1185 1609 1243 comminationem
1640 1184 1978 1259 oppositam,
2010 1192 2075 1241 ut
2114 1186 2298 1243 omnis
2347 1185 2678 1247 incredulus
2708 1189 2941 1249 damne—

534 1273 644 1339 tur,
670 1274 735 1321 ut
763 1264 949 1322 omnis
978 1264 1218 1323 credens
1260 1264 1573 1322 salvandus
1624 1273 1729 1322 est.
1816 1264 1899 1321 Ut
1927 1282 2066 1338 ergo
2114 1264 2427 1322 absurdum
2474 1276 2562 1325 est
2604 1268 2794 1327 dicere
2821 1288 2941 1329 res·

534 1353 705 1420 pectu
756 1344 1106 1418 Electorum,
1168 1345 1355 1402 Deum
1405 1363 1505 1401 eos
1559 1362 1767 1401 vocare
1816 1362 1885 1401 ea
1937 1342 2252 1401 intentione
2307 1353 2372 1403 ut
2394 1346 2751 1423 damnentur,
2810 1369 2944 1408 cum

533 1423 853 1481 decreverit
881 1423 1266 1483 conditionem
1294 1424 1353 1480 in
1384 1423 1524 1498 ipsis
1568 1422 1838 1498 implere;
1886 1421 1978 1478 Ita
2010 1441 2127 1479 non
2169 1423 2359 1481 minus
2388 1435 2478 1484 est
2518 1428 2829 1486 absurdum
2872 1449 2943 1487 ea

532 1503 848 1561 intentione
877 1522 1085 1560 vocare
1116 1503 1417 1579 Reprobos
1444 1510 1509 1559 ut
1537 1501 1848 1575 salventur,
1881 1520 2011 1559 cum
2043 1501 2202 1559 Deus
2244 1505 2397 1562 norit
2423 1524 2523 1564 eos
2553 1507 2941 1566 conditionem

531 1602 826 1659 nunquam
854 1582 1185 1657 habituros3
1231 1582 1346 1639 imo
1388 1580 1529 1656 ipsis
1558 1581 1845 1655 denegare
1873 1580 2209 1655 decreverit,
2259 1584 2357 1657 qui
2389 1585 2546 1643 solus
2565 1585 2699 1645 dare
2728 1595 2938 1662 potest.

533 1662 587 1720 N
592 1681 666 1719 on
695 1662 880 1739 magis
909 1662 1176 1720 concludi
1198 1669 1388 1737 potest
1418 1661 1607 1718 Deum
1637 1660 1788 1717 velle
1844 1679 2042 1717 omnes
2098 1662 2332 1736 servari,
2364 1683 2433 1721 eo
2488 1665 2644 1739 quod
2673 1667 2940 1725 omnibus

530 1742 853 1818 promiscue
881 1741 1178 1818 promittat
1205 1739 1598 1799 remissionem
1653 1746 2017 1815 peccatorum
2073 1748 2131 1798 et
2186 1741 2429 1800 salutem
2486 1745 2535 1800 si
2579 1745 2935 1822 resipiscant,

531 1841 703 1897 quam
736 1821 923 1879 Deum
945 1822 1100 1879 nolle
1129 1840 1475 1896 quemquam
1525 1819 1758 1893 servari,
1805 1838 1873 1877 eo
1902 1819 2057 1895 quod
2100 1821 2368 1880 omnibus
2423 1822 2732 1882 denunciet
2759 1826 2937 1884 male-

530 1901 842 1960 dictionem
871 1909 929 1959 et
956 1909 1215 1975 mortem,
1253 1900 1364 1958 nisi
1394 1899 1737 1975 resipuerint
1765 1907 1824 1957 et
1851 1907 2276 1957 convertantur.

1131 1980 1312 2037 XIV.
1358 1979 1636 2053 Quamvis
1682 1979 1842 2037 Deus
1870 1997 1986 2035 non
2034 1979 2296 2037 intendat
2344 1980 2589 2039 salutem
2635 1983 2935 2060 Reprobo-

604 2060 789 2130 Fontes
850 2059 991 2104 Solu·
1050 2080 1176 2118 rum
1209 2079 1308 2118 eos
1336 2059 1616 2132 vocando,
1646 2058 1898 2115 maxime
1928 2067 2118 2116 tamen
2148 2059 2296 2117 serio
2324 2068 2382 2118 et
2411 2060 2630 2120 sincere
2659 2062 2796 2139 agit,
2825 2083 2935 2122 nec

592 2130 599 2137 ⁹
684 2125 891 2162 tionum.
1049 2140 1170 2197 ulla
1198 2138 1521 2216 hypocrisis
1576 2146 1634 2196 et
1689 2137 2072 2196 simulationis
2098 2138 2259 2197 labes
2294 2139 2380 2197 illi
2409 2140 2678 2218 adspergi
2705 2152 2931 2218 potest:

528 2218 651 2276 Nec
680 2227 944 2295 respectu
974 2219 1086 2277 Dei
1107 2218 1306 2295 ipsius,
1337 2218 1473 2295 quia
1502 2218 1651 2276 serio
1698 2224 1757 2275 et
1804 2217 2102 2276 verissime
2148 2219 2399 2277 ostendit
2447 2220 2563 2278 illis
2618 2222 2844 2279 unicam
2875 2231 2935 2280 et

526 2299 902 2357 certissimam
932 2298 1086 2355 viam
1116 2299 1190 2356 ad
1220 2299 1480 2370 salutem,
1514 2297 1661 2355 serio
1690 2296 1952 2355 hortatur
1992 2316 2091 2355 eos
2145 2298 2218 2355 ad
2269 2299 2424 2355 illam
2477 2301 2843 2376 sequendam,
2875 2309 2934 2360 et

527 2377 909 2436 sincerissime
958 2378 1241 2454 promittit
1281 2376 1398 2434 illis
1440 2376 1707 2434 omnibus
1748 2376 1849 2450 qui
1890 2396 2015 2434 eam
2059 2378 2240 2435 secuti
2280 2377 2508 2453 fuerint,
2566 2380 2933 2438 credentibus

525 2457 746 2515 scilicet
774 2464 832 2515 et
859 2457 1286 2533 poenitentibus,
1319 2456 1597 2529 salutem;
1642 2474 1749 2512 nec
1783 2455 2065 2530 promittit
2102 2464 2344 2529 tantum,
2371 2458 2474 2515 sed
2501 2459 2690 2535 reipsa
2708 2460 2931 2518 confert

516 2537 692 2614 juxta
732 2536 1207 2612 promissionem;
1268 2534 1389 2592 Nec
1430 2533 1623 2610 quoad
1665 2534 1943 2608 hominae,
2002 2534 2138 2609 quia
2179 2534 2395 2592 oblatio
2451 2538 2654 2595 salutis
2695 2559 2810 2596 non
2865 2539 2934 2597 fit

526 2616 643 2673 illis
685 2615 965 2687 absolute,
1012 2614 1115 2673 sed
1178 2614 1287 2672 sub
1329 2613 1674 2686 conditione,
1720 2619 1892 2687 atque
1949 2612 2093 2669 adeo
2148 2613 2293 2669 nihil
2347 2615 2511 2688 ponit
2569 2619 2681 2675 nisi
2737 2619 2930 2695 posita

523 2693 866 2766 conditione,
899 2713 1027 2768 quae
1057 2692 1250 2749 deficit
1278 2711 1352 2749 ex
1379 2699 1540 2766 parte
1569 2690 1885 2747 hominum.
1972 2689 2143 2748 Unde
2191 2690 2470 2749 ambabus
2497 2694 2652 2752 ulnis
2680 2698 2930 2774 amplec-

521 2772 711 2844 timur,
743 2770 898 2846 quod
927 2791 962 2828 a
993 2770 1262 2828 Patribus
1295 2768 1515 2845 Synodi
1547 2768 1930 2826 Dordracenae
1959 2768 2020 2826 in
2062 2767 2170 2826 hoc
2208 2778 2546 2845 argumento
2583 2772 2812 2850 dicitur,
2860 2777 2933 2836 ad

522 2850 660 2927 Cap.
691 2849 770 2908 iv.
801 2849 909 2907 Th.
940 2849 1060 2907 viii.
1148 2851 1184 2881 ‘⁴
1204 2849 1499 2925 Quotquot
1526 2868 1629 2923 per
1657 2848 2044 2924 Evangelium
2092 2857 2389 2923 vocantur,
2438 2851 2586 2908 serio
2625 2866 2927 2915 vocantur.

525 2930 687 2988 Serio
737 2929 887 2987 enim
917 2938 975 2988 et
1003 2927 1301 2987 verissime
1324 2927 1578 2988 ostendit
1608 2927 1768 2985 Deus
1823 2927 2020 2986 Verbo
2050 2947 2172 3003 suo,
2223 2928 2365 3004 quid
2413 2929 2524 2988 sibi
2574 2942 2800 3007 gratum
2831 2936 2926 3010 sit,

519 3009 788 3068 nimirmn
815 3018 881 3068 ut
909 3009 1120 3068 Vocati
1148 3009 1222 3067 ad
1250 3029 1311 3068 se
1340 3007 1593 3067 veniant.
1681 3007 1843 3066 Serio
1871 3008 2043 3067 etiam
2074 3008 2340 3066 omnibus
2367 3009 2441 3066 ad
2471 3030 2531 3068 se
2560 3013 2928 3073 venientibus

518 3098 577 3149 et
604 3090 970 3148 credentibus
991 3089 1246 3167 requiem
1281 3089 1597 3146 animarum
1628 3096 1686 3146 et
1739 3088 1919 3145 vitam
1949 3096 2216 3146 aeternam
2248 3090 2588 3164 promittit.”

601 3171 745 3228 XV.
792 3170 902 3244 Qui
930 3170 1192 3228 vocando
1221 3168 1481 3229 homines
1508 3188 1628 3245 prae
1656 3188 1718 3226 se
1746 3167 1857 3226 fert
1885 3186 1945 3225 se
1974 3168 2125 3226 velle
2146 3168 2401 3245 ipsorum
2431 3170 2692 3245 salutem,
2723 3180 2782 3229 et
2810 3193 2926 3231 non

519 3251 648 3308 vult
676 3259 885 3323 tamen,
916 3250 1014 3308 ille
1044 3250 1308 3308 simulate
1364 3249 1502 3326 agit,
1563 3248 1610 3306 si
1655 3248 1727 3306 de
1745 3247 1946 3306 eadem
1974 3248 2272 3306 voluntate
2327 3248 2704 3326 intelligatur,
2764 3251 2840 3309 id.
2874 3253 2921 3309 si

517 3349 635 3405 prae
692 3349 752 3386 se
824 3330 934 3388 fert
990 3349 1051 3387 se
1106 3329 1252 3386 illud
1301 3329 1452 3387 velle
1507 3327 1807 3387 voluntate
1866 3327 2114 3400 Decreti,
2173 3346 2280 3385 nec
2334 3327 2479 3386 velit
2559 3337 2768 3404 tamen,
2826 3332 2923 3388 vel

517 3409 813 3465 voluntate
867 3408 1157 3483 praecepti,
1208 3427 1314 3465 nec
1362 3407 1506 3464 velit
1565 3415 1775 3465 tamen.
1891 3405 2007 3464 Sed
2056 3405 2104 3463 si
2149 3415 2354 3483 agatur
2402 3407 2472 3465 de
2518 3408 2761 3482 diversa,
2807 3430 2923 3468 non

515 3485 729 3561 pariter
768 3486 961 3558 valet;
993 3505 1050 3543 v.
1081 3506 1159 3560 g.‚
1212 3485 1260 3542 si
1287 3505 1404 3560 prae
1434 3505 1494 3543 se
1524 3484 1635 3543 fert
1689 3485 1840 3542 velle
1885 3484 2105 3560 aliquid
2135 3485 2431 3543 voluntate
2477 3490 2764 3564 praecepti,
2815 3509 2923 3547 nec

517 3564 660 3621 velit
689 3572 879 3620 tamen
907 3563 1204 3620 voluntate
1235 3564 1483 3637 Decreti,
1514 3564 1675 3621 nulla
1721 3564 1816 3620 hie
1845 3571 1934 3621 est
1962 3564 2251 3622 simulatio
2299 3565 2394 3622 vel
2435 3566 2793 3642 hypocrisis:
2839 3567 2925 3627 Ut

515 3640 900 3719 praecipiendo
930 3641 1146 3719 Legem
1187 3641 1517 3699 hominibus
1544 3661 1663 3718 prae
1706 3662 1767 3700 se
1811 3641 1923 3699 fert
1962 3643 2113 3700 velle
2155 3651 2222 3701 ut
2262 3664 2389 3701 eam
2431 3645 2708 3721 impleant
2730 3647 2922 3722 quoad

516 3721 984 3799 approbationem
1013 3729 1071 3779 et
1112 3720 1463 3795 mandatum,
1495 3720 1596 3778 sed
1640 3740 1755 3779 non
1798 3721 1991 3778 statim
2038 3722 2229 3797 quoad
2281 3724 2608 3783 Decretum.
2694 3726 2737 3783 J
2740 3745 2830 3782 am
2860 3726 2919 3783 in

514 3802 816 3860 vocatione
845 3821 963 3878 prae
993 3821 1054 3859 se
1095 3800 1206 3859 fert
1253 3799 1485 3876 quidem
1531 3800 1692 3859 Deus
1733 3800 1884 3858 velle
1927 3800 2171 3859 salutem
2213 3801 2565 3861 Vocatorum
2622 3805 2920 3864 voluntate

513 3882 782 3961 praecepti
811 3890 870 3940 et
902 3890 1177 3955 :baem-fae,
1210 3881 1313 3939 sed
1349 3900 1465 3938 non
1492 3880 1809 3939 Voluntate
1841 3880 2091 3939 Decreti.
2176 3880 2324 3938 Nam
2374 3882 2621 3942 Vocatio
2670 3884 2923 3942 ostendit

513 3962 745 4040 quidem
775 3962 917 4039 quid
944 3962 1105 4020 Deus
1133 3961 1278 4019 velit
1296 3961 1501 4038 jubere
1529 3961 1820 4018 hominem
1848 3968 1913 4019 ut
1939 3959 2128 4033 faciat,
2160 3980 2274 4019 non
2311 3980 2450 4019 vero
2478 3963 2619 4039 quid
2648 3963 2921 4022 decreve-

513 4043 589 4101 rit
616 4043 738 4118 ipse
757 4041 975 4117 facere3
1008 4041 1177 4100 docet
1204 4041 1345 4118 quid
1377 4041 1501 4098 Deo
1524 4048 1752 4117 gratum
1798 4040 1873 4098 sit
1900 4047 1959 4098 et
1986 4048 2301 4116 acceptum,
2354 4049 2412 4098 et
2439 4042 2789 4101 conveniens
2816 4061 2917 4099 na-

512 4130 654 4181 turae
677 4141 813 4196 suae,
845 4121 1031 4179 nimir.
1061 4130 1127 4180 ut
1156 4121 1366 4179 Vocati
1394 4121 1467 4178 ad
1496 4140 1557 4178 se
1594 4121 1858 4194 veniant3
1905 4120 2008 4178 sed
2055 4140 2171 4176 non
2226 4120 2365 4196 quid
2406 4121 2530 4197 ipse
2586 4122 2658 4179 de
2685 4121 2918 4180 homine

509 4201 696 4259 facere
725 4201 1124 4259 constituerit:
1170 4201 1457 4277 significat
1483 4199 1625 4276 quid
1672 4200 1831 4258 Deus
1879 4207 2111 4274 paratus
2161 4199 2236 4257 sit
2277 4198 2412 4257 dare
2463 4201 2829 4259 credentibus
2861 4210 2922 4261 et

508 4281 939 4358 poenitentibuS,
972 4279 1075 4338 sed
1095 4298 1211 4337 non
1235 4279 1375 4355 quid
1404 4287 1534 4337 actu
1554 4278 1874 4337 decreverit
1903 4278 2037 4336 dare
2066 4278 2199 4336 huic
2227 4278 2322 4336 vel
2351 4279 2455 4337 illi.

591 4360 772 4418 XVI.
819 4358 1000 4417 Aliud
1018 4367 1107 4417 est
1132 4362 1268 4416 velle
1293 4360 1481 4416 venire
1510 4358 1828 4434 Reprobos,
1881 4356 1958 4414 id.
2007 4357 2312 4434 praecipere
2360 4358 2518 4434 ipsis,
2568 4368 2632 4417 ut
2660 4359 2916 4436 veniant,

509 4447 568 4497 et
595 4439 705 4497 hoc
735 4447 961 4513 gratum
991 4437 1236 4512 habere3
1282 4438 1465 4495 Aliud
1492 4441 1629 4496 velle
1670 4457 1779 4495 non
1832 4436 2033 4508 venire,
2091 4436 2169 4493 id.
2228 4437 2379 4495 nolle
2409 4437 2545 4495 dare
2589 4439 2707 4497 illis
2762 4439 2919 4498 vires

510 4516 798 4576 veniendi.
886 4519 1045 4576 Deus
1073 4523 1265 4594 potest
1293 4516 1554 4574 vocando
1581 4517 1739 4593 ipsos
1767 4515 1918 4573 velle
1947 4515 2121 4590 prius,
2171 4535 2278 4574 nec
2306 4517 2457 4575 velle
2501 4526 2694 4576 tamen
2721 4527 2917 4595 poste·

506 4597 643 4670 riuS,
675 4597 890 4671 absque
918 4597 1039 4654 ulla
1066 4595 1464 4654 contrarietate
1488 4618 1503 4670 ς
1534 4596 1671 4672 quia
1690 4594 1836 4653 illud
1863 4593 2095 4671 respicit
2131 4603 2352 4653 tantum
2380 4597 2740 4664 voluntatem
2767 4618 2919 4675 prae-
