3221 5200
1540 394 1906 444 ELENCHUS

715 564 839 615 XII.
867 567 948 613 Au
971 566 1025 613 in
1048 565 1081 614 ,J
1089 566 1367 614 uramentis
1375 566 1449 614 uti
1468 564 1619 615 liceat
1630 567 2138 630 AEquivocationibus
2147 568 2579 633 amphibologicis‚
2595 577 2646 620 et
2661 587 2732 621 re-
2833 534 2931 575 ἤι’

972 628 1341 741 δεῖξὲιζῐίοηίὺυε
1364 630 1672 680 mentalibus
1690 632 1714 679 ?
1782 630 1908 694 Ney.
1929 642 2093 681 contra
2114 632 2298 697 Pontis.
2323 644 2369 682 et
2389 634 2619 698 imprimis
2650 635 2731 684 Je·
2865 702 2926 749 63

1126 730 1139 753 ,
1874 732 1888 744 .

1358 853 1428 886 AD
1468 854 1784 888 PRAEcssm'tm
1829 855 2091 896 QUARTUM.

685 914 836 963 XIII.
874 914 956 961 An
975 913 1030 961 in
1050 913 1308 977 Praecepto
1326 914 1416 962 Iv.
1439 914 1507 962 sit
1524 914 1689 978 prima
1711 915 1968 965 institutio
1992 916 2247 972 Sabbathi,
2265 924 2317 966 et
2334 917 2417 965 An
2433 917 2728 967 mandatum

966 977 1032 1025 sit
1046 977 1229 1041 partim
1248 976 1450 1038 morale,
1468 979 1653 1042 partim
1670 978 2054 1031 Caeremoniale?
2069 980 2217 1029 Prius
2229 980 2372 1045 Ney„
2391 981 2522 1031 Post.
2539 983 2726 1044 Affirm.
2861 987 2924 1033 68

1466 1137 1533 1169 DE
1568 1138 1659 1169 mn
1695 1137 1960 1173 noutmoo.

674 1210 816 1260 XIV.
854 1211 937 1258 An
959 1208 1216 1257 institutio
1241 1208 1355 1258 Diei
1379 1210 1634 1259 Dominici
1669 1211 1736 1259 sit
1769 1210 1958 1270 divina,
1985 1212 2066 1259 An
2091 1211 2343 1273 humana;
2366 1218 2417 1262 et
2443 1214 2524 1261 An
2549 1213 2726 1263 Obser-

962 1272 1182 1321 vationis
1207 1274 1275 1320 sit
1297 1274 1593 1322 necessarioe
1628 1279 1680 1323 et
1718 1290 1778 1338 pe
1870 1281 1986 1332 tuse,
2012 1276 2094 1323 An
2118 1291 2239 1325 vero
2277 1275 2441 1325 liberae
2478 1284 2532 1325 et
2565 1284 2727 1327 muta·

962 1335 1115 1386 bilis?
1169 1336 1320 1385 Prius
1340 1338 1546 1399 Affinn„
1570 1336 1752 1387 Poster.
1834 1355 1921 1405 eq„
1957 1339 2115 1401 quoad
2133 1350 2386 1404 utrumque,
2498 1377 2511 1389 .
2710 1379 2723 1391 .
2854 1347 2914 1392 81

1462 1487 1531 1519 DE
1566 1488 1751 1521 omnus
1784 1488 1966 1522 rasus.

716 1560 829 1610 XV.
866 1562 945 1608 An
960 1559 1021 1609 de
1036 1559 1133 1609 fide
1152 1560 1220 1609 sit
1236 1560 1290 1608 in
1310 1560 1452 1608 Novo
1470 1560 1609 1609 Test.
1628 1568 1808 1625 praeter
1826 1561 1975 1610 Diem
1994 1561 2330 1621 Dominicum,
2348 1561 2474 1611 alios
2489 1577 2598 1611 esse
2615 1563 2723 1612 dies

959 1625 1116 1673 festos
1139 1624 1333 1689 proprie
1356 1624 1532 1683 dictoS,
1562 1640 1777 1689 quorum
1801 1624 2070 1674 celebratio
2140 1641 2195 1674 er
2229 1641 2282 1675 se
2305 1633 2358 1676 et
2380 1626 2574 1676 ratione
2592 1643 2728 1691 mys-

958 1687 1088 1746 terii,
1114 1702 1213 1735 non
1239 1687 1431 1736 ratione
1471 1688 1660 1736 ordinis
1695 1688 1777 1736 vel
1797 1688 1986 1738 Politiae
2011 1689 2112 1739 Ecc
2134 1689 2378 1739 esiasticae
2400 1696 2616 1751 tantum,
2655 1692 2722 1739 sit

957 1751 1241 1801 necessaria
1257 1752 1282 1800 ’Β
1317 1751 1444 1814 Ney.
1463 1762 1627 1801 eontra
1644 1752 1828 1817 Pontis.
2070 1790 2082 1803 .
2281 1791 2293 1804 .
2494 1791 2507 1804 .
2704 1793 2717 1804 .
2847 1761 2912 1806 88

1365 1902 1437 1934 AD
1462 1900 1779 1935 PRAECEPTUM
1802 1902 2050 1943 Qnm'rma.

681 1974 824 2024 XVI.
861 1974 943 2021 An
978 1972 1069 2020 filii
1094 1988 1147 2022 se
1169 1990 1200 2022 a
1223 1974 1499 2024 Parentum
1523 1980 1772 2039 potestate
1798 1975 2072 2025 subducere
2095 1975 2306 2039 possint,
2338 1981 2390 2024 et
2414 1976 2521 2025 sine
2545 1992 2716 2027 eorum

952 2052 1204 2086 consensu
1226 2039 1601 2087 matrimonium
1619 2039 1914 2088 contrahere
1931 2040 1955 2086 ’ἓ
1992 2039 2112 2102 Ney.
2144 2040 2320 2088 Contra
2341 2039 2528 2104 Pontis.
2700 2078 2712 2089 .
2846 2047 2908 2092 92

1380 2197 1452 2230 AD
1487 2197 1799 2231 PRAECEPTUM
1834 2197 2049 2231 SEXTUM.

612 2271 784 2322 XVII.
822 2272 906 2319 An
930 2268 1025 2319 sub
1058 2269 1155 2320 hoc
1182 2270 1440 2335 Praecepto
1474 2271 1509 2321 J
1513 2286 1574 2320 us
1598 2268 1728 2320 Belli
1751 2277 1803 2320 et
1826 2286 1886 2319 su
1924 2270 2058 2335 plicii
2081 2270 2441 2320 contineatur?
2477 2273 2561 2321 An
2585 2282 2715 2322 αὺτο-

949 2336 1104 2401 χιίςιιι
1126 2342 1177 2384 et
1200 2334 1425 2384 duellum
1446 2334 1809 2398 prohibeantur
1826 2336 1850 2384 ¹?
1959 2335 2029 2384 ius
2050 2333 2198 2399 Neq„
2219 2334 2405 2386 Poster.
2430 2338 2611 2398 Affirm.
2694 2374 2708 2386 .
2841 2344 2904 2389 98

1337 2493 1409 2526 An
1442 2492 1757 2525 rumorem-uu
1790 2492 2064 2528 semmua.

597 2568 800 2618 XVIII.
836 2565 969 2629 Quid
1005 2565 1262 2631 Praecepto
1300 2565 1361 2614 de
1405 2580 1507 2614 non
1543 2563 1841 2614 moeohando
1880 2564 2218 2628 prohibeatur,
2257 2572 2309 2616 et
2330 2567 2648 2633 praecipiatur
2663 2568 2687 2616 ⁸?
2813 2572 2904 2620 105

1346 2714 1419 2746 AD
1453 2712 1770 2746 PRAEOEPTUR
1792 2712 2047 2748 ocrAVUM.

673 2789 823 2840 XIX.
859 2789 990 2850 Quid
1030 2787 1357 2852 prohibeatur
1372 2794 1425 2838 et
1447 2786 1769 2852 praecipiatur
1783 2771 2050 2854 'Praecepto
2071 2790 2133 2840 de
2148 2805 2250 2839 non
2273 2791 2508 2850 furando;
2535 2791 2601 2840 Et
2625 2790 2708 2838 An

951 2852 1153 2914 Quaevis
1175 2867 1331 2901 usura
1365 2852 1460 2902 sub
1482 2867 1540 2901 eo
1561 2852 1882 2902 contineatur
1903 2853 1927 2900 Ῥ
2011 2852 2138 2918 Ney.
2273 2891 2285 2903 .
2483 2890 2496 2905 .
2693 2889 2706 2904 .
2811 2858 2900 2904 108

1381 3015 1454 3048 An
1476 3014 1793 3048 PRAEOBPTUM
1817 3014 2010 3049 xoium.

697 3087 815 3136 XX.
849 3088 933 3136 An
958 3087 1281 3137 Mendacium
1320 3085 1417 3135 sub
1448 3087 1552 3135 ullo
1570 3092 1824 3163 praetextu
1857 3086 2113 3137 honestari
2135 3092 2188 3136 et
2208 3085 2407 3135 licitum
2429 3087 2566 3136 reddi
2597 3103 2706 3152 pos-

944 3151 1013 3202 sit
1028 3152 1052 3201 ?
1119 3151 1242 3216 Neq.
1267 3160 1431 3202 contra
1466 3151 1626 3202 Socm.
2807 3155 2896 3201 113

1351 3303 1423 3336 An
1446 3300 1763 3336 rurscam-nu
1787 3301 2039 3334 121-:emme

674 3375 820 3423 XXI.
854 3376 1100 3436 Quaenam
1123 3375 1541 3439 Concupiscentia
1583 3372 1910 3436 prohibeatur
1949 3373 2208 3436 Praecepto
2247 3371 2476 3431 decimo,
2523 3377 2574 3420 et
2618 3373 2701 3420 An

942 3445 1113 3487 motus
1135 3438 1296 3501 primo
1317 3437 1467 3501 primi
1490 3437 1594 3484 sint
1617 3435 1863 3499 peccata?
1909 3436 2098 3496 Affinn.
2263 3472 2275 3483 .
2476 3472 2487 3483 .
2686 3473 2698 3484 .
2804 3441 2895 3487 118

1488 3586 1556 3619 m:
1601 3584 1697 3617 usu
1741 3583 1902 3618 neeis.

636 3658 813 3708 XXII.
848 3659 974 3720 Quis
1013 3666 1065 3708 et
1084 3667 1241 3724 quotu
1277 3661 1361 3710 lex
1406 3662 1473 3709 sit
1496 3661 1635 3709 Usus
1669 3656 1825 3720 Legis
1848 3657 2073 3718 Moralis,
2103 3659 2256 3722 juxta
2277 3659 2445 3706 varios
2484 3658 2702 3707 hominis

955 3729 1121 3771 status
1138 3724 1162 3772 ⁴?
1277 3732 1299 3774 t
1342 3740 1409 3773 an
1443 3724 1603 3789 possit
1647 3719 1871 3783 obligare
1917 3723 1982 3771 ad
2024 3722 2358 3772 obedientiam
2404 3728 2457 3772 et
2500 3738 2702 3786 poenam

954 3787 1143 3836 simul?
1198 3788 1330 3839 Dist.
1399 3825 1413 3838 .
1613 3826 1625 3838 .
1842 3825 1855 3837 .
2053 3825 2066 3836 .
2265 3822 2278 3835 .
2475 3821 2489 3834 .
2686 3823 2700 3835 .
2803 3793 2888 3837 121

1237 3940 1305 3973 ne
1330 3938 1688 3974 Animos-riona
1721 3940 1869 3975 ποτε
1902 3938 2136 3972 nomme.

611 4016 817 4065 XXIII.
851 4016 937 4064 An
960 4015 1069 4064 Lex
1093 4013 1303 4063 MoraIis
1324 4012 1569 4126 abffiata
1591 4016 1660 4063 sit
1682 4015 1884 4079 penitus
1916 4012 2010 4062 sub
2048 4012 2193 4061 Novo
2215 4013 2355 4063 Test.
2370 4015 2394 4063 ἱ)
2474 4013 2557 4062 An
2579 4029 2699 4063 vero

940 4080 1107 4141 aliquo
1131 4084 1362 4142 respectu
1499 4093 1564 4126 uc
1602 4079 1853 4143 pertineat
1890 4079 1956 4127 ad
1999 4076 2348 4126 Christianos?
2382 4077 2531 4126 Prius
2553 4076 2696 4142 Ne9.,

941 4142 1076 4192 Post.
1100 4144 1307 4205 Affirm„
1341 4151 1505 4192 cmm-a
1527 4142 1770 4192 Antinom.
1840 4180 1852 4191 .
2050 4177 2063 4190 .
2261 4179 2273 4191 .
2470 4178 2484 4190 .
2682 4177 2694 4190 .
2799 4144 2890 4188 124

1359 4291 1429 4324 nn·
1465 4292 1597 4325 nuos
1631 4290 2015 4326 cannosum.

613 4367 807 4418 XXIV.
842 4369 967 4430 Quis
1001 4368 1119 4418 finis
1157 4374 1210 4417 et
1232 4381 1356 4416 usus
1389 4366 1542 4416 fuerit
1586 4367 1742 4431 Legis
1776 4364 2150 4416 caeremonialia
2195 4364 2290 4414 sub
2313 4364 2425 4413 Vct.
2467 4363 2606 4413 Test.
2626 4364 2650 4412 ⁴?
2798 4367 2888 4413 128

1131 4517 1200 4551 ΒΕ
1246 4516 1393 4549 mols
1438 4515 1831 4550 CAEREMONIALIS
1862 4513 2237 4549 mnouxnoxz.

637 4589 802 4638 XXV.
838 4589 923 4638 An
962 4589 1071 4637 Lex
1092 4588 1458 4699 Calergmoninlis
1482 4590 1576 4642 sub
1609 4591 1754 4640 Novo
1772 4591 1911 4639 Test.
1945 4587 2189 4652 abrogata
2211 4587 2292 4646 sit,
2336 4594 2388 4637 et
2411 4587 2610 4651 quando
2632 4601 2693 4636 ac
2791 4653 2884 4699 139

972 4667 1135 4699 nomo(
1153 4668 1182 4699 o
2463 4688 2475 4701 .

543 4767 551 4782 ⁴
609 4716 801 4766 XXVI.
835 4716 922 4765 An
1019 4731 1053 4762 x
1090 4716 1323 4766 Forensis
1363 4692 1429 4767 si}
1452 4692 1698 4784 abrogalta
1722 4718 1773 4766 in
1799 4690 1940 4766 Novo
1962 4689 2144 4764 Test.?
2201 4687 2328 4762 Di'sr.
2463 4750 2475 4762 .
2793 4717 2886 4761 145
