3221 5200
314 379 540 430 QUAEST.
571 359 690 442 111.]
1068 381 1150 419 m:
1177 381 1441 422 ransom
1472 381 1548 421 m·
1582 381 1772 423 s'rA‘ru
1802 381 2056 422 cnmsrr.
2626 366 2742 423 267

315 521 543 582 caeteris
571 519 870 596 TuuissuS,
892 522 1119 599 (11111100
1137 543 1376 602 operose
1398 524 1641 602 probare
1663 524 1884 584 nititur.
1973 523 2088 584 Sed
2111 543 2226 582 non
2250 522 2556 583 defuerunt
2577 523 2751 583 etiam

318 623 399 662 ex
446 601 717 661 Patribus
745 610 804 660 et
837 603 1224 679 Scholasticis,
1258 605 1358 682 qui
1400 606 1549 664 hanc
1577 606 1979 665 necessitatem
2011 612 2410 682 agnoverunt3
2465 604 2749 664 Athenas.

319 684 382 741 in
411 690 575 741 tract.
600 681 672 741 de
693 682 875 740 Verbi
895 683 1141 758 lucam„
1176 684 1493 744 Anselmus
1516 686 1575 743 in
1598 686 1700 745 lib.
1735 686 1900 744 “Cur
1932 687 2091 744 Deus
2120 686 2352 759 homo,’'
2386 685 2659 743 Ambros.
2690 686 2751 743 in

321 763 478 822 Heb.
508 762 590 821 ix.
675 762 898 837 Quibus
925 763 1350 842 adstipulantur
1369 766 1627 844 plerique
1657 786 1731 824 ex
1763 766 2007 841 Nostris,
2039 765 2290 823 maxime
2327 775 2457 842 post
2485 775 2755 825 exortum

325 843 619 919 Socinum,
651 863 894 919 quorum
923 845 1283 920 sententiam,
1314 855 1380 905 ut
1407 847 1688 905 veriorem
1732 856 1791 905 01
1832 846 2099 905 tutiorem
2131 845 2301 905 etiam
2334 846 2749 922 amplectimur.

407 922 589 982 XVI.
635 923 914 982 Rationes
943 933 1094 1000 sunt,
1131 929 1183 984 1.
1216 926 1363 1001 Quia
1404 935 1469 985 ut
1501 927 1662 985 Deus
1698 926 1987 1003 justitiam
2019 947 2181 985 suam
2211 927 2498 1003 abnegare
2526 927 2747 1002 nequit,

319 1023 441 1063 non
468 1003 657 1081 potuit
683 1004 946 1063 homines
973 1005 1234 1083 liberare,
1286 1007 1428 1084 quin
1480 1007 1640 1084 prius
1686 1007 1770 1065 illi
1802 1006 2157 1066 satisfactum
2189 1015 2358 1065 esset.
2405 1006 2536 1063 Non
2564 1005 2754 1083 potuit

324 1084 591 1144 satisfieri
615 1084 860 1162 justitiae
887 1085 1128 1146 infinitae
1155 1087 1269 1145 nisi
1309 1107 1412 1164 per
1453 1088 1627 1168 λῦτςον
1657 1087 1891 1164 aliquod
1935 1088 2237 1161 infinitum,
2269 1107 2376 1145 nec
2404 1086 2579 1168 λίσςου
2606 1086 2753 1145 illud

327 1164 616 1223 infinitum
644 1166 833 1242 potuit
874 1166 1097 1244 uspiam
1127 1168 1378 1245 reperiri,
1425 1188 1597 1244 quam
1642 1167 1703 1225 in
1734 1168 1843 1225 Dei
1875 1168 2047 1226 Filio.
2077 1169 2120 1228 J
2124 1168 2336 1226 ustitia».
2365 1177 2557 1227 autem
2586 1168 2754 1226 istius

327 1245 668 1304 exercitium
697 1248 1081 1305 necessarium
1111 1268 1254 1322 esse,
1286 1268 1403 1306 non
1430 1248 1675 1306 liberum
1707 1268 1807 1306 sen
1838 1248 2218 1323 arbitrarium,
2251 1248 2406 1325 quod
2435 1269 2470 1307 a
2499 1248 2623 1308 solo
2643 1248 2755 1306 Dei

327 1325 689 1403 beneplacito
718 1326 981 1403 pendeat,
1013 1329 1386 1405 probavimus
1417 1329 1482 1387 P.
1517 1330 1564 1387 Ι.
1598 1330 1736 1387 Loc.
1770 1329 1908 1405 111„
1941 1328 2014 1387 de
2046 1330 2189 1402 Dee,
2216 1328 2284 1404 Q.
2319 1328 2508 1388 XIX.

414 1405 632 1464 XVII.
675 1411 733 1464 2.
764 1406 912 1482 Quia
941 1407 990 1465 si
1032 1428 1123 1467 res
1166 1409 1332 1467 aliter
1372 1409 1496 1467 fieri
1526 1410 1730 1487 potuit,
1767 1409 1897 1467 Non
1942 1409 2218 1468 credibile
2261 1417 2349 1468 est
2383 1409 2569 1468 Deum
2601 1409 2752 1487 sapi-

331 1486 690 1546 entissimum
731 1495 789 1544 et
829 1488 1126 1565 optimum,
1159 1490 1463 1548 consilium
1492 1490 1601 1548 hoc
1646 1491 1920 1550 initurum
1964 1490 2158 1565 fuisse,
2191 1489 2347 1567 quod
2389 1510 2590 1568 parum
2620 1510 2754 1550 con-

332 1568 533 1626 venire
581 1566 890 1626 videbatur
939 1569 1234 1646 sapientias
1277 1571 1403 1648 ejus
1446 1579 1506 1629 et
1561 1571 1828 1631 bonitati.
1914 1571 2063 1629 Nam
2108 1571 2154 1628 si
2186 1570 2309 1628 solo
2358 1571 2539 1629 verbo
2568 1572 2759 1648 potuit

331 1647 598 1706 homines
624 1647 906 1724 liberare;
953 1649 1052 1706 An
1096 1651 1435 1727 sapientiam
1478 1651 1767 1710 decuisset
1809 1659 1970 1710 tanto
1999 1651 2292 1708 m'olirnine
2322 1669 2441 1707 rem
2471 1660 2588 1709 tam
2619 1651 2756 1708 faci-

333 1728 450 1787 lem
496 1736 786 1805 praestare,
839 1738 899 1787 et
939 1730 1149 1788 coelum
1198 1751 1264 1789 ac
1313 1740 1524 1790 terram
1553 1731 1981 1808 quodammodo
2010 1733 2420 1788 commovere?
2503 1731 2600 1786 An
2658 1750 2760 1805 per

333 1809 504 1886 plura
530 1807 776 1884 fecisset,
808 1809 965 1887 quod
1015 1810 1200 1869 facere
1245 1811 1434 1888 potuit
1481 1832 1585 1889 per
1631 1812 1903 1888 pauciora
1923 1814 1952 1869 Ρ
2035 1811 2112 1868 Ε1
2142 1809 2271 1886 (11118
2301 1809 2498 1867 credat
2528 1809 2757 1866 Patrem

338 1888 554 1947 Filium
583 1908 750 1947 suum
799 1889 1254 1965 dilectissimum,
1288 1892 1346 1949 in
1401 1912 1517 1968 quo
1568 1892 1755 1949 omnis
1797 1892 1925 1968 ejus
1980 1887 2176 1948 anom'oe
2201 1889 2453 1966 reposita
2483 1898 2586 1962 est,
2620 1889 2764 1947 citra

333 1968 736 2028 necessitatem
777 1970 1032 2030 voluisse
1056 1972 1202 2029 coelo
1231 1972 1547 2047 demittere,
1581 1991 1750 2030 carne
1779 1980 1977 2028 nostra
1998 1970 2251 2043 induere,
2284 1978 2341 2027 et
2370 1969 2527 2027 mille
2558 1989 2760 2027 aerum-

335 2049 445 2125 nis,
476 2056 537 2108 et
581 2049 816 2108 tandem
863 2051 1167 2109 dirissimae
1208 2053 1378 2110 morti
1428 2072 1531 2128 pro
1580 2052 1749 2110 nobis
1798 2054 2135 2129 exponere?
2182 2051 2331 2108 Sane
2366 2049 2660 2126 Sapientia
2707 2059 2767 2108 et

339 2129 583 2189 Bonitas
615 2129 724 2188 Dei
752 2150 869 2188 non
896 2132 1208 2208 patiuntur,
1240 2141 1305 2191 ut
1334 2132 1636 2191 credamus
1664 2133 1772 2190 hoe
1802 2132 1887 2189 illi
1915 2131 2159 2189 liberum
2191 2129 2385 2206 fuisse,
2419 2128 2522 2188 sed
2551 2129 2765 2188 Neces-

338 2211 569 2270 sitatem
598 2211 886 2288 quandam
915 2212 1343 2270 ineluctabilem
1373 2212 1468 2270 hic
1495 2212 1889 2270 intercessisse
1920 2231 2065 2289 opus
2095 2221 2200 2270 est.

420 2291 674 2350 XVIII.
719 2291 840 2350 Nec
869 2291 1188 2369 putandum
1217 2312 1323 2351 nos
1351 2293 1462 2350 hoc
1492 2292 1799 2351 statuendo
1828 2291 2041 2349 limites
2070 2310 2282 2369 ponere
2311 2290 2462 2349 velle
2494 2289 2765 2368 Omnipo-

342 2372 537 2431 tentiae
562 2372 691 2447 Dei,
716 2371 813 2430 vel
836 2372 976 2448 quid
1000 2393 1223 2431 summo
1253 2374 1399 2432 Jure
1428 2374 1613 2450 possit
1641 2372 1701 2430 in
1733 2374 2065 2431 Creaturam
2091 2371 2347 2430 definire.
2399 2371 2515 2430 Sed
2544 2379 2767 2429 tantum

341 2452 700 2512 ostendimus
729 2472 802 2511 ex
852 2452 1147 2531 Scriptura
1168 2453 1310 2532 quid
1331 2454 1514 2530 possit
1537 2455 1631 2512 vel
1681 2473 1798 2512 non
1847 2452 2032 2531 possit
2064 2453 2225 2511 Deus
2246 2453 2422 2526 juxta
2450 2451 2766 2529 potentiam

342 2533 681 2609 ordinatam,
713 2541 774 2592 et
792 2534 893 2612 jus
914 2534 1229 2594 virtutibus
1257 2543 1656 2613 temperatum.
1744 2535 1981 2609 Caetera,
2014 2554 2144 2612 quae
2172 2534 2286 2592 huc
2315 2533 2620 2611 pertinent,
2652 2541 2767 2590 tra-

343 2612 552 2675 dentur
579 2615 640 2673 in
669 2616 1061 2693 sequentibus,
1092 2637 1270 2695 quum
1300 2617 1691 2696 disputabitur
1718 2617 1789 2675 de
1823 2617 2180 2675 Necessitate
2209 2614 2653 2675 satisfactionis.

342 2733 516 2780 'rer-tia
541 2735 825 2793 propositio,
949 2697 1140 2759 XIX.
1183 2699 1381 2759 Tertia
1413 2699 1775 2777 Propositioz
1823 2700 1957 2758 Non
1976 2698 2166 2774 potuit
2191 2717 2330 2774 opus
2351 2695 2773 2773 Redemptiom's

403 2792 536 2851 opus
567 2794 739 2838 salutis
759 2808 833 2839 ro-
864 2781 1091 2857 perayz‘,
1120 2780 1353 2856 nisiper
1381 2781 1687 2862 &drogum-ov
1715 2780 1815 2856 qui
1833 2799 1946 2857 per
1966 2780 2425 2853 Ins-ornationem
2468 2779 2770 2835 humanam

402 2853 631 2909 quirobat
695 2854 828 2900 9⁸4⁹·
867 2870 1137 2918 naturam
1175 2862 1378 2919 dim‘nae
1425 2862 1792 2920 indissolubili
1826 2862 2045 2919 vim-telo
2088 2861 2343 2918 sociaret.
2430 2858 2575 2916 Cum
2619 2857 2768 2916 enim

399 2920 578 2981 ‘'Vn'‘
867 2939 941 2995 ad
986 2957 1094 2996 nos
1121 2940 1488 2999 redimendos
1537 2942 1653 2998 duo
1694 2941 2059 3017 potissimum
2101 2940 2545 3015 requirerentur,
2577 2938 2773 3014 aequi-

346 3017 480 3075 sitio
509 3016 729 3090 salutis),
762 3024 821 3074 et
860 3016 1120 3091 ejusdem
1162 3017 1487 3092 applicatiO,
1519 3020 1721 3077 mortis
1761 3019 2057 3095 perpessio
2099 3020 2174 3075 ad
2217 3018 2683 3090 satisfactionem,
2716 3026 2775 3076 ct

346 3094 608 3172 ejusdem
638 3094 882 3152 victoria
908 3094 984 3150 ad
1011 3093 1147 3151 vitae
1170 3095 1496 3153 fruitionem
1521 3119 1535 3171 3
1583 3097 1874 3154 Mediator
1914 3106 2110 3153 noster
2137 3096 2337 3153 debuit
2367 3115 2494 3153 esse
2533 3097 2772 3176 &drogu-

347 3198 437 3240 πος
466 3184 529 3233 111
557 3175 681 3232 haec
730 3181 1126 3249 exequeretur,
1173 3173 1369 3231 Homo
1411 3174 1512 3253 qui
1553 3180 1861 3251 pateretur,
1915 3175 2076 3232 Deus
2121 3175 2222 3249 qui
2270 3175 2543 3249 vinceret,
2579 3175 2774 3234 Homo

347 3256 449 3334 qui
489 3275 692 3333 poenas
733 3254 902 3313 nobis
949 3252 1175 3311 debitas
1216 3252 1405 3328 ferret,
1453 3253 1615 3311 Deus
1671 3253 1771 3330 qui
1826 3273 1924 3311 eas
1978 3252 2254 3330 perferret
2308 3261 2366 3311 et
2422 3253 2770 3329 exhauriret,

349 3338 547 3396 Homo
574 3335 676 3414 qui
703 3333 1002 3393 moriendo
1052 3333 1295 3393 salutem
1344 3334 1514 3393 nobis
1543 3334 1881 3411 acquireret,
1919 3334 2079 3392 Deus
2127 3333 2225 3409 qui
2272 3331 2560 3391 vincendo
2602 3333 2773 3393 nobis

348 3438 476 3478 eam
505 3417 836 3495 applicaret,
870 3416 1066 3473 Homo
1095 3416 1194 3492 qui
1223 3423 1422 3474 noster
1447 3415 1610 3474 fieret
1639 3434 1742 3493 per
1763 3414 1956 3474 carnis
1979 3414 2448 3491 assumptionem,
2484 3414 2643 3472 Deus
2672 3415 2773 3492 qui

345 3519 453 3560 nos
483 3499 594 3557 sibi
623 3497 840 3556 similes
867 3495 1133 3556 redderet
1200 3517 1263 3555 er
1287 3496 1535 3573 Spiritus
1564 3496 1949 3555 collationem.
2034 3494 2204 3569 Quod
2230 3515 2337 3554 nec
2357 3495 2531 3554 homo
2559 3515 2773 3573 merus,

347 3600 454 3639 nec
486 3580 647 3638 Deus
677 3579 834 3638 801118
861 3585 1105 3656 poterat.
1222 3597 1287 3636 ec
1317 3578 1470 3636 enim
1505 3585 1749 3636 mortem
1796 3576 1954 3636 solus
2006 3576 2166 3636 Deus
2197 3576 2425 3652 sentire,
2477 3597 2584 3636 nec
2614 3576 2773 3637 solus

346 3662 522 3720 homo
551 3679 837 3736 ‚superare
877 3658 1102 3736 potuit;
1169 3658 1328 3718 solus
1373 3659 1549 3717 1101110
1609 3658 1799 3735 potuit
1852 3678 1957 3736 pro
2001 3658 2333 3717 hominibus
2387 3657 2551 3730 mori,
2612 3658 2772 3716 801118

351 3741 512 3800 Deus
555 3740 744 3817 potuit
788 3749 1030 3798 mortem
1074 3739 1325 3797 vincere.
1413 3739 1674 3815 Utraque
1704 3758 1842 3815 ergo
1883 3747 2087 3797 natura
2116 3738 2322 3797 sociari
2370 3737 2586 3812 debuit,
2617 3737 2769 3796 utin

346 3830 590 3899 utraque
641 3820 992 3896 conjunctim
1043 3827 1102 3876 01
1151 3838 1373 3877 summa
1414 3818 1719 3877 infirmitas
1767 3819 2143 3877 humanitatis
2191 3817 2266 3876 ad
2321 3817 2664 3895 passionem,
2713 3825 2773 3877 et

350 3921 575 3962 summa
602 3900 789 3958 virtus
817 3908 875 3959 et
907 3900 1187 3976 Majcstas
1230 3898 1554 3957 divinitatis
1581 3898 1656 3956 ad
1686 3898 1987 3957 victoriam
2019 3920 2144 3957 sese
2175 3905 2493 3957 exererent.

430 3981 585 4041 XX.
635 3984 687 4040 1.
734 3980 1046 4037 Hominem
1076 3998 1202 4036 esse
1248 3978 1442 4037 decuit
1490 3978 1711 4037 ratione
1760 3980 2007 4037 Juslz’tiae
2033 3980 2162 4054 Dei,
2188 3999 2317 4055 quae
2346 3975 2675 4053 requirebat
2702 3986 2769 4036 ut

345 4070 647 4142 peecatum
676 4060 735 4118 in
764 4060 965 4119 eadem
993 4068 1199 4117 natura
1224 4058 1539 4136 puniretur,
1570 4059 1632 4116 in
1681 4078 1797 4136 qua
1824 4059 2191 4117 commissum
2220 4058 2423 4132 fuerat,
2441 4057 2617 4135 juxta
2643 4077 2767 4115 ora·

349 4143 543 4201 culum
575 4142 747 4199 Ezec.
798 4139 963 4198 xviii.
1015 4142 1070 4213 4,
1122 4139 1315 4197 anima
1364 4160 1489 4216 quae
1522 4140 1778 4217 peccavit
1820 4139 2093 4197 morietur
2112 4163 2136 4211 ,·
2183 4138 2298 4197 Sed
2337 4146 2396 4196 01
2426 4139 2634 4212 Deum,
2667 4138 2768 4214 qui

345 4222 715 4300 passionibus
744 4220 865 4280 suis
892 4219 1148 4279 valorem
1177 4219 1417 4279 adderet
1444 4220 1751 4279 infinitum.
1836 4225 1893 4278 2.
1918 4218 2167 4277 Ratione
2203 4219 2385 4291 Οῇσίἰ
2413 4218 2640 4293 Christi,
2669 4217 2768 4277 de-

349 4304 478 4363 buit
507 4301 848 4361 Mediatoris
876 4320 1111 4359 munere
1139 4300 1322 4378 fungi,
1354 4308 1418 4359 ut
1447 4300 1711 4359 homines
1742 4301 1870 4359 Deo
1898 4299 2297 4359 reconciliaret
2320 4321 2335 4358 z
2380 4299 2540 4375 Ergo
2569 4297 2771 4359 debuit

347 4384 577 4443 medius
605 4403 732 4442 esse
780 4383 930 4440 inter
970 4390 1264 4459 utrosque,
1300 4389 1359 4440 et
1385 4381 1569 4440 instar
1618 4380 1788 4440 scalae
1833 4382 1876 4441 J
1880 4380 2044 4439 aeobi
2089 4380 2297 4438 coelum
2328 4387 2387 4439 et
2407 4387 2617 4438 terram
2668 4399 2770 4455 per

345 4465 648 4542 utriusque
684 4472 903 4522 naturoe
973 4461 1428 4539 articipationem
1478 4462 1849 4540 conjungere.
1937 4461 2021 4522 Ut
2072 4460 2377 4538 Propheta,
2429 4458 2631 4518 debuit
2656 4479 2773 4536 qua

348 4543 544 4604 Homo
572 4544 797 4602 desumi
825 4562 901 4601 ex
952 4542 1200 4601 ratribus
1249 4543 1385 4618 81118,
1431 4551 1497 4601 111
1523 4542 1882 4600 familiariter
1908 4562 2038 4601 cum
2066 4541 2398 4600 hominibus
2423 4549 2769 4618 versaretur,

348 4634 408 4685 et
434 4626 613 4685 libere
643 4624 718 4683 ad
746 4644 878 4683 eum
907 4622 1179 4682 accedere
1206 4642 1508 4700 possemus
1532 4645 1546 4699 ;
1596 4622 1713 4681 Sed
1743 4621 1945 4682 debuit
1971 4630 2037 4682 ut
2068 4623 2228 4681 Deus
2256 4621 2530 4698 Spiritum
2563 4622 2620 4678 in
2645 4642 2767 4680 cor-

346 4704 423 4766 da
450 4714 646 4765 nostra
671 4705 916 4779 mittere,
948 4711 1006 4763 et
1050 4703 1267 4780 Legem
1290 4703 1601 4763 inscribere
1626 4703 1684 4761 in
1706 4702 1913 4761 animis
1942 4703 2171 4778 nostris,
2194 4710 2261 4761 ut
2282 4701 2495 4762 faceret
2512 4698 2769 4761 θιοδιδιίιι-
