3221 5200
317 343 539 391 Qusus‘r.
584 322 696 403 v1.]
1148 341 1225 379 ns
1259 318 1592 380 vooArmNE
1624 341 1697 379 m*
1728 341 1884 379 rme,
2614 323 2728 380 487

311 483 600 559 relinquat
628 481 935 557 unicuique
963 481 1256 558 proprium
1285 480 1518 539 modum
1537 480 1749 558 agendi
1772 503 1785 554 ;
1839 481 1947 538 Ubi
1961 481 2205 556 Spiritus
2227 479 2452 552 domini,
2474 479 2550 536 ibi
2568 481 2727 537 liber-

317 573 404 620 tas
434 567 487 637 2,
521 565 648 621 Cor.
680 562 760 620 iii.
797 565 888 619 17.
979 562 1287 638 Utcunque
1317 581 1455 637 ergo
1484 570 1647 619 actus
1678 561 1945 618 credendi
1976 581 2010 616 a
2043 561 2167 617 Deo
2211 560 2566 633 immittatur,
2593 560 2731 635 quia

316 651 509 700 tamen
538 643 611 700 ab
639 643 868 699 homine
898 652 1214 715 exercetur,
1247 642 1466 699 homini
1496 641 1782 699 tribuitur.
1828 640 1958 715 Vel,
1991 643 2047 696 4.
2082 643 2254 697 “non
2282 639 2474 711 fidem,
2508 639 2610 696 sed
2640 659 2730 696 sa·-

315 723 495 780 lutem
525 722 636 779 dici
668 722 880 779 donum
913 721 1082 793 Dei,'’
1129 722 1278 797 Eph.
1309 721 1367 778 ii.
1395 723 1450 778 8.
1536 721 1685 794 Quia
1712 721 1762 778 si
1805 720 1961 777 salus
2003 727 2092 777 est
2134 719 2348 777 donum
2394 719 2520 791 Dei,
2570 719 2728 794 Ergo

316 809 374 860 et
404 801 528 877 ipsa
555 802 715 876 fides,
748 821 876 876 quae
905 801 1088 876 prima
1107 810 1194 858 est
1223 821 1354 877 pars
1385 800 1604 858 salutis,
1693 800 1918 857 Deinde
1947 798 2104 875 quod
2131 818 2251 856 ver.
2287 801 2378 873 10,
2412 797 2612 855 fideles
2641 799 2726 855 di-

317 892 525 939 cuntur
553 902 689 956 opus
720 881 834 938 Dei
852 882 1030 939 creati
1056 882 1111 938 in
1145 881 1383 953 C'lzristo,
1415 880 1589 938 fidem
1618 879 1942 937 necessario
1970 878 2232 952 includit,
2276 889 2343 936 ut
2383 878 2728 955 principium

318 960 768 1037 regenerationis
798 969 1025 1035 nostrae,
1057 960 1200 1017 alias
1230 960 1277 1016 si
1301 959 1444 1017 fides
1473 979 1588 1016 non
1618 969 1770 1017 esset
1819 959 2035 1016 donum
2086 959 2214 1031 Dei,
2246 959 2417 1015 homo
2446 967 2641 1034 posset
2669 958 2730 1014 in

317 1041 506 1118 seipso
526 1040 777 1116 gloriari,
804 1049 1002 1097 contra
1025 1039 1390 1115 Apostolum.
1418 1039 1547 1111 Vel,
1581 1042 1636 1096 5.
1660 1040 1821 1114 “Aqi
1839 1042 1907 1096 de
1912 1041 2043 1113 jam
2066 1039 2409 1096 credentibus
2429 1047 2482 1094 et
2500 1058 2728 1095 conver-

314 1121 391 1178 sis
409 1141 526 1195 pro
555 1121 748 1195 quibus
796 1129 926 1177 orat
970 1119 1241 1194 Paulus,’'
1269 1119 1421 1176 Heb.
1452 1118 1575 1175 xiii.
1607 1121 1702 1192 21,
1735 1125 1770 1175 2
1801 1118 2005 1175 Thess.
2035 1118 2072 1175 i.
2109 1122 2199 1175 ll.
2246 1118 2393 1174 Nam
2426 1117 2472 1173 si
2493 1136 2563 1173 ne
2594 1137 2727 1174 eon-

317 1200 471 1258 versi
500 1200 731 1275 quidem
761 1199 946 1256 faeere
975 1218 1281 1275 possumus
1313 1198 1424 1255 Dei
1442 1198 1816 1271 voluntatem,
1844 1196 1953 1255 nisi
1973 1217 2096 1254 eam
2118 1197 2239 1273 ipse
2262 1197 2434 1256 faciat
2455 1196 2514 1252 in
2543 1197 2728 1270 nobiS,

317 1288 532 1355 quanto
562 1280 751 1337 minus
779 1289 911 1337 ante
941 1279 1392 1349 conversionem,
1425 1287 1484 1335 et
1511 1278 1569 1334 in
1598 1278 1724 1354 ipsa
1753 1277 2126 1334 conversione
2144 1280 2172 1334 P

923 1357 1052 1415 XV
1066 1358 1176 1415 [ΙΙ.
1223 1357 1457 1431 Quinto,
1475 1357 1970 1433 Argumentamur
1987 1356 2059 1413 ab
2075 1355 2364 1413 Absurdis
2389 1355 2731 1414 sententiam

841 1437 1325 1495 Adversariorum
1355 1437 1874 1512 consequentibus:
1911 1439 1960 1493 1.
1994 1436 2143 1510 Quia
2172 1436 2220 1493 si
2251 1436 2436 1511 gratia
2465 1444 2734 1511 operatur

317 1535 542 1592 semper
570 1516 954 1576 resistibiliter
983 1518 1040 1573 in
1069 1517 1253 1588 nobiS,
1288 1517 1367 1574 ita
1395 1524 1460 1574 ut
1488 1518 1739 1593 positum
1762 1517 1839 1574 sit
1860 1535 2036 1593 penes
2078 1516 2320 1573 liberum
2365 1515 2614 1573 hominis
2642 1535 2730 1571 ar-

318 1595 568 1669 bitrium,
605 1597 697 1653 vel
727 1617 794 1655 ea
822 1597 923 1670 uti,
958 1597 1050 1654 vel
1080 1597 1164 1653 illi
1202 1598 1485 1668 resistere,
1539 1606 1812 1672 sequetur
1854 1597 1986 1672 plus
2034 1595 2094 1652 in
2136 1595 2511 1653 conversione
2560 1594 2736 1652 tribui

317 1674 567 1732 hominis
595 1676 848 1749 arbitri0‚
882 1696 1051 1752 quam
1086 1676 1229 1745 Deo,
1261 1685 1318 1734 et
1346 1696 1475 1734 eum
1520 1677 1620 1751 qui
1662 1676 1808 1733 bene
1854 1675 2034 1733 utitur
2078 1676 2280 1751 gratia,
2334 1694 2394 1731 se
2440 1675 2626 1750 ipsum
2658 1675 2731 1731 ab

318 1754 449 1812 aliis
478 1755 818 1829 discernere,
852 1766 1050 1813 eontra
1080 1755 1341 1829 Paulum,
1378 1759 1405 1811 l
1436 1757 1563 1813 Cor.
1597 1756 1676 1814 iv.
1709 1760 1762 1829 7,
1789 1764 1846 1812 et
1864 1755 2157 1812 materiam
2177 1754 2426 1828 aliquam
2448 1753 2736 1828 gloriandi

319 1834 549 1892 habere.
636 1835 783 1892 Nam
814 1836 860 1892 si
891 1845 1022 1912 post
1050 1854 1248 1892 omnes
1278 1836 1478 1910 gratiae
1508 1836 1884 1910 operationes,
1911 1834 2159 1890 hominis
2179 1833 2445 1889 voluntas
2477 1834 2533 1888 in
2558 1832 2732 1906 aequi·

317 1913 487 1972 librio
516 1914 894 1990 relinquitur;
939 1914 1263 1971 necessario
1293 1913 1566 1988 sequitur,
1598 1933 1715 1971 non
1747 1913 1934 1970 Deum
1963 1933 2065 1989 per
2109 1913 2370 1988 gratiam,
2420 1910 2520 1968 sed
2550 1911 2734 1968 homi-

319 2013 450 2051 nem
480 2014 581 2069 per
603 1994 847 2052 liberum
876 1993 1173 2051 arbitrium
1205 2013 1328 2050 esse
1347 1992 1722 2068 principalem
1752 2011 1982 2050 causam
2012 1992 2146 2049 fidei
2165 2001 2222 2050 et
2241 1991 2650 2063 conversioniS,
2677 2000 2735 2048 et

321 2073 577 2131 conferre
608 2074 763 2148 qnod
793 2074 980 2148 majus
1007 2081 1113 2144 est,
1149 2072 1273 2129 Deo
1303 2071 1456 2146 quod
1499 2072 1690 2129 minus
1740 2081 1829 2129 est
1872 2072 2216 2129 conferente.
2302 2070 2527 2127 Deinde
2558 2070 2606 2126 si
2636 2089 2738 2127 vo-

319 2152 511 2210 luntas
541 2152 882 2227 relinquitur
911 2151 967 2207 in
998 2151 1249 2227 ancipiti,
1283 2160 1346 2208 ut
1376 2152 1621 2227 seipsam
1651 2151 2010 2225 determinet,
2044 2151 2187 2224 Quis
2216 2171 2329 2208 non
2360 2149 2520 2207 videt
2549 2150 2730 2206 homi·

321 2251 452 2288 nem
483 2232 706 2308 proprie
739 2251 856 2288 suae
885 2230 1247 2288 discretionis
1276 2250 1504 2288 eausam
1536 2250 1679 2303 esse,
1712 2229 2177 2307 quandoquidem
2208 2230 2393 2305 gratia
2421 2250 2549 2305 quae
2580 2250 2732 2287 com·

320 2311 510 2367 munis
540 2319 597 2367 et
625 2310 950 2368 resistibilis
980 2311 1265 2382 statuitur,
1297 2329 1409 2365 non
1440 2311 1627 2385 potuit
1677 2311 1784 2366 hoc
1834 2320 2103 2385 praestare
2124 2313 2152 2367 Ρ
2237 2311 2313 2366 Et
2359 2329 2486 2367 cum
2540 2309 2731 2366 suasio

320 2410 436 2447 non
464 2390 631 2447 aliter
658 2399 794 2465 agat
822 2409 992 2465 quam
1023 2390 1325 2465 objective,
1352 2410 1466 2446 non
1486 2399 1676 2466 potest
1697 2389 1915 2447 censeri
1935 2409 2107 2447 causa
2129 2389 2396 2462 efficiens,
2419 2388 2520 2446 sed
2542 2389 2732 2446 hom0.

323 2469 406 2526 At
437 2469 652 2527 Paulus
682 2478 895 2542 contra,
931 2472 966 2500 “
991 2469 1130 2542 Quis
1160 2478 1215 2527 te
1245 2469 1518 2526 discernit
1538 2472 1566 2526 P
1650 2469 1802 2542 Quid
1847 2469 2025 2526 habes
2072 2468 2229 2545 quod
2256 2488 2371 2526 non
2400 2468 2689 2544 acceperis
2712 2500 2736 2512 -

322 2549 398 2608 Et
428 2550 476 2608 si
506 2549 794 2626 accepisti,
846 2568 1020 2626 quare
1050 2549 1314 2625 gloriaris
1345 2549 1415 2607 de
1445 2568 1530 2623 ec,
1563 2549 1727 2625 quasi
1758 2569 1872 2607 non
1901 2549 2189 2626 acceperis
2209 2549 2274 2607 ἕν’
2361 2548 2525 2606 Licet
2541 2557 2733 2606 autem

321 2630 528 2707 Apost.
558 2629 640 2687 ibi
669 2638 806 2706 agat
834 2629 906 2687 de
935 2629 1278 2687 discretione
1312 2631 1625 2688 Doctorum
1654 2628 2044 2703 eminentium,
2077 2630 2150 2687 ab
2181 2630 2251 2687 iis
2281 2629 2377 2705 qui
2408 2629 2599 2685 minus
2628 2628 2733 2685 do?

287 2724 522 2767 *norum
553 2717 896 2786 acceperunt
926 2730 939 2784 ;
985 2728 1099 2766 non
1130 2711 1322 2767 obstat
1351 2710 1658 2785 quominus
1688 2710 1762 2767 ad
1790 2710 2045 2767 fidelium
2075 2709 2476 2767 discretionem
2520 2708 2733 2785 optime

320 2790 501 2864 possit
529 2790 820 2866 applicari,
853 2789 989 2865 quia
1018 2789 1301 2848 sententia
1331 2790 1617 2866 generalis
1646 2799 1750 2863 est,
1782 2800 1839 2848 et
1869 2790 2025 2865 quod
2054 2789 2125 2847 de
2171 2809 2285 2848 uno
2314 2789 2594 2847 bonorum
2626 2809 2725 2864 ge-

319 2888 452 2927 nere
483 2868 707 2944 dicitur,
743 2869 894 2927 idem
924 2869 994 2927 de
1024 2870 1290 2927 omnibus
1319 2869 1447 2926 aliis
1475 2890 1610 2928 vere
1642 2870 1852 2927 dicitur
1878 2880 2001 2928 tum
2020 2869 2377 2928 naturalibus
2396 2880 2515 2927 tum
2538 2889 2732 2945 super·

322 2949 695 3021 naturalibuS,
726 2949 1042 3023 praesertim
1072 2948 1144 3005 de
1176 2948 1492 3006 Electionis
1521 2950 1724 3025 gratia,
1757 2970 1884 3025 quae
1934 2949 2186 3006 omnium
2238 2958 2325 3006 est
2373 2948 2643 3022 maxima,
2677 2958 2735 3006 et

322 3026 487 3082 radix
517 3047 582 3083 ac
613 3048 785 3084 causa
814 3037 1166 3085 eaeterarum.
1253 3027 1477 3084 Deinde
1507 3048 1541 3083 a
1569 3029 1793 3101 minori,
1826 3029 1875 3085 si
1902 3029 2072 3084 homo
2122 3028 2309 3085 fidelis
2357 3028 2501 3084 nihil
2544 3037 2734 3103 potest

324 3105 509 3162 facere
541 3106 597 3162 in
628 3106 988 3162 charismatis
1018 3107 1110 3161 vel
1141 3105 1539 3180 comparandis
1568 3106 1663 3163 vel
1692 3106 1989 3181 augendis,
2023 3106 2094 3163 de
2124 3126 2237 3181 quo
2268 3106 2502 3180 gloriari
2531 3109 2729 3182 possit,

323 3193 537 3260 quanto
568 3185 756 3242 minus
787 3185 846 3241 in
869 3184 1138 3260 jaciendo
1168 3184 1300 3241 fidei
1331 3183 1721 3256 fundamentO,
1764 3185 1919 3259 quod
1949 3184 2119 3259 longe
2151 3185 2439 3241 difficilius
2468 3188 2604 3242 est?

405 3264 593 3321 XIX.
639 3269 694 3322 2.
741 3265 886 3321 Haec
916 3263 1198 3321 sententia
1240 3271 1478 3320 enervat
1526 3263 1780 3321 studium
1828 3265 2067 3321 Precum
2112 3273 2170 3320 et
2232 3264 2559 3321 Gratiarum
2591 3264 2730 3322 acti-

325 3364 516 3401 onum.
603 3343 830 3419 Ecquid
859 3344 1010 3400 enim
1040 3350 1299 3419 peterent
1326 3362 1358 3398 a
1390 3342 1515 3400 Deo
1544 3343 1745 3400 fideles
1774 3343 1906 3401 fidei
1937 3352 1994 3400 et
2022 3343 2412 3400 conversionis
2443 3352 2652 3417 actum,
2686 3345 2734 3401 si

324 3424 374 3482 is
404 3444 516 3481 non
546 3424 758 3500 pendet
786 3444 820 3479 a
848 3423 1050 3499 gratia,
1084 3422 1185 3479 sed
1214 3444 1248 3478 a
1274 3422 1456 3480 libero
1486 3422 1734 3479 hominis
1762 3423 1996 3481 arbitrio
2014 3425 2041 3479 ἱ)
2106 3424 2182 3481 Et
2209 3423 2496 3499 quomodo
2520 3424 2735 3499 gratias

324 3503 395 3563 de
425 3524 493 3562 eo
521 3504 674 3561 dono
703 3511 956 3580 agerent,
990 3504 1037 3561 si
1067 3502 1176 3560 hoe
1203 3502 1490 3560 voluntati
1534 3522 1669 3574 suae,
1718 3523 1831 3559 non
1878 3502 1987 3560 Dei
2036 3503 2235 3561 virtuti
2265 3514 2559 3581 acceptum
2590 3502 2735 3561 ferre

325 3583 582 3642 debent?
666 3584 826 3640 Nihil
854 3593 1046 3641 tamen
1075 3582 1430 3658 frequentius
1459 3582 1613 3658 apud
1646 3582 1891 3641 Paulum
1921 3583 2167 3641 occurrit
2196 3585 2348 3641 votis
2377 3594 2434 3642 et
2464 3584 2734 3641 orationi-

323 3664 450 3737 buS,
482 3684 598 3721 non
628 3664 816 3721 minus
845 3683 911 3720 ae
941 3662 1252 3739 gratiarum
1284 3662 1624 3735 actionibuS,
1656 3683 1800 3740 quas
1845 3683 1949 3738 pro
2000 3663 2111 3720 fide
2142 3676 2199 3721 et
2229 3665 2601 3722 conversione
2632 3665 2733 3721 ho·

323 3744 541 3800 minum
571 3743 775 3816 fundit,
810 3743 959 3818 Eph.
992 3744 1028 3800 i.
1062 3747 1153 3814 17,
1186 3752 1243 3800 et
1273 3742 1351 3799 iii.
1389 3745 1477 3815 16,
1518 3745 1623 3817 173
1662 3747 1689 3799 1
1738 3743 1940 3800 Thess,
1999 3742 2078 3799 iii.
2136 3747 2225 3816 12,
2263 3747 2354 3815 13,
2389 3755 2522 3802 etv,
2555 3748 2650 3817 23,
2677 3751 2735 3801 et

325 3826 360 3877 2
405 3823 607 3879 Thess.
641 3823 676 3879 i.
713 3826 780 3879 11
810 3845 823 3897 3
875 3823 1024 3880 Heb.
1057 3823 1179 3880 xiii.
1210 3825 1275 3880 21
1308 3844 1322 3895 ;
1359 3822 1522 3878 Rom.
1555 3822 1591 3879 i.
1625 3825 1688 3897 85
1740 3826 1767 3878 1
1804 3824 1932 3879 Cor.
1965 3822 2001 3880 i.
2033 3827 2087 3894 4,
2122 3826 2174 3895 5,
2210 3827 2271 3894 7;
2306 3824 2454 3897 Eph.
2487 3824 2521 3879 i.
2554 3828 2608 3895 3,
2640 3826 2735 3894 15,

329 3903 436 3975 163
484 3906 518 3958 2
552 3901 680 3959 Cor.
712 3902 748 3957 i.
780 3904 834 3974 3,
867 3905 923 3958 4.
968 3907 1002 3958 2
1035 3902 1237 3958 Thess
1270 3902 1305 3958 i.
1339 3904 1393 3959 3.
1480 3902 1564 3958 At
1614 3902 1662 3959 si
1691 3909 1854 3958 actus
1884 3901 2015 3957 fidei
2047 3902 2120 3958 sit
2148 3901 2207 3956 in
2238 3910 2519 3976 potestate
2550 3903 2730 3959 homi-

323 3981 413 4037 nis
443 4000 681 4056 semper,
714 3980 1020 4055 quantavis
1048 3980 1388 4038 adhibeatur
1420 3980 1527 4038 Dei
1579 3981 1782 4056 gratia,
1826 3980 2111 4053 Quorsum
2142 3979 2237 4036 vel
2267 4000 2301 4036 a
2330 3978 2458 4036 Deo
2498 3980 2730 4056 petitur,

325 4060 419 4119 vel
448 4059 519 4117 de
550 4079 616 4117 eo
647 4059 846 4134 gratiae
878 4067 1127 4135 aguntur
1147 4063 1174 4117 P

405 4140 558 4197 XX.
604 4143 658 4198 3.
710 4139 804 4197 Sic
851 4138 1219 4196 Praescientia
1251 4139 1360 4196 Dei
1389 4138 1606 4196 incerta
1633 4138 1894 4195 redditur
1922 4147 1980 4195 et
2007 4138 2201 4195 dubia.
2269 4139 2415 4195 Nam
2443 4138 2490 4193 si
2520 4137 2591 4195 iis
2612 4159 2731 4195 om-

326 4220 494 4278 nibus
523 4219 726 4296 positis
756 4218 955 4295 gratiae
984 4218 1428 4294 operationibuS,
1462 4218 1672 4293 quibus
1702 4217 1969 4275 voluntas
2019 4227 2153 4293 apta
2202 4227 2336 4275 nata
2381 4227 2468 4277 est
2498 4220 2732 4293 moveri,

327 4301 596 4358 voluntas
625 4307 816 4357 tamen
848 4318 949 4374 pro
979 4297 1176 4356 innata
1203 4298 1468 4356 libertate
1498 4304 1688 4373 potest
1714 4317 1830 4353 non
1859 4298 2077 4355 moveri
2103 4320 2115 4373 ;
2183 4298 2313 4356 Non
2344 4298 2551 4374 poterit
2581 4310 2735 4356 certo

328 4381 489 4453 seire,
524 4400 797 4455 quorsum
817 4377 1161 4436 inclinatura
1190 4378 1281 4452 sit,
1313 4377 1449 4453 quia
1477 4377 1558 4433 rei
1588 4396 1717 4451 quae
1761 4376 1928 4434 aliter
1978 4398 2037 4435 se
2082 4378 2293 4436 habere
2340 4386 2545 4452 potest,
2577 4379 2738 4435 nulla

327 4466 483 4515 certa
509 4467 698 4533 potest
727 4478 852 4517 esse
883 4458 1155 4535 cognitio,
1186 4466 1252 4515 ut
1301 4456 1426 4514 fuse
1468 4455 1771 4532 probatum
1802 4465 1889 4513 est
1921 4457 1985 4515 P.
2020 4457 2068 4514 Ι.
2102 4457 2239 4516 Loc.
2273 4458 2392 4516 111.
2426 4458 2492 4531 Q.
2517 4456 2639 4514 xiii.
2665 4458 2736 4516 de

332 4536 588 4594 Scientia
619 4538 822 4611 media,
855 4538 1029 4595 Thes.
1067 4543 1156 4596 12.

410 4616 598 4673 XXI.
643 4620 699 4674 4.
736 4618 829 4675 Sic
860 4618 1230 4676 confunditur
1253 4616 1439 4692 gratia
1465 4614 1677 4672 Adami
1698 4635 1826 4674 cum
1850 4616 2037 4692 gratia
2060 4616 2289 4676 Christi.
2336 4617 2484 4674 Nam
2508 4615 2737 4675 Adamo

345 1405 389 1449 5.
418 1407 498 1450 Ab
530 1408 769 1450 absurdis
