3221 5200
539 374 656 428 214
1460 388 1644 428 Locus
1675 385 2074 428 nuonscnmS.
2586 366 2836 448 [QUAEST.
2868 388 2950 430 lx.

622 530 697 588 V.
744 529 954 603 Prim0,
990 530 1084 586 Ex
1111 538 1323 587 natura
1350 529 1676 605 Sponsionis
1708 527 1934 587 Christi.
2020 527 2169 602 Quia
2196 547 2326 585 cum
2367 527 2613 604 Sponsio
2656 529 2768 588 ista
2807 529 2953 586 nihil

542 609 702 669 aliud
752 609 842 684 sit,
890 629 1063 686 quam
1108 608 1537 668 absolutissima
1579 616 1640 667 et
1686 607 2063 666 immutabilis
2106 607 2320 666 Christi
2348 607 2635 682 voluntas,
2685 628 2747 667 se
2782 610 2958 686 juxta

542 697 819 748 aeternum
850 689 1039 747 Patris
1068 689 1371 747 eonsilium
1401 688 1789 748 substituendi
1817 688 1878 745 in
1905 687 2096 746 locum
2127 687 2476 763 Electorum,
2522 697 2581 746 et
2620 708 2725 765 pro
2752 708 2953 765 pecea-

539 768 616 828 tis
645 769 899 846 ipsorum
928 768 1336 843 satisfaciendi,
1368 768 1694 827 necessario
1722 768 1993 845 importat
2034 786 2103 825 eo
2132 767 2257 860 ipso
2285 787 2481 825 veram
2523 767 2958 827 translationem

543 848 913 907 debitorum
897 868 958 906 ιιι
988 849 1193 925 ipsum,
1225 856 1283 906 et
1330 849 1559 925 plenam
1603 847 2003 906 liberationem
2051 855 2109 905 et
2153 847 2571 906 immunitatem
2614 866 2812 906 eorum
2853 868 2958 925 pro

541 928 754 1004 quibus
782 928 1123 1004 spopondit;
1171 927 1369 1004 Atque
1408 929 1488 986 ita
1514 927 1814 1004 fidejussio
1857 936 2028 1004 prout
2068 926 2142 984 ab
2171 927 2623 1019 expromissione
2653 927 2959 1004 distingui-

541 1016 653 1082 tur,
684 1027 801 1065 non
830 1016 1021 1085 potest
1048 1007 1290 1084 simplic.
1320 1006 1416 1066 hie
1442 1007 1635 1065 locum
1663 1007 1891 1082 habere,
1923 1007 2026 1065 sed
2053 1006 2451 1083 expromissio.
2536 1006 2686 1064 Nam
2724 1006 2958 1100 fideius-

543 1107 639 1146 sor
665 1086 986 1145 instituitur
1012 1095 1238 1145 tantum
1279 1085 1354 1145 ad
1401 1086 1821 1145 certiorandam
1868 1086 2042 1144 fidem
2090 1085 2163 1144 de
2208 1086 2511 1160 solutione,
2558 1106 2675 1144 non
2722 1088 2959 1163 praecise

542 1186 663 1240 sua,
695 1175 760 1224 ut
788 1185 850 1224 se
880 1165 1199 1224 soluturum
1229 1166 1491 1225 absolute
1519 1167 1875 1243 polliceatur,
1908 1166 2009 1224 sed
2038 1174 2104 1225 ut
2131 1165 2379 1224 creditor
2405 1174 2596 1224 certus
2634 1166 2710 1224 sit
2752 1167 2823 1225 de
2867 1187 2960 1225 so·-

540 1245 777 1319 lutione,
810 1245 910 1304 ubi
929 1245 1262 1322 principalis
1290 1246 1515 1305 debitor
1540 1253 1733 1323 potest
1761 1246 2006 1323 supponi
2034 1245 2222 1304 adhue
2267 1246 2562 1320 solvende,
2615 1246 2710 1304 vel
2756 1246 2958 1304 saltem

541 1326 640 1384 ubi
670 1333 864 1382 manet
891 1324 1078 1383 adhue
1107 1325 1413 1402 obligatuS,
1446 1334 1504 1384 et
1530 1334 1722 1402 potest
1765 1346 1832 1383 ae
1873 1326 2046 1384 debet
2085 1326 2270 1402 primo
2299 1326 2611 1401 conveniri,
2652 1334 2960 1403 antequam

539 1414 704 1463 eatur
730 1405 790 1461 in
817 1404 1251 1481 fidejussorem;
1301 1404 1417 1463 Sed
1443 1406 1539 1463 hie
1567 1405 1734 1463 aliter
1760 1406 1929 1481 plane
1973 1426 2034 1463 se
2077 1425 2168 1463 res
2210 1405 2421 1479 habet3
2469 1406 2618 1462 Nam
2658 1415 2725 1464 ut
2768 1406 2960 1464 Eleeti

543 1484 626 1543 sic
657 1484 919 1542 absolute
947 1504 1063 1542 non
1091 1493 1255 1542 erant
1283 1484 1579 1559 solvende,
1613 1485 1927 1543 satisfactio
1955 1485 2010 1544 in
2051 1494 2326 1543 aeternum
2371 1485 2444 1543 ab
2487 1485 2628 1561 ipsis
2669 1485 2964 1563 expectari

541 1584 659 1621 non
687 1563 911 1640 potuit3
958 1564 1036 1622 Et
1064 1564 1144 1621 ita
1180 1584 1282 1642 per
1314 1564 1693 1641 Sponsionem
1737 1571 1794 1622 et
1836 1564 2302 1623 substitutionem
2346 1564 2560 1623 Christi
2601 1565 2661 1622 in
2705 1565 2960 1642 ipsorum

542 1643 734 1702 locum
763 1651 926 1701 erant
952 1643 1181 1702 liberati
1207 1665 1282 1701 ex
1314 1643 1424 1702 Dei
1453 1644 1712 1718 consiliO,
1745 1652 1808 1703 ut
1842 1664 1958 1701 non
1986 1643 2232 1721 amplius
2274 1644 2347 1702 ab
2390 1644 2531 1721 ipsis
2573 1644 2784 1702 solutio
2826 1665 2958 1722 pos-

543 1724 715 1782 tulari
743 1723 1022 1797 debuerit,
1055 1743 1227 1800 quam
1258 1724 1319 1780 in
1359 1744 1419 1781 se
1451 1724 1716 1782 Christus
1761 1744 1863 1800 per
1912 1724 2277 1800 sponsionem
2327 1743 2487 1782 suam
2527 1732 2852 1801 receperat3
2898 1726 2961 1781 in

544 1823 659 1880 qua
705 1803 1164 1880 Expromissoris
1192 1803 1352 1862 vices
1382 1823 1516 1861 vere
1566 1803 1845 1880 implevit,
1897 1804 1994 1882 qui
2045 1804 2290 1861 alienam
2336 1803 2747 1879 obligationem
2792 1804 2851 1861 in
2901 1823 2965 1862 se

544 1883 801 1960 suscipit,
832 1892 896 1942 ut
925 1883 997 1940 ab
1028 1884 1152 1960 ipso
1181 1883 1305 1941 solo
1335 1882 1545 1942 solutio
1572 1884 1898 1960 postuletur
1924 1892 1983 1942 et
2010 1892 2361 1960 expectetur,
2392 1883 2662 1960 primario
2704 1883 2965 1942 debitore

544 1982 662 2020 non
690 1962 937 2039 amplius
968 1971 1232 2021 manente
1261 1962 1554 2039 obligato:
1600 1963 1748 2020 Nam
1778 1962 1859 2021 ita
1888 1983 1947 2021 se
1978 1963 2284 2040 sponsione
2314 1983 2417 2022 sua
2445 1962 2730 2039 obligavit
2756 1963 2831 2020 ad
2869 1983 2963 2021 so-

544 2043 840 2117 lutionem,
871 2049 938 2100 ut
965 2041 1037 2099 ab
1066 2042 1192 2119 ipso
1222 2042 1345 2100 solo
1373 2043 1493 2119 peti
1521 2042 1682 2119 exigi
1704 2043 1971 2119 potuerit,
2005 2042 2219 2116 eleetiS,
2252 2043 2351 2118 qui
2379 2043 2633 2119 primarii
2672 2050 2835 2101 erant
2862 2043 2962 2101 de-

550 2121 777 2196 oitores,
810 2122 883 2180 ab
913 2122 1067 2179 omni
1097 2123 1381 2199 personali
1413 2121 1766 2198 obligatione
1793 2122 2068 2196 liberatis,
2101 2130 2160 2180 et
2192 2122 2336 2179 adeo
2366 2142 2481 2180 non
2524 2122 2772 2199 amplius
2816 2123 2964 2180 obli-

544 2202 714 2277 gatiS,
745 2210 811 2259 ut
840 2201 888 2260 si
919 2202 1148 2278 ipsimet
1176 2201 1401 2260 solvere
1432 2202 1769 2275 voluissent,
1810 2202 2025 2259 crimen
2068 2210 2524 2278 contemptorum
2569 2202 2817 2276 Messias,
2862 2203 2968 2280 qui

544 2282 780 2358 insuper
806 2280 1005 2340 habita
1035 2281 1266 2358 justitia
1313 2282 1423 2340 Dei
1465 2282 1752 2359 propriam
1788 2281 2075 2358 justitiam
2119 2280 2375 2339 stabilire
2419 2290 2715 2357 conantur,
2759 2283 2968 2341 merito

541 2360 933 2434 incurrissent,
964 2361 1133 2438 quale
1162 2361 1271 2419 fuit
1299 2361 1512 2420 crimen
1542 2362 1899 2434 Judaeorum,
1936 2361 2102 2419 Rom.
2135 2361 2213 2418 ix.
2245 2364 2339 2435 31,
2373 2365 2466 2434 32,
2499 2369 2557 2419 et
2585 2382 2644 2419 x.
2675 2364 2730 2420 3.

627 2441 739 2498 VI.
785 2440 985 2499 Talem
1014 2449 1209 2499 autem
1238 2460 1364 2498 esse
1399 2442 1781 2517 Sponsionem
1815 2441 2045 2515 Christi,
2097 2440 2392 2517 Scriptura
2419 2441 2546 2517 ipsa
2573 2460 2690 2498 non
2720 2441 2965 2500 obscure

545 2519 922 2594 demonstrat,
954 2539 1135 2596 quum
1165 2529 1413 2578 testatur
1444 2522 1635 2579 Deum
1683 2523 1718 2553 ‘⁴
1749 2520 2067 2597 conjecisse
2096 2520 2156 2577 in
2185 2521 2372 2597 ipsum
2415 2520 2750 2596 iniquitates
2779 2521 2964 2578 omni-

545 2621 646 2658 um
673 2607 951 2673 nostrum,
999 2608 1058 2657 et
1103 2599 1541 2675 castigationem
1584 2600 1746 2676 pacis
1788 2609 1998 2658 nostrae
2042 2599 2154 2677 ipsi
2195 2600 2520 2678 impositam
2551 2599 2746 2676 fuisse,
2791 2609 2856 2660 ut
2886 2621 2966 2659 ex

549 2680 676 2753 ejus
697 2677 981 2735 livoribus
1012 2680 1238 2736 sanatio
1268 2679 1434 2737 nobis
1462 2679 1821 2754 esset‚''1sa.
1850 2679 1953 2736 liii.
1986 2683 2039 2753 5,
2067 2683 2122 2739 6.
2208 2680 2510 2754 Quomodo
2531 2700 2671 2738 vero
2699 2682 2968 2758 conjecta

548 2764 792 2834 possunt
822 2756 981 2814 diei
966 2778 1027 2814 m
1057 2758 1349 2815 Christum
1384 2766 1625 2833 peccata
1652 2758 1968 2833 hominum,
2002 2760 2052 2817 si
2084 2760 2330 2837 Sponsio
2359 2761 2487 2837 ejus
2514 2780 2630 2818 non
2659 2760 2769 2819 fuit
2796 2761 2964 2819 abso-

548 2837 690 2910 luta,
737 2855 839 2912 per
867 2855 1064 2894 veram
1108 2836 1289 2895 debiti
1330 2837 1768 2896 translationem
1813 2857 1984 2914 supra
2027 2859 2105 2914 se,
2152 2848 2210 2898 et
2249 2859 2477 2898 reorum
2520 2839 2970 2899 liberationem?

555 2916 679 2974 Nec
707 2915 1017 2975 dicendum
1066 2917 1102 2948 ‘⁴
1128 2916 1171 2975 J
1177 2936 1338 2975 esum
1368 2925 1594 2976 tantum
1629 2925 1866 2994 peccata
1894 2920 2232 2996 suscepisse,
2263 2939 2393 2978 cum
2424 2939 2486 2977 se
2514 2919 2588 2977 ad
2619 2919 2965 2978 sacrificium

549 3004 914 3074 praepararet,
960 3004 1018 3055 et
1051 2997 1240 3055 Deum
1285 2997 1345 3054 in
1375 2998 1562 3074 ipsum
1606 2997 1923 3073 conjecisse
1965 3008 2218 3075 peccata,
2263 2998 2401 3076 quia
2427 3006 2560 3058 actu
2589 2998 2690 3055 illa
2732 2999 2967 3076 abipso

549 3086 756 3135 exacta
785 3078 978 3135 sunt.”
1065 3076 1215 3151 Quia
1243 3077 1403 3135 aliud
1444 3087 1533 3137 est
1558 3078 1852 3155 postulare
1891 3097 1927 3135 a
1955 3078 2184 3137 Christo
2214 3077 2471 3137 debitum
2503 3078 2577 3135 ad
2618 3087 2964 3155 praesentem

553 3157 935 3233 solutionem;
987 3157 1148 3215 aliud
1208 3157 1268 3215 in
1318 3178 1448 3217 eum
1493 3167 1732 3235 peccata
1773 3157 2076 3234 conjicere,
2141 3166 2200 3216 et
2243 3157 2329 3215 illi
2374 3158 2675 3235 imputare.
2763 3158 2968 3218 Potest

549 3237 703 3295 Vadi
733 3237 993 3296 debitum
1022 3237 1195 3314 longe
1224 3245 1358 3296 ante
1386 3238 1734 3315 imputatum
1763 3257 1908 3312 esse,
1934 3256 2106 3314 quam
2136 3236 2212 3294 ad
2239 3245 2581 3330 praesentem
2611 3237 2961 3296 solutionem

550 3318 860 3393 exigatur.
907 3317 1039 3375 Non
1068 3317 1238 3375 docet
1282 3318 1472 3375 Isaias
1501 3325 1640 3376 tune
1669 3317 1930 3394 conjecta
1963 3316 2140 3374 fuisse
2182 3325 2418 3394 peccata
2446 3317 2505 3374 in
2534 3318 2741 3394 ipsum,
2783 3336 2965 3394 quum

552 3405 684 3455 actu
734 3396 808 3453 ab
858 3396 983 3472 ipso
1030 3405 1239 3453 exacta
1283 3405 1433 3470 sunt,
1483 3395 1586 3454 sed
1629 3395 1760 3454 ideo
1802 3416 1836 3452 a
1880 3396 2110 3454 Christo
2159 3406 2367 3455 exacta
2407 3416 2534 3455 esse
2585 3405 2821 3474 peccata
2859 3416 2967 3473 per

550 3493 849 3609 poena-rum
891 3475 1338 3551 perpessionem,
1383 3475 1519 3550 quia
1547 3475 1659 3552 ipsi
1688 3483 1753 3533 ut
1785 3476 2059 3552 Sponsori
2102 3476 2162 3533 in
2204 3475 2314 3534 Dei
2344 3476 2585 3535 consilio
2619 3477 2745 3554 jam
2773 3477 2964 3553 impu·

554 3560 676 3611 tata
726 3561 952 3611 uerunt.

635 3631 782 3689 VII.
829 3631 963 3690 Huc
1013 3632 1149 3691 facit
1190 3633 1363 3710 quod,
1426 3635 1577 3692 Psal.
1619 3635 1699 3693 xl.
1753 3639 1806 3707 7,
1856 3638 1910 3709 8,
1944 3635 2207 3694 Christus
2248 3644 2600 3713 protestatur
2637 3656 2699 3695 se
2728 3635 2961 3693 venisse

555 3711 629 3770 ad
657 3710 982 3769 faciendam
1013 3712 1370 3771 voluntatem
1416 3714 1622 3788 Patris,
1668 3714 1745 3772 id.
1790 3714 1864 3771 ad
1906 3714 2259 3774 offerendum
2302 3716 2645 3774 sacrificium
2689 3714 2963 3791 Corporis

554 3792 661 3868 sui,
692 3791 822 3850 loco
851 3791 1233 3850 Victimarum
1265 3792 1584 3870 Legalium,
1617 3813 1761 3870 quas
1806 3795 1965 3852 Deus
1994 3803 2059 3853 ut
2087 3795 2161 3853 ad
2202 3796 2312 3854 hoc
2340 3796 2574 3854 inutiles
2600 3794 2959 3872 rejiciebant.

554 3872 842 3946 Quorsum
884 3892 1023 3930 vero
1065 3880 1284 3931 tantam
1333 3873 1688 3933 alacritatem
1738 3881 1797 3932 et
1843 3875 2352 3951 promptitudinem
2397 3875 2508 3934 hoe
2553 3875 2803 3933 officium
2851 3873 2959 3930 im-

553 3952 752 4030 plendi
780 3971 897 4028 prae
922 3972 982 4011 se
1005 3952 1194 4025 ferret,
1226 3952 1340 4010 nisi
1362 3954 1486 4029 jam
1516 3961 1638 4012 tum
1669 3954 1936 4012 absoluta
1956 3962 2014 4012 et
2043 3954 2289 4031 simplex
2311 3954 2516 4012 fuisset
2538 3955 2664 4033 ejus
2691 3952 2958 4031 Sponsi0,

552 4052 681 4109 quae
722 4051 1022 4108 poenarum
1065 4032 1233 4091 nobis
1261 4031 1585 4091 debitarum
1630 4033 2061 4092 translationem
2091 4054 2286 4092 veram
2330 4034 2545 4092 infert?
2627 4034 2750 4092 Nee
2786 4033 2963 4109 juvat

554 4131 845 4188 reponere,
895 4115 930 4145 “
958 4111 1083 4170 haec
1112 4112 1291 4170 verba
1319 4132 1353 4169 a
1384 4113 1566 4171 Paulo
1593 4112 1794 4172 referri
1822 4112 1946 4169 ad
1930 4133 2251 4189 ingressum
2285 4114 2500 4172 Christi
2530 4113 2590 4171 in
2617 4112 2960 4185 mundum,''

557 4191 710 4249 Heb.
742 4211 799 4249 x.
833 4191 887 4249 5.
974 4191 1121 4265 Quia
1149 4192 1286 4250 licet
1319 4193 1581 4251 Christus
1624 4193 1747 4250 haee
1790 4192 1900 4249 sibi
1941 4193 2191 4252 tribuere
2236 4194 2486 4270 potuerit
2526 4193 2859 4270 ingrediens
2899 4192 2963 4249 in

553 4269 868 4345 mundum3
915 4270 1048 4329 Non
1076 4272 1269 4330 obstat
1296 4272 1604 4348 quominus
1633 4271 1765 4329 illi
1739 4290 1863 4349 Jam
1892 4273 2242 4331 conveniant
2268 4292 2336 4331 eo
2365 4281 2621 4349 tempore
2650 4292 2765 4349 quo
2795 4271 2964 4329 Psal-

553 4350 1158 4427 tesloquitur.1mo
1199 4351 1310 4409 hoc
1351 4350 1678 4411 necessario
1722 4352 2078 4428 supponitur,
2124 4352 2261 4429 quia
2302 4353 2497 4429 agitur
2537 4351 2608 4411 de
2652 4361 2866 4410 aeterna
2903 4361 2968 4410 et

553 4429 899 4489 immutabili
932 4429 1041 4488 Dei
1071 4429 1386 4506 voluntate,
1431 4451 1547 4508 qua
1576 4431 1840 4490 Christus
1867 4431 2099 4508 rejectis
2128 4432 2423 4491 sacrifieiis
2452 4432 2719 4491 omnibus
2756 4430 2964 4507 legali-

551 4507 736 4566 busS
735 4528 952 4645 pensor
978 4517 1066 4568 est
1108 4509 1473 4603 constitutus»,
1505 4521 1563 4570 et
1591 4511 1719 4587 ejus
1760 4511 2078 4570 satisfactio
2121 4512 2244 4570 sola
2285 4511 2533 4587 decreta,
2579 4520 2637 4570 et
2679 4510 2969 4587 promissa

536 4587 669 4663 jam
699 4606 733 4643 a
801 4608 927 4664 ipso
956 4589 1252 4666 principi0‚
1278 4598 1344 4649 ut
1370 4590 1441 4648 de
1471 4611 1540 4649 eo
1570 4592 1629 4648 in
1651 4592 1832 4667 capite
1860 4592 2002 4664 libri,
2029 4599 2168 4668 puta
2193 4590 2520 4668 Scripturae,
2553 4591 2831 4668 scriptum
2852 4601 2964 4663 est,

551 4665 645 4726 cui
673 4665 904 4725 additur
931 4669 1228 4744 responsio
1260 4668 1439 4746 ipsius
1471 4669 1703 4746 Christi,
1736 4690 1850 4746 qua
1880 4672 2239 4730 iocationcm
2275 4672 2381 4729 Dei
2415 4671 2670 4748 suscipit,
2709 4678 2765 4729 et
2796 4690 2857 4728 se
2886 4670 2968 4728 ad
