3221 5200
496 283 613 339 288
639 341 664 358 .
1263 299 1445 338 Locus
1477 298 1736 338 macutus
1767 299 2035 338 ram-ms.
2501 275 2756 357 [QUAEsr.
2792 297 2927 338 vm.

496 461 623 500 eam
661 448 884 498 tantum
914 446 1079 497 ornat
1107 447 1164 497 et
1191 440 1431 516 perficit.
1515 444 1574 498 2.
1622 440 1845 515 Corpus
1877 439 2090 499 Christi
2113 458 2226 496 esse
2274 438 2751 514 circumscriptum
2770 460 2918 514 pro-

486 522 735 597 prietate
775 530 1011 590 naturoe,
1045 529 1098 577 et
1140 523 1312 577 modo
1323 521 1571 595 physicO,
1601 523 1705 577 sed
1729 520 2262 595 incircumscriptum
2310 520 2529 576 ratione
2586 519 2832 592 Unionis,
2867 529 2925 577 et

496 605 660 658 modo
702 599 1118 678 hyper-physica
1205 600 1353 674 Quia
1381 601 1674 658 distinctio
1700 601 1809 658 ista
1830 621 1935 658 nec
1966 600 2139 658 habet
2162 599 2597 657 fundamentum
2627 599 2686 655 in
2720 600 2915 677 Scrip-

495 691 641 754 tura,
674 701 779 738 nec
811 680 866 736 in
897 689 1102 737 natura
1128 679 1228 753 rei,
1262 680 1376 738 imo
1405 681 1656 738 absurda
1684 690 1772 738 est
1801 689 1858 738 et
1886 680 2145 751 ridicula,
2177 680 2313 755 quia
2340 699 2518 737 unum
2562 699 2769 756 corpus
2799 688 2916 737 sta-

494 762 675 819 tuitur
703 781 887 838 capax
916 759 1327 818 contrariarum
1357 761 1786 837 proprietatum,
1818 760 2126 818 localitatis
2155 769 2213 817 et
2243 759 2610 817 illocalitatis,
2698 759 2916 817 Modus

495 861 634 899 vero
683 841 894 898 frustra
936 839 1220 915 objicitur,
1254 841 1353 897 ubi
1405 860 1494 899 res
1540 861 1655 898 non
1700 841 2049 916 agnoscitur.
2121 844 2176 898 3.
2229 839 2451 915 Corpus
2484 840 2697 898 Christi
2724 840 2916 913 fuisse

496 922 805 996 aliquando
852 917 1068 989 ἄφαντον
1090 928 1146 978 et
1191 918 1414 999 viaeatur,
1451 921 1631 978 Marc.
1662 922 1783 978 xvi.
1821 924 1910 994 12,
1954 921 2098 992 Luc..
2142 920 2306 977 xxiV.
2352 922 2446 992 31,
2478 919 2618 978 Joh.
2649 920 2770 977 viii.
2815 922 2915 977 59.

497 1000 645 1074 Quia
686 1001 801 1058 tale
830 999 1043 1057 factum
1073 1009 1161 1057 est
1188 1020 1303 1058 non
1331 1020 1434 1077 per
1476 1001 1894 1076 separationem
1924 1000 2281 1058 visibilitatis
2302 1020 2336 1057 a
2364 1020 2617 1076 corpore,
2652 999 2753 1057 sed
2780 1019 2913 1075 par·

497 1081 603 1138 tim
631 1100 733 1156 per
761 1079 1161 1137 miraculosam
1185 1080 1516 1138 evasionem
1539 1081 1663 1139 sive
1688 1081 2143 1155 subductionem,
2170 1080 2376 1157 partim
2406 1100 2509 1157 per
2535 1079 2912 1138 retentionem

498 1159 793 1217 oculorum
823 1179 894 1216 ne
925 1169 1348 1234 agnosceretur.

1102 1239 1290 1298 XIX.
1337 1239 1576 1312 Octavo,
1610 1240 1824 1298 Contra
1858 1240 2304 1300 Omniscientiam
2335 1238 2417 1296 sie
2440 1238 2769 1315 arguimus;
2803 1238 2917 1296 Illa

1019 1329 1225 1376 natura
1252 1339 1367 1376 non
1411 1328 1601 1395 potest
1630 1320 1744 1377 dici
1775 1320 2068 1392 omniscia‚
2101 1340 2229 1395 quae
2260 1319 2479 1395 aliquid
2508 1320 2753 1396 ignorat,
2784 1339 2915 1395 quoe

497 1398 724 1476 proficit
752 1398 812 1456 in
842 1397 1188 1475 cognitione,
1220 1408 1277 1457 et
1306 1419 1434 1475 quae
1463 1399 1627 1456 finita
1655 1409 1760 1457 est.
1846 1399 1930 1456 At
1973 1400 2105 1456 talis
2156 1408 2244 1457 est
2287 1408 2492 1456 natura
2522 1399 2751 1470 Christi,
2783 1419 2914 1475 quae

499 1478 791 1555 ignoravit
819 1478 972 1536 diem
1013 1478 1238 1553 judicii,
1273 1479 1453 1536 Marc.
1485 1479 1609 1537 xiii.
1656 1482 1749 1552 32,
1776 1499 1904 1555 quae
1932 1478 2172 1554 profecit
2216 1480 2511 1556 sapientia,
2552 1479 2693 1537 Luc.
2724 1479 2784 1538 ii.
2814 1482 2911 1554 40,

499 1563 595 1635 52,
627 1567 685 1617 et
712 1558 875 1616 finita
894 1566 981 1616 est
1010 1579 1076 1615 ae
1096 1558 1358 1630 limitata,
1391 1568 1561 1634 atque
1592 1559 1737 1616 adeo
1766 1558 1974 1615 infiniti
2004 1559 2267 1634 incapax.

1106 1638 1259 1696 XX.
1308 1639 1493 1712 Neue,
1541 1639 1754 1696 Contra
1798 1639 2283 1713 Omnipotentiam.
2371 1638 2468 1695 Illi
2496 1658 2611 1696 non
2640 1646 2729 1697 est
2756 1659 2912 1697 com-

1023 1718 1314 1776 municata
1337 1718 1782 1794 Omnipotentia,
1815 1719 1913 1795 qui
1935 1719 2107 1790 alium
2145 1718 2409 1795 agnoseit
2431 1738 2491 1776 se
2514 1719 2912 1796 potentiorem,

507 1801 566 1858 in
609 1820 780 1877 quem
825 1799 979 1858 cadit
1021 1799 1277 1875 potentia
1305 1799 1569 1874 quoedam
1598 1799 1867 1876 passiva;
1912 1800 2048 1875 quia
2076 1800 2171 1875 qui
2218 1799 2596 1875 omnipotenS,
2628 1798 2778 1857 idem
2809 1800 2915 1856 im-

497 1880 789 1958 passibilis
833 1889 920 1937 est
962 1886 1020 1936 et
1062 1879 1418 1936 immortalis
1505 1878 1590 1936 At
1635 1879 1897 1937 Christus
1942 1879 2257 1937 seeundum
2301 1888 2563 1936 naturam
2606 1879 2917 1937 humanam

498 1961 789 2038 passibilis
814 1959 919 2018 fuit
940 1967 999 2016 et
1026 1959 1301 2032 mortalis,
1334 1966 1391 2016 et
1414 1978 1557 2035 opus
1580 1959 1781 2016 habuit
1811 1959 2224 2017 sustentatione
2258 1959 2462 2032 Patria,
2487 1959 2697 2017 Matth.
2727 1959 2914 2032 xxvi„

498 2051 555 2100 et
584 2041 722 2100 Joh.
768 2040 910 2096 xvii.
996 2038 1117 2096 Nee
1147 2038 1453 2096 dicendum
1486 2039 1777 2096 Christum
1820 2039 1929 2096 hoe
1972 2039 2176 2097 fecisse
2216 2039 2336 2096 κατ’
2378 2041 2659 2114 ὄικοιομιᾍιυ,
2691 2039 2825 2115 quia
2855 2059 2919 2097 se

497 2120 914 2192 exinaniverat,
945 2118 1048 2176 sed
1083 2139 1196 2176 non
1229 2139 1304 2177 ex
1332 2118 1673 2177 necessitate
1704 2119 1799 2177 vel
1840 2118 2176 2199 indigentia.
2261 2119 2409 2193 Quia
2449 2120 2585 2177 lieet
2612 2139 2813 2176 verum
2844 2119 2922 2176 sit

505 2201 718 2259 Filium
752 2200 862 2258 Dei
892 2199 1272 2275 assumpsisse
1292 2208 1555 2257 naturam
1585 2208 1839 2257 nostram
1869 2219 1943 2257 ex
1972 2199 2306 2274 oeconomia,
2333 2209 2390 2257 et
2419 2219 2533 2257 non
2562 2219 2638 2256 ex
2664 2200 2914 2257 necessi-

498 2290 634 2354 tate,
666 2280 874 2337 falsum
918 2288 1006 2337 est
1048 2287 1240 2337 tamen
1279 2288 1542 2338 naturam
1584 2279 1893 2337 humanam
1926 2279 2138 2337 Christi
2168 2301 2282 2338 non
2311 2280 2541 2357 eguisse
2580 2278 2918 2356 simpliciter

498 2360 717 2418 auxilio
747 2359 945 2417 divino
975 2357 1048 2415 ad
1079 2360 1166 2416 sui
1197 2359 1711 2417 conservationem.

1105 2439 1294 2496 XXI.
1342 2440 1599 2510 Decime,
1628 2440 1841 2497 Contra
1880 2441 2001 2496 Vim
2042 2439 2408 2518 Vivisicandtt
2493 2439 2767 2515 Quisquis
2795 2439 2916 2496 vim

1022 2517 1356 2576 vivificandi
1386 2519 1560 2576 habet
1584 2518 1643 2575 in
1674 2538 1751 2594 se,
1780 2519 1940 2576 Deus
1963 2529 2083 2593 est;
2116 2521 2251 2596 quia
2283 2520 2392 2578 Dei
2439 2520 2619 2578 solius
2648 2529 2735 2577 est
2762 2519 2911 2576 vivi-

498 2597 689 2671 ficare,
725 2596 877 2653 Psal.
909 2597 1115 2656 xxxvi.
1149 2600 1203 2671 9,
1238 2599 1273 2630 “
1299 2597 1476 2673 Apud
1505 2608 1561 2656 te
1592 2597 1721 2657 fons
1750 2598 1945 2657 vitae.’'
2056 2602 2135 2658 Et
2163 2602 2285 2658 vita
2309 2602 2417 2659 Dei
2443 2600 2587 2658 nihil
2616 2599 2772 2658 aliud
2802 2610 2907 2673 est,

499 2697 672 2753 quam
715 2685 952 2733 actuosa
980 2678 1105 2752 ejus
1135 2678 1400 2751 essentia,
1434 2698 1563 2754 quae
1592 2688 1811 2737 naturae
1842 2689 2046 2738 ereatae
2076 2681 2485 2739 communicari
2514 2681 2729 2759 nequit.
2796 2680 2911 2738 De·

500 2757 633 2813 inde
665 2755 712 2812 si
743 2763 946 2812 natura
975 2756 1224 2814 humana
1251 2757 1455 2816 habuit
1483 2758 1603 2815 vim
1634 2758 1792 2816 illam
1822 2759 2131 2834 vivificam,
2162 2781 2279 2818 non
2308 2769 2498 2838 potest
2528 2762 2641 2819 diei
2669 2770 2910 2836 mortua,

499 2836 635 2913 quia
676 2836 799 2893 vita
829 2835 938 2891 Dei
967 2855 1083 2894 non
1104 2846 1295 2913 potest
1323 2838 1603 2915 extingui,
1638 2858 1742 2897 nec
1774 2838 1928 2898 Unio
1957 2840 2275 2917 personalis
2305 2841 2471 2899 solvi.

1107 2917 1332 2976 XXII.
1379 2918 1434 2975 A
1465 2920 1613 2977 reali
1637 2922 1881 2977 duarum
1924 2921 1981 2978 in
2023 2921 2245 2979 Christo
2279 2924 2644 2980 Naturarum
2682 2921 2912 2995 Unione,

984 3000 1068 3057 ad
1091 3000 1638 3057 communicationem
1668 3000 1993 3059 idiomatum
2016 3000 2159 3059 inter
2180 3004 2460 3075 NaturaS,
2485 3023 2596 3060 non
2614 3005 2761 3060 valet
2786 3020 2914 3058 con-

907 3106 912 3111 ·
981 3081 1283 3155 sequentia.
1370 3080 1519 3155 Quia
1562 3080 1733 3138 realis
1778 3089 2110 3139 naturarum
2143 3082 2317 3156 Unio,
2361 3103 2478 3140 non
2523 3082 2677 3140 tollit
2720 3099 2917 3138 earum

499 3160 827 3238 discrimen,
859 3161 974 3220 imo
1003 3160 1166 3238 ponit
1196 3160 1402 3237 potiuS,
1435 3181 1563 3219 eum
1608 3181 1724 3218 non
1758 3163 1981 3238 possint
2010 3162 2124 3219 diei
2166 3172 2299 3220 actu
2329 3182 2452 3219 esse
2481 3161 2660 3232 unita,
2698 3180 2827 3235 quae
2857 3159 2919 3216 in

498 3242 711 3300 unione
753 3262 869 3299 non
899 3250 1037 3299 sunt
1063 3241 1350 3315 distincta,
1382 3260 1488 3298 nee
1532 3240 1702 3298 insert
1731 3241 2305 3299 communicationem
2338 3241 2547 3297 realem
2578 3238 2919 3297 idiomatum

498 3330 763 3396 respectu
795 3322 845 3377 N
851 3330 1159 3391 aturarum‚
1188 3318 1288 3376 sed
1313 3328 1574 3395 respectu
1600 3320 1885 3393 Personae,
1917 3341 2046 3397 quae
2069 3320 2294 3378 duabus
2322 3319 2550 3375 realiter
2577 3316 2754 3374 unitis
2777 3335 2915 3372 con-

499 3408 629 3470 stat,
663 3409 718 3455 et
749 3400 1046 3474 utriusque
1076 3398 1350 3454 idiomata
1379 3398 1488 3454 sibi
1519 3398 1792 3456 vindicat.

495 1277 538 1323 8.
557 1276 924 1322 Omniscientia.

496 1700 542 1746 9.
573 1700 956 1759 Omnipotentia.

500 2491 571 2537 10.
593 2491 678 2535 Vis
697 2491 979 2535 vivificandi.

559 2981 732 3026 Fontes
769 2981 906 3027 Solu-

639 3042 843 3084 tionum.

582 3478 842 3533 XXIII.
891 3478 944 3533 A
1002 3479 1138 3533 Toto
1188 3477 1410 3534 Christo
1451 3479 1534 3533 ad
1583 3479 1780 3533 Totum
1824 3479 2048 3549 Christi,
2102 3496 2203 3534 seu
2241 3497 2275 3533 a
2305 3477 2560 3533 Persona
2592 3475 2807 3534 Christi
2831 3480 2919 3535 ad

499 3558 763 3612 Naturas
785 3577 892 3613 non
923 3559 1068 3613 valet
1095 3564 1499 3629 arynmmtnm,
1532 3575 1638 3611 nee
1657 3556 1812 3630 quod
1841 3556 1927 3612 illi
1949 3556 2236 3628 tribuitur,
2262 3565 2451 3632 potest
2472 3556 2663 3613 statim
2696 3555 2767 3614 de
2797 3556 2916 3615 illis

498 3634 833 3712 praedicari;
881 3635 1028 3708 Quia
1061 3635 1312 3691 Persona
1340 3634 1572 3710 quidem
1605 3634 1713 3691 sibi
1745 3635 2014 3693 vendicat
2059 3637 2357 3712 utriusque
2398 3646 2618 3694 naturae
2660 3636 2914 3714 proprie-

500 3724 665 3788 tateS,
700 3715 801 3773 sed
850 3735 966 3773 una
1013 3723 1220 3772 natura
1267 3734 1381 3771 non
1432 3714 1540 3771 sibi
1587 3714 1858 3774 vendicat
1896 3716 2274 3793 proprietates
2304 3716 2556 3790 alterius,
2588 3737 2717 3793 quae
2757 3736 2911 3775 eom-

498 3805 703 3874 petunt
730 3815 1005 3873 personae,
1051 3794 1193 3852 alias
1221 3802 1438 3853 naturae
1462 3794 1965 3854 confunderentur.
2040 3797 2195 3855 Hine
2224 3796 2391 3854 facile
2432 3798 2811 3873 respondetur
2838 3796 2913 3854 ad

497 3878 642 3951 loca,
678 3877 887 3936 Matth.
919 3876 1082 3933 xviii.
1115 3878 1209 3949 ⁶20,
1242 3884 1300 3933 et
1329 3875 1533 3933 xxviii.
1557 3880 1652 3946 ⁶20,
1677 3877 1813 3953 quia
1836 3876 1915 3934 ibi
1945 3877 2137 3954 agitur
2166 3878 2235 3935 de
2266 3897 2510 3954 persona
2539 3878 2598 3934 in
2627 3885 2912 3951 concrete,

496 3978 613 4016 uon
643 3957 714 4015 de
743 3967 947 4015 natura
974 3957 1225 4014 humana
1248 3956 1305 4012 in
1335 3956 1641 4015 abstracto,

582 4037 831 4096 XXIV.
876 4039 962 4095 Ab
996 4037 1370 4111 assumptione
1403 4046 1625 4094 naturae
1652 4038 1912 4095 humanae
1941 4036 1998 4095 in
2028 4038 2290 4096 unitatem
2321 4040 2602 4112 Personae,
2644 4058 2755 4096 non
2781 4037 2914 4095 bene

498 4118 723 4176 ducitur
763 4127 1154 4193 arqumentum
1198 4120 1281 4174 ad
1321 4119 1867 4176 communicationem
1900 4120 2207 4191 formalem
2252 4119 2561 4195 hypostasis
2600 4117 2782 4192 Λόγου,
2814 4137 2914 4175 nec

497 4200 581 4254 ad
621 4198 1166 4255 communicationem
1199 4198 1617 4273 proprietatum
1667 4198 1723 4256 in
1765 4201 2062 4256 abstracto.
2149 4200 2297 4272 Quia
2338 4199 2654 4275 assumptio
2695 4206 2913 4255 naturae

497 4286 689 4353 potest
734 4278 1048 4335 consistere
1098 4276 1314 4352 absque
1365 4278 1880 4336 communicatione
1929 4279 2275 4354 hypostasis,
2323 4279 2531 4336 suffieit
2572 4277 2913 4337 sustentatio

495 4357 876 4432 hypostatica,
902 4365 966 4414 ut
994 4365 1198 4414 natura
1228 4357 1494 4429 humana,
1526 4377 1655 4432 quae
1713 4358 1770 4414 in
1802 4377 1862 4414 se
1915 4367 2001 4415 est
2050 4363 2388 4422 ἀνυπεσταιτος
2444 4359 2545 4416 fiat
2594 4359 2911 4422 ἔνυπόστιιτος

499 4448 662 4511 Λογᾳ,
695 4445 751 4493 et
781 4437 853 4493 ab
884 4456 952 4493 eo
983 4443 1352 4493 sustentetur.
1440 4436 1612 4495 Unde
1644 4438 1903 4513 sequitur
1930 4438 2179 4512 quidem,
2213 4459 2337 4495 eam
2381 4458 2496 4495 non
2538 4439 2747 4496 habere
2779 4439 2911 4495 sub-

502 4516 838 4588 sistentiam,
863 4536 968 4572 nec
999 4515 1310 4572 subsistere
1349 4514 1537 4587 mode,
1569 4515 1666 4591 qui
1710 4535 1968 4593 personae
1998 4516 2073 4574 sit
2110 4517 2389 4593 proprius,
2416 4538 2544 4575 eum
2576 4539 2646 4575 ne
2677 4520 2735 4576 in
2771 4518 2911 4576 Uni-

500 4614 609 4651 one
638 4593 871 4669 quidem
901 4594 976 4650 sit
1008 4594 1292 4668 Persona;
1326 4594 1427 4651 sed
1451 4594 1761 4653 subsistere
1781 4605 1989 4661 tamen,
2011 4596 2105 4652 vel
2128 4597 2319 4663 potius
2339 4599 2646 4655 sustentari
2670 4599 2724 4655 in
2751 4609 2913 4669 Λογυ.
