3221 5200
535 365 612 435 34
1446 384 1630 426 cocus
1659 382 2018 426 nauseatus.
2575 363 2833 445 [Qu-ner.
2866 385 2949 425 vr.

536 527 659 584 xiii.
691 528 787 585 35.
875 527 958 585 Ut
983 545 1123 584 vero
1151 525 1369 603 duplex
1396 526 1608 585 amoris
1646 527 1936 604 objectum
1977 524 2162 598 datur,
2193 526 2353 582 Deus
2381 534 2439 583 et
2465 525 2774 584 Proximus
2788 551 2814 599 ;
2857 527 2954 585 Ita

539 606 756 683 duplex
785 626 946 664 amor
972 606 1317 683 praecipitur,
1352 605 1464 664 Dei
1491 606 1550 664 in
1571 606 1964 683 prima-Legis
2005 604 2221 678 tabula,
2268 604 2528 664 Proximi
2572 606 2630 663 in
2677 606 2950 665 secunda.

541 686 652 745 Ille
702 694 943 744 vocatur
984 687 1238 761 primum
1283 695 1337 744 et
1388 706 1654 762 maynum
1707 689 2055 758 mandatum,
2109 685 2229 743 Iste
2276 688 2576 743 secundum
2624 686 2711 743 illi
2751 686 2949 743 simile.

542 764 728 824 Amor
757 765 869 824 Dei
911 774 1066 824 recte
1093 765 1352 823 Primum
1379 764 1591 824 dicitur
1616 774 1983 842 praeceptum,
2008 764 2145 842 quia
2164 772 2230 823 ut
2259 765 2388 822 Deo
2407 764 2548 822 nihil
2574 765 2744 823 datur
2768 766 2949 842 priua,

539 844 621 904 ita
649 846 839 904 cultus
867 845 994 921 ejus
1020 845 1205 922 primo
1247 844 1470 905 intendi
1497 866 1533 903 a
1557 845 1727 904 nobis
1754 844 1943 919 debet,
1974 853 2040 903 ut
2066 844 2141 902 ab
2182 863 2251 902 eo
2272 844 2550 921 incipiant
2577 854 2635 903 et
2662 845 2723 902 in
2752 865 2820 904 eo
2848 845 2950 903 de·

542 924 734 983 sinant
781 925 1010 998 omnia3
1069 926 1364 1001 lllaqnum,
1421 928 1473 983 1.
1504 925 1724 983 ratione
1768 925 1975 1000 objecti,
2007 924 2143 1000 quia
2171 932 2436 982 versatur
2475 923 2628 982 circa
2654 924 2948 1001 objectum

540 1005 856 1062 maximum
886 1013 945 1062 et
970 1004 1276 1078 infinitum,
1320 1012 1462 1081 puta
1504 1005 1732 1079 Deum3
1777 1009 1834 1062 2.
1863 1004 2084 1062 ratione
2123 1004 2363 1079 subjecti,
2394 1003 2532 1080 quia
2558 1004 2744 1081 exigit
2784 1004 2950 1081 quic-

541 1084 683 1161 quid
711 1093 800 1143 est
827 1084 1164 1143 facultatum
1193 1092 1252 1144 et
1267 1083 1479 1143 virium
1501 1085 1561 1142 in
1588 1084 1837 1158 homine,
1869 1092 1933 1142 ut
1961 1103 2036 1142 ex
2058 1091 2180 1141 tota
2201 1091 2410 1157 mente,
2443 1091 2565 1141 toto
2588 1083 2777 1157 corde,
2809 1084 2950 1143 totis

540 1163 780 1240 viribus,
814 1165 1002 1222 Deum
1031 1164 1378 1240 diligamus;
1424 1167 1480 1224 3.
1524 1164 1746 1223 ratione
1774 1163 2157 1239 amplitudinis
2185 1172 2244 1222 et
2283 1163 2631 1237 extensionis,
2662 1163 2797 1239 quia
2826 1184 2948 1221 am·

540 1243 667 1303 bitu
696 1265 800 1303 suo
842 1244 1033 1302 omnia
1061 1243 1295 1317 claudit,
1326 1253 1385 1302 et
1411 1243 1600 1302 influit
1644 1244 1705 1301 in
1742 1263 1941 1302 omnes
1989 1242 2244 1301 actiones
2290 1242 2556 1317 hominis,
2607 1242 2751 1300 nihil
2793 1244 2951 1301 enim

543 1324 669 1383 Deo
698 1334 926 1400 gratum
955 1343 1081 1382 esse
1101 1331 1308 1400 potest,
1340 1323 1452 1382 nisi
1480 1323 1637 1400 quod
1658 1332 1891 1399 propter
1913 1324 2101 1382 Deum
2130 1321 2213 1380 fit.
2300 1321 2628 1381 Secundum
2658 1322 2743 1379 illi
2769 1323 2951 1381 simile

541 1403 768 1478 dicitur,
800 1423 916 1462 non
943 1403 1163 1462 ratione
1192 1403 1476 1479 diynitatts
1495 1427 1519 1475 ;
1562 1402 1665 1461 sed
1693 1403 1913 1461 ratione
1941 1403 2242 1479 qualitatis,
2275 1402 2411 1478 quia
2446 1402 2769 1478 utrobique,
2801 1412 2860 1462 et
2887 1403 2950 1460 in

542 1503 734 1542 amore
766 1483 878 1541 Dei
919 1492 978 1541 et
1013 1482 1279 1559 proximi,
1312 1482 1609 1541 sinceritas
1651 1491 1710 1541 et
1749 1483 1970 1559 puritas
1997 1481 2196 1543 cordis=
2215 1481 2561 1558 requiritur;
2627 1485 2683 1539 2.
2726 1482 2950 1541 ratione

540 1564 911 1635 authoritatis,
943 1561 1080 1638 quia
1105 1571 1410 1638 utrumque
1439 1583 1475 1620 a
1518 1563 1645 1621 Deo
1673 1571 2021 1639 praeceptum
2064 1571 2169 1636 est,
2202 1570 2261 1619 et
2280 1561 2355 1619 ad
2382 1562 2510 1637 ejus
2538 1561 2781 1638 gloriam
2825 1569 2952 1620 ten-

538 1643 624 1702 dit
647 1666 662 1718 ;
708 1647 764 1702 3.
794 1642 1014 1701 ratione
1031 1662 1231 1717 poenae,
1262 1642 1397 1718 quia
1424 1643 1722 1719 utriusque
1751 1641 1962 1700 tabulae
1984 1641 2223 1699 violatio
2251 1648 2471 1699 reatum
2493 1641 2692 1699 mortis
2721 1648 2951 1700 aeternae

537 1722 793 1798 inducit;
838 1726 895 1780 4.
926 1722 1145 1780 ratione
1173 1722 1527 1780 connexioms
1555 1731 1608 1780 et
1639 1722 2031 1796 dependentioe,
2062 1720 2199 1798 quia
2227 1720 2307 1778 ita
2334 1729 2489 1778 arcte
2530 1720 2681 1779 inter
2721 1740 2782 1779 se
2812 1740 2947 1778 con-

535 1812 860 1875 nectuntur,
891 1810 957 1860 ut
984 1808 1250 1860 neutrum
1281 1800 1403 1859 sine
1431 1802 1613 1859 altero
1639 1801 1900 1878 praestari
1927 1810 2118 1877 queat,
2149 1820 2280 1857 nam
2312 1809 2376 1858 ut
2404 1820 2518 1858 non
2547 1800 2726 1858 amari
2754 1809 2949 1877 potest

542 1883 717 1956 DeuS,
749 1883 891 1959 quin
917 1890 1141 1940 ametur
1166 1880 1337 1940 etiam
1367 1882 1667 1957 proximus
1695 1880 1771 1938 ad
1797 1880 2108 1957 imaginem
2139 1879 2250 1938 Dei
2277 1879 2497 1954 factus;
2532 1879 2624 1938 Ita
2643 1900 2751 1939 nec
2779 1880 2949 1957 diligi

536 1971 729 2041 potest
747 1961 1062 2039 proximus,
1094 1961 1235 2038 quin
1256 1960 1531 2037 diligatur
1553 1961 1732 2034 Deus,
1763 1960 1862 2038 qui
1891 1980 2023 2019 eum
2061 1959 2336 2018 condidit.
2423 1961 2458 1992 ‘⁴
2492 1960 2554 2017 Si
2575 1960 2706 2036 quis
2734 1959 2951 2018 dixerit

538 2042 695 2118 quod
716 2042 910 2119 diligit
939 2041 1145 2113 Deum,
1190 2048 1250 2098 et
1295 2039 1529 2098 fratrem
1572 2060 1742 2099 suum
1780 2039 1918 2112 odit,
1967 2039 2219 2098 mendax
2261 2048 2384 2113 est3
2442 2038 2555 2114 Qui
2595 2059 2712 2097 non
2754 2039 2950 2116 diligit

536 2121 786 2196 fratrem,
834 2140 1004 2198 quem
1033 2118 1210 2195 videt,
1250 2118 1539 2196 quomodo
1579 2127 1771 2198 potest
1811 2118 2053 2197 diligere
2097 2119 2286 2178 Deum
2327 2138 2498 2195 quem
2540 2139 2655 2177 non
2698 2118 2858 2178 videt
2877 2119 2948 2177 ?”

542 2202 573 2259 1
605 2201 647 2261 J
652 2222 704 2261 o.
734 2202 813 2264 iv.
845 2204 941 2261 20.

544 2315 908 2422 ratgar
924 2317 1020 2420 2¹>
1064 2279 2255 2438 ..iffsffigfflssrisszffissssssaeiffiaelssffl
2279 2279 2946 2435 Ξοῗίῗέρῖέῗὲῃῑῖῗ

975 2392 1021 2422 Θ·
1404 2406 1418 2421 0
2925 2404 2943 2419 ο

595 2434 685 2492 gis.
1064 2441 1148 2501 Ut
1175 2441 1329 2500 enim
1359 2442 1519 2501 Deus
1541 2451 1722 2501 totam
1752 2442 1970 2518 Legem
1997 2440 2166 2499 nobis
2192 2439 2513 2517 praescribit
2533 2438 2723 2517 quoad
2753 2439 2946 2497 omnia

542 2540 646 2580 sua
671 2528 958 2598 praecepta
986 2520 1109 2579 sine
1137 2521 1258 2579 ulla
1285 2541 1481 2580 eorum
1511 2521 1831 2596 division03
1880 2520 1972 2578 Ita
1999 2528 2183 2578 totum
2213 2518 2502 2578 hominem
2533 2538 2649 2578 non
2677 2518 2941 2577 dimidia·

540 2611 661 2660 tum
699 2600 969 2678 postulat,
1001 2600 1101 2676 qui
1142 2621 1269 2659 eam
1311 2600 1597 2675 observet,
1642 2621 1759 2660 non
1800 2600 1972 2659 modo
2001 2610 2237 2659 externe
2266 2599 2458 2676 quoad
2486 2620 2710 2677 corpus,
2743 2598 2846 2658 sed
2885 2608 2944 2660 et

538 2680 761 2739 interne
790 2679 983 2756 quoad
1027 2680 1271 2739 animam
1316 2688 1375 2740 et
1416 2701 1616 2739 omnes
1657 2682 1785 2757 ejus
1828 2680 2168 2739 facultates:
2213 2680 2298 2739 Ut
2333 2680 2480 2737 nihil
2523 2699 2597 2738 ex
2642 2680 2945 2756 praeceptis

541 2759 729 2824 omitti
757 2778 793 2817 a
819 2758 986 2817 nobis
1014 2758 1204 2834 debet,
1235 2760 1376 2836 quin
1403 2760 1463 2818 in
1485 2760 1754 2818 omnibus
1781 2779 2115 2818 maneamus
2136 2780 2265 2836 quse
2287 2759 2501 2836 scripta
2529 2768 2664 2818 sunt
2687 2783 2700 2817 :
2747 2758 2854 2832 Ita,
2879 2767 2945 2817 ut

537 2840 712 2898 homo
740 2847 895 2898 totus
925 2847 1014 2898 est
1041 2839 1246 2897 sublex
1279 2840 1422 2914 Deo,
1453 2841 1615 2898 nulla
1641 2840 1812 2898 etiam
1840 2859 1975 2917 pars
2003 2841 2130 2916 ejus
2157 2847 2348 2916 potest
2376 2839 2471 2897 vel
2498 2838 2671 2897 debet
2699 2838 2944 2896 subduci

540 2920 666 2996 ejus
695 2918 1069 2992 obedientiae3
1113 2928 1178 2977 ut
1206 2918 1481 2997 quicquid
1510 2930 1600 2979 est
1626 2920 1686 2977 in
1715 2920 1962 2993 homine,
1995 2920 2118 2978 sive
2153 2920 2212 2976 in
2241 2927 2448 2992 mente,
2482 2918 2605 2977 sive
2645 2918 2705 2975 in
2734 2917 2941 2975 volun-

540 3008 660 3060 tate
686 3007 747 3058 et
772 2997 1090 3072 affectibus,
1122 2998 1246 3056 sive
1286 2999 1347 3057 in
1377 2999 1585 3073 animo,
1620 3000 1743 3058 sive
1785 3000 1846 3056 in
1875 3018 2127 3077 corpore,
2162 2999 2348 3057 Deum
2380 2999 2533 3057 colat
2573 3006 2630 3056 et
2673 2996 2759 3054 illi
2804 2996 2941 3055 sub-

531 3078 786 3157 jiciatur,
829 3078 986 3156 quod
1013 3087 1071 3137 et
1095 3078 1325 3155 justitia
1352 3080 1720 3156 Leqislatoris
1747 3079 2132 3151 exactissima,
2164 3087 2222 3137 et
2249 3079 2379 3136 boni
2408 3086 2629 3152 natura,
2659 3075 2816 3153 quod
2844 3076 2942 3135 de·

539 3160 638 3219 bet
664 3179 791 3219 esse
819 3159 1144 3218 absolutum
1176 3159 1442 3218 omnibus
1469 3160 1740 3234 numeris,
1771 3168 1830 3218 et
1840 3159 2079 3234 soederzs
2105 3158 2333 3234 Leyalis
2360 3157 2605 3216 formula
2631 3155 2903 3233 postulat.

957 3251 962 3256 ’
1141 3238 1226 3298 X.
1276 3239 1557 3314 Secunda,
1594 3241 1976 3316 Quadrupleae
2008 3238 2284 3314 perfectio
2321 3238 2378 3295 in
2407 3237 2714 3295 obedientia
2756 3237 2940 3313 requi-

1059 3319 1210 3377 ritur
1229 3343 1248 3377 .·
1293 3319 1505 3393 Primo,
1536 3320 1758 3378 ratione
1775 3319 2067 3395 principii,
2097 3327 2164 3377 ut
2197 3318 2272 3376 sit
2297 3338 2435 3376 vera
2463 3325 2520 3374 et
2546 3317 2783 3390 sincera,
2815 3336 2942 3393 quae

537 3418 654 3456 non
682 3397 742 3455 in
770 3416 869 3456 ore
896 3396 1128 3454 demum
1157 3406 1256 3455 aut
1284 3406 1445 3457 motu
1473 3407 1714 3457 externo
1742 3398 1996 3474 corporis
2025 3398 2318 3471 consistat,
2350 3396 2452 3454 sed
2493 3415 2623 3473 quae
2665 3396 2726 3453 in
2752 3396 2944 3454 animo

538 3476 734 3536 sedem
776 3475 1004 3548 habeat,
1033 3483 1092 3532 et
1119 3495 1247 3550 quae
1275 3495 1353 3534 ex
1381 3476 1551 3535 corde
1593 3477 1911 3553 purificato,
1957 3486 2014 3535 et
2053 3476 2167 3536 fide
2194 3480 2498 3557 ἇιυπωιςιῑνρ
2525 3476 2757 3550 oriatur,
2789 3474 2947 3552 quod

542 3554 776 3628 Paulus,
811 3554 842 3611 1
874 3553 1126 3612 Timoth.
1155 3554 1193 3612 i.
1224 3557 1279 3628 5,
1324 3555 1527 3628 innuit,
1573 3556 1711 3615 dum
1753 3556 1851 3630 ait,
1880 3557 2059 3636 finem
2086 3558 2347 3615 mandati
2369 3577 2483 3615 esse
2510 3557 2841 3614 charitatem
2868 3576 2944 3613 ese

539 3636 709 3694 corde
719 3653 891 3709 puro,
922 3634 1067 3691 bona
1094 3636 1441 3711 conscientia,
1470 3645 1526 3694 et
1543 3638 1670 3715 fide
1696 3657 1808 3695 non
1826 3637 1973 3716 ficta
1988 3661 2012 3709 ;
2059 3636 2342 3711 Secundo,
2373 3636 2594 3695 ratione
2622 3636 2817 3711 objecti
2839 3654 2945 3694 seu

528 3713 806 3791 partium,
835 3722 902 3772 ιιι
929 3713 1004 3771 sit
1024 3715 1368 3789 universalis,
1399 3735 1515 3774 non
1536 3717 1756 3775 ratione
1784 3717 1960 3794 hujus
1986 3726 2087 3775 aut
2113 3711 2271 3776 illius
2291 3715 2565 3789 mandati,
2598 3715 2700 3773 scd
2720 3715 2944 3774 ratione

538 3794 798 3867 omnium,
829 3792 966 3869 quia
992 3793 1093 3869 qui
1133 3804 1335 3871 peccat
1375 3795 1436 3853 in
1476 3816 1609 3870 uno,
1655 3816 1788 3855 reus
1828 3805 1917 3857 est
1959 3796 2230 3870 omnium,
2277 3816 2383 3854 nec
2429 3803 2696 3854 censetur
2724 3794 2945 3871 Legem

536 3874 886 3952 implevisse,
917 3873 1030 3931 nisi
1056 3874 1157 3950 qui
1185 3874 1245 3931 in
1272 3876 1541 3935 omnibus
1568 3876 1845 3936 manserit
1871 3896 2000 3953 quae
2030 3876 2243 3952 scripta
2264 3884 2431 3950 sunt3
2476 3875 2689 3948 Terti0,
2721 3875 2943 3932 ratione

533 3957 831 4030 {fr-aduam,
861 3962 927 4012 ut
955 3953 1031 4011 sit
1058 3953 1272 4012 intensa
1301 3964 1359 4014 et
1385 3954 1651 4016 absoluta
1672 3956 1939 4015 omnibus
1966 3956 2237 4031 numeris,
2267 3954 2413 4012 nihil
2433 3964 2499 4014 ut
2526 3955 2612 4012 illi
2635 3953 2947 4030 superaddi

536 4035 754 4115 possit;
798 4033 951 4092 unde
976 4033 1307 4094 Bernardus
1334 4035 1566 4095 modum
1598 4035 1881 4113 diligendi
1906 4037 2093 4095 Deum
2123 4035 2205 4094 ait
2231 4055 2376 4101 esse,
2408 4054 2539 4097 enm
2568 4035 2799 4110 diliyere
2825 4034 2947 4092 sine

534 4118 700 4174 modo
722 4139 745 4186 ,·
788 4114 1022 4189 Quarto,
1053 4114 1273 4172 ratione
1302 4117 1564 4192 temporis
1591 4125 1652 4174 et
1692 4116 2020 4191 durationis,
2051 4124 2118 4174 ut
2159 4116 2235 4174 sit
2276 4123 2552 4192 perpetua
2584 4122 2643 4172 et
2671 4123 2946 4172 constans

533 4216 571 4256 a
596 4194 1080 4273 principio‘usque
1108 4193 1183 4251 ad
1210 4193 1400 4268 finem,
1430 4204 1497 4254 ut
1523 4215 1640 4253 non
1667 4202 1889 4254 tantum
1919 4215 2034 4254 uno
2056 4195 2155 4253 vel
2180 4195 2361 4254 altero
2389 4201 2522 4252 actu
2546 4194 2694 4270 Legi
2720 4193 2944 4252 incum-

535 4277 757 4350 bmus,
787 4272 893 4332 sed
918 4292 1022 4351 per
1048 4280 1227 4332 totam
1256 4274 1437 4332 vitam
1464 4295 1790 4333 maneamus
1815 4275 1876 4332 in
1905 4275 1976 4333 iis
2004 4295 2134 4352 quae
2164 4275 2377 4352 scripta
2405 4283 2557 4332 sunt.

1141 4352 1261 4411 XI.
1297 4353 1510 4428 Tertia,
1550 4355 1625 4413 Ut
1651 4355 1958 4414 obedientia
1986 4356 2208 4414 interna
2237 4357 2396 4430 lonqe
2413 4361 2660 4429 praestat
2684 4361 2942 4427 externa,

655 4404 843 4462 Regula
860 4403 905 4448 3.
1059 4434 1290 4491 moralis
1317 4435 1730 4507 commonenti,-
1771 4437 1869 4493 Ita
1893 4437 2129 4508 ‚ti-nstra
2173 4436 2283 4493 ista
2324 4433 2638 4493 obtenditur
2675 4432 2793 4490 sine
2820 4432 2945 4491 illa.

538 4509 695 4572 Hinc
737 4528 947 4584 graves
977 4510 1394 4588 Prophetarum
1423 4513 1705 4591 querelae3
1750 4514 1850 4590 qui
1889 4515 2104 4591 populo
2147 4533 2309 4573 suam
2351 4513 2704 4590 impietatem
2734 4531 2944 4588 expro-

534 4590 722 4661 brant,
753 4587 890 4662 quia
916 4601 1184 4666 separant
1210 4612 1279 4652 ea
1306 4613 1435 4671 quae
1476 4593 1639 4653 Deus
1680 4593 2068 4655 indissolubili
2095 4594 2328 4653 vinculo
2357 4591 2670 4670 copulavit,
2701 4600 2945 4650 externo

536 4678 596 4739 et
623 4667 1005 4732 caeremoniali
1032 4671 1193 4734 cultu
1221 4674 1492 4751 contenti,
1536 4673 1683 4734 nihil
1723 4673 1796 4734 de
1838 4673 2063 4736 interno
2105 4684 2164 4735 et
2205 4673 2408 4734 morali
2449 4671 2702 4733 solliciti.
2787 4670 2952 4731 Vide

551 3286 558 3294 ’
657 3292 845 3352 Regula
863 3292 908 3336 2.
