3221 5200
250 359 489 410 qums-r.
520 334 616 420 ιι.]
985 356 1062 394 DE
1092 355 1355 396 mansoxa
1386 358 1459 397 nr
1489 359 1677 398 srxru
1708 359 1961 399 cnuzs‘m.
2562 342 2679 398 257

248 502 518 580 sequitur
564 519 682 558 non
729 499 844 557 alio
873 499 1156 576 respicere
1206 501 1479 579 potuisse,
1525 521 1631 560 nee
1677 501 1976 580 impletum
2026 521 2152 560 esse
2197 500 2509 560 Graculum
2546 501 2676 576 hoc,

252 603 430 661 quam
457 582 519 640 in
548 582 590 640 J
595 600 698 639 esu
728 580 1046 640 NazarenO.

335 663 421 721 X.
469 662 635 721 Licet
663 680 802 719 vero
845 661 1093 738 signum,
1125 662 1283 738 quod
1312 662 1404 721 hie
1447 661 1619 723 datur
1660 684 1695 721 a
1739 664 2044 739 Propheta,
2077 670 2230 721 esset
2258 670 2482 721 tantum
2513 661 2675 721 exhi·-

252 743 509 803 bendum
537 750 671 820 post
697 742 880 800 multa
909 742 1119 817 secula,
1150 763 1266 801 non
1315 743 1506 801 minus
1554 753 1747 802 tamen
1775 745 1963 821 potuit
1993 744 2178 803 facere
2206 743 2282 801 ad
2330 742 2677 801 confirmati-

252 845 423 883 onem
451 823 751 900 promissae
777 822 1154 882 liberationis.
1262 827 1314 882 1.
1346 823 1495 897 Quia
1537 844 1656 883 non
1683 834 1771 882 est
1798 824 2112 883 absurdum
2141 833 2201 882 et
2228 823 2563 881 inusitatum
2586 843 2680 882 res

253 905 479 964 futuras
508 902 710 962 afferre
739 903 798 960 in
828 903 1059 979 signum
1101 904 1185 962 rei
1228 904 1474 980 alicujus
1513 905 1774 982 proxime
1804 906 2026 978 futurae,
2061 914 2125 964 ut
2166 913 2324 981 patet
2379 924 2454 961 ex
2485 902 2676 961 Exod.

256 986 337 1043 iii.
373 987 466 1060 12,
516 984 545 1041 l
584 984 738 1043 Sam.
769 984 827 1041 ii.
853 987 948 1058 34,
1000 988 1027 1041 l
1066 985 1210 1060 Reg.
1244 985 1388 1044 xxii.
1420 988 1516 1060 25,
1550 988 1646 1054 28,
1677 987 1803 1044 Jer.
1835 986 1978 1043 xliv.
2011 993 2106 1060 29,
2139 985 2239 1043 ubi
2269 983 2480 1042 dantur
2509 983 2679 1060 signa

254 1065 686 1142 consequentia,
718 1072 782 1122 ut
809 1072 868 1122 et
895 1065 1311 1139 antecedentia,
1344 1075 1402 1124 et
1443 1076 1688 1124 eventus
1727 1066 2162 1142 Prophetiamm
2194 1073 2590 1142 proponuntur
2617 1063 2678 1121 in

255 1146 429 1224 signa
480 1145 652 1203 Deut.
710 1145 875 1203 xviii.
927 1149 1022 1220 21,
1072 1144 1180 1204 ἂρ.
1267 1150 1322 1203 2.
1357 1146 1487 1203 Νοιι
1538 1155 1628 1204 est
1672 1146 1926 1204 insoleus
1955 1147 2013 1202 in
2045 1147 2325 1223 scriptura
2353 1144 2677 1221 ingentium

248 1226 671 1304 promissorum
716 1225 1257 1284 commemoratione
1302 1226 1588 1284 minorum
1632 1226 1807 1284 fidem
1850 1226 2165 1297 adstruere,
2209 1226 2528 1302 praesertim
2578 1224 2679 1283 ubi

258 1308 487 1384 majora
514 1306 610 1363 illa
638 1307 761 1364 sine
789 1305 904 1364 fide
932 1307 1219 1364 minorum
1262 1326 1378 1365 non
1407 1316 1691 1380 constant,
1738 1328 1865 1383 quae
1899 1307 2199 1384 praesentis
2228 1306 2340 1364 loci
2380 1306 2526 1364 ratio
2570 1314 2677 1364 est.

254 1387 409 1446 Cum
438 1386 588 1444 enim
613 1386 862 1444 Messias
890 1407 921 1444 e
951 1387 1111 1463 regia
1143 1387 1388 1445 Davidis
1418 1388 1594 1464 stirpe
1625 1388 1760 1446 oriri
1806 1389 1944 1445 olim
1991 1388 2244 1462 deberet,
2279 1387 2452 1463 idque
2491 1396 2678 1445 stante

255 1467 449 1525 adhuc
476 1467 579 1525 illa
609 1466 967 1544 Republica,
954 1489 967 1503 ·
1013 1468 1231 1525 clarum
1260 1477 1349 1527 est
1377 1488 1482 1527 nec
1507 1479 1716 1526 terram
1747 1468 1922 1543 illam,
1956 1468 2050 1527 cui
2078 1476 2375 1544 tantopere
2407 1468 2681 1526 Achazus

253 1547 568 1621 metuebat,
600 1548 660 1605 in
687 1556 1030 1624 potestatem
1061 1548 1310 1607 hostium
1354 1569 1588 1625 prorsus
1631 1549 1962 1625 concedere,
2008 1569 2114 1607 nec
2156 1548 2390 1607 domum
2441 1547 2681 1605 Davidi-

253 1649 381 1687 eam
429 1628 661 1707 penitus
709 1628 985 1722 extirpari
1032 1629 1307 1705 potuisse.
1396 1630 1565 1688 Unde
1594 1640 1996 1705 argumentum
2036 1639 2227 1706 potest
2268 1649 2394 1686 esse
2424 1649 2458 1686 a
2487 1628 2680 1704 simili,

254 1710 351 1767 vel
380 1729 415 1767 a
442 1709 650 1766 minori
672 1707 747 1766 ad
768 1710 991 1785 majus:
1038 1710 1199 1767 Deus
1227 1719 1383 1769 certo
1412 1711 1710 1786 praestabit
1738 1711 2174 1786 promissionem
2205 1708 2577 1785 priucipalem
2609 1708 2681 1766 de
2732 1719 2736 1724 '

257 1790 505 1865 Messia3
553 1789 712 1865 Ergo
742 1789 924 1848 multo
954 1789 1140 1865 magis
1170 1789 1330 1848 dabit
1360 1790 1513 1867 quod
1546 1790 1735 1848 minus
1765 1800 1870 1865 est,
1901 1790 2300 1847 liberationem
2333 1788 2468 1845 nim.
2500 1808 2534 1844 a
2566 1787 2680 1845 Re·

256 1871 448 1948 gibuS.
534 1872 591 1928 3.
626 1870 758 1927 Mos
787 1877 878 1927 est
920 1870 1336 1947 Prophetarum
1368 1871 1647 1963 speciales
1676 1889 1875 1928 omnes
1904 1869 2314 1947 promissiones
2344 1867 2680 1925 confirmare

254 1950 512 2028 generali
541 1950 919 2027 promissione
948 1950 1020 2008 de
1055 1951 1286 2026 Messia‚
1318 1951 1456 2027 quia
1496 1950 1932 2008 fundamentum
1962 1960 2050 2008 est
2092 1958 2444 2019 caeterarum,
2475 1947 2535 2005 in
2564 1967 2680 2023 quo

254 2051 456 2089 omnes
484 2031 893 2108 promissiones
923 2039 1056 2088 sunt
1088 2031 1279 2088 Etiam
1309 2041 1367 2089 et
1390 2031 1599 2106 Amen,
1643 2035 1678 2088 2
1712 2031 1842 2090 Cor.
1873 2031 1909 2089 i.
1934 2033 2030 2088 20.
2076 2033 2133 2087 4.
2167 2028 2479 2086 Promissio
2509 2047 2680 2103 prox·

257 2112 386 2169 imae
414 2111 773 2170 liberationis
815 2131 930 2168 non
960 2111 1233 2169 fundatur
1273 2119 1496 2169 tantum
1527 2111 1583 2167 in
1616 2111 1785 2203 signo
1815 2111 2025 2184 futuro,
2056 2110 2327 2167 nimirum
2360 2107 2577 2165 Messia
2606 2128 2680 2165 ex

257 2191 503 2269 Virgine
552 2192 844 2250 nascituro
892 2201 1024 2268 post
1063 2191 1247 2250 multa
1277 2191 1486 2264 secula,
1519 2191 1622 2248 sed
1666 2191 1837 2249 etiam
1887 2192 1948 2247 in
1976 2189 2247 2268 prcesenti
2295 2188 2416 2246 filio
2461 2187 2681 2247 scilieet

259 2272 612 2351 Prophetae'
587 2292 711 2349 jam
750 2281 903 2345 nate,
949 2291 1120 2348 quem
1152 2292 1347 2328 secum
1365 2271 1689 2328 adduxerat
1717 2271 1792 2328 ad
1837 2271 2076 2347 Regem,
2109 2269 2182 2328 ad
2212 2290 2384 2346 quem
2413 2289 2532 2328 ver.
2585 2273 2676 2327 16.

256 2353 486 2447 proprie
506 2361 744 2431 spectat,
764 2352 1145 2428 “Antequam
1170 2371 1312 2428 puer
1329 2352 1475 2424 iste,'
1484 2348 1762 2415 ’διικτικὸς
1785 2351 2005 2409 scilieet
2026 2371 2156 2409 eum
2181 2348 2509 2424 ostendens,
2529 2353 2564 2382 ‘⁴
2579 2371 2679 2407 no-

256 2435 409 2493 verit
437 2454 704 2512 spernere
734 2433 949 2490 malum
979 2440 1037 2490 et
1065 2433 1278 2508 eligere
1309 2432 1582 2508 bonum,''
1626 2431 1689 2489 id
1711 2443 1816 2506 est,
1848 2431 1923 2489 ad
1951 2451 2133 2489 annos
2161 2430 2525 2489 discretionis
2553 2451 2681 2508 per-

255 2515 496 2590 venerit,
531 2517 567 2548 ‘⁴
590 2523 742 2574 terra
761 2512 1158 2587 liberabiturss'
1191 2521 1255 2571 ut
1283 2532 1417 2570 sane
1448 2513 1551 2570 vix
1581 2477 1829 2607 quatuoi·
1849 2512 1985 2570 anni
2003 2511 2233 2571 fuerunt
2254 2520 2562 2587 antequam
2582 2512 2679 2570 de·

255 2596 512 2656 lerentur
540 2595 637 2656 isti
668 2595 899 2672 Reges3
960 2594 1057 2653 vel
1086 2594 1204 2661 filio
1243 2594 1415 2672 paulo
1459 2605 1591 2673 post
1637 2593 1949 2670 nasciturO,
1980 2593 2051 2653 de
2081 2615 2196 2671 quo
2224 2614 2348 2672 cap.
2381 2592 2502 2651 viii.
2535 2597 2588 2668 3,
2621 2596 2678 2651 4.

339 2677 459 2736 XI.
505 2677 785 2753 Quamvis
827 2696 966 2735 vero
1008 2677 1187 2735 Jesus
1231 2677 1564 2735 Nazarenus
1601 2697 1897 2753 nunquam
1940 2677 2169 2754 legatur
2195 2675 2518 2753 appellatus
2563 2676 2680 2732 Im-

253 2758 505 2830 manuel,
546 2778 663 2817 non
705 2758 895 2817 minus
924 2767 1115 2816 tamen
1165 2767 1356 2835 potest
1403 2758 1519 2816 diei
1548 2778 1679 2815 eum
1711 2758 1792 2816 ita
1833 2758 2158 2816 vocandum
2188 2756 2403 2831 fuisse;
2451 2757 2598 2831 Quia
2625 2762 2682 2815 τὶ

256 2862 352 2914 κῆρ
384 2838 443 2895 in
470 2838 766 2915 Scriptura
795 2859 945 2915 saepe
976 2859 1078 2914 pro
1121 2859 1234 2896 esse
1262 2839 1509 2915 ponitur,
1542 2848 1607 2897 ut
1636 2858 1812 2915 quum
1843 2839 2141 2897 vocandus
2169 2838 2381 2897 dicitur
2413 2840 2447 2869 ‘⁴
2473 2837 2678 2895 Admi-

256 2918 477 2990 rabilis‚
510 2918 943 2991 Consiliarius,”
977 2916 1104 2991 Ere„
1139 2919 1253 2975 Isa.
1287 2920 1365 2975 ix.
1397 2928 1453 2976 et
1486 2922 1521 2951 “
1543 2920 1586 2978 J
1590 2919 1779 2977 ehova
1798 2920 2029 2996 justitia
2056 2919 2292 2995 nostra,'
2301 2919 2376 2977 J
2381 2938 2459 2976 er
2491 2919 2655 2976 xxiii.
2644 2963 2677 2993 .,

254 3017 376 3054 non
430 3003 550 3051 tam
592 3004 659 3052 ut
702 2996 976 3052 innuatur
1002 3015 1117 3069 quo
1159 2998 1389 3054 nomine
1429 2998 1831 3071 insigniendus
1874 3009 2043 3071 esset,
2074 3018 2249 3074 quam
2277 2998 2464 3072 qualis
2492 2999 2684 3073 reipsa

255 3076 487 3132 futurus
532 3081 700 3146 esset,
734 3073 856 3129 sive
885 3072 1079 3146 quoad
1104 3092 1407 3147 personam
1447 3076 1771 3153 θιέιοςινπος,
1804 3078 1928 3133 sive
1957 3076 2149 3150 quoad
2176 3076 2426 3133 officium
2457 3077 2680 3135 Media-

258 3162 369 3227 tor,
411 3151 511 3227 qui
542 3152 731 3209 Deum
769 3151 938 3208 nobis
960 3150 1368 3209 conciliaturus
1390 3162 1527 3226 erat,
1561 3153 1714 3209 unde
1739 3154 2035 3229 Chrysost.
2066 3154 2251 3211 bene‘
2237 3173 2295 3210 ιιι
2318 3154 2374 3210 h.
2399 3154 2457 3227 1.,
2485 3157 2522 3187 “
2547 3157 2680 3214 Mos

255 3242 348 3293 est
381 3232 691 3310 Scripturae
732 3251 826 3289 res
868 3250 997 3307 quae
1040 3229 1309 3288 accidunt
1350 3230 1478 3287 loeo
1507 3230 1803 3289 nominum
1846 3251 2098 3308 ponere.
2141 3232 2286 3288 nihil
2327 3251 2467 3306 ergo
2522 3234 2682 3291 aliud

256 3312 566 3392 significat,
574 3313 884 3371 Vocabunt
907 3311 1247 3384 Immanuel,
1273 3330 1446 3387 quam
1471 3309 1771 3369 Videbunt
1798 3312 1983 3369 Deum
2014 3330 2143 3369 cum
2166 3310 2516 3369 hominibus,
2521 3313 2554 3341 ''
2617 3314 2681 3372 Si

255 3395 582 3472 iqnorantt‘a
599 3393 863 3470 quaedam
887 3392 1172 3451 tribuatur
1191 3392 1551 3467 Immanueli,
1572 3400 1663 3449 est
1690 3410 1847 3468 purae
1876 3390 2217 3469 negationiS,
2240 3411 2368 3467 quae
2393 3390 2451 3450 in
2472 3394 2681 3452 Jesum

256 3475 446 3553 potuit
491 3475 696 3533 cadere
728 3475 868 3533 Luc.
918 3473 978 3531 ii.
1030 3476 1127 3548 40,
1175 3492 1291 3530 ιιοιι
1310 3493 1517 3549 pravoe
1572 3472 1961 3549 dispositionis,
1993 3493 2121 3549 quae
2169 3482 2469 3550 peccatum
2498 3484 2602 3551 est,
2648 3496 2683 3534 a

259 3576 377 3634 quo
405 3555 516 3615 fuit
545 3574 771 3632 semper
799 3554 1088 3613 immunis.
1173 3554 1342 3628 Quod
1385 3554 1457 3613 de
1508 3553 1860 3613 comestione
1888 3553 2084 3630 butyri
2114 3562 2172 3612 et
2202 3554 2389 3612 mellis
2418 3555 2668 3632 additur,

255 3638 323 3696 fit
349 3636 424 3695 ad
472 3635 787 3695 notandam
830 3633 1227 3694 educationem
1273 3645 1607 3695 consuetam
1637 3643 1992 3709 caeterorum,
2023 3633 2239 3693 utendo
2279 3635 2423 3693 cibis
2451 3636 2679 3695 ordina·

257 3718 375 3791 riis,
406 3718 507 3795 qui
536 3717 645 3776 sub
673 3715 885 3795 butyro
914 3726 972 3775 et
1000 3715 1172 3775 melle
1202 3716 1594 3791 includuntur,
1629 3714 1766 3793 quia
1792 3723 1945 3774 terra
1974 3715 2208 3774 Canaan
2246 3715 2394 3774 laete
2424 3726 2482 3776 et
2510 3718 2681 3777 melle

257 3797 491 3857 fluebat.
736 3824 741 3829 ·

339 3878 496 3936 XII.
539 3882 678 3938 mbr
707 3878 802 3935 hic
832 3878 1115 3953 Virqinena
1133 3886 1348 3952 notare,
1374 3897 1490 3935 non
1511 3876 1804 3936 foeminam
1835 3898 2254 3955 quameunque,
2285 3877 2468 3954 liquet
2502 3881 2553 3935 1.
2586 3878 2682 3935 Ex

256 3966 446 4033 etymo
473 3960 637 4017 vocis
665 3979 700 4017 a
726 3962 851 4017 εὶ,
881 3959 1234 4031 abscondere,
1265 3978 1381 4034 quo
1409 3958 1719 4017 denotatur
1759 3968 1944 4017 status
1971 3958 2217 4033 virginis
2245 3956 2621 4015 absconditus
2649 3978 2686 4015 a

257 4048 570 4118 conspectu
599 4049 657 4098 et
698 4038 1040 4097 commercio
1090 4038 1362 4111 virorum,
1414 4039 1581 4114 quasi
1631 4043 1790 4098 ³⁸:235
1820 4038 2144 4097 abscondam
2187 4047 2245 4095 et
2289 4058 2405 4095 non
2450 4038 2686 4113 cognita

257 4119 401 4178 vir0.
489 4119 661 4179 Unde
719 4119 994 4194 Virgines
1049 4117 1203 4195 apud
1262 4118 1504 4177 Veteres
1546 4118 1888 4178 dicebantur
1927 4118 2283 4176 »aruinam-ru
2312 4126 2369 4176 et
2405 4116 2539 4175 ean-bx
2545 4131 2684 4198 ςυφιι

258 4204 293 4256 2
328 4200 588 4260 Maccab.
620 4200 700 4258 iii.
749 4202 840 4273 19,
885 4198 1043 4275 quod
1071 4197 1227 4255 domi
1253 4198 1501 4257 laterent
1529 4210 1587 4258 et
1615 4208 2067 4258 asservarentur.
2111 4204 2166 4256 2.
2209 4146 2570 4256 ΑιιιΙιοι·ἰιιιες
2586 4199 2683 4256 Ιιι-

256 4290 587 4357 terpretum,
619 4280 719 4357 qui
761 4279 989 4338 Judaeis
1032 4278 1286 4355 suspecti
1326 4299 1453 4337 esse
1496 4300 1612 4338 non
1653 4288 1912 4357 possunt,
1944 4278 2341 4355 Thargumim,
2374 4278 2582 4338 Onkel.
2626 4289 2686 4339 et

257 4360 299 4418 J
303 4361 497 4420 onath.
529 4370 587 4420 et
618 4360 824 4419 LXX.
855 4360 954 4437 qui
984 4367 1218 4418 vertunt
1245 4360 1485 4439 πάροινος,
1517 4361 1655 4419 licet
1700 4361 1919 4436 Symm.
1952 4367 2010 4418 et
2038 4359 2401 4417 Theodotion
2445 4359 2506 4416 in
2551 4380 2682 4436 gra·

256 4440 398 4499 tiam
436 4442 779 4501 Judaeorum
827 4441 1072 4499 reddant
1126 4442 1614 4499 adolescentulam.
1687 4443 1742 4499 3.
1770 4440 1943 4499 Ratio
1987 4439 2228 4498 evidens
2270 4439 2379 4497 hoe
2409 4441 2681 4516 postulat,

255 4521 394 4597 quia
420 4522 545 4598 agit
571 4521 643 4581 de
674 4522 841 4598 signo
870 4521 1071 4580 divino
1100 4530 1158 4579 et
1198 4521 1466 4594 mirabili,
1498 4522 1667 4597 cujus
1709 4530 1870 4579 ortus
1899 4521 1974 4579 sit
2003 4540 2119 4579 non
2161 4520 2353 4578 minus
2381 4520 2679 4595 mirabilis,

253 4620 427 4677 quam
455 4622 698 4677 nomen;
751 4601 868 4660 Sed
909 4601 1199 4679 quodnam
1250 4601 1499 4679 signum,
1531 4601 1690 4678 quod
1729 4602 2010 4677 naturale,
2061 4600 2220 4679 quod
2267 4620 2569 4660 commune
2626 4612 2685 4662 et

254 4682 625 4760 ordinarium,
670 4682 962 4741 foeminam
1006 4703 1082 4742 ex
1124 4701 1439 4758 congressu
1494 4682 1605 4740 viri
1648 4702 1847 4760 parere
1889 4691 1948 4742 et
1989 4682 2339 4761 concipere?
2419 4685 2477 4743 4.
2525 4682 2683 4743 Usus

2320 4783 2360 4824 n
