3221 5200
563 345 677 412 178
1450 366 1635 407 Locus
1664 365 2063 406 nuonsscmus.
2624 346 2880 428 [qums-r.
2909 368 2965 411 v,

564 511 830 586 diversa3
864 510 1023 586 Ergo
1050 508 1225 568 debet
1269 527 1396 566 esse
1423 514 1691 585 respectu
1718 508 1806 564 rei
1841 506 2179 585 siqmflcatoe,
2211 525 2342 581 quae
2383 506 2442 562 in
2472 507 2739 566 omnibus
2772 507 2968 567 Sacra·

566 590 777 650 mentis
803 589 1004 649 eadem
1033 608 1257 666 semper
1285 587 1409 661 fuit,
1440 587 1578 645 nim.
1612 586 1876 644 Christus
1903 606 2033 644 cum
2063 586 2184 645 suis
2211 584 2543 661 beneficiis3
2589 586 2648 644 in
2677 607 2793 664 quo
2821 588 2971 665 Typi

567 679 628 728 et
659 671 1027 728 Sacramenta
1053 688 1170 725 non
1197 667 1388 725 minus
1418 687 1485 725 ac
1527 666 1936 742 promissiones
1974 673 2109 723 sunt
2137 664 2330 723 Etiam
2372 673 2430 725 et
2459 665 2670 742 Amen,
2713 666 2793 726 id.
2813 668 2971 725 veri·

569 758 743 809 tatem
774 768 935 807 suam
965 756 1023 805 et
1051 748 1530 825 complementum
1567 745 1847 804 obtinent.

670 828 894 887 XXII.
959 827 1083 884 Nec
1138 825 1498 885 admittenda
1547 825 1833 902 Exceptio
1883 823 2388 900 Adversariorum,
2437 825 2683 884 Veteres
2732 824 2972 884 eandem

570 928 760 966 escam
789 906 1107 966 comedisse
1136 907 1286 965 inter
1313 925 1391 979 se,
1423 924 1540 963 non
1568 924 1706 962 vero
1736 904 2054 961 nobiscum.
2140 903 2289 977 Quia
2325 905 2435 962 hoc
2475 914 2762 982 repugnat
2801 925 2975 983 scopo

571 987 754 1062 Pauli,
786 986 887 1063 qui
916 995 1005 1044 est
1032 985 1289 1043 conferre
1320 985 1564 1043 Veteres
1592 1003 1724 1042 cum
1754 983 2112 1057 Christianis,
2156 993 2215 1041 et
2255 1003 2331 1041 ex
2372 984 2670 1060 exemplis,
2701 992 2824 1044 tum
2872 986 2972 1043 Sa—

571 1076 993 1126 cramentorum
1021 1073 1079 1122 et
1106 1063 1513 1123 beneficiorum
1540 1064 1685 1140 ipsis
1712 1063 2069 1137 collatorum,
2110 1071 2231 1121 tum
2273 1072 2639 1138 peccatomm
2681 1072 2739 1123 et
2780 1084 2976 1141 poena-

572 1166 699 1205 rum
731 1144 1142 1217 Israelitarum,
1174 1143 1564 1219 argumentari
1591 1141 1667 1200 ad
1693 1143 1995 1220 paritatem
2024 1161 2339 1218 poenarum,
2378 1143 2429 1200 si
2469 1143 2772 1218 paritatem
2802 1143 2977 1202 habe·

572 1232 702 1283 rent
728 1231 1109 1300 peccatorum.
1168 1223 1253 1281 At
1285 1225 1336 1280 1.
1355 1222 1465 1280 hoc
1487 1232 1889 1298 argumentum
1912 1220 2128 1280 nullius
2149 1231 2302 1280 esset
2318 1221 2606 1298 ponderis,
2627 1223 2676 1281 si
2700 1222 2980 1281 Israelita

573 1312 798 1362 tantum
825 1303 976 1361 inter
1003 1322 1083 1376 se,
1127 1311 1186 1360 et
1225 1321 1342 1359 non
1383 1302 1684 1360 nobiscum
1713 1300 2142 1376 conferrentur;
2188 1304 2244 1358 2.
2276 1300 2590 1379 Repugnat
2615 1302 2809 1360 verbis
2839 1301 2980 1379 ipsis

576 1381 762 1456 Pauli,
809 1381 1021 1458 quibus
1068 1382 1239 1439 docet
1278 1380 1568 1439 Christum
1613 1381 1736 1457 jam
1778 1389 1901 1438 tum
1944 1380 2256 1439 Veteribus
2297 1380 2635 1455 innotuisse,
2679 1401 2857 1458 quum
2901 1381 2983 1441 ait

579 1463 826 1535 Petram,
858 1480 987 1537 quae
1015 1479 1115 1518 eos
1154 1459 1515 1535 sequebatur,
1547 1459 1724 1517 fuisse
1754 1459 2062 1533 Christum,
2105 1468 2163 1518 et
2196 1460 2354 1537 ipsos
2396 1460 2686 1519 Christum
2729 1469 2982 1520 tentasse

576 1542 637 1599 in
665 1541 910 1615 desert0,
942 1559 999 1598 v,
1032 1540 1106 1614 93
1153 1541 1208 1598 3.
1243 1540 1482 1597 Frustra
1524 1538 1844 1615 Apostolus
1871 1538 2202 1615 loqueretur
2243 1538 2314 1598 de
2344 1541 2657 1616 BaptismO,
2690 1541 2738 1598 si
2781 1560 2983 1599 verum

577 1640 695 1679 non
724 1627 877 1678 esset
908 1620 1277 1678 Sacramenta
1306 1618 1380 1676 V.
1413 1627 1469 1676 et
1500 1618 1573 1676 N.
1597 1618 1664 1675 Τ.
1696 1618 1901 1677 saltem
1939 1617 2238 1695 analogice
2268 1627 2325 1678 et
2366 1619 2558 1696 quoad
2600 1620 2983 1679 substantiam

578 1700 755 1759 fuisse
784 1698 1002 1758 eadem.

1169 1780 1428 1837 XXIII.
1454 1778 1730 1857 Septim0,
1746 1780 1894 1854 Quia
1907 1779 2030 1838 ch
2046 1779 2170 1856 ipsa
2183 1780 2385 1853 Mosis,
2400 1781 2508 1838 sub
2519 1800 2634 1856 qua
2646 1781 2849 1838 Patres
2862 1779 2983 1839 fue·

1087 1869 1237 1931 runt,
1253 1860 1324 1917 de
1343 1860 1556 1919 foedcre
1576 1860 1778 1936 gratiae
1797 1879 1896 1918 cos
1909 1858 2177 1934 erudivit,
2198 1868 2257 1918 et
2273 1860 2347 1918 ad
2360 1860 2505 1917 illud
2522 1860 2986 1936 amplectendum

580 1939 926 2016 praeparavit
953 1947 1013 1996 et
1040 1938 1379 2013 stimulavit,
1411 1940 1566 2016 quod
1597 1959 1713 1997 non
1741 1939 2024 2016 potuisset
2051 1939 2192 2015 fieri,
2239 1940 2351 1997 nisi
2393 1939 2580 1998 foedus
2622 1939 2823 2017 gratiae
2858 1940 2985 2015 jam

577 2018 771 2077 locum
808 2017 1121 2076 habuisset.
1227 2019 1370 2076 Ideo
1412 2021 1541 2076 Lex
1567 2019 1779 2077 dicitur
1809 2022 2160 2094 poedayoqus
2201 2022 2285 2077 ad
2322 2019 2622 2094 Christum,
2661 2019 2854 2077 Galat.
2901 2018 2983 2076 iii.

580 2102 675 2171 24,
707 2106 766 2156 et
796 2098 1059 2156 Christus
1086 2096 1220 2155 finis
1251 2098 1444 2175 Legis,
1479 2099 1648 2157 Rom.
1679 2118 1738 2158 x.
1769 2100 1824 2171 4,
1856 2098 2014 2174 quod
2041 2119 2115 2156 ex
2144 2098 2329 2157 tribus
2357 2100 2485 2175 ejus
2522 2098 2784 2176 partibus
2813 2097 2988 2156 facile

579 2177 1043 2252 demonstratur;
1094 2180 1144 2236 l.
1178 2177 1273 2234 Ex
1302 2179 1523 2252 morali,
1556 2177 1694 2254 quia
1723 2178 1925 2236 Patres
1953 2177 2348 2237 convincendo
2376 2187 2738 2255 peccatorum
2769 2177 2830 2234 in
2874 2177 2986 2235 Le·

580 2276 712 2332 gem
731 2255 1130 2332 admissorum,
1155 2257 1323 2316 Rom.
1354 2257 1434 2315 iii.
1470 2259 1561 2331 19,
1584 2260 1680 2333 20,
1702 2266 1761 2316 et
1790 2256 1921 2316 Gal.
1952 2257 2033 2315 iii.
2068 2259 2161 2331 19,
2191 2266 2250 2316 et
2277 2267 2508 2335 propter
2529 2278 2597 2316 ea
2625 2257 2988 2334 subjiciendo

581 2356 681 2394 eos
725 2335 1117 2394 maledictioni
1165 2336 1394 2410 divinae,
1442 2338 1637 2396 Galat.
1683 2338 1764 2395 iii.
1816 2340 1907 2411 10,
1956 2336 2248 2396 excitabat
2288 2346 2346 2395 et
2391 2337 2725 2396 stimulabat
2767 2356 2870 2394 eos
2912 2337 2990 2394 ad

580 2416 946 2491 quaerendam
1004 2423 1063 2473 et
1125 2416 1582 2492 amplectendam
1647 2417 2032 2494 expiationem
2092 2425 2151 2476 et
2204 2417 2433 2475 veniam
2494 2425 2863 2493 peccatorum
2925 2417 2988 2474 in

532 2563 535 2566 ¹
582 2495 829 2569 Christo,
863 2494 1056 2553 Galat.
1085 2494 1166 2552 iii.
1198 2499 1312 2569 24;
1359 2500 1413 2553 2.
1448 2497 1542 2553 Ex
1553 2497 1798 2571 forensi,
1831 2503 2114 2572 quatenus
2156 2495 2542 2555 constituebat
2582 2495 2841 2572 politiam
2884 2515 2988 2573 po-

579 2574 702 2651 puli
747 2573 1053 2633 Israelitici
1093 2592 1275 2650 usque
1315 2573 1391 2633 ad
1435 2575 1744 2651 Christum,
1792 2576 2003 2636 Genes.
2047 2575 2192 2633 xlix.
2241 2578 2333 2649 10,
2378 2584 2436 2635 et
2478 2585 2708 2651 gentem
2751 2596 2827 2635 cx
2872 2595 2991 2652 qua

581 2651 859 2711 oriundus
887 2662 1009 2711 erat
1038 2653 1286 2711 Messias
1315 2655 1495 2712 veluti
1540 2655 1817 2732 impressa
1858 2664 1995 2713 nota
2035 2655 2335 2732 signabat3
2382 2660 2438 2715 3.
2470 2656 2563 2713 Ex
2591 2657 2988 2730 coeremoniali,

581 2733 718 2807 quia
747 2732 1101 2789 caeremoniae
1133 2732 1309 2809 Legis
1338 2743 1502 2791 erant
1531 2734 1657 2810 typi
1701 2743 1760 2793 et
1803 2734 2004 2810 figurae
2052 2736 2201 2794 Jesu
2248 2735 2461 2794 Christi
2490 2736 2737 2810 venturi,
2782 2735 2987 2794 adum·

581 2811 817 2868 brantes
846 2810 1187 2869 sacrificium
1217 2812 1344 2888 ejus
1370 2832 1475 2889 pro
1503 2813 1773 2889 peccatis,
1804 2823 1862 2872 et
1889 2814 1961 2872 de
1989 2813 2178 2874 fructu
2226 2814 2384 2874 illius
2411 2814 2815 2874 confirmantes
2843 2814 2985 2873 fide-

582 2890 724 2948 lium
752 2898 992 2967 mentes,
1025 2890 1147 2949 Col.
1178 2891 1238 2949 ii.
1272 2893 1362 2965 17,
1397 2892 1550 2950 Heb.
1580 2892 1663 2951 ix.
1692 2902 1751 2952 et
1778 2913 1836 2951 x.
1868 2893 2169 2970 capitibus.

969 3037 982 3049 ·
1199 2970 1449 3029 XXIV.
1494 2974 1868 3049 Evanyelium
1895 2980 1960 3031 ut
1999 2982 2166 3034 sonat
2199 2974 2515 3033 doctrinam
2546 2975 2747 3052 gratiae
2780 2974 2891 3032 Dei
2925 2976 2988 3032 in

623 3034 1035 3140 Ρωιξξαὶῗωω·
1106 3050 1335 3109 Christo
1358 3051 1620 3110 bifariam
1642 3061 1966 3129 usurpatur,
1987 3053 2084 3111 vel
2127 3073 2232 3131 pro
2249 3056 2563 3131 Evanqelio
2577 3054 2857 3131 promisso
2881 3074 2988 3112 seu

878 3128 890 3140 '
1104 3129 1406 3210 iaeaerymiga,
1439 3131 1535 3190 vel
1577 3152 1682 3208 pro
1727 3136 2085 3209 ιῦιγγιλιηιᾷ
2126 3153 2229 3193 seu
2270 3135 2586 3211 Evangelio
2626 3136 2894 3209 completo
2936 3144 2993 3191 et

582 3209 821 3268 exhibito
841 3233 865 3282 ;
896 3209 1081 3268 Priori
1102 3231 1273 3270 sensu
1296 3212 1406 3272 fuit
1426 3211 1485 3269 in
1504 3212 1707 3271 Veteri
1729 3213 2114 3288 Testamento,
2138 3213 2449 3272 Posteriori
2472 3222 2693 3273 tantum
2713 3213 2771 3270 in
2795 3213 2987 3288 Novo,

582 3297 641 3346 et
668 3289 778 3347 hoc
805 3298 1072 3366 respectu
1099 3290 1311 3351 dieitur
1337 3292 1514 3351 fuisse
1553 3293 1779 3350 tacitum
1820 3292 2278 3369 praecedentibus
2318 3294 2602 3367 aetatibus‚
2649 3293 2818 3351 Rom.
2861 3293 2990 3351 xvi.

582 3370 681 3441 25,
710 3387 827 3424 non
873 3368 1139 3427 absolute
1187 3378 1247 3428 et
1275 3371 1629 3448 simpliciter,
1680 3371 1965 3448 siquidem
2011 3371 2226 3431 ibidem
2272 3373 2484 3433 dicitur
2537 3374 2883 3450 promissum
2928 3380 2993 3430 et

580 3445 928 3521 patefactum
975 3467 1079 3523 per
1123 3447 1450 3525 Scripturas
1488 3451 1870 3528 propheticas,
1917 3452 2088 3511 Rom.
2130 3452 2169 3510 i.
2212 3456 2267 3526 2,
2313 3452 2419 3512 sed
2467 3451 2783 3511 secundum
2824 3451 2989 3527 quid,

590 3527 640 3581 1.
674 3524 964 3601 Respectu
1012 3527 1335 3601 coqnitiom‘s
1362 3530 1657 3603 naturalis,
1689 3529 1826 3606 quia
1870 3551 2003 3589 caro
2031 3539 2091 3590 et
2134 3531 2371 3607 sanguis
2412 3532 2525 3591 hoc
2566 3551 2682 3590 non
2724 3531 2988 3605 revelat;

582 3607 639 3659 2.
672 3602 847 3678 Resp.
868 3606 1338 3681 promulgationis
1364 3607 1514 3666 inter
1540 3617 1761 3685 gentes,
1795 3610 1933 3686 quia
1960 3611 2123 3669 Deus
2164 3630 2261 3670 eas
2304 3611 2440 3669 sivit
2481 3611 2562 3669 ire
2589 3610 2705 3669 viis
2746 3610 2885 3685 suis,
2929 3619 2994 3668 et

582 3680 729 3738 nihil
755 3680 828 3741 de
858 3682 1086 3742 Christo
1124 3684 1267 3761 ipsis
1306 3685 1613 3763 patefecit;
1658 3691 1714 3747 3.
1747 3689 1924 3767 Resp.
1967 3691 2349 3765 complementi
2384 3690 2535 3750 inter
2560 3690 2820 3765 Judaeoa
2852 3690 2997 3766 quia

581 3780 698 3819 non
727 3760 983 3839 ipsorum
1012 3765 1384 3841 temporibus,
1416 3767 1519 3825 sed
1546 3768 1761 3827 nostris
1788 3770 1914 3846 ejus
1943 3769 2423 3847 complementum
2451 3769 2789 3829 reservavit.
2854 3769 2993 3827 Non

579 3842 710 3901 vult
736 3862 876 3920 ergo
907 3843 1227 3920 Apostolus
1256 3846 1642 3922 Evangelium
1670 3848 1841 3925 plane
1870 3849 2046 3909 fuisse
2075 3850 2337 3926 ignotum
2364 3849 2427 3907 in
2451 3850 2651 3908 Veteri
2680 3850 2857 3924 Test.,
2883 3847 2994 3907 sed

580 3932 910 4063 &uffa-soeg
921 3943 1052 3983 cum
1079 3923 1208 3984 luce
1239 3925 1315 3985 N.
1344 3926 1519 4002 Test.,
1550 3946 1667 4004 qua
1695 3929 1878 3987 multo
1905 3928 2117 3989 clarius
2145 3937 2204 3988 et
2223 3928 2687 4006 pluribus-etiam
2714 3928 2991 4003 innotuit,

637 4022 673 4079 p
719 4047 732 4061 .
762 4023 843 4062 m.
916 4048 929 4063 .

661 4082 877 4142 XXV.
921 4083 1105 4144 Aliud
1134 4093 1223 4145 cst
1240 4087 1587 4162 principium
1616 4088 1931 4165 Evanyelii,
1963 4096 2248 4165 quatenus
2276 4096 2439 4148 notat
2458 4088 2758 4149 historiam
2790 4089 2991 4145 Evan-

580 4161 824 4238 gelicam
854 4162 927 4222 de
955 4164 1272 4224 ministerio
1309 4166 1355 4226 J
1356 4167 1452 4226 oh.
1497 4167 1669 4244 Bapt.
1716 4175 1775 4226 et
1820 4167 2035 4226 Christi
2082 4168 2403 4245 nativitate,
2455 4166 2583 4244 ὅπα,
2631 4188 2746 4244 quo
2792 4187 2989 4243 sensu,

582 4241 763 4300 Marc.
795 4242 833 4301 i.
869 4245 919 4318 l,
949 4242 1205 4320 loquitur
1233 4245 1305 4304 de
1334 4266 1441 4321 eo;
1512 4246 1698 4306 Aliud
1724 4247 2067 4323 principium
2110 4248 2386 4306 doctrinae
2427 4247 2501 4307 de
2544 4247 2732 4325 gratia
2775 4246 2886 4306 Dei
2927 4248 2996 4305 in

581 4319 850 4397 Christo;
896 4322 1023 4396 Quo
1052 4343 1224 4383 sensu
1253 4345 1369 4384 non
1398 4326 1572 4402 coepit
1601 4326 1832 4385 demum
1862 4326 1923 4384 in
1951 4326 2024 4385 N.
2054 4327 2143 4401 T.,
2189 4325 2292 4385 sed
2332 4327 2393 4385 in
2435 4327 2512 4386 V.
2536 4328 2605 4387 Τ.
2634 4348 2670 4385 a
2720 4327 2888 4385 Mose
2927 4337 2997 4386 et

581 4399 887 4535 Prophetis
915 4401 1267 4463 declaratum
1296 4413 1402 4480 est,
1433 4413 1498 4464 ut
1524 4405 1758 4479 ibidem,
1791 4406 1974 4465 Marc.
2014 4406 2052 4466 i.
2083 4410 2138 4482 2,
2172 4409 2227 4480 3,
2259 4406 2602 4467 testimoniis
2626 4406 2997 4483 Propheticis

579 4497 686 4535 con
730 4489 964 4540 rmatur.

661 4556 912 4617 XXVI.
960 4563 995 4592 “
1026 4560 1149 4621 Lex
1205 4572 1264 4621 et
1308 4563 1614 4640 Prophetae
1657 4563 1933 4623 durasse”
1993 4564 2265 4624 dicuntur
2335 4568 2372 4599 “
2402 4585 2585 4642 usque
2631 4566 2705 4623 ad
2761 4565 2993 4624 Johan-

579 4640 764 4713 nem,''
807 4638 977 4699 Matt.
1021 4642 1101 4699 xi.
1152 4646 1241 4717 13,
1274 4642 1464 4719 quoad
1508 4646 1733 4703 modum
1760 4645 2201 4720 dispensationis,
2233 4664 2348 4703 non
2391 4646 2584 4724 quoad
2622 4646 2998 4705 substantiam

599 1832 641 1877 7.
662 1832 739 1876 Ex
762 1847 852 1877 usu
877 1833 1036 1892 Legis.
