3221 5200
487 308 581 356 646

552 450 589 500 J
593 450 947 500 ustifieationis
1001 455 1173 515 partes
1227 449 1354 510 duae,
1423 449 1673 498 Remissio

654 520 954 574 eceatorum,
979 521 1031 563 et
1055 515 1288 578 Adoptio,
1442 517 1553 574 577,
1579 516 1669 563 816.

489 594 580 644 per
644 579 854 627 ustitiam
893 579 1131 628 Aetivam
1165 584 1218 627 et
1256 578 1520 626 Passivam
1551 578 1671 641 quid

554 643 642 691 vul
683 659 711 690 o
736 642 899 691 intelli
941 643 1083 692 ‘tur?
1440 645 1550 702 391,
1579 648 1616 690 t.
1648 647 1663 689 l

554 723 620 755 an
684 707 863 756 ustitia
879 707 919 756 C
957 707 1085 768 risti,
1102 723 1214 770 quae
1232 706 1376 755 nobis
1390 706 1675 770 imputatur

619 772 683 820 ad
717 771 1087 820 Remissionem
1119 777 1453 835 peecatorum,
1488 774 1541 818 et
1572 770 1676 819 Jus

620 836 685 884 ad
739 836 902 883 vitam
956 835 1375 897 consequendam,
1432 840 1674 882 nascatur

618 904 823 948 tantum
846 915 911 948 ex
932 899 1096 964 poeuis
1119 914 1247 962 quas
1269 912 1451 963 passus
1474 898 1591 946 est?

1311 966 1421 1021 392,
1447 968 1484 1011 t.
1511 966 1556 1023 6,
1582 964 1673 1011 8ι6.

554 1027 591 1077 J
595 1028 772 1077 ustitia
794 1025 1072 1091 quotuplex
1106 1032 1199 1086 est,
1235 1032 1288 1074 et
1322 1026 1444 1089 quid
1467 1026 1533 1074 sit
1555 1026 1679 1076 Jus-

621 1092 737 1141 titia
761 1092 1066 1141 Innocentiae
1089 1096 1142 1139 et
1165 1091 1597 1141 Perseverantiae?

1415 1157 1525 1214 398,
1552 1161 1587 1203 t.
1614 1157 1676 1204 28

554 1221 591 1272 J
595 1220 772 1270 ustitia
798 1219 1059 1269 Inhaereus
1082 1235 1113 1268 a
1135 1218 1281 1268 nobis
1307 1234 1409 1268 non
1442 1224 1675 1282 negatur,

1447 1286 1558 1342 561,
1583 1289 1621 1332 t.
1645 1287 1680 1331 4

554 1349 642 1397 sed
691 1363 793 1396 non
826 1354 904 1397 est
937 1347 1103 1397 Causa
1133 1346 1389 1396 meritoria
1420 1347 1457 1397 J
1462 1346 1680 1396 ustifica-

631 1412 800 1472 tionis,
968 1448 980 1459 .
1182 1447 1192 1458 .
1328 1414 1440 1470 563,
1461 1417 1497 1459 t.
1520 1415 1564 1469 9,
1585 1413 1674 1460 &c.

555 1476 591 1525 J
598 1476 774 1524 ustitia
797 1476 969 1526 Causae
992 1480 1044 1525 et
1068 1475 1297 1524 Personae
1320 1475 1576 1532 differunt,
1645 1540 1676 1588 5

1412 1542 1523 1598 567,
1550 1545 1586 1587 t.
1613 1542 1640 1586 2

555 1604 591 1653 J
597 1605 827 1653 ustitiam
852 1601 1193 1653 Essentialem
1207 1603 1397 1652 Christi
1410 1603 1555 1651 nobis
1569 1618 1674 1650 non

620 1668 862 1732 imputari
883 1667 1126 1733 probatur
1147 1675 1326 1718 eontra
1348 1667 1673 1724 Osiandrum,

1413 1735 1524 1791 572,
1550 1738 1587 1780 t.
1617 1734 1676 1779 14

554 1795 591 1845 J
596 1796 825 1844 ustitiam
880 1795 1070 1845 Christi
1123 1795 1267 1845 nobis
1321 1795 1558 1861 imputari
1613 1795 1677 1843 ad

620 1860 656 1909 J
660 1860 1051 1910 ustificationem
1075 1860 1329 1925 probatur,

1311 1923 1391 1983 ib„
1418 1929 1453 1972 t.
1482 1925 1557 1983 15,
1583 1925 1673 1972 διο.

489 1987 698 2037 Justitia
733 1987 831 2037 Dei
864 1987 964 2036 alia
996 1987 1271 2048 fidelitatis,
1308 1987 1409 2036 alia
1442 1986 1676 2036 distribu-

621 2053 731 2100 tiva
754 2059 806 2101 et
828 2052 1148 2115 aequalitatis,
1411 2053 1520 2110 635,
1547 2057 1582 2100 t.
1608 2055 1672 2102 25

488 2115 709 2165 Jmtitiae
730 2116 926 2166 Corona
948 2117 1071 2180 quid
1098 2116 1180 2175 sit,
1411 2118 1521 2176 636,
1548 2120 1584 2164 t.
1610 2119 1675 2165 34

1060 2341 1109 2398 L

494 2499 709 2549 Labrum
732 2515 929 2549 aeneum
952 2499 1074 2561 quid
1099 2499 1414 2563 significarit,

1415 2567 1521 2625 137,
1546 2570 1583 2614 t.
1609 2567 1671 2615 33

487 2628 550 2676 de
572 2628 761 2675 Lam’os
782 2628 937 2677 Cultu
1230 2666 1243 2676 .
1441 2633 1519 2687 38,
1546 2635 1582 2677 t.
1612 2634 1671 2679 10

487 2690 633 2755 Leyis
667 2692 907 2753 Etymon,
955 2696 1007 2738 et
1040 2691 1401 2753 quotupliciter
1433 2693 1667 2752 sumitur,

616 2761 668 2802 et
691 2754 938 2816 quomodo
960 2754 1240 2802 dividitur?
1371 2759 1417 2813 3,
1444 2763 1479 2802 t.
1506 2760 1551 2815 2,
1577 2758 1666 2805 810.

551 2818 661 2867 Lex
685 2817 945 2867 Naturalis
968 2823 1020 2866 et
1042 2817 1272 2865 Positiva
1294 2818 1415 2881 quid
1439 2819 1543 2866 sint
1560 2819 1585 2867 Ῥ

549 2962 616 2996 an
639 2946 795 3011 Mgis
819 2944 1080 2995 Naturalis
1103 2945 1243 3007 origo
1264 2947 1481 3008 petenda
1504 2947 1572 2995 sit
1601 2964 1668 2997 ex

614 3012 874 3075 praeeeptis
915 3011 1303 3071 Noaehidarum,
1352 3011 1435 3061 vel
1481 3027 1512 3060 a
1550 3013 1667 3076 jure

615 3082 809 3125 naturae
824 3075 848 3124 ⁴?
1048 3112 1060 3124 .
1260 3112 1273 3124 .
1500 3080 1546 3135 5,
1571 3083 1610 3125 t.
1635 3080 1666 3127 8

549 3140 744 3203 Legem
769 3138 1068 3189 Naturalem
1092 3139 1201 3188 dari
1223 3138 1478 3205 probatur,
1574 3205 1618 3254 ἃ

1336 3208 1383 3263 5,
1407 3211 1444 3253 t.
1474 3209 1548 3265 12,
1620 3220 1664 3255 e.

548 3268 796 3331 quomodo
842 3267 1041 3317 differat
1096 3285 1127 3318 a
1173 3269 1311 3333 Lege
1347 3269 1530 3318 Morali
1578 3286 1668 3334 per

618 3331 816 3381 Mosem
841 3332 947 3380 lata
1047 3369 1058 3381 .
1259 3370 1270 3382 .
1467 3338 1514 3394 8,
1541 3340 1576 3383 t.
1601 3338 1663 3382 22

548 3395 610 3443 de
635 3396 789 3457 Legis
824 3395 1034 3444 Moralis
1067 3401 1265 3455 natura,
1302 3398 1384 3446 An
1420 3399 1490 3447 sit
1519 3398 1666 3448 Juris

614 3458 863 3506 naturalis
886 3466 938 3507 et
959 3459 1368 3523 indispensabilis
1382 3462 1406 3510 Ῥ

1368 3528 1398 3573 8
1441 3531 1477 3573 t.
1506 3530 1527 3573 1
1573 3528 1664 3575 &c-

550 3584 716 3634 Variae
741 3583 1022 3643 sententiae,
1329 3561 1414 3646 10,'
1438 3596 1471 3635 t.
1501 3563 1577 3647 10,
1605 3593 1660 3637 11

550 3648 975 3715 Indispensabilia
997 3664 1107 3698 esse
1132 3656 1383 3713 praeeepta
1404 3651 1662 3714 probatur,

1309 3718 1382 3775 11,
1407 3718 1443 3762 t.
1473 3719 1547 3774 12,
1573 3717 1663 3765 &0-

546 3795 636 3844 per
649 3779 721 3828 Le
760 3779 803 3827 is
817 3777 1191 3843 obligationem,
1205 3778 1663 3843 Dispensationem,

616 3844 724 3892 Dec
745 3844 1038 3902 arationem,
1056 3858 1147 3892 seu
1172 3844 1663 3908 Interpretationem,

616 3907 974 3969 Irritationem,
1011 3907 1424 3970 Abrogationem,
1468 3914 1519 3957 et
1568 3910 1665 3959 De-

613 3971 942 4082 roga‘ssionem,
987 3972 1109 4034 quid
1150 3972 1538 4035 intelligendum
1580 3989 1665 4023 ve·

613 4034 722 4081 niat
958 4071 970 4083 .
1225 4073 1236 4083 .
1498 4041 1528 4087 8
1571 4043 1608 4086 t.
1634 4042 1661 4086 2

547 4114 613 4146 an
638 4099 748 4146 Lex
773 4097 982 4146 Moralis
1002 4104 1199 4147 mutata
1215 4101 1281 4148 sit
1304 4115 1393 4174 per
1411 4074 1663 4165 Agrorum

614 4161 943 4220 Divisiouem,
979 4171 1031 4211 et
1064 4178 1154 4226 per
1185 4171 1489 4213 servitutum
1514 4165 1667 4214 intro·

611 4225 935 4275 ductionem?
1338 4231 1410 4286 13,
1436 4234 1472 4276 t.
1501 4232 1577 4289 18,
1606 4234 1666 4280 19

547 4305 614 4337 an
661 4290 802 4338 Deus
836 4289 1205 4354 dispensaverit
1237 4290 1297 4338 de
1333 4292 1568 4353 seeundO,
1603 4294 1665 4343 de

613 4358 809 4427 quarm,
846 4354 907 4402 de
946 4353 1139 4415 quint0,
1180 4353 1242 4401 de
1278 4360 1437 4415 sexte,
1462 4355 1524 4405 de
1560 4371 1668 4421 sep·

612 4422 753 4476 time,
775 4417 837 4465 de
860 4423 1041 4466 octavo
1062 4423 1305 4482 praecepto
1319 4418 1343 4466 ?

1310 4485 1384 4542 13,
1411 4488 1445 4531 t.
1472 4487 1549 4542 20,
1575 4483 1664 4532 διο.
1731 4484 1952 4534 Libertas
1991 4484 2262 4535 Clmistiana
2284 4487 2406 4551 quid
2429 4487 2534 4536 sit?

551 4538 672 4597 quid
693 4541 755 4589 de
780 4542 918 4605 Lege
943 4542 1211 4593 Leviratus
1232 4546 1583 4659 censendluzmt?
1602 4612 1659 4658 31

1501 4648 1513 4671 ,
1564 4646 1575 4659 .

1328 320 1493 354 lxm-:x
1528 320 1702 354 mnu
1740 321 1804 354 m*
1837 320 2124 353 VERBORUM.

1804 464 1871 497 an
1896 448 2006 498 Lex
2030 447 2127 497 Dei
2150 449 2216 498 sit
2247 447 2467 513 perfecta
2489 448 2610 497 vitae
2625 463 2922 512 morumque

1871 512 2107 576 Regula?
2242 549 2254 561 .
2391 517 2465 573 18,
2490 514 2596 572 δια,
2625 518 2732 574 121,
2756 519 2794 561 t.
2820 516 2867 571 3,
2893 518 2924 561 4

1804 593 1868 625 an
1895 577 2128 626 Christus
2151 578 2344 641 Legem
2365 577 2642 627 eorrexerit
2657 579 2681 626 ⁸?
2731 580 2806 635 18,
2832 579 2922 626 Suc.

1804 657 1872 690 an
1917 642 2045 705 Legi
2081 643 2291 704 ejusque
2316 641 2591 706 Praeeeptis
2627 641 2820 704 aliquid
2855 641 2926 689 sit

1869 705 2096 754 additum
2112 707 2137 754 ¹?
2350 742 2362 754 .
2559 709 2638 765 25,
2664 713 2701 754 t.
2728 709 2807 764 24,
2832 707 2922 754 816.

1802 784 1871 818 an
1894 770 2022 833 Legi
2046 770 2236 834 aliquid
2259 770 2487 819 additum
2510 769 2578 818 sit
2608 787 2698 835 per
2719 770 2922 819 modum

1871 833 2080 883 Consilii
2098 835 2122 882 ¹?
2320 872 2332 882 .
2530 869 2544 883 .
2861 838 2923 883 26

1805 896 1961 962 Legis
1984 915 2108 947 usus
2142 898 2434 962 quotuplex,
2471 903 2523 947 et
2555 898 2670 961 quis
2694 898 2761 947 sit
2784 898 2926 946 abso·

1868 963 2050 1011 lutus?
2279 999 2291 1012 .
2490 998 2503 1010 .
2701 966 2808 1021 121,
2834 969 2868 1011 t.
2894 967 2921 1010 2

1806 1026 1961 1092 Legis
1995 1043 2121 1075 usus
2158 1026 2492 1090 Respeetivus
2532 1026 2699 1088 qualis
2744 1027 2826 1085 sit,
2873 1033 2925 1074 et

1878 1091 2157 1156 quotuplex
2193 1092 2246 1138 in
2281 1091 2429 1139 Statu
2463 1090 2723 1151 Instituto,
2761 1090 2923 1139 Desti-

1873 1162 1985 1205 tuto
2008 1163 2060 1205 et
2084 1155 2358 1214 Restituto,
2566 1158 2673 1214 122,
2700 1160 2738 1202 t.
2762 1158 2809 1214 8,
2833 1155 2919 1204 &c-

1807 1238 1872 1271 au
1888 1220 1999 1268 Lex
2017 1219 2208 1283 obliget
2225 1219 2289 1267 ad
2303 1218 2639 1268 obedientiam
2657 1224 2709 1266 et
2724 1234 2922 1281 poenam

1873 1283 2063 1334 simui?
2274 1320 2286 1332 .
2486 1319 2498 1330 .
2665 1286 2772 1342 123,
2798 1289 2834 1330 t.
2863 1286 2918 1330 12

1809 1366 1874 1398 an
1929 1350 2040 1397 Lex
2076 1346 2322 1410 abrogata
2355 1347 2423 1395 sit
2471 1347 2634 1409 quoad
2667 1346 2922 1396 Justifiea-

1874 1413 2078 1472 tionem,
2095 1412 2258 1474 quoad
2273 1410 2682 1460 Maledictionem
2699 1418 2750 1459 et
2773 1411 2922 1459 Coae-

1872 1477 2075 1536 tionem,
2274 1512 2286 1524 .
2485 1511 2498 1523 .
2692 1477 2797 1532 124,
2824 1479 2859 1521 t.
2884 1477 2914 1521 2

1805 1557 1906 1589 non
1931 1540 2225 1603 abrogatam
2258 1554 2370 1588 esse
2397 1539 2564 1602 quoad
2592 1537 2914 1586 directionem

1871 1604 2126 1669 probatur,
2210 1639 2222 1651 .
2422 1640 2435 1652 .
2569 1605 2675 1662 125,
2699 1609 2736 1650 t.
2755 1604 2799 1660 3,
2824 1601 2914 1650 810.

1806 1669 1962 1732 Legis
1985 1667 2260 1717 necessitas
2287 1666 2542 1731 probatur,
2624 1670 2730 1725 125,
2753 1673 2791 1714 t.
2817 1669 2864 1726 5,
2890 1669 2920 1717 6

1806 1749 1916 1783 esse
1964 1732 2058 1781 sub
2104 1732 2242 1794 Lege
2286 1730 2408 1793 quid
2444 1731 2548 1780 sit?
2584 1737 2636 1780 et
2675 1731 2920 1794 quomodo

1872 1812 2047 1846 sumus
2070 1795 2236 1845 adhue
2270 1793 2365 1844 sub
2388 1796 2524 1857 Iaege
2540 1796 2563 1843 ?
2700 1799 2806 1853 126,
2828 1801 2864 1843 t.
2890 1800 2917 1846 7

1806 1863 1917 1911 Lex
1938 1860 2181 1923 quomodo
2203 1859 2460 1908 confertur
2493 1858 2676 1907 marito
2708 1865 2919 1919 mortuo,

1869 1932 1920 1973 et
1943 1939 2098 1987 quare
2121 1924 2307 1972 dieitur
2330 1923 2502 1971 Litera
2524 1924 2791 1972 occidens?

2323 1990 2430 2046 126,
2457 1993 2493 2035 t.
2519 1992 2566 2048 8,
2592 1988 2637 2035 ει
2664 1991 2770 2046 127,
2795 1993 2833 2035 t.
2862 1990 2919 2036 12

1804 2054 1913 2103 Ι16κ
1937 2053 2164 2101 Mosai‘ea
2186 2051 2466 2115 quotuplex
2490 2051 2572 2110 sit,
2597 2059 2650 2099 et
2667 2052 2918 2126 quodnam

1867 2117 1934 2166 sit
1972 2118 2357 2165 fundamentum
2388 2115 2729 2164 distinctionis
2754 2117 2809 2164 in
2833 2117 2924 2165 Le-

1867 2197 1983 2244 gem
2017 2180 2277 2241 Moralem,
2320 2179 2729 2229 Caeremonialem
2755 2185 2807 2228 et
2837 2181 2926 2228 Fo—

1867 2261 2081 2306 reusem,
2251 2281 2265 2293 .
2462 2280 2475 2292 .
2707 2248 2815 2305 128,
2834 2251 2874 2293 t.
2893 2249 2923 2293 2

1802 2310 1951 2374 quale
1990 2310 2058 2358 sit
2096 2308 2366 2358 discrimen
2410 2306 2565 2370 Legis
2604 2307 2816 2357 Moralis
2861 2308 2927 2357 ab

1868 2374 1996 2432 aliis,
2067 2409 2080 2421 .
2279 2408 2291 2420 .
2489 2409 2502 2421 .
2701 2377 2810 2433 129,
2830 2379 2867 2422 t.
2890 2376 2921 2422 3

1805 2439 1914 2487 Lex
1937 2435 2311 2487 Caeremonialis
2333 2435 2455 2499 quid
2481 2437 2562 2495 sit,
2586 2437 2720 2485 unde
2743 2438 2880 2486 dieta
2895 2438 2922 2485 ?

1867 2502 2052 2566 quibus
2074 2499 2362 2550 nominibus
2384 2500 2694 2565 insigniatur
2707 2501 2731 2548 ?

1801 2646 1954 2694 quare
1995 2632 2135 2680 Deus
2175 2631 2365 2694 Legem
2400 2629 2810 2679 Caeremonialem
2849 2630 2922 2678 in-

1865 2695 2074 2743 stituit?
2172 2731 2184 2742 .
2320 2731 2331 2742 .
2692 2697 2800 2755 130,
2827 2701 2862 2743 t.
2889 2700 2917 2745 7

1799 2758 2035 2821 quisnam
2059 2758 2126 2806 sit
2148 2759 2256 2822 ejus
2279 2756 2397 2806 finis
2430 2764 2482 2806 et
2504 2772 2629 2805 usus
2650 2759 2674 2806 ἱ)

2559 2824 2665 2882 130,
2691 2829 2729 2870 t.
2752 2826 2798 2882 8,
2824 2823 2914 2872 810.

1796 2901 1863 2934 an
1888 2886 1997 2935 Lex
2021 2885 2393 2935 Caeremonialis
2428 2885 2497 2934 sit
2529 2886 2648 2934 data
2674 2903 2740 2935 ex
2763 2887 2837 2934 ira
2862 2887 2918 2935 in

1861 2950 1989 2998 iram
2013 2951 2037 2998 ¹?
2171 2986 2184 2998 .
2383 2986 2395 2998 .
2530 2954 2637 3010 131,
2663 2956 2699 2998 t.
2723 2955 2798 3010 11,
2823 2951 2916 3000 810.

1795 3030 1888 3064 Gur
1910 3015 2020 3063 Lex
2041 3013 2239 3062 dicatur
2270 3014 2470 3076 Jugum
2510 3017 2829 3074 ἀβάστακτον,
2864 3022 2919 3063 et

1862 3077 2266 3143 chirographum
2288 3078 2557 3126 adversum
2571 3077 2596 3125 Ῥ

2175 3146 2281 3203 132,
2307 3149 2342 3190 t.
2372 3145 2446 3201 14,
2474 3145 2548 3199 15,
2574 3149 2627 3190 et
2650 3145 2759 3201 618,
2786 3147 2823 3191 t.
2854 3145 2917 3193 16

1796 3223 1863 3256 an
1889 3206 2044 3270 Legis
2080 3205 2454 3255 Caerernonialis
2487 3205 2606 3254 finis
2639 3206 2792 3255 suerit
2809 3208 2922 3269 Jus-

1863 3271 2073 3321 tifieatio
2095 3276 2148 3319 et
2171 3270 2511 3319 Sanctifieatio
2702 3271 2824 3319 toris
2841 3273 2868 3320 ’ἓ

2523 3338 2629 3395 133,
2653 3340 2692 3383 t.
2720 3339 2795 3396 18,
2820 3336 2912 3386 &Q

1796 3416 1862 3449 an
1919 3400 2028 3449 Lex
2080 3397 2452 3448 Caeremonialis
2506 3398 2749 3461 abrogata
2805 3401 2874 3449 sit
2890 3401 2916 3449 ⁴?

1795 3464 2357 3591 mfflffssss'ffiffibgaffioffig
2382 3530 2434 3575 et
2457 3466 2672 3591 ῒέῑὲἰύζ,
2690 3468 2731 3523 l,
2756 3467 2802 3524 2,
2823 3466 2917 3514 &0⁰

2254 3595 2360 3650 142,
2387 3597 2424 3639 t.
2454 3595 2529 3650 10,
2555 3608 2699 3654 usque
2731 3591 2802 3639 ad
2823 3596 2917 3644 145

1796 3654 1904 3702 Lex
1949 3654 2186 3702 Forensis
2230 3662 2284 3703 et
2325 3654 2596 3705 Judicialis
2676 3655 2761 3704 uid
2807 3657 2917 3705 sit?

1858 3717 2068 3779 quinam
2090 3718 2232 3779 fineS,
2267 3724 2320 3768 et
2346 3720 2594 3783 quomodo
2627 3735 2658 3767 a
2695 3722 2917 3783 rogata?

2487 3789 2592 3843 145,
2617 3793 2653 3833 t.
2684 3788 2725 3839 1,
2752 3788 2796 3843 2,
2823 3786 2917 3835 816.

1794 3845 1949 3909 Legis
1983 3845 2404 3911 promulgationis
2428 3848 2642 3909 Antium,
2669 3848 2917 3910 Ministri,

1857 3911 2036 3960 modus
2072 3911 2447 3975 Legislationis,
2520 3915 2625 3972 199,
2657 3918 2692 3961 t.
2719 3915 2796 3971 25,
2822 3915 2920 3964 810.

1793 3974 1949 4038 Legis
1992 3990 2143 4039 opera
2186 3975 2529 4025 exeluduntur
2583 3992 2614 4023 a
2657 3978 2693 4025 J
2697 3979 2920 4028 ustifica-

1857 4039 2008 4096 tione,
2047 4053 2149 4086 non
2179 4045 2381 4088 tantum
2407 4039 2802 4100 Caeremonialia,
2829 4044 2925 4092 sed

1857 4102 2073 4151 Moralia
2095 4102 2250 4151 etiam
2278 4109 2394 4167 post
2420 4104 2650 4152 Gratiam
2684 4104 2835 4164 saeta,

2523 4171 2635 4227 563,
2655 4176 2693 4216 t.
2721 4172 2798 4229 10,
2823 4171 2922 4220 &0-

1793 4244 1860 4278 an
1884 4229 2119 4279 Christus
2142 4231 2303 4295 possit
2325 4231 2426 4281 diei
2449 4231 2738 4295 Legislator
2758 4233 2782 4281 ’Β

1797 4356 1950 4420 Legis
1990 4358 2299 4422 impletionis
2347 4358 2736 4424 Impossibilitas
2780 4335 2929 4423 qum-

1858 4436 1977 4469 nam
2000 4436 2032 4468 a
2053 4423 2196 4471 nobis
2219 4430 2478 4474 asseratur
2497 4424 2521 4473 ⁴?
2677 4427 2787 4482 614,
2820 4434 2856 4473 t.
2886 4431 2925 4476 5

2681 4492 2794 4548 588,
2821 4496 2860 4537 t.
2891 4494 2928 4540 9

1793 4564 2026 4613 quisnam
2050 4548 2256 4601 libertas
2279 4552 2478 4616 propria
2501 4552 2569 4601 sit
2588 4552 2633 4599 N
2638 4552 2715 4599 .T.

2649 4619 2760 4674 211,
2787 4623 2825 4665 t.
2853 4621 2927 4669 23
