3221 5200
277 361 504 409 QUAEST.
537 340 692 420 xva]
1024 359 1100 397 m:
1133 359 1396 399 masona
1430 359 1501 398 m*
1533 359 1717 399 srA‘ru
1749 360 2002 400 cnmsn.
2578 348 2693 403 317

275 501 635 559 infidelitatis
665 511 784 558 suae
812 518 1013 576 poenas
1042 498 1225 573 luunt,
1258 500 1469 576 quippe
1499 500 1598 575 qui
1631 499 1755 556 Noe
1781 508 1939 557 recta
1965 499 2242 573 monenti,
2276 507 2334 558 ct
2362 519 2554 558 arcam
2584 501 2694 561 Dei

268 582 441 658 jussu
471 581 841 653 construenti,
874 578 1044 636 fidem
1076 579 1287 636 habere
1316 599 1610 655 nunquam
1642 580 2006 636 voluerunt.”

362 660 552 717 XIII.
601 660 663 717 Si
687 659 949 716 Christus
972 658 1197 731 dicitur,
1232 657 1365 716 Act.
1387 659 1445 716 ii.
1476 663 1572 731 24,
1605 678 1707 734 per
1725 658 2195 716 resurrectionem
2222 662 2502 716 exsolutus
2530 680 2568 717 a
2597 663 2695 718 do·

277 741 487 797 loribus
515 739 708 796 mortis
726 762 748 809 ;
793 738 925 795 Non
968 738 1227 814 sequitur
1269 739 1607 795 sustinuisse
1649 738 1877 795 dolores
1908 758 2091 814 usque
2121 737 2193 795 ad
2225 749 2578 797 momentum
2608 760 2696 798 re-

277 819 666 890 surrectionis,
699 826 757 874 et
785 817 1031 873 animam
1063 818 1189 891 ejus
1219 816 1426 874 abiisse
1451 817 1509 873 in
1540 816 1768 889 interce,
1799 817 1900 874 ubi
1929 817 2143 874 talibus
2172 816 2470 875 doloribus
2494 827 2696 894 posset

277 898 444 955 affici.
531 898 678 970 Quia
697 897 857 953 locus
881 904 1070 971 potest
1091 896 1353 953 bifariam
1377 896 1660 971 intelligi:
1689 899 1739 953 1.
1764 897 1846 954 Ut
1874 899 2093 953 dolores
2122 897 2315 953 mortis
2332 917 2434 972 per
2451 897 2697 973 figuram

276 977 710 1053 grammaticam
754 973 799 1032 ἐὐ
841 973 925 1032 διαὶ
944 972 1086 1047 δυοῖν,
1136 986 1421 1050 ponantur
1442 995 1544 1051 pro
1563 985 1746 1033 morte
1791 975 2104 1048 dolorifica,
2138 985 2202 1032 ut
2234 976 2446 1034 Matth.
2477 977 2558 1034 iii.
2600 981 2691 1052 11,

279 1056 542 1114 Christus
570 1055 953 1129 baptizaturus
982 1055 1191 1111 dicitur
1220 1055 1439 1128 Spiritu
1481 1065 1535 1111 et
1574 1055 1714 1130 ique,
1774 1054 1852 1111 id.
1901 1056 2035 1128 igne
2091 1054 2391 1128 spirituali,
2424 1065 2481 1114 et
2530 1056 2695 1133 Virg.

277 1134 518 1192 AEneid.
568 1137 618 1203 1,
664 1135 850 1191 Arma
890 1135 1179 1208 virumque
1221 1155 1379 1206 can0,
1426 1132 1502 1190 id.
1547 1135 1734 1190 virum
1779 1145 2060 1191 armatum
2085 1155 2098 1205 ;
2146 1133 2293 1205 Quia
2340 1146 2560 1192 certum
2609 1145 2700 1194 est

276 1224 521 1272 mortem
578 1213 792 1270 Christi
849 1214 1214 1290 conjunctam
1264 1213 1441 1270 fuisse
1490 1233 1622 1270 cum
1681 1212 1976 1270 doloribus
2032 1213 2526 1288 exquisitissimis,
2588 1235 2694 1273 nec

276 1293 455 1351 fuisse
512 1301 752 1350 mortem
809 1292 967 1348 illam
1024 1292 1271 1349 solutam
1341 1292 1452 1348 nisi
1509 1300 1799 1349 momento
1845 1292 2296 1349 resurrectionis.
2386 1297 2441 1350 2.
2504 1294 2696 1352 Locus

277 1372 352 1429 ad
381 1392 550 1448 quem
599 1372 803 1429 Petrus
846 1371 1068 1442 alludit,
1113 1371 1266 1427 Psal.
1311 1371 1477 1428 xviii.
1524 1374 1578 1444 5,
1624 1371 1859 1429 adhibet
1882 1391 2083 1429 vocem
2113 1395 2230 1432 mxv:
2253 1379 2375 1434 ⁴³:25
2404 1393 2533 1448 quae
2561 1393 2694 1449 pro·

274 1452 397 1528 prie
427 1459 589 1508 notat
599 1454 773 1524 fimes
801 1460 859 1507 et
881 1451 1116 1523 vincula,
1148 1449 1358 1524 quibus
1387 1451 1559 1507 homo
1588 1449 1878 1508 detinetur
1906 1450 2087 1508 veluti
2111 1453 2376 1527 captivus
2404 1452 2462 1509 in
2493 1463 2694 1528 morte,

277 1551 313 1587 a
340 1531 550 1606 quibus
580 1530 827 1588 solvitur
854 1550 957 1605 per
985 1529 1474 1601 resurrectionem,
1517 1529 1661 1586 nihil
1711 1538 1774 1587 ut
1824 1549 1967 1606 opus
2017 1530 2092 1588 sit
2136 1532 2354 1606 fingere
2396 1540 2698 1608 propterea

275 1610 601 1686 passionem
631 1609 882 1685 aliquam
905 1608 1110 1666 animae
1134 1617 1264 1682 post
1287 1617 1545 1666 mortem.
1649 1608 1854 1667 Petrus
1877 1618 2067 1666 tamen
2099 1620 2330 1668 secutus
2362 1614 2455 1682 70,
2488 1612 2698 1669 retinet

279 1709 481 1745 vocem
511 1685 707 1760 530⁹.aess
753 1708 882 1762 quae
912 1697 1218 1762 utrumque
1246 1697 1436 1763 potest
1466 1697 1792 1761 connotare,
1825 1695 1883 1745 et
1911 1689 2198 1746 cruciatus
2232 1709 2377 1764 quos
2420 1690 2478 1745 in
2508 1701 2694 1750 morte

276 1787 482 1844 passus
510 1777 614 1840 est,
640 1776 697 1824 et
719 1767 953 1824 vincula
979 1767 1197 1839 mortis,
1229 1767 1439 1841 quibus
1468 1767 1526 1824 in
1557 1767 1860 1842 sepulchro
1890 1766 2313 1841 quodammodo
2342 1769 2557 1843 ligatus
2586 1778 2693 1845 est,

279 1857 345 1905 ut
374 1866 576 1904 sensus
606 1847 696 1920 sit,
734 1848 930 1918 Quem,
961 1865 1165 1920 nempe
1210 1846 1518 1919 Christum,
1550 1847 1833 1903 suscitavit
1858 1848 2033 1919 Deve,
2063 1849 2323 1904 solvendo
2353 1848 2548 1904 mortis
2574 1849 2690 1906 vin·

277 1929 422 1993 cula,
455 1947 578 1982 cum
597 1947 710 1983 non
730 1935 918 2001 posset
942 1931 1223 2005 zena-theou
1252 1926 1490 1982 detineri
1512 1945 1730 1999 semper
1757 1926 1937 1981 instar
1965 1926 2174 2000 captivi
2197 1927 2267 1984 ab
2296 1927 2439 2001 ipsa.

361 2005 540 2062 XIV.
587 2006 830 2063 Carmen
876 2003 1263 2080 Triumphale,
1296 2004 1453 2079 quod
1502 2004 1737 2077 Paulus,
1775 2008 1803 2061 1
1839 2003 1967 2060 Cor.
2001 2024 2100 2063 xv.
2133 2008 2227 2077 54,
2262 2009 2356 2077 55,
2391 2013 2520 2081 post
2567 2006 2690 2063 Ho-

279 2103 432 2141 seam
464 2085 633 2157 canit,
666 2093 818 2141 recte
848 2084 1089 2141 refertur
1117 2082 1192 2140 ad
1220 2085 1694 2141 resurrectionem
1730 2083 1960 2155 Christi,
1993 2103 2107 2158 qua
2129 2083 2199 2141 de
2222 2095 2479 2159 peccam,
2509 2094 2692 2143 morte

280 2173 338 2221 et
366 2163 603 2235 infern0,
636 2163 932 2221 victoriam
959 2171 1245 2238 reportare
1269 2163 1443 2238 coepit
1466 2186 1479 2236 ;
1513 2164 1616 2221 sed
1644 2163 1719 2220 ad
1741 2163 2079 2220 descensum
2109 2163 2184 2219 ad
2204 2163 2417 2221 inferos
2446 2183 2560 2221 non
2589 2185 2690 2240 po-

279 2250 393 2301 test
415 2243 713 2318 pertinere,
746 2243 845 2318 qui
873 2241 981 2299 fuit
1009 2251 1301 2299 extremus
1332 2243 1761 2300 Exinanitionis
1804 2243 1929 2318 ejus
1972 2241 2202 2318 gradus,
2236 2243 2295 2299 in
2324 2263 2438 2319 quo
2468 2252 2691 2302 tantum

278 2341 392 2378 non
423 2342 457 2378 a
484 2332 666 2380 morte
697 2321 1005 2396 absorptus
1035 2320 1356 2378 videbatur.

1180 2561 1565 2636 QUAESTIO
1608 2561 1788 2620 XVI.

274 2720 370 2779 An
390 2724 702 2780 Descensus
729 2723 813 2778 ad
835 2723 1061 2794 Inferos
1090 2732 1235 2780 recte
1251 2724 1335 2779 ad
1362 2722 1660 2781 Cruciatus
1682 2721 1996 2796 infernales,
2023 2730 2075 2779 et
2101 2724 2185 2779 ad
2207 2731 2408 2779 statum
2439 2723 2689 2797 abjectis-

533 2802 733 2858 simum
758 2802 855 2858 sub
884 2802 1127 2859 dominio
1155 2802 1349 2860 mortis
1377 2802 1435 2859 in
1461 2804 1752 2877 sepulchro
1781 2805 2065 2876 referatur
2082 2803 2109 2858 ,ἲ
2193 2802 2417 2859 Affirm.

360 2955 409 3011 Ι.
456 2956 782 3029 Quaestione
811 2958 1158 3032 praecedenti
1188 2957 1480 3016 confutata
1529 2968 1617 3015 est
1661 2957 1807 3015 falsa
1836 2959 2268 3017 Pontificiorum
2293 2959 2363 3016 de
2391 2960 2689 3019 Descensu

277 3034 448 3091 locali
495 3035 705 3091 Christi
757 3035 832 3090 ad
880 3035 1111 3108 inferos,
1166 3037 1486 3109 sententia;
1533 3036 1701 3091 Nunc
1731 3056 1902 3092 verus
1931 3046 1989 3093 et
2010 3038 2297 3111 genuinus
2326 3039 2453 3111 ejus
2483 3058 2687 3097 sensus

277 3112 679 3171 adstruenduS.
726 3113 892 3170 Circa
912 3132 1084 3187 quem
1105 3133 1303 3170 rursus
1326 3112 1649 3170 Orthodoxi
1671 3114 1819 3169 inter
1842 3133 1902 3169 se
1921 3134 2035 3170 non
2055 3117 2286 3172 omnino
2317 3117 2685 3190 conveniunt,

279 3190 413 3249 dum
439 3191 537 3248 alii
565 3192 640 3248 ad
669 3191 995 3267 spirituales
1040 3192 1252 3250 Christi
1280 3211 1543 3266 angoreS,
1576 3198 1635 3247 et
1663 3191 1947 3248 cruciatus
1976 3191 2343 3266 gehennaleS,
2384 3213 2530 3267 quos
2560 3214 2685 3251 sus-

275 3270 466 3344 tinuit,
514 3270 781 3344 referunt‚
827 3280 891 3328 ut
931 3270 1224 3343 CalvinuS,
1259 3271 1431 3343 Beza,
1467 3269 1735 3341 Danaeu8‚
1772 3268 2019 3326 Ursinus
2048 3278 2105 3327 et
2134 3270 2248 3342 alii,
2281 3272 2396 3327 imo
2426 3281 2483 3330 et
2512 3273 2687 3330 variae

278 3350 680 3408 Confessiones
701 3349 1109 3407 Ecclesiarum.
1152 3350 1275 3406 Alii
1297 3349 1370 3406 ad
1390 3349 1742 3425 sepulturam
1757 3356 1812 3404 et
1826 3348 2148 3406 triduanam
2162 3350 2357 3424 ejusin
2381 3351 2684 3426 sepulchro

275 3430 664 3489 detentionem
691 3429 974 3506 pertinere
1005 3428 1376 3502 contendunt,
1407 3437 1472 3486 ut
1500 3427 1806 3498 ZanchiuS,
1842 3427 2116 3501 Piscator,
2145 3429 2383 3503 PieriuS,
2416 3438 2473 3487 et
2502 3430 2617 3486 alii.

883 3508 966 3565 ΙΙ.
1013 3507 1454 3567 Observandum
1498 3527 1636 3565 vero
1664 3515 1797 3564 ante
1827 3506 2055 3582 omnia;
2102 3508 2232 3564 Non
2262 3509 2443 3584 quaeri
2471 3509 2564 3567 hic
2596 3510 2686 3568 De

335 3575 698 3677 Stassffinffsuaes-
810 3588 1041 3663 Oriyine
1069 3589 1222 3645 istius
1249 3588 1511 3659 Articuli,
1546 3586 1644 3642 An
1673 3585 1746 3643 ab
1775 3585 1939 3643 initio
1981 3586 2152 3645 fuerit
2180 3587 2395 3646 relatus
2422 3589 2483 3645 in
2517 3590 2685 3665 Sym-

579 3665 590 3677 “
802 3668 1001 3724 bolum
1032 3666 1453 3742 Apostolicum,
1499 3674 1558 3724 et
1599 3674 1928 3723 constanter
1956 3666 2028 3724 ab
2060 3667 2339 3725 Ecclesiis
2367 3668 2599 3744 agnitus
2628 3678 2687 3727 et

276 3754 537 3822 receptus
553 3749 581 3803 Ρ
611 3747 850 3804 Constat
871 3747 1040 3818 enim,
1066 3747 1282 3804 nullam
1301 3746 1650 3804 mentionem
1670 3745 1796 3821 ejus
1818 3744 1942 3801 fieri
1963 3745 2022 3801 in
2049 3746 2325 3821 Symbolo
2348 3748 2400 3803 N
2407 3748 2603 3822 icaen0,
2628 3757 2687 3805 et

278 3825 558 3897 RomanO,
580 3834 725 3883 teste
747 3825 975 3883 Ruffino
1001 3826 1264 3901 Exposit.
1301 3825 1558 3901 Symbol.
1582 3845 1630 3882 c.
1651 3845 1773 3898 xx.,
1798 3832 1857 3881 et
1880 3825 2138 3897 VetereS,
2164 3827 2263 3902 qui
2284 3826 2686 3884 Confessiones

278 3903 595 3976 ediderunt,
622 3913 679 3961 et
708 3904 966 3979 regulam
995 3904 1129 3962 fidei
1169 3911 1575 3980 exposuerunt,
1621 3902 1821 3979 quales
1871 3912 2005 3960 sunt
2057 3905 2328 3978 Irenaeus‚
2382 3904 2679 3979 Origenes,

276 3981 682 4054 Tertullianus,
711 3982 1093 4058 AugustinuS,
1126 3991 1183 4040 et
1212 3983 1326 4055 alii,
1360 3984 1431 4041 de
1461 4003 1530 4039 eo
1560 3983 1727 4040 silere
1752 4003 1765 4054 ;
1815 3982 1891 4038 Et
1919 3981 2117 4039 referri
2139 3990 2361 4039 tantum
2390 4002 2425 4039 a
2455 3982 2686 4041 Ruffino

276 4061 617 4137 Aquileensi
646 4062 798 4119 circa
813 4062 984 4119 finem
1016 4063 1193 4119 seculi
1216 4062 1421 4137 quarti.
1472 4061 1736 4119 Habetur
1764 4059 1995 4134 quidem
2018 4060 2112 4117 hic
2134 4060 2409 4118 articulus
2432 4062 2490 4117 in
2518 4064 2684 4136 Sym·

274 4141 407 4200 bolo
438 4141 763 4214 Athanasii,
798 4140 899 4198 sed
928 4141 1141 4198 omisso
1170 4141 1411 4199 articulo
1442 4141 1766 4216 sepulturae,
1793 4138 2006 4196 indicio
2029 4159 2144 4195 non
2166 4139 2409 4197 obscuro
2437 4160 2541 4216 pro
2570 4161 2687 4198 uno

275 4221 590 4296 eodemque
621 4230 880 4297 sumptos
909 4238 1056 4278 esse.
1143 4220 1233 4277 Ita
1275 4220 1585 4277 verisimile
1629 4227 1717 4276 est
1760 4237 1834 4274 ex
1884 4217 2161 4293 Symbolo
2192 4218 2501 4275 Athanasii
2531 4220 2684 4277 hunc

276 4299 578 4357 articulum
607 4300 666 4355 in
700 4299 1040 4374 Symbolum
1072 4298 1475 4375 Apostolicum
1517 4297 1856 4355 translatum
1902 4315 2044 4370 esse,
2105 4306 2164 4355 et
2206 4298 2389 4372 primo
2431 4297 2576 4356 forte
2625 4298 2687 4355 in

275 4378 531 4453 margine
561 4379 887 4455 appositum
916 4399 1041 4436 esse
1070 4378 1474 4454 explicationis
1517 4376 1719 4451 gratia,
1752 4375 1959 4432 deinde
1990 4396 2065 4433 ex
2120 4376 2377 4451 margine
2407 4377 2465 4432 in
2497 4377 2681 4452 ipsum

276 4464 517 4529 textum,
549 4458 647 4532 qui
677 4457 949 4533 deinceps
971 4466 1227 4516 retentus
1258 4457 1333 4516 sit
1362 4466 1420 4514 et
1448 4476 1561 4514 uno
1592 4463 1789 4512 tenore
1817 4455 2108 4513 recitatus.
2197 4454 2313 4512 Sed
2336 4456 2511 4513 missa
2532 4476 2686 4514 nunc

276 4535 387 4591 ista
415 4536 748 4610 quaestione,
781 4538 974 4613 agitur
1003 4538 1095 4594 hic
1124 4545 1347 4595 tantum
1381 4537 1469 4593 De
1497 4555 1629 4593 vero
1659 4537 1775 4608 ejus
1814 4554 1991 4608 sensu,
2025 4533 2096 4592 de
2126 4554 2241 4611 quo
2270 4553 2386 4591 non
2415 4535 2688 4593 convenit

276 4613 425 4671 inter
454 4633 670 4672 omnes.
