3221 5200
323 349 546 398 Qcffis‘r.
583 329 718 412 νη]
1053 349 1129 387 m:
1161 350 1423 388 Parisoi-‘A
1457 349 1530 387 ET
1560 350 1739 390 sui-u
1771 351 2020 389 enaim.
2629 337 2745 396 281

323 491 449 567 ejus
479 499 803 549 coaetaneus
832 499 996 548 extra
1025 500 1216 567 partes
1233 491 1455 567 positus
1479 499 1722 549 testatur
1745 492 2041 549 Common.
2081 491 2168 549 sui
2192 491 2291 549 lib.
2324 491 2360 549 i.
2393 512 2441 549 c.
2478 494 2567 567 17,
2590 494 2747 570 quod

322 570 569 628 triennio
597 578 728 646 post
758 570 1078 628 Concilium
1124 571 1478 648 Ephesinum
1524 571 1821 647 scripsisse
1868 591 1928 629 se
1973 571 2164 645 refert,
2210 572 2566 629 “Nestorius
2609 594 2744 630 con-

326 651 501 709 trario
531 650 861 726 Apollinari
888 651 1105 724 morb0‚
1138 651 1273 710 dum
1306 671 1430 709 sese
1457 651 1601 708 duas
1643 652 1703 708 in
1747 651 1976 710 Christo
2006 651 2359 709 substantias
2388 651 2746 729 distinguere

326 730 575 804 simulat,
608 730 751 788 duas
776 730 1086 789 introducit
1115 740 1348 808 repente
1377 751 1670 808 personaS,
1703 739 1761 789 et
1782 731 2043 789 inaudito
2063 731 2277 789 scelere
2296 731 2441 789 duos
2464 752 2589 789 esse
2621 733 2748 792 vult

327 810 511 868 Filios
544 811 671 885 Dei,
718 810 864 868 duos
911 810 1188 884 Christos,
1219 812 1372 868 hunc
1405 811 1612 886 Deum,
1658 811 1899 869 alterum
1951 811 2298 885 hominem,”
2332 809 2438 869 ἆτο.
2526 812 2647 870 Νοο
2697 814 2746 871 si

328 889 631 949 Nestorius
657 890 945 966 ambiguis
974 900 1033 949 et
1060 890 1390 967 flexiloquis
1420 911 1558 948 usus
1587 899 1676 948 est
1704 891 2009 966 phrasibus
2051 890 2125 947 ad
2167 911 2415 952 errorem
2460 912 2625 949 suum
2662 902 2744 950 te·

326 971 598 1046 gendum,
650 991 780 1048 quae
819 991 1022 1028 sanum
1053 990 1285 1028 sensum
1316 979 1605 1046 utcunque
1635 981 1871 1046 possent
1899 970 2234 1046 admittere;
2261 971 2519 1046 sequitur
2548 973 2743 1030 statim

326 1049 501 1109 fuisse
532 1050 915 1109 orthodoxum
943 1073 956 1123 ;
1003 1050 1116 1107 Vel
1148 1050 1366 1124 Patres,
1399 1050 1497 1126 qui
1526 1050 1776 1127 penitius
1795 1053 1923 1126 ejus
1944 1060 2191 1109 mentem
2223 1059 2520 1125 noverant,
2554 1053 2742 1128 aliam,

325 1130 399 1188 ab
448 1151 517 1188 ea
565 1151 738 1206 quam
784 1130 1034 1202 fovebat,
1083 1129 1166 1186 illi
1208 1131 1549 1187 sententiam
1598 1128 1909 1188 affluxisse.
1996 1131 2117 1188 Nec
2148 1131 2193 1187 si
2227 1131 2479 1206 Cyrillus
2508 1132 2746 1208 phrases

324 1209 585 1267 duriores
614 1209 925 1286 aliquando
970 1209 1250 1284 adhibuit,
1296 1220 1353 1267 et
1398 1230 1526 1285 quae
1572 1209 1920 1267 videbantur
1963 1210 2036 1267 ad
2082 1210 2619 1286 Eutychianismum
2650 1233 2744 1270 ac-

325 1288 527 1348 cedere
555 1288 616 1346 in
646 1289 947 1348 refutando
978 1289 1263 1364 NestoriO,
1305 1299 1369 1347 ut
1413 1288 1536 1347 fieri
1580 1309 1697 1346 non
1739 1309 1868 1346 raro
1907 1290 2054 1348 solet
2101 1290 2174 1347 ab
2215 1291 2302 1364 iis,
2351 1291 2449 1366 qui
2496 1312 2743 1349 errorem

322 1389 501 1427 unum
531 1369 935 1446 oppugnaturi,
967 1368 1024 1425 in
1054 1369 1229 1427 alium
1259 1369 1530 1428 videntur
1547 1368 1737 1426 delabi
1762 1391 1775 1442 ;
1820 1368 1955 1428 inde
1978 1370 2172 1445 colligi
2193 1380 2381 1446 potest
2400 1392 2529 1429 eum
2554 1372 2746 1430 minus

323 1458 477 1507 recte
521 1450 769 1507 sensisse
799 1449 870 1506 de
899 1449 1009 1507 hoc
1038 1449 1330 1526 mysteriO,
1376 1459 1434 1508 ct
1478 1449 1732 1525 Eutychi
1774 1449 2004 1508 favisse.
2096 1450 2176 1508 Ut
2225 1471 2397 1526 quam
2440 1452 2746 1528 aliquoties

325 1529 481 1603 dicit,
536 1550 706 1588 unam
751 1550 877 1587 esse
920 1528 1088 1599 Λόγου
1115 1530 1396 1588 incarnati
1423 1539 1710 1605 naturam,
1758 1549 1873 1586 non
1911 1529 2039 1588 vult
2085 1529 2502 1588 humanitatem
2552 1541 2611 1590 et
2659 1532 2743 1589 di·

325 1608 625 1668 vinitatem
655 1610 710 1666 in
736 1630 908 1667 unam
938 1619 1202 1666 naturam
1232 1610 1530 1683 coaluisse,
1574 1629 1705 1666 cum
1749 1609 1963 1667 ibidem
1994 1618 2209 1668 statuat
2237 1611 2505 1668 unionem
2535 1611 2743 1669 factam

326 1707 452 1745 esse
495 1689 816 1765 οἱσυγχῦτας,
864 1689 965 1746 sed
1007 1690 1117 1747 hoc
1160 1689 1240 1746 ait
1282 1689 1542 1767 opposite
1585 1688 1661 1746 ad
1704 1689 2051 1763 Nestorium,
2099 1690 2234 1765 quia
2275 1710 2453 1747 unum
2497 1702 2584 1748 est
2630 1698 2741 1761 ὑφι-

327 1793 576 1843 σταμειον,
630 1791 744 1846 quo
807 1771 1041 1826 Verbum
1094 1769 1279 1828 Carni
1332 1772 1632 1828 secundum
1699 1769 2038 1844 hypostasim
2099 1770 2306 1841 unitur,
2375 1780 2440 1829 ut
2500 1771 2745 1829 habetur

326 1848 545 1907 Anath.
613 1854 668 1907 2.
701 1849 987 1926 Quicquid
1017 1848 1108 1923 sit,
1142 1849 1397 1922 Quaestio
1427 1859 1515 1907 est
1542 1850 1834 1924 historica,
1864 1849 2031 1923 facti,
2076 1869 2191 1906 non
2225 1850 2397 1923 juv-ve,
2451 1870 2579 1924 quae
2629 1871 2745 1908 non

323 1928 531 2003 obstat,
563 1930 871 2005 quominus
899 1948 1057 1986 error
1085 1930 1186 2005 qui
1214 1929 1266 1986 N
1272 1929 1482 1986 estorio
1511 1929 1799 2003 tribuitur,
1832 1938 1897 1987 ut
1924 1928 2370 1986 fundamentalis
2400 1930 2746 2006 rejiciendus

326 2008 419 2080 sit,
450 2017 514 2066 ut
543 2009 798 2085 rejicitur
826 2010 899 2067 ab
934 2008 1202 2067 omnibus
1247 2009 1620 2080 OrthodoxiS‚
1662 2009 1761 2084 qui
1810 2008 2102 2067 Unionem
2151 2009 2573 2085 hypostaticam
2612 2031 2743 2069 cum

324 2087 693 2147 distinctione
715 2089 947 2165 quidem
969 2088 1335 2163 Naturarum,
1359 2088 1461 2146 sed
1480 2088 1602 2146 sine
1626 2088 1910 2146 divisione
1942 2088 2212 2146 Personae
2232 2090 2439 2147 factam
2462 2103 2742 2166 asserunt,

327 2167 673 2226 Rationibus
699 2169 879 2226 variis
907 2167 1050 2225 nixi.

937 2247 1008 2304 V.
1058 2247 1269 2320 Primo,
1300 2248 1410 2305 hoc
1438 2247 1685 2323 probant
1712 2247 1856 2322 loca,
1887 2268 2015 2324 quae
2046 2249 2357 2307 ostendunt
2387 2249 2496 2307 Dei
2530 2250 2744 2308 Filium

855 2326 926 2383 de
955 2327 1199 2402 Virgine
1228 2335 1426 2384 natum
1450 2346 1577 2384 esse
1601 2349 1615 2401 ;
1648 2327 1804 2402 quod
1832 2348 1962 2385 cum
1992 2337 2255 2404 respectu
2283 2337 2503 2387 naturae
2531 2330 2745 2389 divinae

327 2404 578 2481 intelligi
607 2425 722 2462 non
750 2406 950 2482 possit,
982 2427 1113 2482 quse
1143 2406 1396 2464 increata
1425 2415 1513 2464 cst
1542 2415 1600 2464 et
1629 2417 1858 2480 aeterna,
1891 2406 1993 2464 sod
2029 2407 2100 2465 de
2146 2409 2414 2484 humana,
2460 2430 2588 2485 quae
2640 2432 2744 2469 suo

327 2492 584 2560 tempore
606 2485 947 2562 principium
965 2486 1184 2559 habuit,
1200 2495 1351 2544 recte
1370 2486 1734 2545 concluditur
1761 2486 2015 2544 divinam
2039 2487 2462 2565 humanamque
2481 2498 2746 2548 naturam

327 2563 388 2622 in
419 2564 646 2623 Christo
688 2565 917 2625 nonnisi
961 2586 1134 2626 unam
1180 2586 1481 2643 personam
1521 2566 1888 2634 constituere,
1934 2567 2005 2626 de
2035 2587 2149 2644 qua
2180 2579 2334 2628 recte
2362 2568 2749 2646 praedicentur

328 2665 687 2722 quaecunquc
706 2646 767 2704 in
788 2647 1043 2705 divinam
1074 2656 1132 2705 et
1159 2647 1468 2706 humanam
1492 2656 1755 2706 naturam
1775 2657 2126 2724 competunt,
2150 2649 2290 2708 Luc.
2322 2650 2359 2707 i.
2392 2654 2487 2724 35,
2523 2654 2557 2683 ‘⁴
2577 2652 2747 2725 Quod

327 2734 596 2784 nascetur
650 2747 724 2784 ex
753 2736 811 2785 te
841 2739 1119 2802 sanctum,
1151 2728 1455 2786 vocabitur
1479 2727 1665 2786 Filius
1690 2728 1859 2803 Dei,'’
1920 2729 2052 2788 Gal.
2077 2729 2155 2789 iv,
2180 2733 2235 2804 4,
2285 2733 2320 2761 ‘⁴
2344 2731 2506 2788 Deus
2530 2731 2747 2790 Filium

328 2825 514 2881 suum,
546 2805 761 2864 factum
791 2828 865 2864 ex
895 2808 1191 2882 muliere,”
1225 2806 1331 2865 Sto.

410 2885 521 2943 VI.
571 2886 852 2960 Secund0‚
884 2888 1012 2946 loca
1040 2888 1098 2945 in
1130 2889 1339 2963 quibus
1369 2909 1483 2946 una
1514 2908 1759 2963 persona
1808 2887 2032 2945 duabus
2077 2897 2348 2947 constans
2397 2891 2617 2948 naturis
2647 2891 2744 2950 de-

332 2964 622 3022 scribitur.
655 2967 822 3023 Rom.
853 2967 890 3022 i.
937 2970 990 3039 3,
1023 2966 1233 3024 dicitur
1277 2972 1311 2998 ‘⁴
1333 2968 1595 3024 Christus
1624 2987 1700 3023 ex
1729 2967 1945 3023 semine
1992 2967 2237 3024 Davidis
2279 2968 2594 3026 secundum
2624 2991 2745 3027 car-

330 3063 480 3115 nem,
512 3052 569 3101 et
594 3044 779 3102 Filius
804 3045 915 3101 Dei
938 3045 1254 3102 secundum
1282 3045 1558 3120 Spiritum
1581 3045 2110 3117 sanctificationis,''
2146 3046 2313 3103 Rom.
2338 3048 2417 3103 ix.
2450 3052 2504 3121 5,
2530 3053 2564 3081 ‘⁴
2586 3049 2747 3108 Deus

331 3121 670 3180 benedictus
698 3122 758 3178 in
788 3123 998 3196 secula,
1031 3133 1088 3181 et
1109 3123 1282 3180 homo
1305 3123 1582 3180 oriundus
1612 3143 1647 3179 a
1678 3123 2006 3195 PatribuS,'’
2045 3125 2072 3178 l
2100 3124 2249 3181 Tim.
2291 3125 2370 3181 iii.
2408 3130 2498 3198 16,
2524 3131 2559 3159 ‘⁴
2585 3128 2745 3185 Deus

403 2285 470 2329 Et
499 2285 734 2343 rejicitur.

332 3201 732 3259 manifestatus
761 3202 820 3257 in
849 3202 1078 3275 carne,'’
1113 3200 1263 3258 Phil.
1288 3201 1346 3258 ii.
1372 3205 1426 3276 6,
1460 3206 1513 3276 7,
1550 3204 1585 3233 ‘⁴
1609 3200 1721 3258 Ille
1750 3202 1849 3277 qui
1891 3201 1952 3258 in
1981 3200 2165 3258 forma
2196 3203 2305 3260 Dei
2328 3214 2467 3278 erat,
2494 3224 2618 3263 sose
2642 3228 2741 3264 ex·

329 3281 596 3354 inanivit,
628 3291 923 3357 assumpta
950 3280 1133 3338 forma
1162 3280 1371 3339 servi.''
2782 3294 2789 3299 ’

410 3361 557 3418 VII.
602 3360 815 3435 Terti0‚
848 3360 976 3418 loca
1004 3380 1134 3436 quoe
1163 3360 1424 3418 diversas
1465 3360 1845 3437 proprietates
1886 3367 1945 3419 et
1982 3361 2342 3437 operationes
2386 3363 2486 3420 uni
2516 3363 2745 3423 Christo

325 3441 604 3515 tribuunt,
636 3450 701 3499 ut
729 3440 885 3518 quod
917 3440 1102 3498 Filius
1130 3440 1395 3513 hominis,
1427 3440 1526 3516 qui
1555 3439 1854 3499 descendit
1872 3440 1944 3499 de
1968 3441 2145 3517 Coelo,
2179 3442 2254 3500 sit
2277 3451 2468 3501 tamen
2489 3443 2548 3500 in
2577 3446 2742 3520 ecclc,

329 3521 468 3580 Joh.
501 3521 580 3579 iii.
618 3524 688 3578 13
721 3544 734 3595 ;
784 3520 1068 3578 Dominus
1105 3519 1305 3596 gloriae
1342 3520 1514 3579 fuerit
1558 3519 1868 3579 crucifixus
1914 3524 1943 3578 1
1979 3521 2108 3579 Cor.
2140 3522 2198 3580 ii.
2230 3525 2303 3597 8;
2351 3523 2511 3581 Deus
2549 3526 2743 3601 acqui-

326 3601 526 3659 siverit
555 3601 876 3659 Ecclesiam
904 3600 1135 3677 proprio
1164 3601 1461 3677 sanguine,
1496 3600 1632 3659 Act.
1664 3620 1766 3657 xx.
1798 3602 1874 3659 28
1900 3623 1913 3675 ;
1948 3601 2134 3660 omnis
2163 3603 2462 3678 plenitudo
2494 3604 2744 3664 Deitatis

327 3681 389 3737 in
415 3681 543 3757 ipso
565 3680 802 3756 habitet,
830 3682 952 3740 Col.
983 3681 1042 3739 ii.
1075 3682 1109 3738 9
1131 3703 1145 3753 ;
1171 3700 1300 3756 quae
1322 3680 1394 3739 de
1417 3701 1485 3738 eo
1507 3680 1808 3757 praedicari
1828 3700 1944 3737 non
1966 3689 2221 3758 possent,
2242 3683 2355 3740 nisi
2377 3683 2506 3741 duae
2524 3694 2744 3745 naturae

328 3759 387 3816 in
415 3780 591 3817 unam
617 3780 920 3837 personam
951 3760 1318 3819 coaluissent.

931 3841 1113 3899 VIII.
1159 3838 1280 3898 Ubi
1308 3848 1442 3897 sunt
1470 3839 1599 3897 duae
1628 3848 1846 3899 naturae
1876 3841 2193 3917 completae,
2224 3850 2342 3899 tam
2371 3842 2431 3898 in
2460 3862 2586 3900 esse
2609 3844 2745 3901 sub-

328 3919 508 3967 Fontes
590 3920 800 3966 solutio-
850 3920 1093 3994 stantiae,
1124 3939 1298 3995 quam
1327 3919 1731 3993 subsistentiae,
1762 3929 1821 3978 et
1860 3920 2448 3994 incommunicabiles,
2500 3921 2581 3978 ibi
2611 3930 2748 3980 sunt

481 3994 611 4024 ⁰⁰¹⁰·
846 3999 975 4057 duae
1005 4018 1280 4075 personae.
1325 3999 1411 4058 At
1431 3998 1492 4056 in
1517 3998 1745 4057 Christo
1767 4019 1883 4057 non
1901 4007 2036 4057 sunt
2057 3999 2186 4056 duze
2209 4009 2426 4057 naturae
2445 3999 2745 4076 completae

328 4079 520 4158 quoad
549 4078 997 4152 subsistentiam,
1030 4086 1088 4136 et
1136 4079 1724 4137 incommunicabiles.
1809 4078 1930 4135 Nec
1954 4078 2002 4135 si
2033 4079 2092 4135 in
2123 4079 2295 4136 Petro
2318 4086 2376 4136 et
2407 4079 2589 4136 Paulo
2612 4080 2742 4138 duae

329 4171 550 4218 naturae
579 4158 903 4235 singulares
932 4157 1076 4216 duas
1104 4178 1379 4235 personas
1408 4158 1766 4217 constituunt
1789 4179 1803 4231 3
1849 4158 2108 4233 sequitur
2128 4157 2281 4215 idem
2311 4158 2370 4214 in
2402 4158 2630 4216 Christo
2658 4159 2742 4217 lo-

330 4259 461 4298 cum
490 4240 736 4314 habere3
782 4238 919 4314 quia
947 4237 1076 4296 duae
1106 4247 1324 4297 naturae
1352 4239 1413 4296 in
1440 4237 1773 4296 hominibus
1796 4236 2009 4294 habent
2038 4237 2743 4296 incommunicabilitatem

330 4339 459 4377 cum
492 4318 922 4396 singularitate;
969 4318 1071 4376 sed
1099 4339 1215 4375 non
1243 4320 1302 4376 in
1333 4318 1580 4393 Christo,
1630 4317 1766 4393 quia
1795 4324 1997 4374 natura
2041 4317 2294 4374 humana
2321 4316 2642 4375 destinatur
2669 4320 2746 4376 ad

331 4400 781 4474 assumptionem
810 4397 1011 4471 Verbi,
1044 4398 1136 4455 cui
1165 4399 1540 4475 personaliter
1568 4406 1658 4455 est
1688 4396 1863 4454 unita.
1951 4395 2072 4454 Nec
2097 4395 2230 4454 inde
2254 4397 2513 4473 sequitur
2541 4417 2742 4456 vocem

329 4477 578 4535 hominis
604 4478 905 4554 praedicari
951 4478 1246 4554 aequivoce
1275 4479 1346 4536 de
1377 4478 1604 4535 Christo
1635 4484 1693 4534 et
1721 4475 1791 4533 de
1822 4474 2006 4549 nobis,
2031 4475 2132 4533 sed
2162 4484 2383 4534 tantum
2413 4496 2614 4534 vocem
2643 4479 2744 4536 ho-

329 4557 502 4614 minis
531 4558 701 4615 modo
731 4558 994 4634 specifice
1025 4558 1192 4631 sumi,
1224 4579 1326 4635 pro
1369 4565 1572 4615 natura
1610 4556 1878 4629 humana,
1910 4555 2197 4631 quomodo
2228 4555 2300 4613 de
2344 4556 2572 4616 Christo
2601 4578 2743 4635 prae-

328 4636 571 4712 dicatur,
603 4637 774 4695 modo
806 4638 1236 4715 suppositaliter
1264 4656 1366 4713 pro
1397 4656 1657 4712 persona,
1689 4635 1978 4712 quomodo
2008 4636 2173 4693 nobis
2204 4636 2491 4695 tribuitur.
