3221 5200
541 357 657 413 302
1372 374 1552 414 Locus
1586 375 1840 414 necemus
1869 374 2135 415 Tannus.
2585 352 2831 434 [Qua-:sm
2865 372 2948 415 x1.

538 533 669 571 cum
700 513 863 587 Levi,
910 533 1016 572 nec
1054 521 1246 572 tamen
1291 534 1421 572 cum
1449 534 1518 572 eo
1567 513 1856 587 decimari,
1887 513 2028 589 quid
2076 513 2284 589 obstat,
2324 514 2631 591 quominus
2674 513 2845 571 suerit
2887 513 2949 570 in

537 592 785 666 Adamo,
810 612 916 651 nec
945 601 1136 651 tamen
1165 612 1295 650 cum
1326 594 1450 669 ipso
1479 594 1617 653 etin
1639 595 1765 670 ipso
1786 593 2081 671 peccarit?

537 688 784 735 Ninivitas
828 691 1014 737 christi
1142 672 1319 730 XVI.
1365 673 1808 750 Conceptionem
1832 673 2045 731 Christi
2064 672 2280 748 excipit
2313 674 2597 731 Nativitas
2624 692 2699 730 ex
2722 672 2791 730 B.
2814 672 2945 729 Vir-

581 749 676 793 fuit
716 749 974 794 ordinaria.
1059 751 1212 827 gine,
1244 772 1372 828 quae
1410 753 1655 829 contigit
1703 761 1870 827 stat0,
1896 762 1954 811 et
1990 773 2026 809 a
2068 761 2273 810 natura
2305 751 2541 810 definito
2578 760 2776 828 partus
2804 760 2945 811 tem-

534 848 693 904 pore,
734 829 834 904 qui
867 838 1064 906 partus
1099 831 1235 890 licet
1272 831 1650 892 miraculosus
1688 832 1875 906 fuerit,
1916 832 2054 909 quia
2090 831 2405 907 virgineuS,
2446 831 2725 890 naturalis
2751 841 2945 890 tamen

535 908 682 965 bene
705 908 929 982 dicitur,
966 910 1103 986 quia
1140 921 1416 970 consueto
1449 913 1730 971 matribus
1764 933 1919 971 more
1942 909 2115 970 enixa
2141 921 2246 969 est.
2362 911 2530 970 Unde
2558 931 2665 969 nec
2694 911 2815 970 sine
2844 911 2943 969 do·

534 987 656 1046 lore
696 987 809 1044 dici
851 997 1041 1064 potest
1087 991 1394 1067 peperisse,
1431 1013 1557 1050 cum
1605 993 1758 1051 enim
1792 999 2028 1068 peccato
2076 1011 2192 1049 non
2230 991 2492 1063 caruerit,
2522 990 2741 1066 peccati
2772 991 2945 1050 etiam

534 1086 762 1141 poenam
793 1067 900 1124 hac
928 1069 989 1126 in
1016 1079 1194 1146 parte,
1226 1079 1284 1128 et
1311 1072 1644 1148 primaevam
1677 1080 1921 1131 matrum
1946 1080 2156 1130 sortem
2185 1069 2432 1147 perferre
2462 1069 2678 1144 debuit,
2705 1071 2833 1130 Gen
2863 1071 2944 1128 iii.

544 1148 634 1219 16,
683 1147 811 1202 “In
853 1146 1048 1206 dolore
1086 1150 1275 1225 paries
1317 1152 1587 1227 liber08,''
1632 1160 1691 1209 et
1731 1152 1871 1211 Joh.
1915 1152 2036 1209 xvi.
2080 1154 2174 1224 21,
2212 1150 2531 1207 “Foemina
2571 1170 2747 1226 quum
2792 1151 2944 1227 parit

535 1224 824 1284 tristitiam
856 1227 1028 1286 habet
1054 1230 1106 1286 :”
1194 1230 1383 1288 Multo
1418 1231 1606 1289 minus
1636 1250 1766 1288 cum
1796 1230 2114 1288 Pontificiis
2168 1229 2243 1286 ad
2270 1249 2571 1306 corporum
2600 1230 2944 1306 penetratio·

534 1324 667 1361 nem
715 1305 848 1363 inde
897 1308 1279 1381 asserendam,
1311 1309 1576 1367 affirmari
1628 1309 1801 1368 debet
1830 1309 2074 1365 Mariam
2114 1309 2308 1366 clauso
2346 1317 2509 1366 utero
2539 1310 2768 1366 enixam
2797 1329 2942 1368 esse.

537 1383 833 1460 Scriptura
877 1387 1222 1445 contrarium
1252 1408 1522 1464 expresse
1552 1388 1876 1460 definiente,
1911 1387 2049 1444 Luc.
2091 1387 2148 1443 ii.
2182 1391 2275 1458 22,
2298 1390 2392 1460 23,
2418 1406 2592 1461 quum
2624 1389 2947 1463 applicatur

534 1462 763 1520 Christo
787 1463 976 1522 Locus
1007 1465 1195 1524 Exod.
1227 1466 1348 1523 xiii.
1380 1471 1434 1539 2,
1480 1467 1577 1524 ubi
1622 1467 1813 1542 agitur
1854 1465 1926 1523 de
1953 1466 2336 1541 primogenito
2365 1466 2603 1521 vulvam
2631 1468 2939 1542 aperiente,

531 1550 591 1600 et
618 1542 702 1599 rei
729 1542 910 1618 ipsius
940 1553 1159 1618 natura,
1190 1546 1338 1602 hanc
1367 1544 1787 1603 dimensionum
1816 1543 2267 1620 penetrationem
2296 1553 2354 1599 et
2376 1542 2617 1600 duorum
2639 1564 2943 1619 corporum

529 1640 645 1678 uno
688 1620 746 1678 in
787 1622 914 1681 loco
957 1643 1173 1680 moram
1217 1644 1330 1682 non
1374 1623 1608 1683 ferente.
1693 1624 1815 1681 Nec
1855 1630 2158 1700 propterea
2184 1621 2491 1696 virginitas
2516 1621 2715 1679 Mariae
2745 1623 2804 1678 in
2833 1622 2937 1679 du-

528 1700 688 1758 bium
716 1711 972 1761 vocatur.
1018 1702 1165 1775 Quia
1193 1723 1304 1760 non
1335 1703 1396 1760 in
1424 1723 1493 1763 eo
1523 1705 1634 1761 sita
1661 1712 1765 1777 est,
1792 1702 1948 1780 quod
1976 1701 2240 1760 Christus
2258 1709 2425 1758 natus
2444 1703 2520 1759 sit
2541 1702 2736 1758 clauso
2754 1709 2934 1775 utero,

527 1780 632 1839 sed
658 1780 815 1856 quod
842 1782 1029 1859 Virgo
1058 1781 1229 1840 fuerit
1256 1783 1471 1841 intacta
1492 1783 1654 1840 Viro.

611 1859 825 1919 XVII.
873 1861 1063 1920 Locus
1086 1861 1258 1920 Ezec.
1291 1862 1433 1919 xliv.
1465 1867 1519 1936 2,
1545 1863 1618 1920 de
1650 1871 1828 1937 porta
1848 1860 2177 1920 Sanctuarii
2201 1863 2395 1917 clausa
2436 1867 2495 1918 et
2521 1880 2623 1936 per
2644 1878 2816 1935 quam
2839 1879 2936 1917 ne-

523 1938 667 1996 mini
694 1939 886 1999 aditus
912 1948 1107 2017 pateat
1134 1942 1245 2000 nisi
1276 1942 1546 2018 Principi,
1578 1961 1875 2018 perperam
1903 1941 2015 1998 huc
2038 1939 2299 1997 trahitur.
2362 1939 2525 2013 Quia,
2558 1949 2937 2015 praeterquam

525 2019 683 2095 quod
725 2019 1071 2097 allegoricus
1126 2030 1231 2095 est,
1277 2031 1449 2097 atque
1494 2022 1624 2079 ideo
1666 2040 1771 2079 nec
1820 2019 2319 2096 argumentativus
2347 2038 2421 2076 ex
2452 2018 2936 2076 Adversariorum

523 2098 881 2157 confessione
906 2122 920 2176 ς
964 2100 1187 2158 alienus
1229 2111 1317 2159 est
1343 2121 1378 2157 a
1405 2121 1465 2159 re
1487 2101 1560 2159 de
1588 2120 1703 2176 qua
1732 2100 1825 2157 hic
1853 2099 2061 2175 agitur.
2146 2098 2293 2154 Nam
2324 2097 2626 2156 aedificium
2656 2107 2936 2155 monstra-

524 2186 648 2235 tum
679 2179 1003 2255 Prophetae,
1049 2200 1165 2238 non
1207 2181 1314 2239 fuit
1356 2190 1531 2257 typus
1576 2181 1645 2237 Β.
1677 2178 1956 2255 Virginis,
2002 2177 2105 2235 sed
2146 2177 2490 2235 universalis
2521 2176 2814 2250 Ecclesiae,
2847 2178 2939 2234 cui

521 2265 687 2333 porta
728 2258 859 2316 coeli
901 2260 1098 2317 clausa
1139 2260 1214 2318 ob
1256 2269 1570 2336 peecatum,
1601 2266 1762 2336 patet
1783 2267 1842 2316 et
1882 2266 2167 2316 reseratur
2193 2276 2296 2333 per
2319 2256 2609 2315 Christum
2636 2256 2936 2315 Summum

521 2337 647 2413 ejus
681 2337 1050 2397 Sacerdotem
1072 2348 1131 2398 et
1161 2340 1502 2415 Principem.

603 2416 854 2475 XVIII.
900 2419 998 2475 Ex
1064 2420 1175 2476 hac
1246 2418 1564 2477 Nativitate
1631 2417 1895 2476 Christus
1962 2415 2108 2473 bene
2181 2414 2367 2474 Filius
2436 2415 2639 2472 Mariae
2707 2413 2932 2491 dicitur,

518 2504 584 2553 ut
621 2496 694 2554 ab
737 2505 951 2555 aeterna
1022 2498 1392 2574 generatione
1444 2498 1632 2556 Filius
1684 2497 1794 2554 Dei
1843 2503 2099 2568 vocatur,
2159 2514 2265 2553 nec
2312 2503 2505 2553 tamen
2574 2494 2794 2570 duplex
2838 2495 2939 2552 illa

516 2575 720 2633 filiatio
754 2575 814 2632 in
866 2576 1113 2651 Christo,
1166 2578 1346 2635 altera
1379 2586 1643 2654 respectu
1691 2576 1879 2635 Patris
1918 2576 1976 2632 in
2026 2574 2189 2649 coe10,
2237 2574 2417 2633 altera
2445 2583 2709 2652 respectu
2738 2575 2936 2633 matris

517 2655 577 2711 in
627 2663 795 2728 terra,
847 2655 1137 2731 duplicem
1178 2656 1360 2714 filium
1404 2656 1718 2729 constituit,
1771 2655 1875 2713 sed
1920 2655 2148 2713 unicam
2204 2674 2524 2728 personam,
2572 2654 2665 2713 cui
2721 2654 2938 2731 duplex

518 2733 743 2791 accedit
771 2733 883 2791 ista
910 2735 1129 2809 relatio,
1163 2754 1293 2792 cum
1324 2754 1501 2792 unum
1531 2735 1799 2810 idemque
1844 2734 2165 2810 subjectum
2214 2733 2463 2809 plurium
2492 2734 2833 2792 relationum
2863 2735 2939 2792 sit

520 2830 724 2887 capax.

602 2890 789 2947 XIX.
836 2890 952 2948 Hic
980 2912 1119 2949 vero
1149 2892 1264 2951 duo
1294 2892 1577 2969 praecipue
1605 2891 1786 2968 quaeri
1815 2892 2037 2950 solent:
2073 2893 2125 2948 1.
2157 2892 2273 2950 Cur
2295 2892 2558 2951 Christus
2587 2913 2658 2950 ex
2692 2891 2935 2969 Virgine

517 2969 678 3027 nasci
720 2970 1026 3030 debuerit?
1070 2976 1123 3029 2.
1157 2972 1272 3046 An,
1305 2981 1369 3030 ut
1397 2973 1583 3047 Virgo
1627 2971 1736 3029 fuit
1777 2979 1909 3029 ante
1938 2979 2160 3047 partum
2194 2980 2252 3029 et
2294 2972 2354 3027 in
2381 2980 2567 3048 partu,
2599 2973 2733 3031 talis
2761 2973 2933 3031 etiam

518 3049 690 3108 suerit
731 3059 863 3127 post
906 3059 1130 3127 partum
1151 3055 1180 3111 1>
1262 3052 1360 3110 Ad
1389 3052 1631 3130 primam
1662 3051 1721 3107 in
1750 3070 1959 3127 genere
1988 3051 2380 3126 respondetur,
2413 3053 2797 3110 necessarium
2826 3052 2937 3111 hoc

517 3129 696 3189 fuisse
739 3130 814 3188 ad
844 3130 1219 3190 Ornculorum
1249 3141 1508 3191 veterum
1538 3131 2035 3207 complementum,
2067 3151 2196 3206 quae
2223 3131 2333 3188 hoc
2356 3151 2625 3207 expresse
2654 3132 2935 3208 praedixe-

519 3218 666 3285 rant,
715 3211 828 3269 Isa.
874 3213 975 3270 vii.
1024 3215 1136 3287 14„
1180 3222 1240 3271 et
1280 3233 1410 3288 quae
1432 3212 1562 3270 ideo
1608 3212 1885 3269 Messiam
1927 3230 2029 3287 per
2062 3212 2269 3268 Semen
2297 3210 2570 3283 mulieriS,
2602 3220 2659 3269 et
2687 3212 2934 3270 fructum

517 3290 739 3348 ventris
785 3291 1107 3350 describere
1137 3293 1416 3350 solebant.
1504 3291 1621 3349 Sed
1650 3290 1708 3347 in
1738 3291 1926 3367 specie
1955 3290 2206 3348 rationes
2235 3290 2409 3348 variae
2437 3291 2719 3366 assignari
2749 3291 2935 3349 solent

519 3368 688 3426 istius
710 3369 1171 3445 dispensationis.
1260 3374 1311 3427 1.
1357 3370 1505 3443 Quia
1533 3389 1720 3428 novus
1749 3370 2135 3445 generationis
2157 3369 2363 3427 modus
2383 3389 2536 3427 novo
2558 3371 2776 3428 homini
2800 3390 2934 3427 con-

521 3448 782 3522 gruebat,
815 3458 873 3506 et
916 3468 1160 3524 persona
1204 3448 1659 3506 extraordinaria
1686 3448 2198 3506 extraordinariam
2234 3449 2558 3524 genituram
2586 3449 2933 3525 postulabat.

524 3525 718 3583 Antea
744 3526 964 3602 primus
990 3527 1164 3585 homo
1192 3527 1519 3584 immediate
1548 3548 1582 3584 a
1614 3528 1738 3585 Deo
1767 3536 1992 3584 creatus
2020 3527 2220 3602 fuerat,
2252 3536 2452 3603 postea
2490 3529 2619 3585 Eva
2658 3529 2936 3605 producta

523 3612 612 3661 est
653 3623 727 3660 ex
769 3604 896 3661 viro
926 3605 1047 3662 sine
1077 3605 1310 3663 foemina
1339 3628 1352 3680 ;
1399 3601 1630 3664 Exinde
1659 3625 1857 3662 omnes
1887 3607 2147 3663 homines
2176 3606 2460 3665 ordinarie
2488 3627 2563 3665 ex
2590 3609 2716 3665 viro
2745 3617 2803 3667 et
2830 3608 2933 3665 foe-

524 3682 680 3739 mina
724 3691 1071 3759 nascuntur3
1118 3686 1372 3743 restabat
1399 3693 1638 3761 quartus
1675 3684 1881 3742 modus
1918 3685 1991 3742 ad
2021 3684 2415 3743 admirabilem
2449 3687 2559 3745 Dei
2598 3688 2933 3764 sapientiam

525 3761 584 3817 in
613 3762 909 3820 hominum
948 3772 1076 3822 ortu
1112 3764 1592 3841 conspiciendam,
1624 3773 1688 3822 ut
1724 3765 1895 3821 homo
1925 3785 1997 3822 ex
2028 3765 2260 3822 foemina
2289 3766 2410 3823 sine
2439 3768 2566 3824 viro
2587 3776 2931 3840 nasceretur,

525 3841 682 3915 quod
723 3841 782 3899 in
812 3844 935 3900 solo
966 3843 1193 3902 Christo
1222 3844 1538 3921 impletum.
1570 3844 1697 3918 Quo
1726 3844 1968 3902 refertur
1988 3864 2024 3901 a
2050 3845 2394 3921 quibusdam
2423 3845 2584 3904 locus
2613 3848 2737 3905 Jer.
2767 3847 2933 3905 xxxi.

524 3925 619 3995 22,
669 3923 704 3954 “
725 3922 957 3980 Creavit
976 3924 1019 3981 J
1023 3924 1245 3982 ehovah
1289 3944 1504 3982 novum
1524 3924 1582 3981 in
1612 3933 1779 3998 terra,
1812 3923 2045 3982 foemina
2067 3924 2382 3983 circumdat
2404 3927 2781 4000 masculum,''
2825 3926 2933 3984 sci·-

525 4000 662 4058 licet
704 4001 762 4057 in
804 4010 985 4061 utere.
1030 4008 1086 4062 2.
1135 4005 1224 4061 Ex
1254 4003 1488 4061 foemina
1528 4004 1688 4062 nasci
1731 4004 1916 4063 voluit
1944 4004 2183 4062 aliorum
2214 4004 2509 4062 hominum
2538 4026 2711 4079 more,
2744 4014 2808 4064 ut
2835 4025 2933 4063 ve·-

524 4099 650 4136 rum
680 4081 969 4140 hominem
1013 4103 1138 4142 sese
1173 4084 1457 4161 probaret.
1542 4085 1637 4141 Ex
1677 4084 1893 4142 semine
1916 4084 2025 4140 viri
2052 4084 2212 4142 nasci
2254 4083 2454 4157 noluit,
2484 4094 2550 4143 ut
2594 4089 2759 4144 etiam
2777 4086 2942 4143 aliud

522 4179 638 4217 esse
665 4181 836 4236 quam
856 4163 1143 4238 hominem,
1168 4166 1532 4237 crederemus,
1563 4173 1628 4221 ut
1649 4163 1904 4239 loquitur
1925 4162 2195 4220 AmbrOS.
2227 4162 2299 4220 de
2332 4163 2488 4222 Sacr.
2515 4165 2741 4224 Incarn.
2767 4165 2936 4223 Prius

521 4238 595 4295 ad
624 4240 1024 4300 necessitatem
1059 4252 1311 4301 nostram
1352 4243 1690 4319 pertinebat,
1722 4242 2005 4318 posterius
2039 4241 2110 4298 ad
2141 4242 2267 4316 ejus
2295 4242 2652 4318 dignitatem.
2698 4248 2754 4304 3.
2786 4244 2936 4318 Quia

523 4335 638 4374 non
668 4318 879 4394 decuit,
912 4330 976 4379 ut
1003 4321 1158 4380 idem
1188 4323 1373 4380 Filius
1402 4322 1547 4380 duos
1575 4322 1813 4380 haberet
1845 4322 2061 4393 Patrae,
2094 4320 2195 4378 sed
2223 4329 2288 4380 ut
2316 4321 2533 4380 nullam
2560 4333 2801 4382 matrem
2830 4344 2931 4400 ag-

521 4398 797 4457 noscebat
825 4400 884 4455 in
914 4401 1076 4475 coelO,
1102 4421 1217 4477 qua
1247 4401 1434 4459 Filius
1464 4401 1613 4474 Dei;
1660 4401 1752 4457 Ita
1774 4401 1995 4456 nullum
2029 4400 2259 4457 Patrem
2288 4413 2627 4477 agnosceret
2656 4404 2716 4460 in
2744 4403 2929 4477 terris,

520 4495 636 4549 qua
665 4476 853 4535 Filius
878 4478 1145 4553 hominis,
1178 4489 1236 4538 et
1263 4481 1346 4537 sic
1373 4501 1508 4539 vere
1538 4487 1692 4538 esset
1712 4479 1921 4558 ἀπάτης
1951 4489 2007 4536 et
2034 4481 2250 4559 ἇμῆτυς.
2335 4483 2389 4537 4.
2436 4482 2584 4555 Quia
2613 4483 2659 4539 si
2690 4501 2926 4559 concep·

522 4562 615 4610 tus
643 4554 846 4614 fuisset
873 4577 949 4615 ex
978 4560 1192 4617 semine
1223 4558 1367 4634 Viri,
1400 4579 1515 4617 non
1551 4566 1748 4635 posset
1777 4559 1889 4616 dici
1919 4569 2228 4636 conceptus
2257 4578 2331 4617 ex
2365 4560 2579 4636 Spiritu
2614 4562 2842 4636 Sancto,
2875 4569 2935 4619 et

519 4631 673 4688 filius
719 4637 994 4696 naturalis
1035 4638 1248 4696 Adami
1295 4638 1512 4711 fuisset,
1562 4638 1817 4711 adeoque
1857 4639 2038 4696 haeres
2067 4637 2320 4696 omnium
2350 4639 2476 4715 ejus
2503 4641 2802 4700 malorum.
2850 4642 2934 4700 Ut
