3221 5200
276 413 503 461 QUAEST.
535 392 607 474 1.]
994 412 1071 452 ns
1102 411 1366 453 ransom
1397 412 1472 451 m·
1501 411 1690 452 s'rA'rn
1719 412 1971 453 emus'm.
2572 400 2689 456 245

273 561 511 612 ventum
543 550 772 608 Messiae
795 551 1069 628 conjungi
1098 572 1227 610 cum
1256 552 1542 610 ablatione
1566 551 1776 628 sceptri
1798 552 1841 610 J
1846 550 2052 624 udaiei,
2078 551 2328 610 dubitari
2356 572 2472 612 non
2500 563 2691 631 potest

275 653 407 691 eum
436 631 681 696 venisse,
708 651 837 688 cum
893 651 928 688 a
966 639 1127 689 tanto
1156 641 1411 709 tempore
1455 641 1736 689 remotum
1768 632 1843 689 sit
1893 631 2035 689 illud
2070 632 2387 709 Sceptrum,
2422 633 2688 694 Potestas

273 712 460 770 omnis
488 712 531 770 J
534 710 811 768 udiciaria
838 711 1067 786 penitus
1108 711 1317 786 ablata,
1354 711 1510 770 Urbs
1537 711 1751 784 excisa,
1783 720 1840 768 et
1885 710 2140 787 Populus
2169 712 2496 788 dissipatuS,
2531 715 2688 791 quod

283 791 450 849 fateri
492 798 778 866 coguntur
825 790 936 866 ipsi
977 790 1192 865 Judaei,
1227 791 1298 848 R.
1316 792 1388 849 D.
1408 790 1505 864 K„
1537 790 1596 848 in
1630 790 1775 848 Hos.
1806 791 1885 863 iii,
1920 794 1973 862 4,
2010 793 2045 824 ‘⁴
2069 791 2147 847 Hi
2192 801 2325 850 sunt
2353 792 2478 850 dies
2507 795 2688 870 exilii,

276 871 335 928 in
366 890 481 947 quo
508 869 682 927 hodie
732 888 948 944 sumus,
982 889 1086 927 nec
1130 870 1355 947 Regem
1396 870 1695 943 habemus,
1738 890 1844 927 nec
1893 870 2217 946 Principem
2260 892 2332 928 ex
2367 872 2594 947 Israele,
2627 873 2687 931 in

275 959 559 1027 potestate
621 947 906 1025 siquidem
965 949 1239 1007 Gentium
1296 950 1553 1007 sumus.''
1613 947 1740 1023 ἀει,
1808 949 2094 1023 Menasse,
2154 950 2212 1006 in
2269 951 2568 1011 Conciliat.
2612 953 2689 1011 ad

276 1031 424 1089 Gen.
466 1029 614 1086 xlix.
701 1031 735 1060 ‘⁴
760 1028 943 1101 Quam
990 1028 1227 1086 Poenam
1256 1048 1407 1087 nunc
1435 1028 1701 1105 patimur,
1735 1029 1831 1103 ait,
1864 1029 1986 1087 sine
2034 1030 2212 1106 Rege,
2245 1029 2367 1088 sine
2400 1031 2683 1108 Principe,

276 1109 400 1168 sine
429 1108 707 1185 regimine
737 1108 1034 1183 agentes.''

354 1189 543 1245 XIII.
590 1187 749 1244 Nihil
778 1207 1011 1244 necesse
1040 1195 1129 1244 est
1156 1195 1343 1245 autem
1377 1207 1435 1245 se
1465 1186 1707 1264 fatigare
1730 1187 1788 1244 in
1809 1188 2118 1264 quaerendo
2146 1190 2384 1265 praeciso
2413 1191 2687 1267 temporis

272 1268 530 1340 articu10,
563 1287 678 1343 quo
710 1267 974 1325 Potestas
1016 1266 1127 1324 ista
1154 1267 1195 1324 J
1201 1266 1409 1325 uda'ico
1450 1267 1663 1344 populo
1706 1267 1897 1325 ablata
1938 1267 2029 1342 sit,
2059 1269 2499 1345 modoconstet,
2530 1271 2688 1347 quod

275 1347 658 1405 certissimum
714 1353 819 1420 est,
851 1346 1101 1404 ablatam
1131 1366 1256 1403 esse
1287 1346 1474 1420 hodie,
1508 1347 1681 1423 idque
1725 1367 1759 1404 a
1801 1347 1999 1405 multis
2025 1356 2177 1406 retro
2207 1349 2435 1408 seculis.
2523 1351 2689 1409 Licet

272 1427 426 1486 enim
456 1425 803 1502 Chronologi
847 1425 918 1483 de
960 1445 1028 1484 eo
1058 1425 1264 1483 acriter
1307 1426 1453 1484 inter
1494 1446 1553 1484 se
1582 1426 1921 1504 disceptent,
1954 1435 2012 1486 et
2040 1447 2250 1504 magna
2292 1429 2366 1486 sit
2411 1430 2685 1489 sententi-

274 1527 437 1564 arum
458 1504 857 1581 discrepantia,
890 1505 1027 1562 dum
1057 1505 1154 1562 alii
1182 1506 1241 1562 in
1287 1506 1577 1582 Pompei0,
1610 1507 1707 1563 alii
1736 1507 1797 1563 in
1827 1507 2186 1583 Vespasiano
2209 1518 2496 1584 sceptrum
2527 1510 2684 1568 abla-

274 1595 398 1645 tum
439 1585 800 1661 pertendunt,
845 1585 960 1659 alii,
1006 1585 1161 1662 quod
1203 1586 1375 1662 longe
1431 1585 1629 1659 satius,
1675 1606 1788 1643 non
1838 1586 2008 1644 unius
2050 1588 2323 1645 momenti
2367 1608 2511 1664 opus
2559 1609 2686 1648 esse

277 1673 553 1737 statuunt,
599 1672 662 1722 ut
703 1664 879 1722 variis
920 1665 1146 1722 vicibus
1188 1685 1467 1723 concussa
1511 1665 1862 1741 Respublica
1900 1666 1962 1723 in
2007 1666 2280 1742 Pompeio
2323 1675 2380 1724 et
2433 1668 2684 1742 Herode,

272 1744 509 1803 tandem
558 1744 664 1801 sub
694 1744 1051 1820 Vespasiano
1081 1745 1156 1802 sit
1184 1765 1419 1803 eversa:
1465 1745 1596 1802 Non
1626 1765 1770 1820 opus
1819 1752 1906 1803 est
1957 1754 2149 1803 tamen
2197 1745 2476 1803 intricatae
2520 1747 2687 1805 istius

276 1823 623 1898 Quaestionis
652 1823 941 1881 decisione
970 1823 1045 1880 ad
1073 1834 1475 1901 argumentum
1504 1832 1763 1883 nostrum
1793 1832 1992 1881 contra
2018 1824 2060 1882 J
2067 1824 2261 1881 udaeos
2304 1825 2642 1883 firmandum
2670 1847 2685 1901 ;

274 1911 469 1961 manet
510 1903 661 1960 enim
703 1904 787 1960 illi
831 1923 935 1961 sua
976 1904 1066 1959 vis
1109 1923 1349 1979 semper,
1394 1924 1469 1961 ex
1511 1923 1580 1961 eo
1636 1903 1793 1979 quod
1821 1911 1987 1961 extra
2026 1923 2252 1961 omnem
2282 1905 2687 1963 controversiae

273 1984 458 2041 aleam
486 1983 735 2059 positum
780 1991 883 2055 est,
920 1982 1200 2057 Regimen
1243 2003 1410 2040 omne
1438 1983 1481 2040 J
1486 1982 1666 2040 udaeis
1695 2003 1729 2039 a
1756 1982 1931 2058 longo
1973 1991 2227 2059 tempore
2256 1983 2510 2042 ablatum
2541 2004 2685 2059 esse,

276 2071 342 2122 ut
363 2064 485 2140 jam
514 2082 629 2120 non
660 2062 783 2118 dies
827 2062 957 2135 sint,
989 2071 1088 2119 aut
1116 2062 1268 2135 anni,
1302 2063 1404 2120 sed
1432 2062 1627 2120 secula
1655 2083 1729 2121 ex
1771 2062 1981 2147 quibus
2010 2062 2488 2138 complementum
2520 2082 2686 2121 suum

275 2143 540 2201 sortitum
570 2150 658 2200 est
684 2142 795 2198 hoe
839 2142 1185 2215 Oraculurn;
1235 2141 1405 2200 Unde
1446 2141 1771 2199 necessario
1815 2141 2087 2216 sequitur,
2120 2150 2220 2199 aut
2259 2141 2467 2199 falsum
2509 2142 2687 2204 fuisse

274 2231 336 2280 et
362 2221 628 2293 mendax,
661 2220 818 2297 quod
848 2221 942 2278 vel
972 2221 1210 2296 impium
1240 2228 1328 2278 est
1366 2221 1638 2295 cogitare,
1671 2230 1770 2279 aut
1801 2220 2075 2278 Messiam
2096 2220 2219 2296 jam
2250 2221 2495 2286 venisse.

357 2301 535 2358 XIV.
583 2302 704 2359 Nec
747 2299 1019 2359 audiendi
1060 2300 1273 2371 «Iudaei,
1319 2300 1418 2376 qui
1448 2299 1778 2358 fabulantur
1823 2300 2123 2375 Sceptrum
2153 2299 2340 2358 adhuc
2368 2321 2597 2359 manere
2628 2302 2687 2360 in

276 2381 602 2457 Babylonia
630 2380 687 2436 in
717 2381 804 2453 iis,
836 2380 937 2456 qui
965 2380 1176 2455 populo
1205 2379 1322 2436 illie
1352 2388 1621 2455 praesunt,
1647 2379 1803 2455 quod
1827 2380 2095 2437 Menasse
2124 2379 2458 2438 confirmare
2486 2381 2690 2439 nititur

273 2481 351 2519 ex
382 2460 737 2537 Benjamine‚
770 2459 870 2536 qui
899 2459 1071 2516 refert
1100 2459 1395 2535 Bagdadae
1418 2458 1600 2516 oculis
1624 2459 1743 2516 suis
1772 2458 1988 2516 vidisse
2017 2459 2167 2516 inter
2198 2460 2491 2518 Israelitas
2522 2461 2684 2518 Prin·

274 2540 460 2617 cipem
489 2538 776 2617 quendam
806 2559 879 2596 ex
911 2539 1086 2616 stirpe
1118 2537 1363 2596 Davidis
1391 2547 1608 2613 natum,
1642 2558 1811 2596 curru
1840 2548 2074 2597 vectum
2104 2538 2255 2596 inter
2274 2540 2473 2617 populi
2502 2540 2686 2598 accla-

272 2621 571 2679 mationes.
660 2620 805 2677 Haec
833 2619 985 2677 enim
1018 2619 1328 2677 vanissima
1356 2629 1491 2678 sunt
1517 2620 1734 2694 cerebri
1777 2620 2030 2696 ipsorum
2074 2619 2366 2696 figmenta,
2397 2641 2526 2697 quae
2557 2630 2691 2680 sunt

272 2709 473 2759 contra
503 2699 899 2757 Rabbinorum
928 2718 1099 2775 supra
1127 2700 1427 2758 citatorum
1459 2700 1818 2774 sententiam,
1850 2708 2049 2758 contra
2089 2699 2261 2758 fidem
2305 2701 2560 2759 omnium
2588 2701 2691 2779 qui

278 2779 768 2856 peregrinationes
810 2799 912 2854 per
951 2779 1283 2837 universum
1327 2780 1521 2837 orbem
1565 2779 1954 2856 instituerunt,
1987 2780 2081 2838 vel
2125 2779 2197 2838 de
2240 2781 2356 2838 illis
2387 2782 2685 2859 scripsere,

276 2859 433 2936 apud
474 2877 620 2933 quos
661 2859 840 2917 altum
885 2858 956 2915 de
1002 2859 1364 2935 Principibus
1425 2859 1552 2917 istis
1594 2859 1905 2917 silentium.
2018 2859 2096 2916 Et
2138 2860 2186 2917 si
2229 2860 2370 2936 quid
2410 2861 2691 2920 haberent

275 2938 556 3009 veritatis,
603 2935 701 2992 An
730 2936 1002 2993 credikile
1031 2943 1119 2993 est
1148 2937 1241 2994 vel
1259 2957 1363 3012 per
1387 2938 1586 2994 horam
1605 2937 1649 2995 J
1652 2936 1848 2995 udaeos
1870 2938 2122 3012 reliquos
2149 2959 2251 3014 per
2277 2947 2463 2998 totum
2492 2941 2689 2998 orbem

279 3016 571 3090 dispersos
612 3014 673 3069 in
712 3014 921 3070 misera
964 3014 1239 3072 servitute
1281 3034 1395 3088 qua
1436 3024 1788 3089 premuntur,
1833 3020 2176 3073 mansuros?
2259 3017 2431 3075 Unde
2477 3019 2688 3094 Benja·

279 3092 453 3150 minis
481 3091 871 3148 testimonium
901 3098 1172 3166 tanquam
1201 3093 1516 3164 vanissimi,
1548 3092 1869 3149 fabularum
1900 3093 2242 3167 confictoris,
2274 3103 2332 3152 et
2373 3113 2407 3150 a
2440 3097 2689 3154 Doctiss.

285 3172 681 3247 L’Empereur
722 3169 1005 3226 mendacii
1050 3188 1202 3246 saepe
1261 3170 1519 3227 convicti
1571 3170 1734 3227 nullo
1789 3171 1943 3246 apud
1997 3190 2103 3227 nos
2134 3190 2260 3229 esse
2314 3172 2443 3229 loco
2500 3173 2690 3232 debet.

280 3250 450 3326 Quod
480 3270 548 3307 eo
578 3249 789 3307 certius
818 3248 935 3306 dici
961 3256 1168 3325 potest,
1213 3248 1370 3325 quod
1396 3248 1569 3306 hodie
1612 3248 1866 3306 confusis
1907 3248 2188 3327 tribubuS,
2234 3251 2588 3327 impossibile
2618 3252 2694 3313 sit

281 3339 439 3390 certo
496 3329 658 3403 seire,
704 3328 938 3404 quinam
968 3328 1083 3385 sint
1111 3348 1185 3386 ex
1216 3328 1368 3387 tribu
1397 3327 1573 3403 Juda,
1605 3327 1840 3404 quinam
1869 3348 1942 3386 ex
1971 3329 2102 3387 alia.

362 3410 508 3469 XV.
558 3410 833 3485 Superest
879 3407 1169 3484 praecipua
1215 3408 1538 3482 difficultas,
1583 3428 1713 3485 quae
1762 3408 1855 3466 hic
1900 3419 2167 3467 movetur
2206 3429 2241 3467 a
2282 3408 2525 3487 Judaeis,
2558 3412 2692 3472 Non

280 3510 449 3568 posse
496 3489 717 3548 scilieet
761 3508 836 3545 ex
880 3488 990 3545 hoc
1034 3488 1163 3546 loeo
1209 3488 1407 3566 colligi
1452 3489 1726 3547 Messiam
1762 3489 1883 3565 jam
1914 3489 2160 3565 venisse,
2193 3490 2336 3548 alias
2366 3491 2562 3551 venire
2591 3493 2690 3551 de-

281 3570 474 3627 buisse
524 3577 657 3626 ante
702 3568 1095 3644 captivitatem
1143 3569 1578 3645 Babylonicam‚
1628 3569 1763 3645 quia
1807 3569 1868 3627 in
1912 3589 1981 3627 ea
2033 3570 2331 3647 Sceptrum
2383 3591 2418 3628 a
2464 3572 2694 3632 Judaeis

283 3648 451 3707 fuerit
479 3649 751 3723 ablatum,
785 3668 890 3705 nec
918 3667 1172 3724 unquam
1200 3658 1400 3725 postea
1441 3649 1583 3725 ipsis
1632 3648 1938 3708 redditum.
2025 3649 2123 3708 Ad
2153 3651 2318 3727 cujus
2347 3651 2692 3711 solutionem

283 3728 717 3804 praemittimus:
767 3731 818 3784 1.
845 3727 974 3784 Non
998 3746 1166 3804 posse
1197 3749 1421 3804 semper
1448 3729 1732 3804 assignari
1756 3738 1911 3787 certa
1939 3737 1997 3787 et
2018 3730 2342 3788 indubitata
2370 3739 2692 3807 temporum

283 3816 513 3883 puncta,
544 3807 755 3883 quibus
783 3806 1054 3882 perduret
1082 3806 1189 3864 flos
1231 3816 1288 3865 et
1310 3808 1498 3883 gloria
1545 3808 1898 3883 Regnorum,
1931 3808 2024 3865 vel
2054 3810 2264 3883 quibus
2293 3808 2565 3866 excidant
2592 3819 2693 3868 aut

285 3894 650 3960 evertantur3
695 3886 832 3962 quia
858 3894 924 3944 ut
955 3885 1287 3960 Regnorum
1317 3886 1653 3944 constitutio
1683 3894 1740 3943 et
1769 3886 2022 3962 dignitas
2051 3907 2166 3943 non
2195 3887 2485 3944 obtinetur
2523 3888 2694 3946 simul

282 3973 340 4023 et
382 3966 574 4039 semel,
621 3965 721 4023 sed
763 3965 1040 4041 paulatim
1070 3973 1128 4021 et
1157 3965 1519 4023 successive:
1607 3966 1700 4023 Ita
1728 3964 2036 4021 declinatio
2065 3974 2123 4023 et
2151 3985 2319 4023 casus
2347 3985 2462 4023 non
2491 3967 2556 4024 fit
2577 3987 2693 4025 uno

282 4054 589 4119 moment0‚
641 4065 748 4102 nec
791 4043 962 4101 modo
1012 4051 1208 4119 aperto
1257 4052 1316 4101 et
1364 4043 1640 4117 sensibili,
1687 4042 1790 4100 sed
1835 4042 2117 4117 gradatim
2147 4052 2205 4101 et
2233 4044 2444 4101 sensim
2475 4065 2541 4103 ac
2571 4046 2696 4104 sine

289 4126 479 4198 sensa,
511 4132 576 4182 ut
604 4123 774 4182 citius
803 4121 1264 4199 deprehendatur
1303 4130 1607 4198 postquam
1644 4120 1903 4197 contigit,
1935 4140 2106 4196 quam
2137 4131 2201 4180 ut
2229 4123 2364 4180 dum
2396 4123 2471 4180 sit
2499 4125 2693 4182 obser-

285 4212 471 4262 vetur.
559 4203 699 4261 Ideo
729 4204 839 4261 hoe
867 4221 981 4258 non
1011 4200 1247 4277 praecise
1270 4201 1344 4258 ad
1373 4209 1591 4259 certum
1635 4199 1909 4276 temporis
1949 4211 2302 4259 momentum
2345 4203 2696 4279 restringen-

286 4282 423 4341 dum
442 4293 547 4357 est,
574 4283 676 4340 sed
699 4282 872 4340 debet
900 4305 941 4339 οι
969 4281 1154 4339 πλάτει
1177 4280 1421 4356 spectari
1439 4281 1498 4336 in
1521 4287 1677 4337 certa
1704 4278 1977 4356 temporis
2003 4279 2325 4339 latitudine.
2411 4285 2467 4338 2.
2514 4282 2698 4341 Aliud

287 4381 432 4436 esse,
466 4363 709 4438 Regiam
741 4362 992 4438 stirpem,
1025 4381 1152 4436 quae
1175 4360 1275 4436 jus
1319 4360 1495 4417 habet
1523 4358 1820 4434 regnandi,
1867 4359 2089 4435 durare,
2136 4359 2319 4418 Aliud
2350 4360 2543 4436 Reges
2571 4382 2697 4421 esse

286 4450 418 4499 actu
449 4449 774 4518 regnantes.
863 4440 1018 4499 Fieri
1047 4440 1196 4498 enim
1227 4448 1435 4516 potest,
1480 4447 1545 4497 ut
1593 4440 1704 4496 hoc
1753 4438 2078 4515 abrogetur,
2111 4440 2291 4497 altero
2319 4450 2603 4515 manente,
2635 4453 2701 4502 ut

288 4521 339 4578 si
370 4521 639 4598 Regnum
684 4521 758 4580 ab
798 4520 992 4596 aliquo
1041 4527 1352 4595 occupetur
1379 4519 1696 4595 tyrannice,
1737 4518 1995 4593 expulsis
2038 4519 2314 4596 legitimis
2354 4520 2696 4596 haeredibus,

287 4608 483 4658 manet
537 4606 727 4670 κτῆσις,
799 4600 1027 4658 sublata
1080 4602 1266 4678 χςῆπι.
1352 4602 1408 4657 3.
1471 4599 1602 4656 Non
1648 4617 1881 4656 necesse
1927 4617 2053 4656 esse
2103 4598 2177 4656 ad
2221 4600 2702 4677 complementum

290 4680 528 4753 oraculi,
582 4689 646 4738 ut
691 4699 913 4736 summa
958 4699 1181 4755 semper
1229 4678 1484 4754 dignitas
1531 4678 1844 4735 obtinuerit
1890 4679 1950 4734 in
1995 4679 2149 4737 tribu
2192 4679 2400 4755 Judae3
2446 4681 2702 4746 sufficere
