3221 5200
468 365 585 421 388
1269 375 1452 416 Locus
1481 373 1743 415 Dscmcs
1772 371 2056 422 QUARTUS.
2491 351 2744 434 [QuAEsr.
2775 373 2887 416 x11.

466 520 564 580 vel
597 521 757 579 Deus
805 518 1120 596 injustitiae,
1152 516 1309 594 quod
1353 517 1615 594 ejusdem
1664 515 1747 572 rei
1790 514 2006 590 duplex
2051 512 2294 589 pretium
2325 522 2383 572 et
2411 514 2672 590 ejusdem
2701 516 2888 593 culpae

469 601 759 676 duplicem
812 618 1040 676 poenam
1090 597 1233 655 velit
1281 597 1532 671 exigere.
1622 594 1792 653 Unde
1827 593 2103 669 quicquid
2141 592 2365 651 dicatur
2401 615 2435 651 a
2466 595 2784 654 Pontificiis
2813 597 2886 654 de

468 680 750 739 infinitate
779 688 838 738 et
866 678 1205 737 sufficientia
1234 675 1641 735 satisfactionis
1661 674 1891 748 Christi,
1922 674 2033 731 hoc
2063 673 2316 749 ipsorum
2345 685 2669 733 commento
2698 677 2888 753 reipsa

469 761 766 818 evertitur.

552 840 704 897 XII.
752 840 991 897 Frustra
1018 844 1302 914 reponunt
1332 834 1689 909 Adversarii,
1726 836 1777 891 1.
1827 836 1861 866 ‘⁴
1882 832 2014 890 Non
2043 831 2307 909 derogari
2334 832 2605 893 infinitati
2632 845 2691 894 et
2718 836 2886 894 satis·

467 919 701 977 factioni
732 918 945 976 Christi
978 937 1082 993 per
1117 926 1342 974 nostras
1372 914 1808 985 satisfactioneS,
1838 912 1954 970 imo
1982 913 2260 989 majorem
2289 912 2422 971 inde
2450 913 2694 989 gloriam
2723 936 2885 974 acce-

467 999 618 1071 dere,
651 998 935 1075 siquidem
957 1016 1073 1054 non
1095 996 1327 1053 aliunde
1350 996 1468 1051 vim
1489 1014 1650 1052 suam
1674 1001 1732 1051 et
1753 991 2067 1051 efficaciam
2087 1000 2435 1068 mutuentur,
2460 1013 2633 1069 quam
2662 1016 2697 1053 a
2718 997 2883 1055 satis·

468 1078 713 1137 factione
745 1076 976 1151 Christi,
1001 1076 1102 1152 qui
1130 1096 1243 1133 non
1274 1083 1497 1134 tantum
1520 1073 1801 1132 satisfacit
1827 1092 1931 1150 pro
1960 1071 2146 1145 nobis,
2172 1072 2275 1129 sed
2296 1071 2397 1130 dat
2413 1074 2587 1131 etiam
2609 1076 2884 1134 virtutem

468 1168 532 1216 ut
581 1157 1033 1232 satisfaciamus3
1086 1163 1257 1231 atque
1287 1155 1368 1212 ita
1395 1174 1512 1212 non
1542 1154 1658 1211 sint
1686 1172 1874 1223 causae
1904 1152 2074 1210 sociae
2106 1160 2164 1209 et
2191 1151 2450 1228 ejusdem
2497 1153 2732 1229 ordinis,
2779 1154 2884 1214 sed

468 1238 814 1296 subalternae
856 1245 915 1295 et
957 1235 1403 1294 subordinatas.'¹
1490 1233 1638 1306 Quia
1694 1233 1874 1308 gratis
1916 1231 2271 1308 supponitur,
2316 1231 2471 1307 quod
2525 1234 2884 1310 probandum

465 1318 591 1391 fuit,
640 1318 933 1376 Christum
976 1315 1113 1373 dare
1155 1314 1323 1373 nobis
1365 1313 1519 1371 vires
1562 1310 1971 1387 satisfaciendi,
2038 1331 2168 1369 cum
2211 1312 2321 1369 hoc
2365 1313 2424 1368 in
2471 1312 2765 1391 Scriptura
2807 1316 2884 1373 sit

468 1397 807 1470 inauditum,
839 1403 898 1453 et
946 1403 1166 1452 naturae
1213 1394 1298 1452 rei
1342 1401 1642 1470 repugnet.
1728 1391 1912 1449 Aliud
1959 1391 2172 1468 quippe
2221 1398 2310 1449 est
2346 1392 2691 1469 satisfacere,
2723 1395 2883 1453 aliud

467 1477 621 1533 vires
671 1476 807 1532 dare
845 1474 921 1532 ad
959 1473 1444 1532 satisfaciendum.
1557 1472 1683 1530 Imo
1717 1472 1841 1530 haec
1870 1480 2004 1529 sunt
2031 1469 2316 1545 «ἑο-ὕστατα,
2347 1492 2479 1529 nam
2510 1474 2560 1531 si
2586 1494 2689 1550 pro
2717 1475 2885 1533 nobis

466 1556 635 1632 plene
672 1553 966 1629 satisfecit,
1012 1573 1284 1631 quorsum
1329 1560 1664 1629 quaeruntur
1712 1550 1840 1609 aliae
1886 1550 2305 1610 satisfactiones
2331 1555 2360 1609 Ρ
2459 1553 2580 1612 Nec
2624 1555 2745 1613 ulla
2787 1555 2882 1613 hic

468 1635 563 1693 vel
614 1633 965 1693 consociatio
1014 1635 1109 1692 vel
1167 1632 1560 1692 subordinatio
1617 1651 1918 1689 causarum
1974 1629 2347 1706 admittenda,
2393 1631 2496 1690 ubi
2551 1653 2724 1692 causa
2768 1635 2883 1712 pri·

467 1714 648 1773 maria
677 1722 765 1773 est
793 1713 1064 1787 solitaria,
1096 1734 1226 1790 quae
1253 1713 1444 1771 nullas
1472 1711 1616 1768 alia‘s
1644 1710 1914 1769 admittit.
2000 1711 2077 1769 Et
2104 1718 2329 1768 tantum
2357 1712 2538 1786 abest,
2567 1721 2634 1772 ut
2661 1714 2771 1772 hoc
2799 1714 2882 1772 sa-

468 1796 583 1853 ciat
611 1795 688 1853 ad
716 1795 992 1872 majorem
1023 1793 1235 1852 Christi
1266 1791 1526 1869 gloriam,
1565 1800 1633 1849 ut
1668 1809 1784 1848 non
1823 1790 1946 1848 sine
1975 1790 2189 1867 insigni
2217 1791 2565 1850 contumelia
2606 1793 2693 1850 illi
2721 1794 2881 1869 socii,

466 1875 563 1933 vel
619 1895 806 1933 causae
857 1874 1199 1932 subalternae
1256 1871 1541 1929 addantur
1584 1870 1644 1927 in
1683 1869 1872 1928 officio
1901 1869 2057 1946 quod
2086 1869 2171 1927 illi
2198 1870 2367 1929 unice
2395 1874 2684 1948 competit,
2715 1883 2780 1933 ut
2808 1875 2885 1932 sit

466 1954 753 2031 perfectus
797 1953 1152 2031 Redemptor
1191 1960 1403 2009 noster.
1489 1951 1612 2008 Nec
1655 1950 1704 2007 si
1732 1949 1927 2008 fideles
1967 1958 2101 2008 sunt
2142 1955 2359 2030 σνηςγοὶ
2402 1951 2516 2009 Dei
2542 1952 2602 2009 in
2631 1953 2884 2030 applica-

468 2035 622 2093 tione
674 2034 893 2107 salutiS,
925 2032 1001 2090 ad
1042 2053 1214 2109 quam
1256 2030 1476 2107 aliquid
1519 2028 1774 2087 conferre
1804 2028 2017 2087 debent
2046 2052 2060 2104 ;
2121 2030 2263 2088 Ideo
2292 2040 2534 2106 possunt
2561 2031 2648 2088 illi
2675 2053 2881 2110 coope-

467 2114 582 2172 rari
611 2115 670 2170 in
700 2115 826 2190 ejus
855 2113 1253 2189 acquisitione,
1285 2110 1358 2168 ad
1397 2130 1568 2187 quam
1601 2109 1744 2166 nihil
1773 2108 2029 2167 conferre
2057 2118 2316 2186 possunt.

549 2194 739 2251 XIII.
785 2198 840 2251 2.
886 2193 1019 2250 Non
1047 2192 1252 2250 melius
1280 2198 1522 2268 possunt
1550 2189 1703 2247 elabi
1731 2188 2141 2264 distinguendo
2174 2191 2449 2248 “reatum
2480 2191 2663 2267 culpae
2685 2199 2743 2249 et
2758 2212 2881 2270 poe-

469 2293 575 2347 nae,
608 2282 666 2331 et
696 2272 988 2331 Christum
1036 2272 1269 2348 quidem
1314 2290 1417 2348 pro
1466 2270 1637 2345 culpa
1686 2267 2031 2327 satisfecisse
2060 2269 2245 2345 plene,
2279 2270 2382 2327 sed
2409 2290 2524 2327 non
2555 2272 2746 2329 statim
2776 2293 2883 2349 pro

466 2373 652 2429 poena,
687 2353 780 2410 vel
810 2373 910 2429 pro
940 2372 1110 2428 poena
1138 2360 1367 2424 aeterna,
1399 2349 1503 2407 sed
1549 2369 1667 2407 non
1704 2368 1809 2425 pro
1836 2349 2153 2425 temporali,
2179 2369 2308 2425 quse
2337 2350 2586 2426 supersit
2612 2351 2882 2410 fidelibus

468 2432 698 2508 luenda,
728 2432 825 2490 vel
867 2432 928 2489 in
972 2432 1096 2506 hac,
1128 2430 1225 2489 vel
1252 2431 1313 2487 in
1343 2431 1523 2488 altera
1548 2428 1731 2487 vita.''
1817 2427 1965 2502 Quia
1991 2436 2371 2504 praeterquam
2401 2430 2554 2506 quod
2590 2431 2884 2508 Scriptura

466 2513 695 2588 plenam
725 2520 782 2569 et
810 2511 1095 2587 integram
1143 2510 1536 2568 remissionem
1565 2508 1820 2567 omnium
1848 2516 2213 2584 peccatorum
2245 2509 2459 2567 Christi
2493 2510 2882 2569 Satisfactioni

467 2592 687 2664 tribuit,
717 2611 819 2667 per
848 2611 1020 2666 quam
1048 2590 1210 2648 nulla
1239 2590 1313 2647 sit
1340 2589 1481 2665 ipsis
1510 2588 1757 2665 amplius
1786 2586 2202 2664 condemnatiO,
2239 2588 2406 2648 Rom.
2435 2590 2558 2648 viii.
2594 2593 2644 2665 1,
2677 2599 2734 2649 et
2761 2591 2881 2668 ple-

468 2691 541 2728 ne
586 2672 701 2728 sint
743 2670 1149 2742 consummati;
1211 2669 1522 2726 Distinctio
1563 2676 1654 2725 est
1681 2666 1982 2743 α’σ-ὖστατος,
2028 2689 2156 2726 cum
2201 2689 2269 2727 ea
2298 2670 2371 2728 sit
2398 2690 2584 2746 poenae
2613 2679 2671 2729 et
2698 2671 2883 2748 culpae

469 2749 818 2825 conjuncti0‚
850 2758 915 2806 ut
943 2749 1170 2806 sublata
1198 2748 1368 2824 culpa
1395 2755 1667 2822 tanquam
1697 2767 1886 2819 causa,
1917 2748 2240 2806 necessario
2268 2749 2394 2826 ipsa
2419 2770 2606 2826 poena,
2638 2770 2767 2826 quae
2795 2760 2886 2810 est

467 2828 705 2888 effectus
728 2828 929 2903 culpae,
955 2827 1211 2885 tollenda
1234 2828 1324 2900 sit,
1350 2846 1456 2885 nec
1476 2826 1636 2884 aliud
1659 2827 1733 2885 sit
1755 2827 2015 2884 remissio
2038 2829 2239 2905 culpae,
2260 2848 2432 2904 quam
2454 2830 2787 2888 immunitas
2803 2831 2880 2888 ab

468 2908 623 2967 omni
641 2927 826 2985 poena,
852 2908 990 2985 quia
1007 2907 1237 2965 nonnisi
1254 2906 1464 2984 injuste
1493 2906 1677 2983 possit
1693 2925 1865 2983 poena
1893 2907 2095 2985 infligi,
2126 2908 2227 2967 ubi
2247 2909 2407 2967 nulla
2420 2909 2665 2986 amplius
2683 2930 2880 2968 occur-

468 2989 543 3047 rit
571 2988 756 3064 culpa,
789 2997 854 3047 ut
896 2988 1172 3064 injustum
1216 2994 1368 3045 esset
1409 2986 1644 3062 exigere
1687 2985 2032 3045 solutionem
2074 2987 2256 3046 debiti
2284 2989 2476 3063 soluti,
2508 2989 2602 3046 vel
2633 2990 2876 3048 remissi.

550 3068 729 3126 XIV.
782 3072 836 3127 3.
892 3070 927 3101 “
952 3068 1244 3126 Christum
1278 3067 1310 3093 '’
1341 3067 1546 3126 volunt
1578 3069 1614 3099 “
1637 3066 1982 3125 satisfecisse
2012 3067 2184 3125 etiam
2214 3087 2316 3144 pro
2357 3088 2530 3145 poena
2558 3070 2878 3146 temporali,

466 3170 580 3208 non
611 3149 956 3224 immediate,
990 3147 1092 3207 sed
1114 3148 1380 3222 mediate,
1412 3155 1695 3223 quatenus
1725 3146 1782 3203 in
1811 3146 1981 3205 nobis
2002 3155 2061 3204 et
2087 3167 2188 3223 per
2214 3167 2321 3205 nos
2351 3148 2688 3206 satisfacit.''
2766 3148 2883 3207 Sed

471 3233 523 3287 1.
557 3230 702 3289 Haec
721 3238 933 3288 temere
956 3229 1226 3287 dicuntur
1255 3228 1377 3286 sine
1404 3228 1525 3285 ulla
1557 3227 1866 3303 Scripturae
1895 3226 2257 3285 authoritate.
2288 3231 2343 3285 2.
2377 3228 2723 3302 Periculose,
2746 3229 2885 3305 quia

467 3310 550 3368 sic
578 3310 937 3367 associantur
963 3309 1225 3366 homines
1254 3327 1385 3366 cum
1408 3307 1638 3365 Christo
1667 3306 1743 3364 ad
1765 3306 2229 3381 satisfactionem,
2263 3315 2327 3365 ut
2354 3327 2469 3365 non
2500 3308 2575 3366 sit
2592 3309 2717 3385 jam
2746 3329 2880 3366 nos·

467 3397 555 3447 ter
583 3409 657 3445 ex
686 3408 814 3446 asse
845 3388 1214 3463 Redemptor,
1246 3387 1384 3463 quia
1422 3386 1703 3444 redimere
1745 3393 1804 3444 et
1831 3385 2158 3444 satisfacere
2188 3387 2573 3463 aequipollent,
2606 3407 2735 3446 cum
2766 3407 2881 3445 non

467 3467 635 3524 aliter
674 3466 919 3523 redimat
960 3485 1133 3541 quam
1176 3464 1598 3523 satisfaciendo.
1658 3470 1713 3525 3.
1773 3466 1948 3523 Falso
1991 3475 2049 3524 et
2090 3475 2288 3524 contra
2341 3466 2710 3544 Scripturam,
2751 3488 2880 3544 quae

466 3545 674 3603 asserit
696 3544 988 3603 Christum
1028 3544 1205 3602 semel
1251 3543 1598 3603 satisfecisse
1638 3565 1740 3622 per
1785 3545 2055 3622 seipsum,
2085 3565 2201 3603 non
2240 3565 2378 3604 vero
2406 3547 2663 3623 quotidie
2692 3548 2880 3606 adhuc

469 3623 798 3683 satisfacere
821 3643 924 3700 per
951 3623 1113 3681 alios.

548 3703 694 3761 XV.
754 3703 933 3762 Porro
975 3703 1099 3762 haec
1139 3701 1414 3779 perfectio
1460 3703 1880 3763 Satisfactionis
1909 3726 1944 3763 a
1970 3705 2138 3764 nobis
2165 3715 2403 3780 asserta,
2436 3705 2681 3765 destruit
2707 3706 2879 3765 etiam

466 3791 853 3843 commentum
891 3782 1346 3860 acceptilationis
1373 3784 1764 3860 excogitatum
1794 3805 1830 3843 a
1858 3786 2419 3845 RemonstrantibuS.
2465 3786 2616 3844 Nam
2643 3786 2742 3844 ubi
2772 3786 2873 3843 da-

465 3873 561 3924 tur
602 3865 858 3942 perfecta
902 3864 1129 3938 soluti0‚
1162 3883 1276 3920 non
1305 3871 1497 3939 potest
1522 3864 1687 3923 locus
1715 3884 1840 3923 esse
1869 3865 2309 3942 acceptilationi,
2342 3866 2477 3942 quia
2505 3866 2565 3922 in
2594 3866 2878 3924 solutione

464 3965 582 4004 non
624 3944 940 4004 attenditur
968 3944 1172 4020 gratia,
1204 3943 1306 4001 sed
1335 3943 1743 4002 satisfactionis
1791 3944 2106 4021 plenitud0‚
2138 3965 2268 4021 quse
2304 3964 2422 4003 non
2450 3945 2631 4004 oritur
2655 3954 2881 4004 tantum

467 4045 543 4084 ex
600 4024 879 4083 solventis
928 4024 1227 4100 dignitate,
1281 4022 1385 4082 sed
1430 4023 1601 4081 etiam
1652 4044 1728 4082 ex
1781 4024 1953 4101 pretii
2001 4024 2173 4082 soluti
2224 4025 2549 4102 aequalitate
2578 4033 2637 4084 et
2663 4026 2877 4083 valore.

466 4104 635 4179 Quod
660 4105 901 4164 ulterius
945 4105 1119 4162 etiam
1169 4103 1554 4177 confirmatur,
1586 4122 1661 4160 ex
1710 4123 1779 4161 eo
1828 4104 1984 4181 quod
2014 4105 2276 4163 Christus
2305 4104 2515 4163 dicitur
2542 4105 2771 4163 venisse
2799 4104 2875 4162 ad

462 4184 817 4262 implendum
861 4180 1115 4259 δικαιωμα
1156 4203 1259 4241 seu
1284 4186 1386 4257 jus
1412 4184 1597 4258 Leqis,
1632 4183 1799 4240 Rom.
1829 4183 1951 4241 viii.
1984 4187 2038 4258 3,
2071 4188 2126 4258 4,
2159 4183 2421 4242 faciendo
2465 4184 2685 4243 scilicet
2726 4184 2881 4262 quod

462 4284 579 4322 non
598 4272 927 4340 poteramus
980 4283 1087 4320 nos
1132 4262 1241 4338 ipsi
1270 4270 1541 4338 praestare
1571 4272 1805 4339 propter
1830 4263 2225 4339 impotentiam
2257 4264 2452 4341 Legis.
2534 4265 2674 4324 Jam
2703 4265 2751 4322 si
2779 4282 2882 4341 per

465 4343 678 4402 Christi
709 4342 1158 4401 satisfactionem
1195 4343 1296 4419 jus
1349 4342 1499 4420 legis
1554 4342 1616 4399 iu
1659 4342 1827 4401 nobis
1877 4342 2174 4419 impletum
2204 4352 2308 4418 est,
2341 4342 2542 4402 debuit
2569 4364 2697 4403 esse
2725 4343 2875 4401 adae-

461 4433 637 4499 quata
679 4422 828 4499 legis
862 4422 1151 4498 postulato
1183 4442 1196 4496 3
1257 4421 1405 4478 Nam
1452 4421 1501 4479 si
1538 4442 1642 4499 per
1670 4422 1912 4499 gratiam
1942 4423 2398 4499 acceptilationis
2425 4423 2628 4482 fuisset
2655 4433 2878 4481 tantum

462 4521 497 4559 a
527 4502 653 4560 Deo
683 4510 995 4578 acceptata,
1026 4520 1142 4558 non
1156 4500 1257 4576 jus
1285 4500 1451 4576 legis,
1484 4501 1587 4560 sed
1607 4503 1707 4578 jus
1736 4502 1936 4578 gratiae
1966 4503 2025 4559 in
2047 4503 2215 4560 nobis
2242 4503 2446 4561 fuisset
2464 4503 2780 4581 impletum.

544 4581 724 4638 XVI.
784 4581 1009 4639 Deinde
1045 4598 1164 4637 non
1217 4586 1407 4656 potest
1462 4581 1588 4639 dari
1635 4582 2012 4658 acceptilatiO,
2044 4582 2180 4658 quia
2209 4582 2472 4642 Christus
2502 4602 2730 4641 omnem
2757 4602 2878 4659 poe-

461 4678 595 4717 nam
625 4659 792 4717 nobis
821 4659 1074 4718 debitam
1108 4659 1168 4717 in
1198 4677 1260 4717 se
1288 4659 1520 4736 recepit,
1554 4660 1670 4721 Isa.
1700 4660 1804 4719 liii.
1835 4664 1889 4736 6,
1923 4666 1977 4739 7,
2010 4664 2065 4737 8,
2097 4672 2155 4720 et
2184 4682 2314 4739 quae
2343 4663 2598 4722 omnium
2625 4662 2881 4721 maxima
