3221 5200
493 345 609 402 398
1329 361 1510 402 Locus
1540 362 1801 402 Decimus
1828 360 2116 411 otmarus.
2488 341 2743 423 [Quaesr.
2775 364 2907 405 xm.

489 500 647 579 quod
688 501 875 576 debet,
922 521 1024 579 pro
1066 500 1247 560 altero
1291 502 1588 561 satisfacit.
1677 504 1769 561 Ita
1812 504 2075 562 Christus
2116 502 2216 580 qui
2256 522 2374 561 non
2416 524 2520 580 pro
2550 524 2627 579 se,
2671 504 2772 563 sed
2799 525 2905 582 pro

490 582 657 639 nobis
685 583 857 640 homo
886 582 1073 640 factus
1103 590 1205 655 est,
1237 602 1354 639 non
1382 602 1485 659 pro
1515 603 1593 657 sc,
1628 583 1730 641 sed
1759 603 1861 659 pro
1890 583 2058 641 nobis
2089 583 2307 659 Legem
2337 583 2538 642 debuit
2563 584 2801 661 implere
2829 585 2906 643 ad

490 662 670 720 vitam
693 661 1038 735 merendam,
1064 661 1220 738 quod
1244 662 1337 720 hic
1355 662 1415 719 in
1440 662 1669 720 Christo
1699 663 1964 721 occurrit.
2009 663 2222 737 TertiO,
2255 663 2392 721 licet
2422 664 2686 722 Christus
2712 664 2904 742 quoad

492 760 553 799 se
584 741 937 816 subjectione
980 742 1227 799 naturali
1262 762 1377 817 qua
1406 743 1681 800 Creatura
1709 743 1879 800 fuerit
1909 742 2016 800 sub
2047 742 2239 818 Lege3
2285 763 2399 801 non
2442 752 2634 801 tamen
2677 745 2903 821 subjec-

490 821 646 879 tione
676 820 936 879 foederali
958 829 1016 880 et
1035 822 1403 895 oeconomica,
1436 831 1501 879 ut
1521 822 1703 880 vitam
1731 843 1834 899 per
1858 823 2075 898 Legem
2105 831 2565 898 consequeretur,
2597 833 2654 882 et
2679 824 2903 881 Vadem

492 918 553 958 se
581 900 710 958 loco
733 910 1097 977 peccatorum
1128 901 1387 975 sisteret3
1419 903 1530 959 hoc
1558 901 1712 959 enim
1742 902 1851 959 fuit
1877 902 2218 960 voluntariae
2247 901 2692 978 dispensationis
2720 922 2899 979 opus;

491 979 570 1037 Et
598 980 740 1037 nihil
772 980 886 1038 tale
914 1000 1017 1056 pro
1047 1000 1107 1038 se
1138 980 1339 1038 debuit
1372 1003 1385 1039 ι
1471 982 1593 1039 Nec
1622 981 1814 1058 quoad
1844 982 2174 1055 Personam,
2220 990 2417 1058 utpote
2458 982 2760 1061 θῑαίιθςοπος
2791 983 2902 1039 Dei

493 1058 695 1133 Filius,
728 1069 786 1117 et
818 1060 1101 1118 Dominus
1148 1060 1357 1136 Legis;
1431 1061 1553 1119 Nec
1581 1062 1773 1137 quoad
1801 1070 2065 1119 naturam
2095 1062 2420 1135 humanam,
2465 1062 2587 1120 sive
2617 1062 2898 1135 absolute,

491 1139 615 1197 sive
643 1139 997 1214 respective;
1043 1160 1159 1198 non
1196 1140 1476 1214 absolute,
1522 1151 1646 1199 tum
1674 1142 1810 1218 quia
1837 1151 2042 1199 natura
2070 1141 2319 1198 humana
2345 1141 2617 1218 adjuncta
2644 1150 2733 1200 est
2762 1142 2898 1199 Per-

492 1238 648 1277 sonae
670 1220 853 1294 Λόγου,
880 1239 1010 1295 quae
1040 1229 1104 1277 ιιι
1132 1240 1249 1277 non
1278 1220 1386 1279 fuit
1414 1221 1679 1294 subjecta
1695 1222 1855 1298 Legi,
1877 1222 1958 1279 ita
1985 1241 2092 1278 nec
2121 1229 2326 1278 natura
2355 1222 2428 1279 ab
2457 1222 2582 1297 ipsa
2610 1232 2903 1297 assumpta

491 1318 560 1357 eo
606 1318 816 1376 sensu;
863 1308 984 1358 tum
1023 1300 1159 1375 quia
1187 1299 1340 1357 utin
1381 1301 1770 1376 assumptione
1814 1302 2078 1359 humanae
2122 1308 2340 1358 naturae
2384 1301 2597 1360 Christi
2640 1302 2902 1359 consistit

491 1378 826 1453 exinanitiO,
872 1379 952 1437 ita
994 1381 1165 1437 etiam
1194 1379 1255 1435 in
1283 1380 1355 1437 iis
1383 1400 1513 1456 quae
1542 1401 1618 1438 ex
1648 1381 1754 1438 hac
1811 1380 2202 1456 assumptione
2244 1381 2540 1454 resultant,
2586 1381 2774 1456 qualis
2815 1390 2904 1438 est

493 1459 777 1535 subjectio
808 1459 990 1535 Legi;
1036 1479 1151 1518 non
1194 1460 1531 1536 respective,
1577 1461 1714 1536 quia
1745 1460 2007 1519 Christus
2035 1480 2151 1536 qua
2176 1460 2348 1517 homo
2378 1480 2492 1518 non
2523 1460 2630 1518 fuit
2657 1460 2896 1518 adstric-

490 1547 585 1596 tus
626 1538 858 1596 Foederi
901 1538 1121 1615 Legali,
1166 1546 1365 1614 utpote
1407 1538 1561 1615 quod
1589 1540 1661 1596 ad
1694 1540 1824 1598 illos
1854 1548 2074 1598 tantum
2117 1539 2414 1617 pertineat,
2459 1559 2605 1615 quos
2637 1539 2901 1597 Adamus

491 1618 552 1675 in
585 1618 687 1676 illa
728 1619 991 1695 pactione
1037 1620 1485 1694 repraesentavit,
1517 1619 1618 1696 qui
1660 1620 1880 1677 scilicet
1921 1620 1994 1677 ab
2032 1638 2101 1677 eo
2143 1619 2476 1677 naturaliter
2522 1619 2898 1678 descendunt.

496 1697 720 1756 Deinde
749 1718 865 1755 non
894 1718 1038 1775 opus
1080 1698 1282 1755 habuit
1327 1699 1437 1756 sibi
1482 1700 1776 1775 acquirere
1825 1699 2054 1776 propria
2102 1697 2428 1757 obedientia
2455 1700 2499 1757 J
2503 1718 2570 1757 us
2599 1698 2673 1756 ad
2701 1700 2897 1774 vitam,

492 1778 649 1854 quod
693 1798 768 1835 ex
800 1778 1029 1836 Unione
1069 1798 1199 1835 cum
1236 1777 1385 1854 Λόγῳ
1422 1779 1743 1837 necessario
1791 1779 2095 1855 pendebat.
2203 1778 2374 1836 Unde
2425 1778 2684 1855 sequitur
2728 1779 2899 1837 talem

494 1856 880 1916 obedientiam
914 1858 1244 1916 foederalem
1275 1858 1567 1916 Christum
1608 1858 1877 1917 debuisse
1917 1879 2022 1935 pro
2064 1857 2248 1933 uobis,
2289 1866 2354 1916 ut
2393 1857 2756 1934 Sponsorem,
2800 1858 2899 1934 qui

494 1957 768 2014 personas
811 1946 1038 1996 nostras
1080 1946 1531 2013 repraesentaret.

576 2017 860 2075 XXVII.
925 2018 1203 2091 Quamvis
1246 2038 1383 2075 vero
1428 2018 1691 2076 Christus
1735 2018 1953 2095 Legem
1996 2017 2320 2093 impleverit
2357 2037 2460 2093 pro
2502 2018 2670 2075 nobis
2711 2017 2902 2092 quoad

492 2094 895 2172 obedientiam,
939 2117 1057 2154 non
1099 2106 1291 2173 potest
1337 2098 1537 2174 colligi
1583 2117 1691 2156 nos
1739 2117 1855 2155 non
1895 2097 2141 2174 amplius
2184 2096 2365 2155 teneri
2404 2097 2478 2154 ad
2517 2097 2898 2155 obedientiam

497 2177 623 2235 Deo
672 2176 1093 2253 praestandam:
1182 2176 1454 2253 Sequitur
1502 2177 1735 2253 quidem
1778 2197 1884 2235 nos
1913 2177 1986 2234 ad
2016 2196 2142 2234 eam
2169 2196 2286 2233 non
2328 2176 2511 2234 teneri
2552 2176 2798 2235 eundem
2838 2176 2899 2233 in

490 2255 681 2331 finem,
735 2265 793 2314 et
839 2256 1040 2314 eadem
1090 2255 1161 2313 de
1210 2276 1399 2330 causa,
1446 2258 1668 2317 scilicet
1695 2264 1760 2315 ut
1788 2277 1889 2333 per
1929 2276 2054 2313 eam
2083 2256 2367 2330 vivamus,
2420 2276 2493 2314 ex
2545 2257 2899 2332 subjectione

492 2335 780 2394 soederali:
829 2336 944 2394 Sed
973 2357 1088 2394 non
1116 2336 1328 2411 obstat,
1354 2338 1662 2411 quominus
1690 2357 1793 2413 per
1819 2336 2235 2413 subjectionem
2263 2336 2583 2394 naturalem
2606 2345 2900 2394 teneamur

491 2415 567 2473 ad
595 2416 747 2473 idem
777 2416 1117 2492 obsequium
1149 2416 1274 2474 Deo
1316 2417 1722 2492 praestandum,
1767 2436 1882 2474 non
1911 2424 1977 2474 ut
2004 2416 2287 2488 vivamuS,
2334 2415 2436 2473 sed
2464 2416 2600 2491 quia
2627 2416 2897 2489 vivimuS‚

492 2515 609 2553 non
639 2504 702 2554 ut
721 2496 821 2571 jus
851 2495 1214 2571 acquiramus
1242 2495 1317 2552 ad
1345 2496 1542 2569 vitam,
1574 2496 1677 2553 sed
1707 2503 1770 2553 ut
1791 2495 1942 2571 juris
1971 2495 2235 2571 acquisiti
2278 2495 2699 2570 possessionem
2729 2494 2906 2552 adea-⁷

493 2595 638 2634 muS.
745 2574 1063 2649 Quomod0,
1107 2575 1244 2633 licet
1293 2575 1557 2634 Christus
1604 2584 1865 2634 mortuus
1913 2575 1991 2634 sit
2039 2595 2141 2651 pro
2190 2574 2374 2648 nobiS,
2421 2595 2537 2632 non
2586 2574 2900 2632 desinimus

494 2655 665 2713 morti
692 2655 880 2711 adhuc
909 2674 1035 2711 esse
1066 2654 1319 2728 obnoxii,
1366 2674 1481 2711 non
1509 2655 1583 2711 ad
1613 2674 1858 2731 poenam,
1904 2655 2007 2712 sed
2035 2655 2109 2712 ad
2137 2655 2398 2714 salutem.

576 2733 897 2790 XXVIII.
945 2732 1084 2790 Alia
1118 2742 1207 2790 est
1234 2735 1461 2807 justitia
1478 2735 1816 2806 innoc-entim,
1848 2755 2026 2811 quum
2044 2735 2174 2810 quis
2205 2735 2418 2793 nullius
2435 2734 2619 2810 culpae
2637 2753 2768 2792 reus
2791 2743 2895 2808 est,

496 2812 635 2870 Alia
647 2814 1099 2887 perseverantia»,
1117 2813 1209 2869 cui
1230 2813 1527 2888 praemium
1555 2813 1798 2871 debetur
1826 2821 2058 2891 propter
2084 2814 2404 2889 praestitum
2432 2814 2696 2872 officium.
2784 2813 2897 2872 Re-

493 2892 691 2950 missio
733 2899 1098 2969 peccatorum
1128 2893 1368 2968 primam
1396 2891 1562 2950 affert
1581 2893 1885 2970 justitiam,
1918 2894 2230 2951 auferendo
2272 2903 2494 2953 reatum
2535 2901 2898 2970 peccatorum

495 2972 948 3045 commissorum,
981 2972 1084 3030 sed
1132 2992 1248 3030 non
1278 2971 1408 3030 ideo
1456 2981 1587 3049 post
1645 2993 1704 3031 se
1736 2974 1910 3033 trahit
1933 2973 2222 3049 justitiam
2252 2974 2710 3049 perseverantiae,
2736 2974 2903 3049 quasi

494 3053 545 3110 is
574 3051 667 3110 cui
709 3051 1009 3128 contingit,
1042 3053 1229 3129 reipsa
1258 3054 1450 3111 omnia
1490 3054 1839 3130 praestiterit.
1885 3053 2068 3111 Aliud
2097 3062 2185 3112 est
2225 3073 2260 3110 a
2289 3053 2482 3111 debita
2511 3053 2680 3111 officii
2731 3054 2899 3111 omis-

495 3132 643 3192 sioni
691 3153 863 3210 poena
903 3133 1154 3209 aliquem
1197 3133 1457 3209 liberare,
1504 3133 1689 3192 Aliud
1726 3154 1857 3192 eum
1907 3134 2095 3209 reipsa
2143 3153 2374 3191 censere
2417 3133 2640 3209 justum
2675 3133 2904 3209 justitia

496 3213 958 3291 perseverantiae,
983 3214 1078 3271 cui
1111 3213 1233 3271 vita
1259 3214 1543 3290 promissa
1597 3223 1702 3288 est,
1734 3215 1898 3289 quasi
1934 3214 2080 3271 nihil
2125 3213 2260 3270 boni
2303 3212 2575 3287 omiserit,
2623 3213 2720 3270 vel
2767 3212 2903 3270 mali

497 3294 862 3352 commiserit.
910 3293 1078 3350 Prius
1107 3313 1209 3368 per
1250 3295 1644 3352 remissionem
1687 3294 1993 3367 obtinetur,
2026 3292 2130 3351 sed
2156 3311 2273 3349 non
2301 3291 2603 3368 posterius,
2637 3293 2793 3367 quod
2821 3291 2904 3349 rei

496 3373 744 3447 veritati,
776 3381 836 3430 et
871 3373 1032 3448 justo
1064 3372 1177 3428 Dei
1204 3372 1427 3447 judicio
1468 3382 1833 3448 repugnaret.
1919 3371 2205 3429 Remissio
2247 3370 2467 3445 peccati
2507 3389 2624 3426 non
2667 3371 2804 3428 facit
2842 3380 2907 3429 ut

498 3471 614 3508 non
637 3453 713 3508 sit
733 3458 1047 3526 peceatum,
1071 3449 1173 3507 sed
1190 3459 1254 3507 ut
1276 3470 1389 3508 non
1410 3451 1724 3526 imputetur
1748 3473 1761 3509 t
1786 3450 1937 3508 tollit
1957 3457 2179 3507 tantum
2202 3457 2421 3506 reatum
2439 3448 2677 3522 peccati,
2698 3457 2756 3505 et
2769 3468 2902 3505 con·

499 3538 804 3604 sequenter
857 3528 984 3603 ejus
1025 3546 1270 3602 poenam,
1316 3529 1420 3586 sed
1460 3529 1745 3586 maculam
1774 3548 1889 3585 non
1916 3527 2118 3585 aufert.
2165 3528 2258 3584 Ita
2304 3526 2523 3583 censeri
2580 3527 2718 3583 nihil
2769 3528 2910 3584 mali

500 3607 828 3665 commisisse
855 3615 909 3663 et
934 3606 1073 3663 m'lzil
1090 3605 1332 3663 omisisse
1353 3609 1494 3682 boni,
1517 3607 1780 3665 bifariam
1809 3614 1998 3682 potest
2025 3605 2291 3680 intelligi,
2320 3604 2431 3661 Vel
2454 3607 2646 3678 quoad
2655 3625 2901 3679 poenam,

499 3694 565 3744 nt
592 3704 709 3744 non
735 3684 922 3762 magis
951 3683 1269 3761 puniamur,
1293 3705 1465 3761 quam
1494 3685 1542 3742 si
1571 3685 1760 3761 reipsa
1787 3685 1933 3742 nihil
1947 3684 2086 3741 mali
2114 3683 2614 3758 commisissemus,
2637 3684 2733 3741 vel
2761 3685 2908 3742 nihil

501 3766 895 3825 omisissemus
922 3764 1077 3839 boni,
1108 3784 1223 3840 quo
1267 3784 1439 3823 sensu
1481 3785 1684 3823 verum
1713 3773 1816 3840 est,
1841 3784 1944 3841 per
1970 3763 2366 3822 remissionem
2395 3772 2761 3840 peccatorum
2785 3786 2904 3824 om·

501 3846 663 3904 nium
691 3865 797 3903 nos
818 3845 877 3903 in
905 3865 974 3904 eo
1018 3853 1171 3903 statu
1199 3845 1484 3919 collocari,
1516 3845 1653 3921 quia
1680 3845 1989 3902 liberamur
2015 3843 2088 3901 ab
2117 3844 2272 3901 omni
2300 3865 2487 3921 poena,
2518 3865 2648 3920 quae
2677 3855 2909 3922 propter

503 3947 572 3987 ea
593 3926 790 3985 debita
816 3934 1001 4000 esset3
1032 3925 1147 3983 Vel
1169 3928 1363 4001 quoad
1375 3926 1695 4000 praemium,
1727 3934 1793 3983 ut
1818 3925 1868 3983 is
1886 3924 1985 4001 qui
2008 3932 2273 3982 censetur
2298 3925 2443 3982 nihil
2461 3924 2722 3983 omisisse
2750 3925 2904 4000 boni,

504 4016 562 4067 et
581 4007 726 4065 nihil
744 4006 1099 4065 commisisse
1121 4004 1275 4080 mali,
1293 4006 1587 4081 judicetur
1603 4026 1639 4063 a
1664 4005 1789 4063 Deo
1812 4005 2003 4063 omnia
2015 4003 2236 4080 fecisse,
2259 4024 2388 4081 quse
2408 4005 2730 4062 necessaria
2746 4011 2910 4063 erant

505 4088 580 4146 ad
626 4088 806 4146 vitam
851 4085 1350 4163 consequendam3
1395 4095 1454 4144 et
1498 4086 1581 4144 sic
1628 4086 1834 4143 falsum
1869 4093 1958 4144 est
1986 4105 2116 4143 eum
2159 4086 2252 4144 cuj
2279 4085 2648 4143 remittuntur
2674 4096 2910 4160 peccata

504 4188 573 4227 eo
602 4168 729 4226 loco
770 4167 1008 4240 censeri,
1041 4167 1176 4243 quia
1204 4165 1463 4224 remissio
1508 4165 1647 4224 facit
1684 4166 1916 4242 quidem
1945 4174 2010 4224 ut
2038 4185 2208 4241 poena
2252 4165 2502 4238 tollatur,
2551 4163 2653 4222 sed
2700 4183 2818 4221 non
2844 4171 2909 4221 ut

508 4249 667 4305 Deus
697 4255 911 4305 statuat
938 4255 1294 4323 peccatorem
1329 4246 1475 4303 nihil
1502 4245 1832 4322 deliquisse,
1879 4245 1982 4303 sed
2009 4264 2208 4303 omnes
2255 4253 2447 4320 partes
2475 4243 2645 4301 officii
2686 4244 2775 4300 sui
2803 4243 2907 4299 im-

504 4327 772 4404 plevisse,
798 4334 856 4384 et
883 4345 1010 4384 esse
1031 4327 1271 4401 justum,
1293 4326 1449 4402 quod
1472 4325 1699 4383 veritati
1724 4332 2102 4402 repugnaret;
2134 4323 2299 4400 quasi
2328 4343 2459 4381 reus
2487 4323 2669 4400 possit
2689 4322 2909 4380 censeri

498 4407 711 4482 justus,
743 4405 879 4481 quia
907 4405 1148 4481 supplici
1193 4413 1251 4462 et
1278 4405 1574 4463 confitenti
1600 4406 1644 4463 J
1649 4405 1802 4463 udex
1827 4404 2074 4481 ignovit.

588 4484 845 4542 XXIX.
895 4485 1054 4542 Deus
1082 4503 1198 4540 non
1226 4494 1416 4559 potest
1443 4485 1699 4542 accusari
1728 4484 1885 4560 quod
1919 4483 2117 4558 exigat
2146 4479 2289 4539 duas
2318 4482 2633 4540 solutiones
2652 4481 2909 4557 ejusdem

504 4564 704 4636 debiti,
734 4564 873 4639 quia
921 4584 1050 4622 cum
1091 4564 1218 4620 Lex
1267 4563 1487 4640 obliget
1522 4573 1854 4640 peccatores
1908 4561 1982 4619 ad
2025 4560 2406 4619 obedientiam
2452 4570 2510 4619 et
2553 4581 2798 4638 poenam,
2845 4568 2912 4619 ut

500 4642 625 4717 jam
653 4642 886 4715 dictum,
933 4643 1229 4719 passiones
1270 4651 1329 4699 et
1369 4643 1626 4700 actiones
1672 4641 1903 4715 Christi,
1935 4660 2048 4697 non
2079 4640 2436 4699 constituunt
2477 4639 2763 4718 duplicem
2821 4661 2910 4698 so-
