3221 5200
281 394 503 442 ραι-ΒΤ.
539 374 627 455 x.]
1023 391 1100 428 m:
1124 391 1356 431 ornem
1386 391 1620 430 cums'n
1657 388 2041 428 namneum.
2588 382 2707 438 369

274 536 447 594 modo
474 556 676 595 sumus
702 538 986 604 enm-0764
1016 552 1212 590 osores
1259 533 1387 607 Dei,
1434 533 1536 591 sed
1569 534 1730 590 Deus
1773 530 1896 607 ipse
1943 550 2047 587 nos
2077 528 2210 587 odio
2259 531 2435 591 habet
2478 546 2535 593 et
2570 557 2700 597 cum

270 615 671 693 indignatione
702 614 951 691 respicit,
1004 613 1101 670 vel
1128 614 1391 687 criminis,
1439 634 1555 690 quo
1596 613 1679 671 rei
1709 629 1907 669 sumus
1938 609 2137 667 mortis
2166 619 2224 667 ct
2273 612 2695 678 maledictionis

269 706 499 755 aeternae
551 715 743 754 coram
776 695 901 753 Deo
930 692 1130 750 mundi
1175 694 1421 751 Rectore
1465 702 1522 752 et
1573 711 1841 770 supremo
1872 689 2103 748 Judicc.
2153 690 2323 748 Unde
2363 706 2695 769 peccatores

267 776 441 834 modo
491 778 762 834 debitores
802 782 1099 847 vocantur,
1144 774 1353 831 Matth.
1385 774 1463 831 vi.
1515 778 1605 848 12,
1638 771 1810 830 modo
1840 772 1998 850 ἐχθςοὶ
2027 770 2237 827 inimici
2264 772 2390 847 Dei,
2437 782 2554 832 tam
2599 800 2691 837 ac-

266 855 387 914 tive
436 877 609 933 quam
656 854 905 932 passive,
954 853 1076 912 Col.
1116 852 1155 911 i.
1201 856 1295 927 21,
1328 854 1501 912 modo
1531 854 1647 912 Rei
1671 861 1726 912 et
1757 850 1977 911 ὑπόδικοι
2004 855 2078 925 τᾷ
2108 855 2237 926 (Ξιᾷ,
2273 852 2441 911 Rom.
2477 855 2555 914 iii.
2592 861 2688 918 19.

270 936 441 994 Unde
472 937 768 1014 colligitur
794 935 905 993 tria
933 933 1008 990 ad
1038 933 1515 1009 Redemptionem
1558 942 1814 991 nostram
1845 932 2019 989 fuisse
2049 930 2342 1006 requisita,
2395 934 2476 993 Ut
2526 937 2686 997 debi-

262 1025 385 1074 tum
415 1018 637 1093 peccati
666 1016 1004 1089 solveretur,
1036 1023 1101 1071 ut
1129 1013 1325 1071 odium
1370 1014 1480 1072 Dei
1523 1024 1582 1072 et
1631 1014 1717 1071 ira
1743 1012 2082 1090 placaretur,
2134 1019 2192 1068 et
2240 1021 2304 1071 ut
2350 1023 2540 1074 reatus
2584 1039 2688 1076 ex-

310 1096 541 1155 iaretur.

267 1116 304 1172 p
346 1176 493 1235 VII.
540 1176 736 1252 Atque
765 1175 900 1233 hinc
930 1172 1182 1232 secundo
1212 1181 1417 1231 natura
1443 1172 1854 1249 satisfactionis,
1887 1192 2016 1247 quae
2046 1190 2148 1247 pro
2173 1181 2407 1247 peccato
2425 1180 2687 1251 praestari

258 1254 477 1329 debuit,
508 1257 724 1333 percipi
755 1263 960 1331 potest,
992 1253 1261 1310 nimirum
1282 1253 1471 1330 inqua
1493 1264 1609 1313 tres
1630 1254 1754 1312 istae
1777 1252 1965 1326 σχίσεις
1987 1250 2156 1308 simul
2176 1266 2534 1331 concurrant,
2557 1279 2687 1333 quae

259 1334 335 1393 sit
353 1345 410 1394 et
429 1337 598 1395 debiti
609 1337 823 1410 eolalie,
850 1343 910 1394 et
931 1335 1035 1391 έναι
1052 1334 1267 1405 divinae,
1292 1354 1392 1410 per
1413 1334 1593 1392 nostri
1613 1354 1742 1392 cum
1766 1353 1833 1389 eo
1854 1330 2393 1407 reconciliationem,
2409 1339 2681 1414 placatz‘O,

256 1422 315 1473 et
343 1426 533 1474 reatus
560 1436 663 1493 per
690 1436 873 1492 poenae
903 1413 1328 1491 perpessionem
1360 1416 1626 1489 expiatio,
1675 1413 1791 1472 Sed
1819 1422 1884 1471 ut
1915 1411 2211 1489 potissima
2253 1413 2413 1488 ratiO,
2466 1437 2594 1492 quae
2624 1419 2684 1476 in

254 1506 490 1571 peccato
520 1496 871 1554 attendenda
899 1505 1003 1567 est,
1035 1502 1123 1552 est
1171 1494 1337 1569 σχέο-ις
1366 1494 1658 1570 criminis;
1707 1494 1799 1552 Ita
1831 1492 2158 1552 Satisfactio
2201 1494 2373 1555 habet
2405 1499 2680 1557 rationem

255 1595 441 1651 poenae
472 1597 505 1633 a
535 1596 801 1652 supremo
822 1575 1019 1652 judice
1054 1574 1354 1650 impositae.

336 1656 515 1714 VIII.
566 1657 678 1713 Hic
710 1676 846 1714 vero
868 1664 1133 1713 accurate
1163 1654 1571 1731 distinguenda
1614 1663 1702 1714 est
1750 1654 1966 1731 duplex
2015 1654 2229 1727 eolalie,
2282 1675 2410 1729 quae
2460 1658 2682 1721 obtinet

253 1735 408 1810 apud
435 1737 477 1794 J
484 1736 912 1794 urisconsultos.
962 1735 1114 1805 Alia,
1146 1755 1274 1811 quae
1304 1735 1424 1811 ipso
1436 1737 1600 1808 sacto
1630 1755 1791 1793 reum
1812 1745 1871 1793 et
1892 1733 2210 1791 debitorem
2255 1736 2468 1810 liberat,
2500 1758 2677 1814 quum

252 1814 397 1872 illud
425 1816 613 1892 ipsum
644 1816 889 1874 solvitur
915 1815 1071 1891 quod
1100 1825 1189 1872 est
1218 1816 1276 1871 in
1305 1815 1675 1891 obligatione,
1710 1815 1832 1873 sive
1862 1814 1962 1871 fiat
1990 1813 2062 1870 ab
2092 1813 2216 1889 ipso
2245 1813 2521 1890 debitore,
2555 1818 2677 1877 sive

249 1895 323 1952 ab
353 1896 483 1971 alie,
517 1896 643 1973 ejus
672 1895 919 1954 nomine.
1007 1895 1161 1968 Alia,
1195 1915 1323 1970 quae
1352 1896 1473 1970 ipso
1498 1899 1663 1969 fileto
1709 1916 1821 1952 non
1863 1894 2078 1966 liberat,
2130 1913 2306 1968 quum
2358 1915 2471 1953 non
2522 1897 2676 1958 idem

250 1976 499 2047 omnine,
548 1976 704 2053 quod
733 1985 821 2034 est
848 1976 906 2033 in
937 1974 1306 2050 obligatione,
1333 1974 1435 2032 sed
1464 1975 1818 2051 aequivalens
1847 1973 2107 2046 solvitur,
2140 1994 2269 2049 quae
2298 1974 2432 2033 licet
2455 1977 2674 2053 obliga«

248 2054 462 2113 tionem
495 2057 618 2133 ipso
648 2056 798 2114 facto
828 2075 944 2113 non
973 2055 1231 2132 perimat,
1264 2054 1517 2112 admissa
1570 2065 1781 2127 tamen,
1833 2074 1964 2112 cum
2022 2053 2272 2111 recusari
2313 2068 2523 2129 posset,
2571 2079 2675 2134 pro

250 2135 638 2194 satisfactione
669 2137 930 2194 habetur.
1017 2135 1186 2209 Quod
1214 2135 1272 2191 in
1303 2134 1498 2193 debito
1527 2135 1858 2211 pecuniario
1889 2143 1947 2193 et
1975 2133 2188 2209 poenali
2217 2144 2374 2209 patet
2400 2157 2412 2208 ;
2459 2140 2672 2197 namin

248 2214 444 2274 debito
474 2216 802 2291 pecuniario
833 2215 1043 2273 solutio
1073 2214 1252 2272 debiti
1280 2214 1406 2291 ipso
1435 2215 1587 2273 facto
1632 2215 1838 2272 liberat
1883 2213 2199 2272 debitorem
2246 2234 2279 2270 a
2328 2236 2672 2293 quocunque

248 2294 386 2365 fiat3
432 2297 568 2371 quia
595 2317 709 2354 non
738 2295 1055 2354 attenditur
1080 2294 1175 2353 hic
1204 2295 1325 2370 quis
1352 2297 1547 2368 solvat,
1581 2294 1683 2353 sed
1713 2303 1933 2354 tantum
1965 2294 2104 2369 quid
2126 2296 2395 2353 solvatur.
2501 2298 2670 2358 Unde

246 2374 512 2449 creditor,
544 2384 779 2452 accepta
807 2376 1108 2449 solutione,
1142 2375 1302 2431 nulla
1329 2374 1540 2433 dicitur
1566 2375 1652 2434 uti
1676 2394 1814 2451 erga
1836 2374 2152 2432 debitorem
2204 2374 2565 2452 indulgentia
2614 2387 2672 2437 et

245 2455 597 2526 remissione,
631 2457 765 2532 quia
793 2455 1150 2514 tantumdem
1181 2455 1417 2531 accepit,
1450 2464 1728 2532 quantum
1778 2455 2111 2512 debebatur.
2201 2454 2316 2512 Sed
2367 2456 2425 2512 in
2474 2457 2670 2517 debito

242 2536 455 2611 poenali
486 2536 687 2594 eadem
715 2557 830 2594 non
860 2547 947 2595 est
976 2536 1138 2610 ratic,
1171 2536 1306 2613 quia
1335 2536 1614 2613 obligatio
1644 2556 1760 2592 non
1787 2544 2010 2593 tantum
2067 2543 2155 2592 est
2204 2535 2276 2592 de
2322 2556 2398 2609 re,
2448 2537 2550 2595 scd
2596 2538 2667 2597 de

242 2635 503 2694 persona,
536 2617 596 2676 id
625 2627 728 2692 est,
770 2638 885 2676 non
914 2617 1230 2677 attenditur
1258 2626 1480 2675 tantum
1511 2618 1652 2693 quid
1673 2620 1941 2689 solvatur,
1975 2616 2077 2674 sed
2104 2616 2277 2673 etiam
2307 2619 2429 2692 quis
2472 2623 2665 2694 solvat,

240 2696 319 2753 id.
380 2707 441 2756 ut
496 2719 668 2775 poena
723 2699 937 2756 feratur
991 2719 1025 2756 a
1080 2717 1324 2774 persona
1378 2707 1652 2774 peccante
1677 2719 1691 2772 3
1752 2698 1878 2755 Lex
1937 2697 2088 2755 enim
2151 2705 2214 2755 ut
2281 2698 2664 2760 obedientiam

239 2779 528 2854 propriam
556 2789 615 2838 et
644 2780 1001 2855 personalem
1030 2779 1301 2856 postulat,
1334 2779 1507 2836 talem
1530 2779 1703 2837 etiam
1734 2797 1962 2854 poenam
2005 2778 2206 2853 exigit.
2294 2778 2436 2837 Ideo
2486 2788 2550 2838 ut
2598 2780 2667 2837 li-

239 2856 469 2916 beretur
500 2880 630 2916 reus
661 2861 846 2935 posita
875 2859 1262 2918 satisfactione
1292 2859 1479 2916 aliena
1508 2879 1610 2917 seu
1640 2859 1872 2931 vicaria,
1905 2857 2078 2916 debet
2106 2867 2268 2916 actus
2316 2859 2581 2918 Rectoris
2608 2871 2667 2918 et

240 2937 282 2994 J
288 2938 472 2995 udicis
500 2939 870 3012 intercedere,
902 2940 1001 3014 qui
1031 2947 1293 3013 respectu
1328 2938 1502 3014 Legis
1531 2939 1743 2996 dicitur
1759 2938 2060 3010 relax-atie,
2084 2948 2348 3014 respectu
2371 2939 2666 2998 Debitoris

239 3025 297 3073 et
329 3017 453 3091 Rei,
485 3019 751 3088 remissie,
784 3020 919 3093 quia
949 3017 1256 3075 remittitur
1283 3037 1454 3092 poena
1481 3018 1726 3093 propria,
1758 3027 1816 3075 et
1844 3017 2165 3075 admittitur
2194 3018 2250 3073 in
2300 3020 2428 3094 ejus
2471 3020 2663 3078 locum

237 3101 299 3152 et
327 3105 659 3171 acceptatur
687 3097 921 3154 vicaria.
1008 3096 1078 3151 In
1108 3097 1217 3152 hoc
1246 3104 1437 3153 autem
1484 3097 1738 3171 negoti0‚
1786 3097 1923 3170 quia
1976 3106 2274 3171 peccatum
2323 3117 2437 3154 non
2487 3099 2663 3157 habet

238 3183 463 3233 tantum
500 3176 778 3233 rationem
810 3174 1007 3249 debiti,
1041 3174 1142 3231 sed
1172 3182 1229 3232 et
1258 3174 1529 3248 criminis,
1563 3174 1879 3232 satisfactio
1933 3195 2049 3230 non
2096 3183 2184 3231 est
2233 3175 2360 3249 ejus
2411 3178 2656 3250 generis,

236 3275 370 3330 qua}
400 3256 583 3331 possit
615 3256 741 3331 ipso
770 3254 922 3314 facto
952 3254 1268 3312 debitorem
1311 3253 1574 3325 liberare,
1633 3253 1747 3310 nisi
1789 3253 2024 3311 accedat
2069 3253 2301 3310 ,Iudicis
2350 3256 2575 3314 ἐπιείκεια
2605 3268 2663 3315 et

234 3335 514 3410 remissiO,
546 3336 682 3412 quia
710 3356 825 3393 non
854 3335 1098 3393 solvitur
1116 3334 1175 3391 id
1204 3333 1390 3410 ipsum
1421 3333 1576 3409 quod
1604 3342 1692 3391 est
1720 3333 1779 3389 in
1809 3332 2178 3410 obligatione,
2204 3332 2471 3392 nimirum
2491 3357 2661 3411 poena

231 3416 478 3492 propria,
511 3437 683 3492 quam
718 3417 840 3474 Lex
862 3417 1035 3491 juxta
1065 3411 1430 3495 οἷκςιβοδιῖιαιον
1451 3413 1797 3490 postulabat,
1830 3413 1931 3472 sed
1959 3422 2181 3472 tantum
2205 3414 2438 3473 vicaria.
2488 3416 2658 3476 Unde

230 3495 398 3553 facile
430 3506 603 3572 patet,
638 3517 809 3573 quam
841 3496 986 3553 bene
1032 3496 1125 3553 hic
1176 3496 1323 3554 inter
1373 3515 1433 3553 se
1480 3494 1829 3552 conveniant
1878 3494 2151 3552 Remzssio
2200 3504 2257 3554 et
2312 3496 2652 3573 Satissactio‚

231 3577 508 3652 quicquid
537 3578 832 3635 clamitent
863 3575 1219 3649 Adversarii,
1271 3576 1408 3652 quia
1456 3575 1514 3632 in
1559 3595 1745 3651 pcenae
1794 3575 2178 3651 perpessione,
2211 3595 2338 3651 quae
2367 3576 2485 3635 lata
2514 3587 2602 3637 est
2623 3600 2657 3637 a

231 3656 478 3730 Christe,
502 3667 590 3715 est
611 3658 952 3732 Satis-factm,
975 3656 1076 3715 sed
1091 3656 1149 3713 in
1172 3655 1518 3714 admissione
1539 3662 1596 3713 et
1618 3656 2009 3732 acceptatione
2024 3655 2242 3714 Vicarii
2261 3659 2652 3729 estRenussiO.

234 3735 346 3791 Illa
375 3738 608 3812 respicit
639 3739 947 3810 Christum,
980 3758 1014 3795 a
1042 3756 1157 3813 quo
1183 3737 1342 3794 Deus
1370 3756 1617 3811 poenam,
1648 3756 1762 3794 non
1786 3756 2039 3808 numere,
2067 3735 2169 3793 sed
2192 3737 2381 3811 specie
2411 3740 2652 3798 eandem

228 3835 360 3871 cuin
391 3835 458 3872 ea
486 3837 615 3891 quae
645 3837 678 3874 a
708 3818 873 3876 nobis
902 3818 1220 3876 debebatur
1248 3816 1451 3892 exigit.
1540 3817 1662 3874 Ista
1711 3837 1848 3875 vero
1898 3816 2115 3887 fideleS,
2167 3816 2378 3891 quibus
2424 3839 2650 3894 poenam

227 3894 515 3970 propriam
539 3897 777 3955 remittit
799 3899 975 3970 Deus,
1007 3897 1145 3955 dum
1164 3896 1436 3954 vicariam
1466 3896 1735 3966 admittit,
1757 3906 1929 3972 atque
1960 3896 2040 3955 ita
2061 3895 2397 3954 admirabile
2421 3898 2652 3957 videtur

219 3975 465 4050 justitiae
495 3983 553 4033 et
581 3976 985 4034 misericordiae
1029 3985 1557 4053 temperamentum,
1584 3977 1626 4035 J
1633 3976 1829 4034 ustitia
1870 3976 2081 4051 quippe
2131 3975 2190 4031 in
2239 3987 2535 4049 peceatum
2588 4001 2647 4035 se

221 4054 425 4128 exerit,
486 4063 544 4114 et
602 4056 1000 4114 Misericordia
1043 4077 1182 4133 erga
1228 4066 1605 4133 peccatorem.
1660 4055 1987 4113 Satisfactio
2037 4054 2102 4112 fit
2149 4055 2191 4113 J
2199 4054 2407 4113 ustitiae
2454 4057 2563 4114 Dei
2613 4079 2648 4117 a

226 4137 533 4212 Sponsore,
566 4145 624 4194 et
654 4136 942 4195 Remissio
970 4137 1136 4194 nobis
1165 4137 1230 4194 fit
1258 4157 1292 4193 a
1323 4137 1465 4194 Deo.

307 4216 426 4273 IX.
474 4216 605 4275 Hoc
649 4217 818 4275 tertio
867 4217 1237 4275 confirmatur
1283 4237 1354 4274 ex
1406 4215 1569 4292 σχίσει
1617 4216 1744 4288 Dei,
1775 4214 1868 4272 cui
1920 4213 2233 4272 satisfactio
2278 4213 2399 4271 dari
2451 4215 2641 4276 debet.

228 4295 391 4368 Nam,
420 4305 482 4355 ut
510 4297 723 4372 triplex
752 4296 847 4354 hic
877 4305 965 4354 est
992 4297 1210 4373 peccati
1243 4300 1408 4371 σχέο-ις
1440 4305 1503 4354 ut
1522 4295 1810 4367 diximus;
1847 4296 1938 4353 Ita
1969 4294 2127 4350 Deus
2156 4302 2346 4368 potest
2377 4298 2638 4370 spectari,

226 4375 316 4433 vel
350 4385 412 4433 ut
436 4378 714 4452 C'rede‘tor,
748 4377 843 4435 vel
895 4386 957 4435 ut
986 4377 1266 4435 Dominus
1310 4387 1368 4435 et
1412 4378 1565 4433 Pars
1594 4374 1828 4448 offensa,
1866 4374 1961 4432 vel
1990 4383 2054 4432 ut
2101 4375 2299 4431 Judeoe
2327 4382 2385 4432 et
2413 4377 2638 4435 Hector.

227 4455 343 4512 Sed
373 4456 431 4511 in
460 4456 568 4515 hoc
586 4458 838 4533 negotio,
870 4457 1005 4516 licet
1034 4458 1163 4516 duae
1210 4457 1427 4533 priores
1457 4477 1624 4514 suum
1655 4454 1826 4512 etiam
1855 4455 2044 4512 locum
2075 4454 2167 4511 hic
2197 4454 2461 4527 habeant,
2494 4476 2639 4531 prae·

224 4535 392 4610 cipue
430 4545 621 4594 tamen
667 4538 836 4596 tertia
885 4538 978 4595 hic
1024 4537 1374 4595 attendenda
1423 4545 1526 4595 est.
1618 4536 1775 4592 Deus
1803 4535 2012 4612 quippe
2060 4535 2153 4591 hic
2204 4553 2317 4590 uon
2349 4554 2408 4590 se
2465 4535 2638 4596 habet

224 4623 449 4672 tantum
480 4627 545 4673 ut
575 4618 853 4688 Creditor,
886 4619 983 4693 qui
1014 4627 1204 4694 potest
1232 4638 1335 4693 pro
1363 4616 1531 4675 libitu
1563 4615 1634 4673 de
1657 4616 1786 4691 jure
1818 4636 1921 4673 suo
1952 4614 2256 4687 remittere,
2290 4634 2394 4671 nee
2415 4623 2634 4674 tantum

220 4704 286 4753 ut
314 4714 445 4771 pars
474 4695 708 4772 offensa,
729 4707 788 4756 et
822 4698 1104 4756 Dominus
1134 4697 1327 4775 quide
1351 4717 1455 4755 suo
1477 4701 1668 4773 potest
1697 4694 1882 4754 facere
1929 4694 2084 4771 quod
2115 4693 2240 4752 vult
2289 4694 2410 4753 sine
2443 4696 2632 4773 cujus.

303 4794 451 4833 raas
495 4795 555 4834 11.
2202 4777 2237 4832 2
2271 4793 2310 4832 A
