3221 5200
356 379 583 428 Quffisr.
614 357 753 440 κη]
1080 379 1156 416 na
1186 378 1416 418 orr1c1o
1445 378 1679 418 cumen
1710 378 2098 419 namucum.
2666 362 2780 420 387

358 520 461 596 qui
508 528 856 596 spectantur,
902 526 1026 577 tum
1055 528 1319 595 respectu
1363 521 1494 591 Dei,
1548 520 1605 576 in
1653 519 1904 596 perfecta
1955 518 2407 578 recmzciliatione
2459 538 2585 576 cum
2640 518 2783 594 Dec,

362 601 529 657 Rom.
561 619 618 656 v.
654 603 743 672 10,
776 608 834 658 et
863 603 897 656 2
930 600 1058 657 Cor.
1084 620 1140 656 ν.
1180 603 1266 673 18,
1298 611 1420 657 tum
1448 609 1714 676 respectu
1761 600 1996 674 peccati,
2028 599 2088 655 in
2116 597 2368 675 perfecta
2386 599 2703 673 eapiatione
2724 607 2781 656 et

358 680 693 751 remissione,
728 679 875 755 Eph.
908 678 943 735 i.
976 683 1030 751 7,
1064 679 1217 736 lieb.
1248 680 1286 736 i.
1318 683 1371 751 3,
1404 689 1461 737 et
1491 679 1570 737 ix.
1602 683 1698 751 26,
1731 689 1853 737 tum
1897 688 2160 754 respectu
2172 679 2449 756 fidelium,
2503 678 2560 735 in
2603 681 2781 751 plena

358 760 825 817 consummatione
853 766 911 815 et
937 760 1313 833 redemptione
1362 759 1626 833 ipsorum,
1677 759 1827 815 lch.
1859 758 1939 816 ix.
1977 763 2066 832 12,
2100 765 2158 815 et
2188 778 2246 815 x.
2282 760 2372 830 14,
2427 767 2544 815 tam
2588 756 2781 833 quoad

356 837 753 897 liberationem
781 857 816 895 a
843 847 1041 908 morte,
1066 858 1239 913 quam
1268 838 1459 914 quoad
1479 838 1630 914 juris
1658 838 1732 895 ad
1776 839 1954 895 vitam
1997 837 2452 913 acquisitionem.

358 957 835 1002 Perrocuosatisfac-
962 917 1106 975 VII.
1138 917 1336 975 Talem
1366 927 1557 975 autem
1580 938 1706 976 esse
1732 918 1896 976 istius
1919 916 2338 976 Satisfactionis
2364 916 2779 974 Perfectionem

417 1017 562 1060 tionis
580 1017 834 1073 probatur:
875 997 1057 1054 multa
1066 997 1328 1074 probant.
1352 995 2235 1071 I’rim0,Pers0naesatissacz·enta
2244 997 2636 1071 diym'tasfluae
2649 1016 2779 1054 cum

418 1073 459 1118 l·
487 1074 564 1145 133¹
593 1075 836 1144 dignitato
878 1096 995 1134 non
1023 1077 1194 1135 modo
1224 1087 1421 1135 sancta
1448 1076 1622 1135 fuerit
1648 1086 1706 1135 et
1735 1076 2054 1152 purissima,
2086 1076 2187 1134 sed
2210 1076 2383 1134 etiam
2406 1095 2540 1133 vere
2562 1076 2779 1149 divina,

414 1132 802 1183 ⁸⁸‘¹⁸f⁸⁰²¹⁰¹¹¹³³
878 1157 939 1214 in
961 1176 1074 1232 qua
1092 1156 1391 1233 plenitudo
1414 1158 1599 1214 omnis
1628 1157 1928 1230 habitavit,
1951 1156 2072 1214 col.
2089 1156 2124 1213 i.
2143 1158 2232 1229 19,
2255 1155 2552 1231 plenitudo
2571 1155 2782 1213 divini-

355 1237 509 1310 tatis,
540 1236 838 1314 plenitudo
867 1236 1053 1310 officii,
1083 1236 1382 1313 plenitudo
1413 1218 1600 1295 meriti
1641 1246 1699 1294 et
1728 1237 2058 1312 gratiarum,
2109 1234 2361 1293 dubitari
2406 1255 2522 1293 non
2570 1243 2777 1312 potest,

356 1316 496 1393 quin
527 1316 839 1375 satisfactio
867 1316 941 1373 ab
963 1336 1032 1373 ea
1059 1316 1315 1392 praestita
1342 1316 1550 1374 infiniti
1581 1316 1794 1373 valoris
1822 1325 1880 1374 et
1907 1316 2077 1392 pretii
2124 1315 2312 1389 fuerit,
2344 1314 2603 1391 adeoque
2626 1314 2779 1373 suffi-

356 1396 709 1455 cientissima
736 1405 793 1455 et
820 1395 1170 1471 plenissima,
1197 1416 1326 1453 cum
1355 1396 1579 1454 infinito
1608 1396 1752 1452 nihil
1775 1395 1910 1453 addi
1931 1395 2130 1472 possit.
2216 1395 2382 1454 Licet
2403 1394 2554 1452 enim
2579 1404 2782 1453 natura

356 1476 622 1549 humana,
644 1496 773 1552 quse
792 1496 853 1533 se
875 1475 1050 1533 habet
1066 1475 1140 1532 ad
1162 1476 1395 1534 modum
1414 1475 1677 1552 principii
1699 1496 1830 1553 quo,
1855 1475 2017 1534 finita
2036 1476 2126 1549 sit,
2148 1494 2262 1533 non
2285 1474 2498 1533 desinit
2520 1474 2778 1533 satisfac·

355 1556 438 1614 tio
468 1556 593 1631 ipsa
620 1575 746 1613 esse
776 1555 1014 1628 infinita,
1040 1555 1216 1613 relate
1238 1554 1313 1613 ad
1339 1556 1667 1629 Personam,
1698 1576 1828 1632 quse
1858 1556 1951 1613 hic
1991 1564 2080 1614 est
2127 1554 2471 1632 principium
2516 1554 2691 1630 quod,
2722 1564 2780 1613 et

356 1635 449 1693 cui
478 1635 653 1693 tribui
681 1635 869 1709 debet,
902 1634 1039 1710 quia
1067 1635 1320 1693 actiones
1349 1644 1408 1693 et
1436 1636 1734 1711 passiones
1763 1643 1899 1693 sunt
1941 1636 2386 1711 suppositorum.

597 1768 607 1778 ,
963 1714 1144 1773 VIII.
1192 1714 1476 1788 Secunde,
1507 1715 1617 1772 hoc
1640 1715 1940 1774 confirmat
1969 1716 2166 1772 Unitas
2188 1714 2477 1771 oblationis
2495 1733 2533 1769 α
2558 1714 2781 1772 ΟΙιηζςίο

417 1797 429 1810 .
799 1792 819 1801 -
1122 1796 1132 1817 .
1309 1794 1321 1807 .
1442 1796 1463 1823 ,
1751 1795 1763 1807 .
2290 1792 2302 1804 .

384 1766 416 1811 ²
459 1767 673 1876 13¹thss
703 1768 798 1813 Uni
864 1798 1056 1868 sacta.
1088 1795 1205 1851 Cur
1231 1814 1384 1851 enlm
1417 1794 1633 1852 laulus
1661 1803 1832 1853 toties
1860 1802 2142 1852 assereret
2171 1793 2460 1850 Christum
2511 1811 2571 1850 se
2602 1793 2781 1850 semel

877 1894 979 1950 pro
1008 1874 1176 1931 nobis
1205 1874 1500 1946 obtulisse,
1534 1874 1591 1930 in
1621 1874 1789 1950 epist.
1818 1873 1893 1930 ad
1925 1873 2077 1931 Heb.
2109 1893 2232 1948 cap.
2263 1871 2382 1944 vii„
2415 1871 2513 1945 ix.,
2539 1880 2597 1929 et
2615 1892 2692 1944 x.,
2721 1880 2778 1929 et

356 1948 526 2006 unica
552 1949 654 2008 illa
695 1952 985 2010 oblatione
1036 1954 1092 2010 in
1143 1962 1478 2030 perpetuum
1529 1953 1913 2011 consummari
1960 1953 2060 2028 qui
2110 1951 2582 2011 sanctificantur?
2664 1952 2781 2009 Cur

357 2028 585 2086 unicam
613 2031 741 2106 ejus
770 2032 1156 2091 obedientiam
1187 2033 1354 2090 nohis
1376 2041 1732 2109 proponeret,
1753 2053 1868 2109 qua
1890 2032 2292 2091 constituimur
2307 2031 2470 2107 justi,
2499 2030 2668 2088 Rom.
2699 2051 2776 2106 v.,

357 2107 467 2164 nisi
495 2109 666 2185 plena
694 2117 752 2167 et
771 2112 1024 2186 perfecta
1052 2112 1254 2170 fuisset
1274 2116 1301 2170 ?
1386 2111 1468 2171 Ut
1497 2113 1646 2171 enim
1679 2113 1907 2171 iteratio
1936 2110 2423 2189 imperfectionem
2467 2109 2738 2185 supponit
2761 2133 2775 2183 3

357 2185 453 2244 Ita
479 2189 669 2246 unitas
698 2208 773 2246 ex
800 2192 1064 2267 opposito
1091 2191 1509 2267 plenitudinem
1537 2200 1595 2250 ct
1612 2193 2019 2268 perfectionem
2041 2192 2124 2249 rei
2145 2190 2467 2249 necessario
2490 2190 2779 2265 importat.

644 2327 653 2338 ,
688 2328 698 2338 ‚
968 2271 1084 2329 IX.
1129 2271 1342 2343 Tertio,
1367 2271 1530 2330 Idem
1581 2271 1828 2330 adstruit
1848 2272 1967 2330 Dei
1978 2272 2202 2329 Judicvis
2224 2270 2580 2346 approbatio.
2627 2269 2777 2326 Nam

357 2323 402 2367 3.
432 2324 840 2439 {ffogssfflffifp‘
884 2350 934 2407 si
966 2351 1125 2408 Deus
1155 2351 1266 2408 sibi
1294 2351 1626 2427 plenissime
1672 2351 2027 2410 satisfactum
2070 2351 2266 2426 aliquo
2294 2357 2633 2425 argumento
2662 2357 2776 2407 tes·-

741 2419 752 2437 ’
883 2437 1039 2488 tatus
1067 2439 1171 2503 est,
1218 2451 1386 2489 nemo
1423 2431 1652 2490 diffiteri
1683 2440 1874 2508 potest
1915 2430 2388 2508 perfectissimam
2409 2429 2585 2487 fuisse
2609 2429 2777 2486 satis-

359 2504 683 2580 factionem,
715 2526 843 2564 cum
873 2509 982 2567 hoc
1012 2520 1233 2569 tantum
1244 2521 1549 2586 quaeratur,
1574 2520 1642 2569 ut
1658 2531 1692 2569 a
1710 2511 1922 2570 Judice
1943 2530 2225 2587 supremO,
2239 2509 2339 2585 qui
2357 2529 2482 2566 eam
2505 2508 2775 2584 postulat,

359 2584 708 2662 approbetur
734 2595 793 2646 et
820 2599 1166 2666 acceptetur.
1252 2592 1648 2668 Approbatam
1678 2600 1867 2650 autem
1898 2600 1955 2650 et
1976 2598 2328 2667 acceptatam
2359 2610 2394 2647 a
2426 2590 2553 2647 Deo
2582 2588 2776 2662 fuisse,

357 2685 476 2724 non
502 2666 674 2724 modo
704 2687 778 2725 ex
808 2669 1188 2729 destinatione
1221 2672 1432 2730 Christi
1462 2672 1533 2730 ad
1568 2673 1783 2730 Munus
1817 2672 2222 2729 Mediatorium
2262 2679 2503 2742 constat,
2538 2669 2628 2728 cui
2661 2677 2775 2727 tes-

360 2746 661 2804 timonium
690 2768 805 2805 non
835 2751 1013 2808 semel
1041 2751 1331 2827 perhibuit
1364 2753 1535 2810 Pater
1563 2753 1809 2824 cce-litua,
1841 2752 1998 2828 quod
2037 2751 2222 2808 Filius
2252 2758 2405 2808 esset
2436 2769 2574 2807 suus
2603 2748 2777 2806 dilec-

359 2833 471 2899 ωε,
501 2826 563 2883 in
611 2846 727 2902 quo
748 2829 918 2904 plane
948 2831 1348 2905 acquiescebat
1372 2853 1385 2905 ;
1435 2831 1550 2889 Sed
1578 2833 1864 2908 praecipue
1894 2852 1968 2889 ex
1998 2831 2427 2889 Resurrectione
2455 2850 2489 2887 a
2517 2828 2775 2897 mortuis,

359 2924 489 2980 quse
512 2924 626 2962 non
648 2906 819 2964 modo
841 2908 1226 2967 indubitatum
1251 2909 1358 2968 fuit
1383 2911 1722 2969 Divinitatis
1743 2913 1870 2987 ejus
1894 2919 2311 2985 argumentum,
2340 2910 2507 2967 Rom.
2539 2909 2576 2966 i.
2601 2913 2656 2982 4,
2678 2908 2779 2966 sed

361 2984 533 3040 etiam
563 2985 942 3044 certissimum
971 2988 1401 3063 perfectissimae
1436 2989 1856 3048 Satisfactionis
1883 2990 2096 3066 pignus
2124 2998 2182 3047 et
2210 2989 2634 3046 documentum.
2680 2988 2777 3044 An

362 3061 636 3120 credibile
663 3073 753 3121 est
783 3065 969 3122 Deum
999 3067 1042 3124 J
1047 3067 1291 3139 udicem,
1322 3075 1380 3125 et
1400 3068 1687 3142 justitiam
1715 3069 1843 3145 ejus
1889 3067 2322 3139 inexorabilem,
2375 3086 2503 3142 quae
2553 3066 2780 3141 plenam

364 3141 707 3199 solutionem
727 3143 997 3218 postulat,
1019 3164 1151 3202 eum
1168 3145 1542 3203 liberaturum
1573 3146 1769 3220 fuisse,
1793 3153 1852 3204 et
1868 3153 2200 3204 evecturum
2221 3145 2293 3202 ad
2317 3164 2598 3202 summam
2622 3144 2781 3201 illam

362 3221 606 3297 gloriam
635 3221 709 3278 ad
738 3241 910 3297 quam
940 3223 1228 3281 exaltatus
1256 3233 1346 3282 est
1373 3225 1432 3281 in
1461 3225 1760 3300 praemium
1787 3224 2054 3302 perfectae
2082 3223 2423 3282 obedientiae
2447 3243 2582 3295 suae,
2628 3223 2779 3281 Phil.

363 3300 423 3358 ii.
456 3302 490 3358 9
520 3303 548 3358 Ρ
632 3301 716 3359 Ut
743 3301 990 3360 creditor
1017 3322 1133 3361 non
1162 3303 1369 3362 liberat
1402 3305 1749 3380 Sponsorem
1778 3325 1809 3363 e
1839 3323 2081 3377 carcere,
2126 3303 2236 3361 nisi
2279 3303 2449 3378 plena
2494 3302 2779 3360 solutione

361 3380 658 3457 praestita:
704 3381 797 3439 Ita
821 3401 929 3441 nec
955 3383 1187 3441 liberari
1215 3384 1498 3459 potuisset
1528 3385 1808 3460 ChristuS,
1855 3383 1964 3441 nisi
2013 3382 2340 3441 omnimodo
2389 3381 2780 3440 satisfecisset.

366 3460 509 3518 Cum
540 3480 679 3537 ergo
707 3470 825 3520 tam
854 3463 1104 3537 gloriose
1133 3465 1526 3538 resurrexerit,
1557 3473 1617 3523 et
1645 3485 1680 3522 a
1710 3465 1880 3522 Patre
1908 3463 2035 3539 ipso
2062 3463 2349 3521 excitatus
2378 3462 2565 3536 fuerit,
2587 3462 2782 3519 nullus

365 3539 605 3598 ulterius
634 3540 937 3600 dubitandi
985 3544 1147 3601 locus
1197 3553 1458 3620 superest
1500 3544 1571 3601 de
1627 3543 2046 3603 satisfactionis
2094 3542 2459 3620 perfectione,
2513 3551 2572 3600 et
2605 3541 2780 3622 λίντςου

364 3619 683 3695 plenissimi
712 3622 1012 3692 solutione,
1045 3624 1210 3700 cujus
1240 3625 1517 3700 apocham
1547 3624 1691 3682 adeo
1721 3623 2107 3683 authenticam
2131 3623 2302 3682 Pater
2329 3622 2496 3681 nobis
2524 3622 2781 3682 tradidit.

766 3762 776 3773 ,
972 3703 1057 3760 Χ.
1116 3702 1350 3776 QuartO,
1399 3705 1649 3779 Effectus
1697 3705 2145 3778 Satisffactionem
2190 3711 2607 3779 consequenter
2655 3703 2781 3778 ejus

411 3757 455 3804 4,
496 3758 800 3859 Ezulgneeu-
890 3781 1287 3841 sufficientiam
1332 3785 1666 3859 praedicant.
1751 3785 2040 3858 Quorsum
2077 3784 2230 3843 enim
2258 3783 2354 3841 vel
2391 3782 2780 3840 reconciliatio

894 3862 1008 3919 Dei
1048 3862 1370 3937 nobiscum,
1398 3871 1456 3921 et
1486 3864 1583 3921 irae
1613 3864 1740 3940 ejus
1769 3864 2033 3940 placatio,
2065 3863 2161 3921 vel
2188 3870 2552 3938 peccatorum
2582 3860 2779 3935 expia·

368 3938 467 4011 tio,
499 3947 557 3997 et
585 3940 861 4015 remissie,
893 3960 1008 3998 non
1036 3941 1352 4015 dimidiata,
1385 3942 1488 4000 sed
1528 3944 1700 4019 plena
1738 3954 1796 4001 et
1838 3943 2078 4019 integra,
2119 3942 2214 3998 vel
2243 3940 2498 3998 fidelium
2529 3939 2781 4015 ipsorum

369 4018 686 4095 redemptio
728 4028 785 4078 et
826 4022 1240 4079 consummatio
1283 4022 1670 4081 tribuerentur
1697 4023 1867 4080 morti
1895 4029 1954 4079 et
1982 4019 2321 4078 obedientiae
2346 4018 2577 4092 Christi,
2609 4027 2673 4075 ut
2717 4019 2784 4076 fit

369 4118 486 4156 non
528 4099 706 4157 semel
747 4099 805 4156 in
837 4099 1146 4175 Scriptura,
1180 4101 1304 4158 Col.
1335 4101 1371 4158 i.
1404 4107 1498 4177 20,
1532 4106 1566 4159 2
1599 4103 1730 4160 Cor.
1762 4123 1818 4159 v.
1850 4104 1945 4173 21,
1981 4102 2007 4156 1
2042 4099 2182 4158 Joh.
2214 4098 2251 4156 i.
2284 4103 2315 4156 7
2323 4144 2337 4173 ,
2372 4099 2541 4156 Rom.
2573 4098 2651 4154 iii.
2684 4101 2779 4170 24,

368 4188 427 4237 et
473 4197 527 4236 v.
559 4182 649 4253 10,
685 4179 835 4238 Ileb.
866 4178 904 4236 i.
935 4183 990 4252 3,
1022 4187 1081 4238 et
1108 4180 1187 4238 ix.
1225 4184 1314 4253 14,
1347 4191 1405 4240 et
1433 4202 1491 4239 x.
1530 4184 1619 4255 14,
1679 4182 1729 4239 si
1769 4181 1940 4256 plena
1984 4187 2041 4236 et
2082 4178 2334 4254 perfecta
2361 4198 2476 4235 non
2507 4176 2614 4235 fuit
2656 4178 2782 4254 ejus

374 4258 741 4317 Satisfactio?
774 4259 1067 4318 Perfectus
1089 4262 1239 4318 enim
1265 4259 1519 4335 effectus,
1551 4261 1861 4337 perfectam
1880 4278 2109 4316 causam
2139 4258 2461 4316 necessario
2492 4257 2781 4333 supponit.

455 4338 575 4397 XI.
609 4340 806 4398 Posita
834 4347 1026 4397 autem
1054 4341 1306 4416 perfecta
1353 4340 1465 4398 ista
1511 4339 1917 4412 satisfactione,
1949 4357 2050 4414 per
2085 4358 2144 4396 se
2174 4347 2463 4410 corruunt,
2511 4356 2780 4413 quaecun·

372 4436 485 4492 que
515 4437 550 4474 a
579 4419 897 4477 Pontificiis
928 4419 1012 4476 illi
1042 4431 1528 4497 superstruuntur,
1561 4421 1685 4477 sive
1715 4439 1816 4496 per
1854 4418 2191 4476 sacrificium
2238 4418 2617 4489 Missaticum,
2660 4417 2782 4474 sive

374 4514 477 4571 per
491 4498 696 4555 merita
715 4507 773 4557 et
795 4499 1212 4558 satisfactiones
1242 4501 1520 4558 humanas
1540 4501 1596 4556 in
1627 4501 1735 4556 hac
1754 4498 1875 4558 vita
1902 4497 2273 4574 praestandaS,
2306 4498 2427 4555 sive
2457 4517 2559 4573 per
2586 4516 2787 4573 poenas

375 4576 693 4650 purgatorii
745 4586 875 4655 post
924 4579 1072 4637 hanc
1115 4580 1294 4639 vitam
1334 4579 1615 4637 ferendas.
1700 4578 1865 4635 Talia
1892 4578 2044 4637 enim
2073 4598 2188 4635 non
2217 4588 2458 4654 possunt
2487 4586 2786 4638 succentu-

376 4654 510 4711 riari
555 4656 759 4715 merito
786 4667 845 4716 et
876 4659 1251 4718 satisfactioni
1284 4659 1514 4733 Christi,
1560 4658 1699 4735 quin
1739 4658 1832 4717 vel
1861 4659 1986 4716 haec
2024 4656 2439 4717 insufficientiae
2470 4666 2789 4730 accusetur,
