3221 5200
334 325 704 404 QuAEs'r.1x.]
1198 342 1274 381 nn
1304 341 1553 381 FOEDERB
1584 340 1839 381 onum.
2633 328 2748 383 215

333 487 462 563 ejus
490 484 891 544 executionem
934 492 1193 561 paratum
1225 504 1352 542 esse
1382 492 1645 542 testatur.
1731 484 1853 542 Nec
1884 483 1997 540 alio
2039 483 2304 559 pertinet,
2350 486 2505 561 quod
2535 484 2746 543 dicitur

336 567 616 642 “Agnus
644 573 927 622 mactatus
955 584 989 621 a
1018 563 1352 622 fundatione
1381 563 1643 639 mundi,'’
1669 562 1855 640 Apoc.
1888 563 2012 621 xiii.
2044 566 2098 637 8,
2120 583 2291 640 quam
2321 572 2386 623 ιιι
2403 564 2655 623 efficacia
2684 575 2742 622 et

332 645 617 704 certitudo
653 644 821 702 istius
867 642 1205 720 Sponsionis
1234 643 1587 720 designetur,
1634 663 1737 721 per
1765 663 1938 720 quam
1981 643 2071 718 sit,
2117 652 2182 701 ut
2225 643 2566 702 sacrificium
2610 653 2741 721 post

333 724 516 784 multa
544 725 775 782 demum
797 724 990 781 secula
1018 723 1340 798 futurum,
1315 743 1438 800 Jam
1468 743 1571 800 pro
1601 724 1797 782 oblato
1825 721 2082 780 habitum
2115 722 2208 781 sit.

413 805 594 862 VIII.
644 802 927 896 Secundo,
960 804 1072 861 Rei
1111 803 1283 878 ipsius
1326 813 1535 861 natura
1565 804 1675 860 hoc
1703 803 1972 880 postulat,
2006 802 2130 860 sive
2171 804 2330 860 Deus
2357 803 2452 861 cui
2498 803 2744 880 Sponsio

332 884 457 942 fieri
486 883 687 942 debuit
714 883 1068 959 respiciatur,
1101 885 1223 940 sive
1252 885 1523 958 Sponsor,
1555 883 1656 959 qui
1684 903 1810 940 eam
1840 883 2026 940 facere
2055 883 2373 957 tenebatur,
2406 883 2528 941 sive
2561 885 2747 941 Electi

331 964 445 1042 ipsi
472 984 576 1041 pro
604 963 816 1041 quibus
846 963 1182 1039 spondebat,
1228 962 1352 1020 sive
1380 963 1756 1038 Sponsiom's
1735 963 1905 1038 :psius
1933 971 2160 1034 natura,
2206 982 2336 1019 cum
2365 963 2493 1040 ejus
2521 962 2741 1021 effectis

332 1044 681 1102 attendatur.
767 1044 917 1100 Nam
945 1042 1021 1099 ad
1048 1045 1236 1100 Deum
1258 1041 1414 1135 quod
1441 1042 1665 1117 attinet,
1699 1042 2197 1118 Expromissorcm
2229 1061 2448 1116 verum,
2478 1062 2595 1099 non
2623 1063 2739 1100 me-

333 1144 461 1182 rum
487 1123 887 1217 fidejussorem
932 1122 1207 1198 exigebat
1234 1123 1360 1198 ejus
1399 1123 1652 1196 Justitia,
1697 1142 1826 1197 quae
1856 1130 1920 1179 ιιι
1947 1141 2062 1178 non
2104 1121 2291 1198 potuit
2320 1120 2661 1180 solutionem
2707 1142 2742 1179 a

334 1204 534 1280 primis
566 1202 939 1260 Debitoribus
968 1210 1311 1279 expectare3
1358 1202 1438 1260 ita
1480 1221 1596 1258 non
1625 1201 1814 1277 potuit
1841 1201 2204 1276 acquiescere
2234 1200 2346 1258 nisi
2387 1202 2446 1258 in
2476 1201 2741 1260 absoluta

338 1284 475 1341 Filii
508 1283 846 1360 Sponsione,
878 1302 983 1339 nec
1014 1282 1099 1339 illi
1128 1282 1511 1339 conveniebat
1541 1281 1833 1339 Christum
1863 1280 2036 1338 simul
2065 1289 2123 1339 et
2153 1280 2386 1339 Electos
2415 1280 2616 1339 eodem
2641 1281 2738 1339 de·

333 1371 489 1421 creto
518 1382 747 1420 manere
771 1362 1075 1437 obligatOS,
1108 1380 1237 1419 cum
1259 1361 1428 1419 ideo
1415 1381 1473 1418 m
1494 1360 1765 1419 Vadem
1750 1361 1890 1437 1psis
1921 1359 1995 1418 sit
2017 1359 2202 1435 datus,
2235 1368 2299 1417 ιιι
2327 1380 2395 1418 co
2426 1361 2550 1437 ipso
2572 1361 2739 1419 liberi

336 1443 778 1501 dimitterentur.
866 1442 986 1499 Nec
1027 1442 1322 1517 Sapientia
1350 1442 1495 1517 ejus,
1541 1451 1711 1499 certae
1743 1440 2045 1498 solutionis
2086 1460 2189 1516 per
2218 1440 2508 1499 Christum
2553 1440 2740 1499 solum

334 1520 676 1599 praestandae
703 1521 959 1598 praescia,
1001 1521 1189 1598 potuit
1216 1541 1333 1595 eoa,
1366 1540 1402 1578 a
1428 1519 1641 1597 quibus
1670 1519 1882 1578 solutio
1909 1539 2202 1597 nunquam
2244 1519 2493 1597 petenda
2520 1520 2645 1594 fuit,
2678 1530 2743 1579 ut

336 1602 627 1660 debitores
657 1602 764 1660 sub
793 1601 1146 1677 obligatione
1175 1609 1386 1676 tenere,
1418 1610 1477 1659 et
1504 1608 1569 1658 ιιι
1598 1619 1727 1658 reos
1755 1599 1944 1658 adhuc
1971 1600 2199 1658 intueri.
2259 1600 2385 1658 Imo
2408 1619 2538 1657 cum
2568 1620 2743 1676 opera

340 1681 453 1739 Dei
496 1682 570 1739 ab
615 1690 828 1740 aeterno
870 1680 983 1758 ipsi
1023 1680 1141 1739 sint
1181 1680 1431 1757 cognita,
1481 1679 1616 1737 Act.
1660 1700 1760 1737 xv.
1811 1681 1901 1752 18,
1944 1698 2046 1755 per
2085 1678 2280 1737 lumen
2323 1679 2737 1738 omniscientiae

338 1760 587 1838 Sponsio
616 1761 726 1820 ista
752 1780 868 1818 non
896 1759 1067 1818 modo
1097 1770 1162 1819 ut
1189 1760 1397 1825 futura,
1430 1760 1533 1818 sed
1564 1760 1690 1836 jam
1719 1767 1784 1817 ut
1811 1777 2082 1834 praesens,
2115 1758 2230 1815 imo
2260 1765 2324 1816 ut
2349 1767 2583 1835 peracta
2614 1760 2739 1817 Deo

336 1840 767 1916 observabatur,
799 1847 858 1898 et
885 1840 1137 1898 efficacia
1166 1860 1270 1898 sua
1298 1839 1499 1897 eadem
1527 1837 1808 1896 beneficia
1839 1837 2110 1895 Patribus
2138 1837 2330 1911 dabat,
2362 1837 2572 1913 quibus
2602 1837 2738 1895 frui-

335 1940 480 1994 mur,
512 1920 668 1998 quod
697 1939 856 1977 mera
882 1919 1180 2012 fidejussio
1209 1927 1479 1995 praestare
1508 1938 1626 1975 non
1653 1917 1955 1994 potuisset.

419 2000 538 2058 ΙΧ.
588 2001 850 2066 Qualitas
878 2000 1050 2057 etiam
1092 1999 1392 2074 Sponsoris
1433 1998 1543 2055 hoc
1572 1997 1860 2074 importat,
1906 2017 2035 2055 nam
2068 2005 2132 2055 ut
2160 2005 2248 2055 est
2293 1997 2452 2055 Deus
2481 1996 2741 2056 infinitus

336 2087 397 2138 et
412 2079 877 2156 perfectissimuS,
914 2078 1159 2153 Sponsio
1178 2078 1305 2154 ejus
1333 2077 1534 2135 debuit
1561 2097 1688 2135 esse
1718 2077 2149 2154 perfectissima,
2174 2087 2232 2134 et
2261 2077 2557 2134 involvere
2580 2077 2738 2153 quic-

335 2159 477 2235 quid
519 2158 886 2253 perfectionis
925 2158 988 2215 in
1031 2157 1471 2234 Expromissore
1514 2157 1589 2214 ad
1635 2157 1958 2216 debitorum
2001 2156 2399 2215 liberationem
2443 2157 2739 2233 contineri,

337 2239 560 2316 concipi
601 2246 810 2316 potest.
898 2236 1163 2311 Accedit,
1209 2235 1366 2313 quod
1393 2256 1524 2294 cum
1555 2237 1631 2294 sit
1657 2236 1791 2295 talis
1838 2237 2108 2313 Sponsor,
2154 2236 2253 2311 qui
2296 2236 2369 2294 ab
2411 2236 2741 2294 hominibus

336 2338 443 2377 nec
473 2319 761 2392 inventuS,
812 2337 918 2375 nec
949 2316 1120 2374 datus
1148 2325 1253 2390 est,
1300 2316 1402 2374 sed
1430 2337 1465 2373 a
1496 2315 1666 2374 Deo
1650 2335 1812 2392 ips03
1858 2316 1973 2373 imo
2001 2316 2102 2391 qui
2144 2315 2395 2392 seipsum
2425 2316 2498 2372 ab
2527 2324 2742 2374 aeterno

338 2398 498 2457 Patri
526 2398 737 2458 obtulit
765 2407 824 2456 et
851 2397 979 2455 loco
1021 2404 1387 2472 peccatorum
1429 2395 1731 2454 substituit
1772 2362 1989 2471 absque
2018 2395 2247 2452 illorum
2291 2394 2643 2453 conscientia
2684 2406 2743 2454 et

336 2476 640 2552 desideriO,
686 2478 788 2555 qui
818 2476 1163 2536 solutionem
1208 2475 1447 2534 daturus
1475 2483 1597 2533 erat
1641 2474 1799 2534 solus
1841 2495 1914 2532 ex
1958 2474 2302 2533 immutabili
2348 2475 2456 2533 Dei
2486 2474 2737 2549 decret0,

335 2558 502 2634 cujus
531 2557 816 2617 certitudo
858 2556 1334 2635 promissionibus
1363 2555 1539 2614 variis
1574 2554 2035 2650 confirmabatur,
2082 2563 2139 2613 et
2167 2555 2322 2632 typis
2351 2554 2744 2633 compluribus

336 2638 769 2714 obsignabatur,
800 2657 917 2696 non
945 2637 1230 2714 potuisset
1256 2637 1367 2695 hoc
1396 2636 1624 2711 exequi,
1669 2636 1780 2693 nisi
1803 2638 1925 2713 jam
1957 2643 2077 2694 tum
2111 2635 2570 2712 Expromissoris
2612 2655 2739 2712 par-

337 2725 424 2775 tes
452 2717 826 2794 implevisset,
872 2726 930 2776 et
957 2737 1074 2775 non
1101 2724 1326 2776 tantum
1370 2715 1778 2793 Fidejussoris.
1867 2716 2037 2775 Unde
2065 2716 2199 2774 talis
2241 2715 2348 2774 fuit
2389 2715 2644 2774 efficacia
2684 2725 2744 2774 et

333 2796 574 2854 effectus
595 2797 763 2856 istius
777 2797 1118 2874 sponsioniS,
1139 2804 1203 2855 ut
1222 2797 1350 2874 ejus
1367 2796 1580 2854 virtute
1613 2796 1815 2853 Patres
1843 2796 2012 2872 plane
2042 2795 2115 2853 ab
2144 2796 2412 2854 omnibus
2438 2796 2643 2873 poeniS,
2669 2795 2742 2853 ab

336 2875 479 2951 ipsis
507 2877 857 2933 commeritis
886 2877 1002 2933 sint
1028 2876 1273 2949 liberati,
1314 2886 1380 2933 ut
1409 2875 1620 2933 solutio
1649 2876 1722 2934 ab
1751 2876 1892 2952 ipsis
1920 2875 2168 2952 amplius
2197 2875 2356 2951 exigi
2383 2896 2500 2934 non
2540 2883 2740 2952 potue-

337 2954 430 3010 rit.
517 2953 685 3025 Quod
708 2955 837 3011 Viri
869 2955 1038 3011 Docti
1069 2974 1199 3011 cum
1228 2955 1438 3029 quibus
1481 2974 1572 3011 res
1600 2955 1768 3012 nobis
1796 2974 1949 3013 nunc
1978 2963 2082 3027 est,
2114 2974 2229 3012 non
2258 2963 2568 3030 potuerunt
2595 2954 2742 3012 diffi-

336 3031 465 3088 teri.
520 3031 675 3088 Hinc
706 3031 900 3089 Celeb.
932 3032 1206 3088 Cocceius
1230 3033 1388 3089 Sum.
1419 3032 1622 3089 Theol.
1654 3052 1703 3089 c.
1735 3031 1829 3106 35,
1863 3052 1908 3090 s.
1939 3038 1974 3089 2
2003 3055 2016 3091 ε
2055 3035 2092 3064 “
2124 3032 2380 3090 Effectus
2404 3034 2742 3108 Sponsionis

338 3108 465 3179 fuit,
511 3116 575 3166 ιιι
616 3117 915 3186 peccatum
945 3117 1248 3185 postquam
1293 3110 1663 3166 commissum
1691 3118 1829 3181 erat,
1850 3130 1967 3166 non
1988 3111 2365 3184 imputaretur
2396 3112 2743 3169 Haeredibus

337 3190 398 3245 in
427 3188 798 3246 Testamento
843 3187 1089 3264 scriptia,
1122 3188 1245 3245 sive
1275 3195 1339 3245 ut
1367 3207 1484 3245 non
1511 3196 1708 3263 posset
1737 3207 1863 3245 esse
1891 3188 1951 3243 in
1997 3188 2122 3244 Deo
2152 3187 2421 3246 voluutas
2463 3190 2740 3265 puniendi

335 3276 636 3345 peccatum
668 3267 727 3324 in
757 3267 915 3344 ipsis,
960 3267 1173 3343 quippe
1214 3266 1371 3343 quod
1413 3266 1726 3343 impactum
1754 3274 1878 3324 erat
1919 3267 1978 3322 in
2025 3268 2388 3343 Sponsorem,
2435 3268 2579 3326 etin
2609 3288 2739 3326 eum

334 3347 587 3406 debebat
634 3347 925 3405 incurrere
964 3354 1023 3405 et
1051 3347 1124 3404 ab
1153 3366 1221 3404 eo
1263 3345 1486 3422 exigi,’¹
1534 3345 1650 3404 Isa.
1681 3345 1784 3403 liii.
1817 3348 1871 3419 6,
1905 3350 1937 3402 7
1962 3368 1976 3421 ;
2025 3347 2103 3404 Et
2132 3365 2175 3403 s.
2213 3349 2344 3420 134,
2394 3349 2429 3380 “
2461 3347 2575 3406 Pro
2613 3348 2738 3425 qui-

333 3428 445 3488 bus
474 3427 625 3485 enim
656 3427 1006 3504 subrogatus
1034 3433 1138 3501 est,
1170 3445 1367 3484 eorum
1400 3426 1657 3503 Sponsor
1685 3425 1896 3501 extitit,
1927 3426 2156 3485 illorum
2199 3436 2434 3503 peccata
2462 3428 2522 3485 in
2551 3428 2739 3505 ipsum

331 3508 593 3584 conjecta
621 3509 811 3565 sunt.’'

416 3587 499 3645 X.
544 3586 760 3661 Tertio,
795 3588 982 3645 Electz'
1005 3587 1117 3663 ipsi
1140 3606 1244 3663 pro
1273 3586 1484 3663 quibus
1518 3587 1765 3663 Sponsio
1793 3588 1986 3663 fiebat,
2010 3588 2508 3665 Expromissorem
2539 3590 2739 3666 exige-

330 3666 488 3740 bant,
520 3688 633 3724 non
664 3676 887 3724 tantum
920 3667 1366 3743 Fidcjussorem.
1453 3666 1601 3740 Quia
1634 3667 1890 3743 Sponsor
1931 3668 2184 3745 ipsorum
2214 3669 2415 3728 debuit
2449 3690 2576 3728 esse
2604 3674 2737 3729 ἄντί-

332 3745 524 3819 ψυχας,
570 3755 633 3804 ιιι
661 3755 794 3804 ante
824 3746 1059 3819 dictum,
1091 3746 1191 3839 qui
1234 3766 1295 3804 se
1336 3765 1441 3823 pro
1477 3747 1593 3804 reis
1636 3747 2010 3806 substitueret
2037 3747 2113 3806 ad
2140 3769 2341 3825 poenas
2369 3749 2486 3807 illis
2514 3750 2741 3809 debitas

335 3825 652 3900 patiendae,
685 3834 743 3884 et
770 3845 869 3884 eos
897 3827 1006 3884 hac
1033 3826 1253 3883 ratione
1281 3825 1629 3900 liberandos,
1660 3827 1817 3903 quod
1846 3826 2151 3904 fidejussor
2177 3848 2369 3887 merus
2396 3848 2514 3887 non
2551 3838 2743 3905 potest

334 3912 623 3979 praestare,
655 3904 755 3981 qui
794 3905 1038 3981 spondet
1076 3913 1300 3964 tantum
1329 3904 1404 3962 ad
1442 3905 1862 3963 certiorandam
1890 3906 2062 3964 fidem
2103 3907 2401 3965 creditoris
2431 3908 2502 3965 de
2532 3908 2739 3983 accipi-

335 3983 486 4041 enda
514 3984 815 4058 solutione,
848 3985 951 4043 sed
978 4004 1096 4042 non
1122 3984 1360 4061 praecise
1390 4005 1510 4043 sua.
1598 3984 1825 4043 Deinde
1854 3993 1918 4043 ut
1941 3986 2131 4043 Electi
2160 4006 2276 4043 non
2303 3993 2466 4043 erant
2493 3986 2741 4062 amplius

336 4063 634 4136 solvend0,
667 4063 748 4121 ita
773 4083 880 4122 nec
909 4063 1026 4122 ab
1010 4064 1153 4140 ipsis
1181 4064 1241 4121 in
1270 4073 1547 4123 aeternum
1574 4064 1765 4140 potuit
1805 4064 2098 4141 expectari
2127 4065 2402 4139 soluti0,
2386 4084 2502 4122 imo
2531 4085 2638 4123 nec
2666 4085 2741 4123 ex

335 4141 567 4201 decreto
599 4143 709 4200 Dei
738 4163 989 4218 unquam
1019 4142 1129 4201 fuit
1156 4142 1518 4220 postulanda.
1603 4143 1747 4201 Ideo
1780 4143 2036 4220 Sponsor
2064 4142 2264 4202 debuit
2295 4143 2557 4203 absolute
2588 4145 2741 4203 solu-

335 4223 550 4280 tionem
578 4222 640 4279 in
669 4241 730 4280 se
748 4222 1019 4299 recipere,
1039 4222 1298 4300 adeoque
1317 4223 1595 4281 rationem
1618 4222 2076 4299 Expromissoris
2092 4222 2282 4299 reipsa
2308 4222 2538 4281 habere.
2625 4224 2740 4283 De-

335 4301 508 4377 nique
551 4321 681 4360 cum
723 4321 841 4359 non
883 4309 1107 4360 tantum
1150 4302 1414 4360 salvandi
1443 4301 1656 4360 fuerint
1696 4321 1797 4378 per
1826 4301 2135 4376 Christum,
2182 4301 2285 4359 sed
2311 4302 2500 4378 reipsa
2534 4304 2743 4363 salvati

336 4381 467 4455 sint,
500 4389 559 4439 et
584 4381 646 4439 in
675 4380 884 4439 coelum
914 4381 1128 4458 recepti
1155 4402 1259 4459 per
1277 4382 1398 4438 vim
1424 4381 1763 4458 Sponsionis
1787 4381 1999 4439 Christi
2024 4403 2038 4456 ;
2082 4401 2198 4438 non
2222 4381 2431 4440 sufficit
2454 4382 2744 4443 Christum

332 4459 510 4518 fuisse
542 4460 990 4538 Fidejussorem,
1022 4461 1120 4538 qui
1149 4470 1281 4539 post
1310 4481 1371 4520 se
1399 4482 1516 4520 non
1558 4460 1736 4520 trahit
1761 4460 2160 4538 primariorum
2190 4461 2513 4520 debitorum
2543 4483 2738 4540 perso-

337 4539 526 4597 nalem
555 4540 971 4616 liberationem,
1003 4540 1105 4599 sed
1133 4542 1455 4600 necessario
1484 4541 1763 4599 rationem
1795 4541 2256 4617 Expromissoris
2283 4541 2483 4601 debuit
2510 4543 2739 4619 habere,

337 4618 438 4695 qui
481 4620 867 4679 omnimodam
896 4621 1293 4681 liberationem
1336 4621 1582 4698 acquirit
1616 4620 1687 4679 iis
1728 4641 1832 4698 pro
1862 4621 2071 4698 quibus
2115 4622 2374 4699 spondet.
2461 4623 2628 4683 Alias
2657 4625 2742 4684 di-
