3221 5200
805 1105 1111 1182 LOCUS
1193 1105 1631 1182 DECIMUS
1714 1108 2153 1185 TERTIUS.

355 1386 506 1477 DE
592 1386 1197 1481 PERSONA
1277 1389 1424 1477 ET
1507 1388 1923 1481 STATU
2002 1389 2581 1484 CHRISTI.

1316 1676 1555 1682 —AA--ae
1564 1677 1622 1682 -
1629 1676 1712 1683 ..u-⁴—

1118 1867 1505 1942 QUAESTIO
1548 1867 1840 1927 PRIMA.

521 2028 615 2092 An
643 2027 884 2086 Messias
901 2026 1217 2103 promissus
1228 2029 1362 2101 jam
1388 2027 1644 2086 venerit!
1688 2027 1911 2085 Affirm.
1943 2036 2142 2085 contra
2169 2027 2210 2085 J
2216 2026 2430 2084 udaeos,

359 2185 406 2243 Ι.
453 2187 596 2245 Cum
617 2187 880 2245 Christus
909 2186 984 2244 sit
1014 2185 1168 2256 qui
1189 2185 1545 2244 Testamenti
1574 2185 1879 2260 Mediator,
1906 2193 1964 2244 et
1991 2205 2166 2244 causa
2186 2204 2253 2242 ac
2275 2184 2404 2241 fons
2425 2183 2681 2241 omnium

273 2264 698 2340 beneficiorum,
730 2285 859 2343 quae
888 2285 963 2323 ex
1003 2265 1246 2323 Foedere
1282 2265 1484 2340 gratiae
1521 2264 1596 2322 ad
1624 2285 1730 2322 nos
1759 2264 2090 2324 dimanant:
2136 2263 2416 2324 Doctrina
2442 2263 2515 2320 de
2547 2264 2678 2320 Foe-

276 2344 409 2403 dere
438 2367 553 2405 non
581 2346 791 2423 poterit
821 2365 1072 2421 unquam
1095 2345 1200 2402 rite
1230 2344 1462 2421 percipi,
1488 2345 1596 2402 nisi
1629 2344 1862 2421 cognito
1891 2344 2138 2403 Christo.
2224 2343 2370 2401 Cum
2397 2362 2536 2400 vero
2566 2342 2681 2401 duo

274 2423 334 2481 in
363 2425 488 2501 ipso
516 2427 879 2504 potissimum
902 2425 1018 2482 sint
1046 2424 1411 2498 attendenda,
1436 2426 1708 2499 Persona,
1735 2433 1793 2482 et
1817 2425 2084 2499 Officium,
2112 2424 2306 2481 Primo
2329 2423 2401 2480 de
2427 2422 2682 2480 Persona

275 2503 600 2580 dicendum,
633 2515 940 2581 antequam
971 2504 1044 2562 ad
1074 2503 1338 2563 Officium
1366 2513 1744 2563 transeamus.

348 2644 359 2655 ,
633 2646 644 2657 ,
880 2583 963 2643 ΙΙ.
997 2584 1124 2659 Quo
1146 2584 1370 2644 facilius
1403 2594 1595 2644 autem
1626 2584 1686 2642 in
1718 2585 2031 2644 Personam
2060 2582 2273 2644 Christi
2301 2582 2677 2660 inquiramus,

275 2643 757 2757 Ρῖᾖζᾶζῗζῗξζῗίέζ
803 2665 949 2723 Duae
1001 2665 1361 2740 Quaestiones
1407 2666 1822 2742 praemittendae
1879 2674 2029 2740 sunt,
2084 2664 2279 2723 Prima
2323 2662 2394 2721 de
2422 2664 2682 2721 Adventu

797 2746 1020 2803 Messioe
1056 2746 1117 2802 in
1145 2744 1337 2820 Thesi‚
1369 2766 1444 2803 ex
1482 2767 1597 2823 qua
1626 2746 1911 2806 constabit
1941 2745 2234 2816 Messiam,
2265 2743 2366 2820 qui
2401 2751 2682 2802 venturus

250 2830 412 2898 erat,
440 2822 563 2896 jam
586 2822 846 2899 venisse3
887 2825 1155 2884 Secunda
1175 2824 1247 2883 de
1269 2827 1395 2902 ejus
1416 2827 1674 2883 Persona
1691 2827 1751 2882 in
1784 2825 2130 2901 Hypothesi,
2154 2845 2255 2883 seu
2281 2823 2423 2897 Quis
2451 2823 2550 2881 ille
2580 2823 2673 2899 sit,

273 2910 339 2958 ut
368 2901 616 2958 sciamus
644 2921 759 2957 non
787 2905 965 2961 alium
993 2923 1136 2976 esse,
1169 2923 1341 2979 quam
1368 2905 1410 2962 J
1415 2923 1574 2976 esum
1608 2906 1983 2978 Nazarenum,
2019 2904 2219 2960 Mariae
2247 2903 2449 2961 filium.

362 3027 373 3037 .
532 3026 542 3036 .
721 3027 732 3037 .
888 2982 1007 3037 ΙΙΙ.
1056 2982 1443 3057 Supponimus
1464 2983 1559 3039 hic
1581 2983 1739 3058 quod
1765 2982 1919 3057 apud
1941 3003 2139 3040 omnes
2161 2990 2423 3039 constat:
2463 2981 2676 3056 Primo,

278 3026 650 3134 Qffbpffffibsfm
664 3027 760 3070 nut
801 3059 1079 3115 Messiam
1126 3060 1471 3133 promissum
1519 3059 1697 3118 fuisse
1747 3061 1940 3117 statim
1987 3069 2120 3136 post
2166 3060 2392 3134 lapsum
2441 3059 2514 3115 ab
2551 3060 2678 3135 ipso

278 3140 361 3185 sed
392 3154 524 3210 ,uon
587 3139 754 3208 stati-113
797 3136 999 3194 mundi
1039 3137 1296 3209 exordi0,
1340 3146 1616 3212 tanquam
1657 3138 1889 3194 unicum
1943 3137 2145 3195 salutis
2196 3136 2488 3211 medium3
2577 3139 2680 3194 Se-

336 3211 511 3301 332¹?
574 3195 754 3254 duphm
797 3214 1004 3287 cund0,
1034 3215 1171 3273 licet
1198 3214 1272 3273 ab
1305 3215 1471 3273 initio
1507 3216 1822 3292 promissus
1859 3214 2046 3290 fuerit,
2077 3235 2193 3273 non
2216 3215 2409 3273 statim
2447 3216 2677 3273 mitten-

801 3295 940 3353 dum
967 3294 1159 3368 fuisse,
1193 3293 1294 3352 sed
1322 3302 1454 3371 post
1480 3294 1718 3371 longum
1746 3303 1972 3353 tantum
1995 3294 2267 3372 temporis
2289 3294 2676 3369 intervallum,

275 3380 443 3457 cujus
471 3374 918 3455 dispensationis
947 3374 1383 3451 sapientissimae
1411 3374 1717 3452 multiplex
1744 3383 1935 3451 potest
1957 3374 2101 3434 ratio
2129 3374 2309 3449 reddi,
2331 3374 2454 3433 sive
2484 3374 2677 3433 Chris-

302 3486 340 3523 1.
371 3483 477 3523 tum
496 3480 724 3530 respectu
799 3465 921 3515 tum
972 3454 1159 3531 ipsum
1215 3454 1604 3531 respiciamus,
1655 3455 1778 3513 sive
1823 3455 2085 3513 homines
2143 3454 2317 3531 ipsos.
2401 3456 2678 3531 Respectu

422 3535 634 3588 christu
813 3535 1050 3594 Christi:
1064 3534 1263 3611 prime,
1288 3534 1396 3592 hoc
1411 3534 1657 3594 faciebat
1669 3534 1742 3593 ad
1761 3536 1885 3613 ejus
1908 3535 2267 3612 dignitatem,
2287 3543 2352 3593 ut
2369 3544 2678 3613 antequam

275 3617 498 3676 veniret
526 3617 585 3673 in
623 3615 917 3690 mundum,
941 3614 1085 3672 varii
1120 3614 1422 3672 Praecones
1450 3614 1578 3691 ejus
1607 3623 1880 3692 tanquam
1909 3615 2118 3674 summi
2149 3615 2433 3691 Principis
2461 3617 2676 3675 adven-

277 3706 398 3756 tum
439 3694 934 3774 praenunciarent:
997 3694 1281 3770 “Quanto
1333 3695 1520 3771 major
1560 3694 1763 3753 Judex
1804 3695 2091 3770 veniebat,
2137 3703 2297 3753 tanto
2339 3695 2676 3755 Praeconum

271 3777 501 3853 longior
512 3776 688 3834 series
709 3773 1128 3851 praecedebat‚'’
1150 3774 1405 3851 August.
1429 3783 1500 3833 tr.
1526 3777 1622 3833 31.
1649 3775 1707 3832 in
1725 3777 1767 3834 J
1772 3776 1894 3847 oh.;
1917 3783 1982 3833 ut
2003 3774 2084 3833 ita
2105 3774 2250 3832 fides
2269 3774 2354 3831 illi
2371 3785 2673 3851 proestrue-

274 3865 447 3930 retur,
494 3865 553 3915 et
598 3855 696 3912 via
734 3862 1149 3930 praepararetur
1195 3874 1313 3911 non
1360 3854 1533 3912 modo
1582 3854 1760 3911 variis
1815 3854 1987 3930 typis,
2040 3853 2142 3911 sed
2191 3863 2250 3912 et
2297 3853 2678 3911 concordibus

194 3931 205 3942 '
275 3937 693 4012 Prophetarum
720 3933 1047 4005 vaticiniis;
1092 3933 1361 4005 secund0‚
1395 3934 1598 4009 Longa
1627 3932 1774 3990 tanti
1814 3932 2003 4008 operis
2044 3931 2368 4007 expectatio
2391 3951 2677 3989 commen·

274 4015 466 4073 datius
511 4013 664 4091 apud
707 4012 968 4070 homines
1012 4012 1212 4070 debuit
1252 4011 1491 4069 reddere
1534 4013 1643 4069 hoc
1685 4010 2044 4084 beneficium,
2101 4019 2166 4069 ut
2207 4009 2497 4084 nativitas,
2549 4029 2678 4085 quae

274 4095 467 4154 omnia
494 4091 785 4168 miracula,
816 4101 875 4150 et
911 4110 1139 4149 omnem
1186 4090 1585 4165 intelligentiae
1625 4108 1933 4148 excessura
1979 4095 2103 4147 erat
2142 4108 2485 4162 mensuram,
2516 4097 2680 4146 tanto

274 4174 720 4233 constantiorem
761 4172 822 4229 in
847 4169 1016 4228 nobis
1064 4169 1330 4246 gigneret
1355 4168 1547 4242 fidem,
1583 4176 1800 4245 quanto
1840 4167 2171 4244 praedicatio
2226 4168 2354 4246 ejus
2395 4168 2688 4245 antiquior

273 4263 332 4313 et
359 4253 589 4313 uberior
615 4257 1000 4330 praecesserat,
1031 4258 1098 4307 ut
1124 4248 1206 4308 ait
1234 4248 1373 4323 Leo,
1408 4249 1530 4306 Ser.
1561 4251 1618 4306 3.
1651 4247 1722 4304 In
1753 4247 1885 4304 Nat.
1918 4247 2150 4307 Christi.

305 4352 350 4397 2.
377 4355 483 4396 tum
505 4354 728 4409 respectu
877 4328 986 4387 IV.
1017 4331 1292 4405 Respectu
1309 4328 1589 4386 hominum
1607 4326 1946 4403 magnitudo
1968 4326 2106 4384 mali
2120 4328 2232 4385 hoc
2249 4325 2592 4402 requirebat,
2612 4335 2680 4386 ut

392 4410 655 4453 nominum.
799 4408 1164 4468 conscientiae
1203 4407 1275 4467 de
1316 4415 1683 4486 peccatorum
1723 4405 2092 4464 multitudine
2136 4416 2194 4466 et
2230 4405 2513 4482 gravitate
2543 4425 2677 4464 con-

276 4489 463 4562 vietae,
496 4495 554 4546 et
595 4487 668 4546 de
716 4498 935 4547 naturoe
984 4487 1337 4565 impotentia,
1368 4496 1428 4546 et
1474 4486 1795 4545 mediorum
1823 4487 2078 4544 omnium
2119 4487 2520 4560 humanorum,
2549 4506 2679 4563 quae

275 4567 598 4644 excogitari
644 4576 956 4643 potuerunt
1004 4568 1332 4643 inutilitate,
1390 4566 1706 4626 necessitas
1759 4566 1999 4626 remedii
2054 4574 2368 4643 appareret,
2419 4574 2478 4624 et
2526 4587 2680 4645 aeger

276 4648 477 4725 agnita
505 4646 835 4707 infirmitate
867 4668 970 4707 sua
998 4647 1271 4706 clamaret
1300 4648 1375 4706 ad
1406 4647 1720 4723 Medicum,
1751 4655 1809 4705 et
1838 4646 2039 4724 gratiae
2068 4654 2348 4724 quaereret
2376 4646 2676 4725 auxilium,

2365 4746 2401 4795 Q
