3221 5200
547 347 620 406 18
1451 362 1635 405 Locus
1664 362 2026 405 mosomus.
2572 338 2828 421 [wass-r.
2857 362 2952 403 111.

544 504 671 581 ejus
698 521 898 562 veram
937 502 1484 581 interpretationem,
1514 504 1653 581 quia
1692 525 1838 584 opus
1879 511 2003 565 erat
2041 500 2421 577 necessitatis,
2452 500 2610 579 quod
2649 501 2949 578 permitte-

544 583 718 645 batur
758 602 794 642 a
830 601 1098 660 supremo
1128 584 1378 642 Domino
1420 584 1656 661 majoris
1700 584 1996 645 charitatis
2036 584 2187 643 inter
2212 582 2476 641 homines
2523 581 2961 659 adstringendae

547 681 704 739 erg0.
793 662 858 722 Si
904 671 1067 723 actus
1108 662 1206 724 isti
1245 663 1632 723 indecentiam
1658 665 1911 744 aliquam
1951 665 2168 723 habent
2200 663 2262 720 in
2300 682 2380 737 se,
2411 662 2624 722 desinit
2651 682 2779 721 esse
2822 664 2962 722 talis

546 741 855 802 accedente
883 743 1172 818 mandato,
1193 744 1291 802 vel
1317 744 1614 819 instinctu,
1639 746 1737 805 vel
1763 745 2068 805 vocatione
2095 743 2312 819 divina,
2342 744 2748 803 necessitatem
2775 743 2958 803 talem

548 821 895 899 imponente,
925 824 1023 883 vel
1048 822 1374 885 libertatem
1402 824 1770 885 concedente.
2575 840 2578 845 ’

633 902 955 962 XXXIV.
1001 903 1166 964 Licet
1192 904 1454 963 homines
1495 905 1720 981 possint
1748 903 2082 981 dispensare
2110 903 2184 963 de
2213 902 2475 980 Legibus
2508 902 2664 978 suis;
2708 902 2845 961 Non
2874 901 2963 962 sic

554 981 718 1042 Deus
746 982 819 1042 de
848 983 1009 1059 Lege
1048 984 1268 1057 morali,
1314 984 1451 1061 quia
1479 984 1670 1061 Leges
1709 985 1975 1047 humanae
2018 991 2154 1044 sunt
2193 983 2477 1061 positivae,
2521 1002 2651 1060 quae
2695 984 2965 1060 obligant

551 1069 774 1126 tantum
804 1082 840 1121 a
864 1071 1028 1140 parte
1058 1063 1453 1141 Legislatoris,
1484 1084 1600 1125 non
1644 1085 1719 1124 ex
1747 1073 1910 1141 parte
1950 1064 2053 1125 rei.
2137 1063 2223 1123 At
2252 1063 2379 1122 Lex
2408 1064 2642 1122 moralis
2681 1072 2772 1123 est
2807 1063 2966 1141 juris

553 1142 850 1218 naturalis,
881 1161 1011 1219 quse
1040 1143 1263 1221 obligat
1287 1144 1350 1205 in
1377 1163 1439 1204 se
1468 1153 1527 1204 et
1554 1164 1589 1202 a
1615 1151 1777 1222 parte
1804 1144 1908 1203 rei.

1490 1381 1866 1458 QUAESTIO
1908 1382 2031 1441 111.

1246 1561 1328 1600 m:
1354 1560 1763 1603 PERFECTIONB
1791 1560 1962 1601 ans
1990 1560 2268 1602 normae.

558 1700 652 1759 An
681 1703 807 1760 Lex
834 1702 1083 1761 Mor-alis
1110 1702 1192 1760 ita
1215 1702 1287 1760 sit
1303 1705 1560 1777 perfecta
1597 1703 1726 1762 vitae
1751 1722 2077 1779 morumque
2103 1704 2345 1779 Requza,
2385 1710 2449 1761 ut
2472 1703 2611 1761 nihil
2645 1702 2732 1761 illi
2766 1723 2967 1779 super-

639 1783 785 1840 addi
812 1783 1007 1857 possit,
1052 1791 1153 1840 aut
1193 1782 1250 1841 in
1291 1802 1362 1840 ea
1401 1783 1616 1859 corriyi
1648 1784 1844 1842 debeat
1881 1785 1965 1842 ad
1996 1802 2190 1842 verum
2231 1783 2350 1842 Dei
2387 1785 2637 1841 aduam!
2691 1783 2786 1841 An
2833 1804 2969 1842 vero

644 1861 897 1927 Clmlstus
925 1883 1049 1920 eam
1078 1882 1190 1921 non
1214 1866 1380 1921 modo
1407 1872 1469 1920 ut
1496 1862 1876 1938 imperfectam
1903 1863 2269 1938 compleverit,
2297 1864 2400 1921 sed
2424 1864 2589 1921 etiam
2617 1872 2679 1922 ut
2697 1864 2973 1922 doctrinas

637 1960 755 1998 moe
794 1941 1143 2000 contrariam
1184 1944 1542 2001 correxerit!
1574 1943 1744 2001 Prius
1771 1941 2019 2020 Affirm.,
2052 1942 2275 2002 Poster.
2306 1943 2361 2002 N
2363 1962 2476 2019 eg.,
2519 1952 2720 2002 contra
2751 1943 2968 2019 Socim,

612 2092 613 2095 Ἴ
641 2020 932 2099 Anabap.,
964 2021 1284 2097 Remonst.,
1319 2022 1532 2080 Pontis.

1165 2179 1216 2239 Ι.
1248 2179 1504 2254 Quaestio
1530 2179 1656 2240 haee
1682 2180 1851 2240 nobis
1872 2180 2175 2241 intercedit
2203 2201 2334 2241 cum
2359 2181 2571 2257 variis3
2613 2180 2810 2242 Primo
2839 2201 2971 2241 cum

562 2248 1043 2352 ⁸⁶¹¹⁶⁹a¹2tm⁰⁰ffi⁶
1084 2260 1415 2336 Sociniamk,
1461 2261 1562 2337 qui
1601 2259 1969 2338 pertendunt,
2021 2262 2135 2319 alia
2174 2262 2353 2321 fuisse
2396 2262 2626 2336 Christi,
2672 2262 2787 2321 alia
2828 2282 2971 2321 vero

564 2383 569 2386 >
900 2339 912 2351 ‘
1087 2340 1273 2399 Mosis
1300 2350 1603 2418 praecepta,
1635 2349 1694 2400 et
1722 2341 2014 2401 Christum
2045 2341 2262 2418 Legem
2289 2342 2565 2401 moralem
2607 2341 2972 2419 supplevisse

563 2430 623 2482 et
649 2420 883 2480 auxisse
910 2428 977 2479 ut
1004 2419 1394 2497 imperfectam
1436 2421 1614 2479 variis
1655 2420 2081 2496 additamentis,
2113 2429 2173 2480 et
2198 2428 2263 2481 ut
2290 2422 2482 2481 minus
2508 2429 2725 2481 rectam
2752 2422 2814 2478 in
2842 2423 2970 2498 qui·

557 2501 804 2561 busdam
832 2500 1170 2560 correxisse.
1216 2499 1372 2558 Hinc
1400 2499 1782 2559 correctiones
1809 2501 2001 2559 varias
2021 2501 2197 2578 Legis
2224 2521 2260 2560 a
2281 2501 2509 2561 Christo
2537 2501 2719 2561 factas
2746 2502 2973 2578 volunt,

563 2590 623 2642 et
667 2581 1058 2640 additamenta
1097 2578 1275 2655 varia,
1305 2598 1422 2637 non
1463 2578 1638 2638 modo
1683 2580 1929 2656 singulis
1969 2581 2273 2659 praeceptis
2303 2582 2601 2659 Decalogi,
2647 2580 2860 2659 quibus
2902 2603 2975 2643 ea

561 2661 951 2739 perficiuntur,
1002 2658 1197 2734 qualia
1244 2667 1394 2733 sunt,
1452 2667 1720 2734 respectu
1770 2660 1966 2734 Primi,
2016 2662 2190 2720 Certa
2227 2664 2514 2737 precandi
2550 2664 2700 2722 ratio
2742 2664 2976 2741 definita
3012 2699 3027 2713 ·

563 2739 819 2800 oratione
847 2738 1142 2811 dominica,
1173 2746 1227 2796 et
1265 2741 1442 2797 cultus
1467 2739 1758 2814 religiosus
1788 2739 2002 2798 Christi
2037 2750 2099 2798 ut
2126 2743 2501 2816 Mediatort’s;
2555 2751 2821 2820 respectu
2867 2743 2973 2802 Se·

565 2818 927 2894 cundi,fi19a
953 2820 1249 2876 Idolorum
1274 2837 1370 2876 seu
1397 2818 1719 2894 Imayinum
1731 2844 1754 2892 ;
1795 2819 1995 2896 Tertii,
2025 2822 2353 2881 Inter-dictio
2379 2823 2710 2882 Juramenti
2721 2823 2888 2881 etiam
2911 2824 2974 2882 in

565 2902 727 2959 rebus
752 2899 899 2956 veris
910 2923 933 2971 ;
977 2897 1198 2973 Quarti,
1222 2898 1514 2973 abrogatio
1531 2899 1814 2973 sabbathi,
1845 2900 1991 2958 citra
2017 2902 2448 2961 substitutionem
2473 2904 2706 2962 alterius
2733 2903 2974 2978 alicujus

566 2981 711 3053 dici;
741 2977 956 3052 Quinti,
972 2977 1106 3038 etin
1119 2997 1329 3054 genere
1347 2977 1560 3036 tabulae
1579 2978 1863 3055 secundae,
1885 2981 2102 3039 dilectio
2112 2982 2340 3040 Inimici
2345 3007 2368 3055 ;
2402 2983 2584 3059 Sexti,
2603 2983 2974 3041 Interdictum

568 3061 674 3120 irae
689 3070 744 3120 et
759 3059 1011 3119 vindictoe
1026 3058 1138 3118 sive
1139 3058 1387 3134 privata
1396 3058 1508 3118 sive
1508 3060 1750 3135 publica
1758 3084 1783 3133 ;
1809 3059 2070 3137 Septimi,
2086 3061 2399 3121 interdictio
2415 3072 2670 3140 aspectus
2687 3064 2971 3139 impudici,

565 3141 797 3202 divortii
812 3149 981 3201 extra
999 3138 1356 3214 adulterium,
1380 3139 1719 3216 impuritatis
1736 3149 1790 3199 et
1803 3141 2167 3201 obscoenitatis
2175 3165 2200 3214 ;
2229 3141 2453 3219 Octavi,
2458 3143 2760 3219 prohibitio
2778 3144 2973 3202 mur-i·

567 3225 676 3301 tiae,
702 3233 757 3282 et
781 3221 1032 3301 eroqatio
1058 3221 1466 3297 superfluorum
1494 3221 1552 3279 in
1569 3241 1858 3298 pauperes
1868 3246 1892 3294 ;
1935 3221 2106 3296 Noni,
2128 3222 2432 3297 prohibitio
2463 3223 2734 3282 sermonis
2759 3224 2898 3282 vani
2921 3233 2977 3282 et

569 3306 717 3378 levis,
733 3304 940 3380 iniquoe
955 3321 1221 3375 censurae,
1238 3298 1376 3375 &c.;
1410 3301 1655 3376 Decimi,
1671 3303 2020 3360 interdictum
2034 3303 2499 3378 concupiscentioe,
2514 3323 2627 3362 non
2643 3305 2809 3361 modo
2826 3312 2890 3361 ut
2902 3323 2976 3361 ea

567 3405 683 3442 non
708 3386 1056 3452 delectemur,
1087 3381 1189 3436 sed
1205 3388 1268 3435 ut
1293 3398 1359 3436 ne
1387 3380 1609 3453 quidem
1637 3400 1762 3438 eam
1789 3382 2165 3456 concipiamus
2192 3385 2387 3459 quoad
2408 3383 2657 3442 animum
2685 3392 2936 3442 nostrum
2955 3406 2975 3441 .-

574 3458 693 3524 Sed
720 3459 892 3519 etiam
921 3456 1114 3533 quoad
1148 3456 1318 3514 Nova
1346 3457 1659 3534 Praecepta,
1703 3479 1832 3534 quae
1876 3468 2085 3536 praeter
2114 3462 2474 3540 Decalogum
2515 3483 2550 3521 a
2579 3462 2809 3521 Christo
2837 3463 2978 3522 data

570 3537 937 3616 pertendunt,
967 3535 1163 3611 qualia
1190 3543 1326 3594 sunt
1350 3535 1488 3594 Tria
1514 3537 1906 3613 potissimum:
1941 3541 1993 3597 1.
2013 3540 2321 3617 Abueqatio
2349 3543 2542 3618 nostri,
2565 3547 2621 3602 2.
2645 3543 2977 3601 Tolerantia

578 3617 780 3677 Crucis
796 3624 1041 3692 propter
1072 3614 1372 3690 Christum,
1417 3618 1472 3675 3.
1501 3617 1753 3676 Imitatio
1786 3618 2010 3695 Christi,
2042 3619 2114 3679 de
2143 3621 2354 3698 quibus
2381 3622 2604 3682 Catech.
2632 3622 2869 3682 Racovi.
2898 3622 2976 3681 de

574 3696 823 3773 Prophe.
869 3695 1082 3755 Christi
1123 3714 1376 3769 munere,
1421 3715 1471 3754 e.
1500 3696 1539 3754 i.
1569 3705 1629 3755 et
1656 3697 1715 3757 ii.
1752 3699 2013 3758 Ostorod.
2059 3699 2226 3759 Insti.
2265 3701 2457 3778 Relig.
2490 3701 2701 3761 Christ.
2745 3723 2795 3761 c.
2825 3700 2976 3761 xxii.

585 3778 793 3837 Volkel.
815 3776 915 3835 lib.
935 3776 1013 3834 iv·
1044 3774 1117 3833 de
1145 3795 1284 3833 vera
1306 3775 1556 3852 Religio,
1587 3796 1637 3834 e.
1661 3777 1786 3836 xxi.
1859 3779 2081 3856 Scopus
2108 3780 2339 3840 illorum
2367 3789 2473 3856 est,
2499 3784 2550 3840 1.
2570 3781 2839 3840 Stabilire
2867 3781 2975 3839 im·

571 3859 734 3937 pium
762 3857 975 3934 dogma
1002 3854 1075 3914 de
1105 3854 1335 3914 Christo
1376 3855 1677 3917 Salvatore
1718 3877 1835 3916 non
1867 3879 1972 3936 per
2011 3858 2201 3939 λίηςυ,
2247 3860 2350 3919 sed
2390 3881 2494 3937 per
2534 3861 2872 3920 doctrinam.
2916 3865 2977 3921 2.

578 3940 844 3999 Statuere
865 3934 1338 4015 justificationem
1366 3935 1664 3996 hominum
1691 3957 1795 4014 per
1822 3958 2012 4016 opera,
2036 3959 2152 3999 non
2170 3939 2402 4017 quidem
2420 3961 2524 4017 per
2543 3941 2812 4002 meritum
2840 3960 2979 4018 ope·

574 4019 952 4160 {u'sssiussssss'
960 4014 1259 4174 ,ffffiffl
1279 4015 2978 4161 ἳιῖῃῖἲῗᾉῗὲῡῗῖιὲἶἴῖιῖξωέἑίἕεῗῖηῗῗνῗῗἓξὲξ-Τ·

596 4217 1036 4322 Axiam
1096 4174 1987 4332 &mmmmm
1996 4144 2982 4336 ffisszflsszsffltffl}

634 4336 778 4380 tium.
1106 4338 1237 4411 10,1
1248 4339 1299 4411 1,
1313 4346 1371 4395 et
1385 4336 1803 4396 Embda.Art.l
1814 4340 2077 4414 1,12,13;
2104 4338 2213 4397 Isti
2230 4339 2443 4417 Apolo.
2457 4360 2505 4399 c.
2521 4340 2641 4414 xii„
2654 4340 2756 4399 ubi
2773 4361 2981 4417 appro-

576 4419 721 4478 bant
747 4420 983 4478 Thesim
1029 4416 1394 4478 Socinianam
1435 4415 1507 4474 de
1548 4415 1979 4493 imperfectione
2010 4418 2208 4495 Legis,
2236 4427 2296 4478 et
2336 4419 2394 4477 in
2436 4419 2748 4497 hypothesi
2788 4421 2989 4479 varias

580 4498 905 4557 additiones
932 4505 1155 4576 ponunt
1182 4505 1241 4557 et
1260 4495 1593 4570 defendunt,
1619 4505 1678 4556 et
1699 4516 1750 4554 c.
1768 4497 1895 4559 xiii.
1918 4498 1991 4558 de
2020 4497 2205 4560 tribus
2232 4499 2538 4578 praeceptis
2564 4519 2601 4558 a
2619 4499 2851 4559 Christo
2877 4499 2983 4559 ad·

579 4578 718 4637 ditis
745 4585 803 4634 ct
830 4577 902 4636 de
930 4579 1114 4654 primo
1140 4575 1457 4657 praesertim
1486 4575 1610 4636 fuse
1649 4585 1849 4653 agunt.

661 4657 748 4717 11.
795 4656 923 4715 Illis
954 4657 1079 4733 jam
1119 4658 1493 4737 praeluserant
1533 4656 1856 4733 Manichaei,
1905 4656 2056 4722 inter
2095 4677 2242 4738 ques
2283 4666 2342 4722 et
2384 4657 2714 4724 Catholicos
2762 4659 2987 4736 agitata
