3221 5200
534 385 611 453 86
1447 400 1631 452 Locus
1661 400 2020 454 fiscamnus,
2549 382 2806 474 [Quaes'r.
2838 408 2941 452 vn.

622 551 741 609 111.
787 552 842 609 Ν
845 572 918 611 011
961 550 1236 629 quaeritur
1276 551 1348 610 de
1390 553 1750 612 Invocatione
1790 552 2098 630 improprie
2127 552 2302 627 dicta,
2347 571 2450 617 seu
2490 551 2948 628 Interpellatioue

540 630 700 706 civili,
730 632 941 707 sociali,
974 639 1032 691 et
1060 631 1379 706 dilectionis,
1412 651 1541 709 quse
1569 633 1721 690 inter
1745 632 2008 691 homines
2037 633 2303 691 viventes
2343 632 2537 693 locum
2563 632 2757 707 habet,
2787 640 2849 691 et
2875 631 2949 691 ad

540 710 853 770 secundam
881 710 1137 771 tabulam
1164 710 1449 788 pertinet;
1498 711 1616 771 Sed
1643 711 1717 771 de
1744 712 1971 790 proprie
1989 712 2145 772 dicta
2172 721 2230 771 et
2256 712 2521 790 reliqiosa
2540 712 2784 789 pietatis,
2819 731 2947 789 quse

538 788 603 850 in
628 791 815 869 prima
842 790 1040 851 tabula
1065 791 1411 869 praecipitur,
1442 799 1509 851 ut
1535 792 1828 869 praecipua
1851 812 1985 869 pars
2016 791 2357 870 Religionis,
2389 812 2518 869 quse
2547 791 2820 869 synech.
2844 811 2949 869 pro

541 878 665 930 toto
696 870 809 930 Dei
850 869 1010 932 cultu
1038 891 1190 949 saepe
1233 871 1481 948 ponitur,
1528 871 1699 931 Rom.
1730 892 1790 932 x.
1825 875 1916 947 13,
1949 872 2057 932 sub
2101 892 2218 950 qua
2246 871 2588 931 Adversarii
2614 871 2951 935 universum

546 950 888 1011 Sanctorum
918 951 1137 1010 cultum
1165 951 1640 1028 complectuntur,
1672 952 1773 1029 qui
1794 953 1969 1029 juxta
1995 954 2152 1030 ipsos
2181 951 2462 1026 consistit,
2484 952 2695 1030 partim
2723 953 2869 1009 intus
2890 951 2952 1009 in

527 1032 747 1109 judicio
775 1034 845 1091 dc
871 1032 1023 1107 ipsis,
1054 1030 1211 1108 quod
1237 1031 1610 1091 necessitates
1638 1041 1866 1091 nostras
1891 1033 2103 1107 norint,
2127 1040 2186 1091 et
2212 1032 2437 1109 possint
2463 1031 2632 1090 nobis
2659 1030 2951 1109 opitulari,

543 1111 752 1188 partim
780 1111 841 1169 in
851 1112 1074 1190 fiducia
1101 1111 1159 1169 in
1187 1111 1336 1186 ι’ρειζς,
1407 1110 1525 1170 uod
1551 1112 1725 1171 etiam
1754 1112 1954 1186 velint,
1984 1113 2192 1189 partim
2203 1113 2360 1187 foris
2387 1111 2450 1177 in,
2470 1110 2765 1170 sacrificiis
2785 1119 2845 1171 et
2866 1111 2953 1171 in·

543 1190 963 1266 vocationibus,
994 1210 1123 1267 quse
1151 1190 1293 1267 ipsis
1322 1211 1356 1250 o
1401 1200 1656 1266 eruatur,
1688 1192 1882 1252 Festis
1910 1201 1968 1252 et
1994 1192 2269 1269 Templis,
2293 1211 2423 1269 quse
2449 1190 2592 1269 ipsis
2614 1210 2955 1250 consecran-

543 1277 679 1330 tur:
721 1269 822 1328 An
849 1270 1077 1330 colendi
1105 1269 1236 1345 sint,
1257 1289 1374 1329 non
1401 1290 1469 1329 eo
1499 1271 1660 1330 cultu
1688 1270 2013 1330 dilectionis
2041 1280 2099 1330 et
2127 1271 2436 1345 societatis,
2468 1291 2583 1347 quo
2610 1271 2671 1328 in
2699 1270 2810 1328 bac
2831 1270 2958 1329 vita

545 1350 814 1410 coluntur
840 1350 1026 1410 sancti
1067 1350 1331 1409 homines
1360 1351 1471 1409 Dei
1504 1359 1750 1427 propter
1777 1352 2154 1425 imitationem,
2185 1351 2288 1410 sed
2330 1351 2489 1410 cultu
2532 1370 2694 1410 sacro
2720 1349 2958 1429 pietatis

535 1438 780 1506 propter
800 1431 1143 1507 Religionem
1161 1453 1186 1502 ,·
1227 1438 1292 1488 ut
1320 1429 1479 1506 Aug.
1508 1430 1766 1507 loquitur
1784 1430 1885 1490 lib.
1916 1451 2019 1491 xx.
2050 1440 2203 1507 cont.
2234 1431 2303 1490 F.
2328 1430 2509 1488 Mani.
2540 1451 2590 1489 c.
2621 1434 2695 1488 21
2723 1452 2737 1508 3
2785 1429 2958 1505 Quod

545 1529 844 1586 negamus,
875 1509 1159 1569 affirmant
1188 1509 1495 1568 Pontificii.

630 1589 740 1649 IV.
807 1590 939 1648 Non
987 1589 1278 1667 quaeritur,
1310 1587 1411 1646 An
1442 1589 1641 1653 Sancti
1686 1588 1803 1648 sint
1830 1590 2184 1649 Mediatores
2225 1598 2284 1650 et
2326 1589 2745 1648 Intercessores
2771 1588 2959 1649 nostri

547 1668 2959 1826 32⁰?2352340313003123221”Js‘ssfflbazss3‘¹§23,mAE3‘35315‘.‘313.23322g.3‘322022¹}

551 1848 710 1887 sores
737 1829 920 1888 nostri
969 1829 1085 1888 sint
1112 1828 1438 1903 invocandi,
1472 1829 1593 1887 Nec
1622 1838 1846 1888 tantum
1887 1839 1953 1889 ut
1979 1829 2404 1903 intercessores,
2434 1828 2536 1905 qui
2563 1828 2731 1887 nobis
2771 1828 2961 1905 preci-

550 1909 661 1968 bus
689 1917 747 1967 et
772 1908 992 1968 meritis
1020 1909 1141 1966 suis
1169 1908 1321 1967 bona
1361 1928 1490 1985 quse
1539 1908 1613 1967 ab
1656 1909 1798 1985 ipsis
1903 1918 2105 1968 tuntur
2145 1909 2479 1984 obtineant3
2525 1907 2629 1967 sed
2665 1916 2731 1967 ut
2757 1927 2960 1967 eorum

548 1987 872 2065 largitores,
896 1987 1053 2065 quod
1083 1987 1391 2062 Pontificii,
1413 1989 1550 2047 licet
1576 1987 1820 2047 dissimu
1844 1998 1959 2065 ent,
1981 1998 2243 2050 statuunt
2262 1997 2474 2064 tamen,
2493 1996 2560 2049 ut
2588 2008 2663 2051 ex
2689 1988 2962 2066 precibus

551 2067 626 2126 ad
659 2068 901 2127 Sanctos
930 2067 1164 2125 directis
1191 2075 1366 2144 patet,
1399 2067 1471 2125 de
1539 2067 1711 2126 uibus
1739 2068 1905 2127 infra.

631 2147 709 2207 V.
754 2147 1009 2223 Quaestio
1037 2166 1176 2224 ergo
1205 2166 1275 2207 eo
1302 2146 1468 2223 redit,
1555 2167 1595 2204 n
1623 2148 1814 2207 cultus
1834 2147 2186 2209 adorationis
2212 2156 2271 2208 et
2287 2147 2671 2208 invocationis
2699 2146 2807 2207 soli
2832 2147 2962 2207 Deo

552 2226 831 2287 debeatur
858 2226 1156 2287 exclusive
1184 2226 1260 2286 ad
1287 2247 1487 2287 omnes
1515 2236 1807 2286 creaturas
1834 2228 2250 2305 qualiscunque
2279 2227 2397 2287 sint
2436 2227 2655 2286 ordinis
2683 2236 2742 2287 et
2769 2226 2961 2304 digni-

551 2306 728 2383 tatis;
773 2307 873 2365 An
901 2327 1040 2366 vero
1066 2307 1252 2385 possit
1291 2307 1467 2367 tribui
1516 2306 1690 2367 etiam
1719 2306 1969 2385 Angelis
2010 2317 2069 2368 et
2113 2308 2358 2384 Sanctis,
2390 2327 2506 2367 non
2554 2306 2961 2375 militantibus.

553 2385 659 2446 sed
685 2387 1190 2465 triumphantibus.
1276 2387 1570 2447 Posterius
1601 2387 1891 2447 Pontificii
1920 2396 2197 2463 statuunt,
2229 2388 2352 2447 Nos
2381 2388 2552 2446 Prius
2579 2387 2909 2446 asserimus.

686 2521 698 2535 ,
766 2522 777 2534 ,
1159 2466 1272 2525 VI.
1317 2467 1752 2527 Pontificiorum
1773 2467 2073 2543 sententia,
2094 2486 2211 2527 non
2230 2466 2403 2526 modo
2425 2486 2499 2526 ex
2522 2466 2776 2544 ipsorum
2793 2466 2967 2543 praxi

552 2522 920 2626 Pontntzgfffiraen
934 2536 1038 2569 '⁹¹¹'
1079 2546 1389 2624 colligitur,
1421 2546 1524 2606 sed
1552 2556 1612 2607 et
1639 2566 1714 2606 ex
1740 2547 1869 2624 ejus
1910 2547 2206 2609 sanctione
2245 2548 2306 2606 in
2335 2546 2594 2607 Concilio
2622 2546 2965 2607 Tridentino

1076 2626 1245 2701 facta,
1270 2626 1423 2686 Sess.
1447 2629 1546 2701 25,
1578 2627 1828 2686 Decreto
1848 2627 1920 2686 de
1938 2627 2301 2688 invocatione
2335 2628 2694 2703 Sanctorum,
2710 2636 2769 2687 et
2785 2646 2964 2687 vene-

554 2704 777 2770 ratione
805 2704 1193 2783 reliquiarum,
1225 2703 1333 2763 &c.
1380 2708 1415 2738 “
1439 2705 1658 2766 Iisdem
1698 2706 1937 2766 mandat
1961 2715 2027 2766 ut
2054 2707 2298 2768 doceant
2344 2708 2685 2768 Sanctorum
2725 2707 2963 2766 invoca-

555 2786 789 2861 tionem,
820 2785 1192 2862 reliquiarum
1217 2785 1511 2859 honorem,
1543 2795 1602 2844 et
1630 2786 1946 2862 imaginum
1975 2807 2177 2863 usum;
2207 2795 2267 2847 et
2287 2808 2388 2847 eos
2415 2788 2525 2866 qui·
2543 2787 2711 2845 aliter
2730 2786 2963 2862 docent,

557 2864 731 2942 impie
754 2865 966 2925 sentire
986 2865 1358 2943 praedicent.”
1444 2865 1718 2924 Bellarm.
1738 2865 1840 2924 lib.
1860 2867 1898 2923 i.
1921 2866 1994 2925 de
2018 2867 2204 2927 Beati.
2228 2868 2457 2926 Sanct0.
2479 2888 2528 2927 c.
2554 2869 2646 2941 19,
2679 2869 2714 2899 ‘⁶
2739 2865 2968 2940 Sancti,

557 2946 682 3005 sive
712 2945 931 3023 Angeli
977 2945 1102 3005 sive
1132 2944 1433 3020 Homines,
1483 2944 1577 3023 pie
1624 2953 1800 3023 atque
1845 2946 2065 3006 utiliter
2106 2966 2142 3005 a
2184 2947 2518 3007 viventibus
2558 2946 2964 3004 invocantur.'’

559 3025 793 3085 Catech.
834 3025 1004 3087 Rom.
1050 3026 1125 3084 ad
1167 3025 1218 3084 I.
1260 3033 1614 3108 praeceptum
1654 3045 1711 3102 q.
1761 3028 1854 3100 12,
1884 3025 2090 3102 probat
2119 3026 2554 3086 Invocationem
2600 3026 2970 3101 Sanctorum,

556 3106 735 3165 variis
763 3106 1135 3183 argumentis,
1165 3104 1529 3184 potissimum
1556 3125 1696 3165 vero
1727 3108 1762 3139 “
1785 3106 1860 3167 ob
1887 3126 2014 3164 eam
2043 3126 2293 3181 cansam,
2324 3106 2481 3184 quod
2513 3126 2619 3183 pro
2646 3104 2832 3164 salute
2858 3105 2967 3166 ho-

556 3185 779 3252 minum
846 3206 1005 3246 reces
1032 3186 1262 3246 assidue
1306 3186 1542 3261 faciunt,
1572 3185 1866 3263 multaque
1909 3204 2106 3245 eorum
2134 3187 2338 3245 merito
2380 3194 2439 3245 et
2486 3185 2672 3263 gratia
2702 3185 2863 3243 Deus
2903 3185 2968 3243 in

556 3285 666 3325 nos
694 3287 803 3327 con
827 3274 914 3326 ert
940 3266 1279 3328 beneficia.''
1366 3266 1676 3325 Peri-onius
1704 3265 1984 3326 adversus
2007 3267 2231 3343 Regem
2249 3267 2332 3325 M.
2359 3266 2692 3339 Britanniae,
2716 3265 2966 3323 Invoca-

557 3345 772 3406 tionem
808 3347 1164 3420 Sanctorum,
1195 3365 1313 3403 non
1340 3346 1512 3404 modo
1539 3346 1759 3419 utilem,
1790 3346 1894 3405 sed
1934 3345 2108 3405 etiam
2145 3346 2525 3406 necessariam
2554 3364 2680 3403 esse
2721 3345 2970 3422 probare

559 3426 780 3486 nititur.
866 3425 1085 3488 Maldo.
1114 3425 1176 3482 in
1199 3425 1408 3483 Matth.
1432 3445 1490 3484 v,
1522 3427 1617 3498 34,
1643 3424 1784 3484 dicit
1809 3427 1844 3458 “
1866 3444 2116 3484 errorem
2137 3445 2264 3486 esse
2285 3425 2523 3503 impium
2553 3433 2612 3484 et
2638 3424 2973 3502 imperitum

561 3523 776 3577 eorum,
807 3503 910 3579 qui
936 3503 1159 3562 nullum
1186 3503 1299 3562 nisi
1330 3503 1457 3561 Deo
1483 3503 1782 3580 religionis
1809 3504 2087 3566 honorem
2112 3505 2431 3566 tribuunt.'’
2517 3504 2673 3566 Hinc
2701 3513 2820 3563 tam
2850 3503 2970 3563 sol-

558 3581 717 3646 licite
748 3581 981 3641 Indices
1010 3582 1425 3660 Expurgatorii
1465 3581 1713 3650 delenda
1748 3592 1968 3658 curant,
2011 3602 2368 3662 quaecunque
2396 3583 2494 3643 vel
2521 3585 2580 3644 in
2610 3584 2839 3658 Bibliis,
2869 3585 2975 3646 vel

562 3661 624 3727 in
655 3662 891 3721 Patrum
925 3661 1166 3739 Scriptis
1209 3661 1499 3740 pertinent
1541 3662 1619 3722 ad
1646 3662 1825 3722 solius
1855 3664 1966 3722 Dei
2002 3664 2240 3724 cultum.
2327 3665 2424 3722 Ex
2465 3663 2676 3728 Bibliis
2704 3664 2968 3738 Vatabli,

562 3749 683 3802 not.
713 3741 777 3800 in.
804 3742 883 3802 Is.
913 3741 1035 3801 viii.
1079 3744 1176 3818 32,
1207 3741 1418 3816 delent,
1473 3744 1509 3776 ‘⁴
1534 3742 1646 3817 Qui
1695 3743 1931 3803 credent
1970 3744 2031 3802 in
2062 3745 2251 3810 Deum
2293 3744 2442 3802 salvi
2482 3751 2666 3817 erunt,
2697 3743 2799 3820 qui
2829 3763 2974 3803 vero

562 3841 698 3898 non,
727 3821 1057 3899 peribunt.''
1140 3822 1236 3881 Ex
1265 3820 1575 3881 Athanasii
1602 3822 1791 3886 indice
1818 3823 2030 3899 delent,
2065 3826 2104 3856 “
2120 3822 2369 3883 Adorari
2409 3824 2589 3882 solius
2618 3823 2733 3883 Dei
2759 3830 2864 3902 est,
2909 3832 2975 3884 et

566 3902 843 3963 Creatura
885 3901 1047 3962 nulla
1090 3900 1442 3962 adoranda.''
1528 3903 1624 3962 Ex
1653 3902 2006 3981 Augustino,
2036 3903 2139 3962 lib.
2168 3903 2207 3962 i.
2238 3903 2310 3963 de
2339 3923 2479 3962 vera
2508 3903 2719 3980 Relig„
2751 3902 2976 3979 delent,

566 3984 603 4017 “
629 3981 827 4042 Sancti
853 3981 1175 4041 honorandi
1202 3981 1538 4056 imitatione,
1558 4001 1676 4042 non
1704 3983 2096 4058 adoratione,’'
2127 3993 2187 4042 et
2217 3986 2252 4017 “
2275 3992 2473 4043 contra
2502 4002 2603 4042 eos
2619 3982 2721 4058 qui
2748 3981 2974 4058 dicunt,

567 4063 929 4201 81111ἓ18011111
954 4081 1072 4122 11011
1099 4061 1245 4138 0010,
1266 4061 1370 4122 sed
1395 4082 1499 4139 per
1525 4082 1594 4121 ea
1621 4063 1697 4122 ad
1723 4062 1784 4121 id
1811 4062 1969 4141 quod
1996 4063 2185 4123 colere
2213 4062 2397 4123 debeo
2424 4063 2756 4139 adhortor,'’
2786 4062 2848 4119 in
2871 4062 2977 4126 ΡΒ.

564 4162 646 4204 xi.
736 4164 787 4202 c.

644 4223 793 4282 VII.
838 4221 1041 4297 Quoad
1067 4221 1295 4299 praxim
1321 4241 1491 4281 nemo
1519 4229 1608 4282 est
1634 4221 1736 4299 qui
1761 4221 1998 4298 nesciat,
2029 4223 2249 4282 cultum
2290 4223 2445 4282 hunc
2471 4222 2622 4281 inter
2653 4220 2978 4298 praecipuas

563 4310 757 4380 partes
786 4301 1112 4380 Religionis
1157 4300 1475 4361 Pontificius
1518 4302 1736 4379 reponi,
1791 4302 2037 4362 Sanctos
2075 4302 2346 4362 honorari
2387 4300 2662 4378 Templis,
2711 4300 2976 4377 Sacellis,

566 4381 723 4454 Aris,
748 4381 1125 4459 Imaginibus,
1152 4379 1451 4458 Capitibus
1467 4381 1723 4455 radiatis,
1746 4381 1957 4457 missis,
1981 4381 2160 4458 festis,
2186 4381 2383 4456 cereis,
2405 4381 2522 4440 illis
2549 4380 2792 4440 donaria
2808 4387 2866 4441 et
2883 4400 2977 4439 sa-

567 4459 781 4519 crificia
800 4460 1010 4536 offerri,
1040 4460 1116 4522 ad
1132 4479 1234 4528 eos
1253 4479 1453 4553 preces
1481 4460 1673 4537 dirigi,
1703 4480 1809 4537 per
1833 4479 1932 4520 eos
1946 4462 2149 4538 jurari,
2179 4462 2252 4522 iis
2278 4469 2419 4521 vota
2445 4459 2781 4537 nuncupari,
2813 4479 2977 4538 spem

566 4538 772 4598 salutis
800 4548 858 4599 et
874 4540 1145 4599 fiduciam
1161 4540 1222 4598 in
1239 4539 1315 4599 iis
1329 4539 1616 4615 collocari,
1640 4539 1906 4617 adeoque
1928 4559 2030 4600 eos
2046 4540 2321 4617 invocari,
2341 4560 2460 4600 non
2476 4548 2702 4604 tentum
2719 4550 2784 4600 ut
2800 4541 2979 4600 inter-

567 4636 842 4692 cessores,
864 4618 969 4678 sed
988 4619 1161 4678 etiam
1182 4628 1248 4678 ut
1267 4627 1622 4696 protectores
1642 4639 1678 4678 a
1697 4620 1883 4693 malis,
1906 4627 1966 4679 et
1991 4620 2298 4698 largitores
2324 4629 2450 4686 tum
2472 4620 2678 4698 gratiss
2703 4628 2827 4679 tum
2849 4619 2978 4696 glo·

568 4698 685 4760 τίω.
733 4697 829 4759 Sic
846 4698 1137 4757 invocatio
1155 4698 1424 4776 dirigitur
1440 4699 1515 4757 ad
1543 4718 1742 4758 omnes
1763 4699 2022 4777 Sanctos,
2043 4700 2104 4760 in
2123 4700 2355 4761 Brevia.
2380 4700 2572 4777 Rom„
2591 4699 2629 4758 i.
2651 4699 2937 4766 Novemb.
2961 4721 2979 4761 ε
