3221 5200
583 372 699 428 554
1385 389 1566 429 Locus
1609 388 1866 429 bacmos
1909 390 2177 438 Quixrus.
2590 369 2915 450 [Quaesr.
2958 389 3099 425 xm

663 527 987 586 XXXIV.
1033 529 1179 586 Cum
1208 527 1492 587 certitudo
1519 549 1694 606 quam
1722 549 1994 605 urgemus
2034 529 2241 589 debeat
2270 547 2397 588 esse
2432 549 2705 606 semper
2742 533 3095 608 conjuncta

580 628 711 667 cum
755 628 865 665 usu
911 608 1248 682 mediorum,
1280 607 1490 667 frustra
1533 618 1886 686 quaereretur
1918 610 1978 667 in
2006 618 2304 686 peccatore
2335 610 2829 685 impoenitente.
2940 613 3025 668 Et
3052 610 3090 664 si

575 687 764 746 fidelis
792 688 1103 765 aliquando
1133 708 1334 747 verum
1363 698 1554 747 actum
1583 690 1751 747 istius
1770 689 2131 748 certitudinis
2160 709 2395 747 exerere
2420 690 2657 765 potuit,
2692 692 2875 750 dum
2914 692 2983 747 in
3006 692 3086 744 vij

580 775 639 825 et
673 769 838 844 praxi
873 769 1192 827 sanctitatis
1221 768 1365 843 fuit3
1410 769 1534 827 fieri
1562 789 1678 826 non
1706 777 1896 846 potest
1923 778 1989 827 ut
2016 789 2146 827 eum
2176 778 2376 828 exerat
2403 770 2669 846 pariter,
2715 771 2893 828 dum
2931 771 3084 828 carni

581 847 861 925 indulget,
894 850 991 907 vel
1019 869 1196 925 grave
1226 848 1461 925 aliquod
1487 857 1789 926 peccatum
1817 849 2158 926 committit3
2204 849 2341 925 quia
2378 869 2502 906 non
2534 850 2757 908 debet
2793 852 3079 928 ignorare

578 930 1065 1005 perseverantiam
1120 929 1180 984 in
1234 937 1470 1003 peccato
1525 948 1652 987 esse
1701 937 1960 984 sedena-0·
2013 949 2144 987 cum
2199 929 2312 986 ista
2372 930 2803 989 certitudine.
2944 931 3075 987 Ide—1³

580 1028 874 1087 nunquam
897 1028 965 1066 eo
994 1007 1299 1066 adducitur
1325 1017 1390 1066 ut
1418 1008 1589 1082 dicat,
1614 1008 1817 1066 Certus
1844 1007 1927 1067 fui
1956 1009 2133 1068 semel
2155 1008 2227 1066 de
2249 1009 2458 1067 Gratia
2485 1009 2633 1082 Dei,
2671 1010 2912 1069 debeo
2944 1029 3073 1084 erge

578 1097 768 1148 certus
795 1107 921 1146 esse
950 1088 1008 1144 in
1030 1095 1323 1163 posterum
1351 1088 1422 1145 de
1452 1108 1537 1161 ea,
1568 1089 1844 1165 quicquid
1872 1087 2110 1164 faciam3
2156 1088 2291 1164 quia
2318 1097 2382 1147 ut
2410 1088 2851 1147 certitudinis
2876 1099 3067 1147 aetum
3124 1111 3133 1122 ·

578 1188 697 1227 non
725 1167 950 1226 exeruit
978 1166 1037 1223 in
1065 1168 1371 1243 praeterito,
1404 1168 1519 1226 nisi
1547 1188 1678 1226 cum
1707 1187 1816 1226 usu
1857 1168 2195 1242 mediorum,
2228 1168 2309 1226 ita
2355 1187 2464 1225 nec
2512 1177 2747 1243 potest
2786 1190 2945 1227 enm
2979 1190 3067 1225 ex·

577 1266 734 1307 erere
764 1247 822 1302 in
851 1247 1119 1322 praesenti
1147 1247 1258 1304 nisi
1287 1248 1345 1304 in
1374 1247 1578 1305 eodem
1606 1255 1778 1321 statu,
1808 1257 1866 1306 et
1894 1268 2010 1305 non
2037 1247 2221 1306 aliter.
2307 1247 2386 1305 Et
2414 1247 2465 1304 si
2493 1247 2677 1322 prior
2711 1258 2923 1308 actus
2955 1268 3062 1306 ccr-

579 1325 844 1385 titudinis
872 1326 1104 1402 respicit
1132 1327 1302 1386 etiam
1333 1326 1604 1401 futurum,
1637 1327 1871 1404 respicit
1887 1327 2034 1385 illud
2051 1327 2112 1384 in
2132 1325 2333 1384 eadem
2359 1326 2728 1403 hypothesi,
2772 1330 3058 1386 nimirum

582 1406 632 1464 si
660 1414 854 1463 utatur
880 1405 1103 1480 mediiS,
1135 1415 1192 1464 et
1220 1407 1295 1464 sit
1322 1407 1382 1463 in
1405 1407 1501 1465 via
1523 1408 1862 1466 sanctitatis.

665 1484 954 1542 XXXV.
1003 1485 1303 1544 Dubitatio
1337 1487 1677 1545 Sanctorum
1717 1495 1807 1545 est
1847 1495 1985 1545 nota
2025 1484 2390 1558 infirmitatiS,
2421 1504 2543 1541 non
2572 1485 3053 1546 firmamentum

580 1563 1020 1622 incertitudinis.
1106 1565 1374 1624 Ostendit
1402 1567 1543 1643 quid
1560 1566 1872 1644 aliquando
1899 1567 2001 1625 fiat
2019 1567 2090 1624 de
2118 1566 2287 1639 fact0,
2318 1584 2434 1622 non
2457 1565 2611 1639 quid
2646 1566 2807 1625 fieri
2841 1568 3049 1625 debeat

581 1644 653 1703 de
688 1645 838 1720 jure.
926 1644 1009 1703 Ut
1036 1664 1152 1702 non
1180 1645 1471 1704 laudanda
1516 1647 1606 1721 sit,
1661 1656 1720 1705 et
1761 1646 1837 1704 ad
1863 1647 2136 1705 virtutem
2185 1644 2532 1702 humilitatis
2582 1645 2963 1716 referenda,
2996 1655 3047 1704 at

583 1725 800 1784 vellent
832 1725 1136 1800 Pontificii,
1189 1726 1292 1784 sed
1339 1725 1729 1803 oppugnanda
1772 1727 1930 1784 omni
1978 1725 2187 1801 studi0,
2218 1733 2276 1783 et
2305 1724 2680 1800 deploranda
2710 1737 2797 1785 ut
2833 1728 3045 1786 vitiosa

579 1805 899 1879 infirmitaS,
931 1803 1005 1862 ad
1034 1806 1255 1881 peccati
1281 1807 1554 1883 reliquias
1581 1806 1893 1883 pertinens.

665 1885 984 1943 XXXVI.
1032 1885 1115 1944 Ut
1157 1886 1440 1944 certitudo
1487 1886 1938 1944 Perseverantiae
1988 1894 2075 1943 est
2119 1883 2385 1942 solatium
2428 1882 2886 1958 laborantium,
2934 1905 3038 1942 non

581 1965 904 2024 securitatis
933 1973 1132 2039 mater,
1163 1984 1292 2041 quae
1315 1984 1445 2023 cum
1467 1964 1709 2021 lascivia
1730 1974 1789 2023 et
1810 1963 2046 2041 ignavia
2073 1963 2263 2022 carnis
2284 1962 2600 2020 consistere
2633 1967 2877 2040 possit,
2914 1984 3035 2023 cum

585 2047 646 2103 in
675 2045 773 2102 via
801 2044 1122 2102 sanctitatis
1155 2043 1584 2102 ambulantibus
1626 2052 1853 2102 tantum
1895 2043 2133 2102 concedi
2160 2051 2368 2118 queat3
2414 2041 2509 2099 Ita
2537 2040 2839 2103 defectus
2871 2046 3033 2102 istius

583 2123 960 2197 certitudinis,
987 2144 1102 2182 non
1131 2123 1325 2182 statim
1354 2123 1812 2200 desperationem
1841 2123 2014 2182 debet
2038 2122 2372 2199 producere,
2404 2120 2571 2197 quasi
2600 2132 2829 2181 actum
2880 2133 3033 2182 esset

584 2204 656 2263 de
686 2205 888 2278 salute,
936 2223 1069 2262 cum
1096 2223 1213 2261 non
1241 2223 1466 2280 semper
1491 2203 1638 2261 fides
1675 2211 1869 2261 actum
1913 2203 2086 2261 istum
2137 2200 2496 2261 certitudinis
2545 2201 2772 2261 elicere
2830 2212 3030 2281 queat.

585 2284 702 2342 Hic
731 2283 957 2360 proprie
987 2283 1160 2341 foetus
1188 2291 1278 2342 est
1304 2283 1481 2340 animi
1508 2282 1569 2340 in
1609 2283 1862 2340 Domino
1892 2281 2228 2355 confirmati,
2260 2290 2319 2340 et
2347 2297 2619 2338 sensuum
2653 2286 3027 2342 exercitato·

585 2384 729 2423 rum.
816 2363 960 2420 Ideo
988 2362 1243 2421 nondum
1273 2363 1625 2422 confirmatis
1654 2362 1939 2439 gradatim
1968 2370 2026 2420 et
2074 2362 2284 2420 sensim
2314 2360 2427 2419 viis
2458 2359 2707 2417 Domini
2738 2363 3025 2422 insisten-

585 2444 741 2518 dum,
771 2443 965 2519 potius
994 2463 1165 2519 quam
1192 2443 1474 2501 immensa
1501 2442 1603 2500 illa
1630 2442 2072 2519 perseverantiae
2096 2441 2279 2518 spatia
2295 2460 2410 2498 uno
2438 2439 2576 2496 fidei
2597 2439 2835 2514 intuitu
2866 2463 3022 2501 com·

584 2522 890 2602 plectenda
936 2531 995 2581 et
1042 2531 1174 2580 ante
1224 2521 1500 2600 capenda.
1614 2523 1691 2580 Et
1731 2522 1793 2579 in
1833 2522 1944 2579 hac
1982 2520 2115 2579 fidei
2163 2519 2330 2598 praxi
2384 2519 2536 2577 malo
2581 2539 3020 2599 nonnunquam

585 2605 834 2680 gemitus
864 2603 1061 2661 audire
1089 2603 1361 2678 lugentiS,
1391 2622 1565 2679 quam
1595 2603 1923 2677 cachinnos,
1955 2621 2072 2659 non
2099 2610 2217 2660 tam
2245 2600 2375 2674 fide,
2401 2618 2573 2676 quam
2593 2600 2887 2676 opinione
2917 2623 3018 2661 ex-

587 2682 860 2754 ultantis;
907 2690 965 2738 et
994 2701 1146 2757 saepe
1173 2681 1255 2755 fit,
1280 2682 1466 2757 utqui
1495 2690 1866 2758 praesumunt,
1900 2682 2120 2759 seipsos
2147 2680 2367 2756 fallant,
2398 2678 2498 2757 qui
2521 2699 2662 2737 vero
2687 2684 3011 2759 suspirant,

587 2769 646 2819 et
674 2780 802 2818 cum
852 2759 1168 2817 Publicano
1217 2761 1417 2818 oculos
1464 2761 1727 2820 attollere
1775 2762 2164 2835 reformidant,
2215 2780 2337 2819 rem
2365 2769 2556 2819 tamen
2586 2760 2798 2835 ipsam,
2837 2782 3011 2839 quam
3124 2782 3133 2845 q

586 2859 702 2898 non
745 2838 961 2911 vident,
1007 2839 1273 2912 habeant,
1319 2859 1451 2897 eum
1503 2859 1676 2916 quem
1738 2849 2003 2918 quaerunt
2063 2842 2105 2900 J
2109 2858 2272 2899 esum
2312 2847 2650 2917 praesentem
2697 2842 3006 2917 aspiciant,

586 2938 694 2978 nec
753 2917 1096 2994 dignoscant
1125 2940 1139 2993 ;
1202 2918 1326 2976 Alii
1384 2938 1524 2977 vero
1583 2919 1740 2995 quod
1800 2921 2014 2980 habere
2070 2929 2293 2998 putant,
2349 2920 2460 2979 sibi
2499 2928 2704 2996 postea
2750 2924 3009 2981 sentiant

586 3020 667 3060 eri
709 3020 747 3059 1.

669 3020 1023 3138 pXXXVII.
1069 3079 1207 3137 Alia
1249 3085 1339 3139 est
1379 3079 1651 3139 securitas
1698 3081 1904 3155 carnus,
1952 3100 2082 3159 quae
2111 3079 2349 3139 feriatur
2375 3086 2433 3137 et
2473 3078 2591 3136 otio
2621 3080 2794 3155 segni
2821 3081 3005 3141 vitam
3118 3050 3135 3371 Ι

590 3167 744 3221 amat
765 3160 979 3237 fallere,
1014 3160 1153 3219 Alia
1178 3160 1447 3220 securitas
1464 3161 1710 3219 homines
1723 3161 1917 3237 fidelis
1939 3169 1999 3219 et
2024 3159 2122 3238 pii,
2154 3160 2255 3237 qui
2283 3166 2409 3217 orat
2436 3177 2662 3235 semper
2688 3168 2751 3217 et
2779 3161 3007 3222 laborat

589 3242 650 3299 in
703 3241 938 3319 negotio
994 3240 1213 3301 salutis.
1299 3241 1385 3301 Ut
1431 3241 1492 3299 in
1536 3240 1714 3316 Urbe,
1763 3240 1877 3298 alia
1931 3250 2020 3299 est
2074 3240 2350 3299 securitas
2396 3238 2695 3296 hominum
2743 3243 3003 3317 stupido·

590 3341 734 3395 rum,
766 3322 867 3398 qui
895 3341 1094 3380 somno
1123 3329 1182 3380 et
1209 3322 1346 3379 vino
1375 3321 1587 3397 sepulti
1617 3328 1882 3395 stertunt,
1914 3328 1973 3379 et
1999 3321 2215 3379 incauti
2244 3319 2563 3396 capiuntur,
2600 3318 2715 3376 alia
2752 3322 3002 3398 vigilan-

589 3400 735 3459 tium
789 3408 848 3458 et
896 3402 1291 3475 excitatorum,
1323 3401 1424 3477 qui
1477 3400 1755 3459 excubias
1810 3407 2007 3477 agunt,
2039 3420 2111 3458 ne
2159 3398 2473 3477 improviso
2502 3399 2738 3458 incursu
2766 3403 2997 3462 turben-

590 3487 702 3549 tur,
732 3498 839 3536 nec
866 3480 1072 3554 panico
1094 3488 1325 3553 terrore,
1357 3498 1465 3538 nec
1513 3480 1716 3539 insano
1764 3488 1922 3538 metu
1971 3480 2354 3558 corripiuntur
2395 3478 2470 3536 ad
2499 3479 2808 3538 stationem
2836 3482 2998 3543 dese·

593 3554 848 3612 rendam.
936 3557 1095 3613 Talis
1143 3566 1233 3616 est
1280 3559 1558 3617 securitas
1603 3569 1803 3618 sancta
1846 3560 2087 3637 piorum,
2119 3580 2248 3638 quae
2291 3558 2657 3635 vigilantiam
2685 3567 2743 3618 et
2770 3561 2999 3637 pietatis

598 3631 851 3691 studium
879 3653 995 3691 non
1022 3635 1193 3693 modo
1242 3655 1358 3694 non
1401 3638 1679 3715 excludit,
1727 3640 1830 3699 sed
1858 3640 2128 3717 supponit
2171 3638 2494 3699 necessario
2522 3648 2590 3697 ut
2618 3649 2836 3699 certum
2864 3663 2995 3703 con-

600 3711 945 3774 servationis
974 3732 1093 3772 suae
1121 3714 1392 3774 medium.
3134 3732 3139 3999 l

680 3794 901 3854 Caetera
927 3814 1056 3873 quse
1084 3797 1198 3855 huc
1225 3796 1529 3873 pertinent,
1561 3804 1830 3875 petantur
1858 3819 1933 3859 ex
1957 3799 2114 3857 Loco
2144 3798 2254 3858 IV.
2300 3798 2408 3873 Qu.
2454 3796 2578 3856 xiii.
