3221 5200
313 388 546 439 Qufflsr.
577 369 678 451 11.]
1212 387 1291 427 nn
1320 387 1570 427 roensan
1599 386 1854 427 enarrat.
2615 370 2728 428 163

299 529 643 590 inviolabile
666 529 790 607 spei
817 527 1100 588 fulcrum:
1145 527 1200 586 Ν
1202 547 1295 586 am
1323 528 1375 587 si
1399 528 1561 588 Deus
1581 535 1779 587 noster
1804 527 1867 586 in
1894 534 2172 587 aeternum
2194 526 2422 586 futurus
2450 534 2556 601 est,
2579 526 2724 605 quid

304 610 548 670 ulterius
592 610 691 668 vel
730 608 871 667 mali
908 608 1109 668 timere
1136 627 1453 685 possemus,
1497 607 1596 667 vel
1636 606 1778 667 boni
1818 626 2064 685 sperare,
2096 626 2228 667 eum
2256 606 2317 665 in
2345 625 2415 665 eo
2443 615 2720 666 aeternum

304 690 489 749 simus
515 688 730 749 victuri
743 692 773 748 Ρ

387 769 605 828 XXV.
635 769 818 828 Porro
837 777 1045 846 praeter
1064 767 1234 827 istam
1290 768 1688 828 romissionem
1710 765 2056 846 generalem,
2076 786 2207 845 quae
2224 766 2470 826 formula
2486 765 2721 826 foederis

306 848 649 924 continetur,
680 848 808 907 aliae
837 848 1035 906 multae
1066 847 1223 925 speci
1280 868 1345 908 es
1372 848 1763 924 includuntur,
1787 867 1919 925 quse
1945 847 2007 905 in
2028 866 2099 906 ea
2118 845 2436 907 fundantur
2460 855 2521 906 et
2546 845 2622 905 ab
2650 865 2721 905 ea

305 936 676 1005 promanant3
699 927 889 1006 qualis
910 936 1000 987 est
1018 927 1265 1003 »Spiritus
1284 928 1483 987 Sancti
1497 929 1738 1004 collatiO,
1764 927 1977 986 Ezech.
1994 926 2204 985 xxxvi.
2227 930 2334 1001 273
2357 935 2720 1002 peccatorum

307 1008 576 1084 remissie,
607 1008 650 1067 J
653 1027 827 1067 erem.
858 1007 1024 1066 xxxi.
1056 1010 1167 1084 343
1212 1008 1577 1084 νερσηεναιίο,
1620 1027 1751 1084 quse
1790 1027 1894 1085 per
1936 1005 2114 1084 Legis
2154 1005 2585 1084 inscriptionem
2615 1004 2716 1064 de·

308 1087 587 1166 signatur,
618 1087 850 1164 ibidem,
882 1108 940 1145 v.
981 1089 1093 1163 33;
1137 1087 1386 1164 adoptio,
1417 1091 1454 1147 2
1485 1087 1743 1147 Corinth,
1773 1087 1853 1146 vi.
1887 1088 1995 1161 18;
2039 1086 2226 1145 cordis
2253 1086 2467 1162 lapidei
2488 1085 2715 1160 ablatzb,

307 1177 365 1226 ct
401 1168 601 1227 carnei
636 1187 706 1227 ac
746 1167 887 1227 novi
927 1166 1233 1243 impressio,
1281 1167 1453 1227 Ezec.
1493 1166 1702 1225 xxxvi.
1733 1169 1845 1243 263
1888 1166 2338 1241 Perseverana'a,
2369 1164 2412 1224 J
2416 1184 2495 1224 er.
2524 1164 2714 1224 xxxii.

308 1249 407 1322 40,
447 1266 579 1325 quse
604 1246 894 1325 peculiare
915 1255 1005 1306 est
1031 1246 1202 1306 istius
1228 1245 1462 1307 foederis
1488 1245 1850 1322 beneficium,
1875 1246 2012 1322 quia
2038 1245 2212 1305 debet
2231 1263 2359 1304 esse
2375 1243 2716 1303 inviolabile

307 1335 368 1386 et
395 1335 713 1403 setemum3
755 1326 1177 1386 Benedictiones
1204 1346 1391 1385 omnes
1416 1326 1740 1403 spirituales
1780 1326 1981 1404 gratiae
2010 1334 2070 1385 et
2097 1324 2314 1402 gloriae,
2366 1324 2580 1384 Genes.
2610 1323 2714 1383 xii.

308 1410 383 1481 33
430 1407 562 1466 Gal.
591 1407 673 1465 iii.
705 1409 760 1481 8,
792 1408 848 1482 9,
884 1409 994 1482 143
1037 1405 1174 1465 Act.
1205 1405 1285 1464 iii.
1317 1409 1429 1482 263
1475 1405 1627 1484 Eph.
1656 1405 1695 1465 i.
1727 1408 1783 1465 3.
1862 1405 2005 1481 Quae
2031 1423 2232 1465 omnes
2258 1403 2490 1463 nomine
2515 1405 2715 1463 salutis

308 1487 499 1546 solent
538 1485 848 1564 designari,
899 1505 1030 1563 quse
1072 1505 1190 1544 non
1229 1493 1455 1545 tantum
1498 1484 1922 1563 possessionem
1963 1484 2101 1545 vitae
2143 1484 2433 1562 importat,
2480 1503 2611 1561 quse
2654 1483 2715 1542 in

307 1565 495 1643 primo
539 1565 754 1625 foedere
794 1565 986 1625 locum
1021 1565 1290 1641 habebat,
1335 1564 1440 1625 sed
1479 1565 1656 1625 etiam
1696 1565 2095 1625 liberationem
2133 1585 2170 1623 a
2192 1571 2397 1638 morte,
2439 1583 2571 1641 quse
2614 1583 2718 1641 per

308 1653 609 1724 peccatum
636 1645 914 1705 accersita
939 1645 1159 1719 fuerat3
1191 1653 1250 1704 et
1274 1664 1405 1738 quse
1433 1653 1683 1723 quatuor
1721 1645 1983 1723 partibus
2011 1644 2348 1719 absolvitur,
2378 1663 2509 1721 quse
2536 1663 2715 1720 oppo-

308 1734 524 1785 nuntur
564 1724 805 1786 totidem
845 1724 1106 1803 partibus
1145 1733 1364 1800 mortis,
1396 1725 1491 1785 cui
1530 1724 1770 1784 obnoxii
1814 1724 1950 1784 facti
1969 1775 1973 1779 .
1995 1723 2207 1783 fuimus
2250 1743 2354 1801 per
2395 1730 2715 1801 peccatum.

315 1807 368 1864 1.
409 1806 834 1885 Jusaficacione,
864 1824 995 1882 quse
1022 1824 1130 1864 nos
1157 1825 1192 1864 a
1217 1804 1622 1864 maledictione
1648 1804 2017 1864 incumbente
2057 1803 2283 1862 liberat.
2354 1805 2410 1860 2.
2454 1802 2655 1861 Sancti
2700 1834 2715 1848 ·

304 1886 541 1962 catione,
573 1905 702 1963 quse
728 1886 1015 1944 maculam
1055 1893 1115 1944 et
1154 1884 1595 1962 corruptionem,
1639 1884 1701 1943 in
1741 1904 1858 1962 qua
1898 1882 2110 1943 mortui
2144 1881 2500 1959 jacebamus,
2544 1889 2606 1940 to
2653 1881 2715 1939 it.

306 1968 367 2024 3.
415 1965 805 2026 Consolatione
831 1972 892 2024 et
920 1984 1071 2041 pace
1098 1965 1456 2040 con-scientim,
1487 1983 1617 2042 quae
1645 1963 1927 2023 adversus
1963 1961 2301 2023 afflictiones
2327 1960 2466 2019 vitas
2493 1967 2552 2019 et
2580 1979 2715 2019 con-

308 2045 565 2104 scientiae
590 2054 856 2120 terrores,
899 2064 1029 2122 quae
1070 2044 1132 2103 in
1177 2044 1474 2123 Scriptura
1512 2043 1717 2104 mortis
1758 2043 1989 2103 nomine
2016 2041 2275 2117 veniunt,
2316 2059 2423 2099 nos
2451 2039 2714 2100 sustinet.

308 2128 367 2182 4.
416 2124 836 2205 Glorfflcatione
862 2134 1091 2199 aterna,
1121 2144 1251 2202 quse
1279 2144 1316 2183 a
1341 2132 1525 2184 morte
1553 2132 1769 2183 aeterna
1794 2142 1902 2183 nos
1938 2122 2226 2183 immunes
2263 2128 2521 2199 praestat,
2552 2127 2612 2179 et
2639 2119 2715 2179 ad

308 2204 603 2266 felicitatis
629 2204 1112 2282 complementum
1141 2203 1394 2263 adducit.

306 2318 480 2364 Officia
509 2321 570 2365 ab
599 2320 795 2367 homino
916 2284 1168 2343 XXVI.
1214 2283 1299 2344 Ut
1325 2303 1465 2343 vero
1507 2282 1754 2342 formula
1794 2282 1908 2343 ista
1947 2281 2182 2341 foederis
2220 2287 2422 2340 mutua
2449 2286 2554 2357 est,
2585 2299 2717 2358 quae

369 2378 607 2482 w
635 2379 688 2422 ‘¹¹
710 2379 795 2423 ἰ
835 2364 1304 2518 gamar
1334 2383 1493 2520 ,ir
1506 2359 2718 2519 fflsmffl‘sgfemssffinfflfflss

301 2521 430 2599 jam
457 2540 720 2599 quaenam
749 2521 862 2583 ista
891 2522 1041 2583 sint:
1085 2521 1506 2602 Exprimuntur
1532 2541 1672 2580 vero
1714 2521 1775 2579 in
1807 2541 2013 2598 qenere
2039 2529 2098 2581 et
2124 2520 2186 2579 in
2211 2520 2391 2597 specie
2431 2519 2492 2577 in
2524 2518 2716 2596 Scrip-

311 2610 475 2678 tura3
516 2602 588 2660 In
611 2622 816 2680 φησι
843 2624 1021 2680 quum
1047 2604 1208 2663 Deus
1227 2602 1374 2679 vult,
1405 2611 1471 2663 ut
1491 2600 1975 2677 quemadmodum
2004 2622 2065 2661 se
2096 2602 2284 2661 Deum
2307 2607 2568 2660 nostrum
2596 2598 2717 2658 fore

311 2681 633 2760 pollicetur,
677 2682 1046 2742 ita'vicissim
1090 2686 1127 2717 “
1149 2682 1329 2743 simus
1357 2684 1484 2762 ejus
1509 2682 1820 2762 populus,''
1850 2682 1977 2742 Jer.
2008 2681 2174 2740 xxxi.
2206 2684 2283 2741 33
2309 2702 2324 2740 ε
2384 2682 2421 2713 “
2440 2681 2558 2739 Ero
2600 2679 2720 2737 illis

311 2761 373 2819 in
393 2762 582 2821 Deum
603 2770 662 2821 et
678 2761 765 2821 illi
792 2762 936 2821 mihi
963 2770 1133 2823 erunt
1160 2763 1222 2821 in
1249 2763 1526 2840 populum
1550 2763 1607 2838 ;''
1639 2762 1739 2821 ubi
1766 2761 1972 2821 relatio
1999 2762 2151 2821 inter
2179 2762 2370 2821 Deum
2398 2768 2457 2819 et
2484 2778 2591 2819 nos
2618 2759 2717 2819 de-

311 2841 590 2918 signatur,
620 2861 752 2919 quae
772 2841 1045 2920 importat
1063 2851 1323 2902 mutuam
1343 2841 1754 2903 beneficiorum
1776 2850 1836 2901 et
1856 2841 2170 2901 officiorum
2193 2839 2717 2914 commutationem,

311 2929 379 2982 ut
406 2921 457 2980 si
484 2922 645 2981 Deus
676 2922 923 2982 Maritus
943 2932 1033 2983 est
1059 2930 1271 2999 noster,
1297 2922 1478 2982 simus
1499 2923 1626 3000 ejus
1650 2921 1820 2982 Uxor
1840 2930 1999 2981 casta
2020 2929 2079 2980 et
2104 2920 2311 2995 fidelis,
2343 2920 2394 2979 si
2414 2927 2504 2978 est
2526 2920 2717 2993 Pater,

310 3000 494 3060 simus
522 3000 677 3076 Filii,
709 3002 759 3061 si
789 3002 922 3062 Rex
949 3011 1008 3062 et
1037 3002 1407 3080 Redemptor,
1449 3001 1630 3061 simus
1670 3002 1928 3078 Populus
1968 3000 2198 3078 peculii,
2268 2999 2330 3059 ui
2356 2999 2627 3058 vivamus
2655 3006 2722 3057 ut

311 3079 594 3158 redempti
634 3081 677 3141 J
681 3081 901 3141 ehovae.
989 3083 1072 3141 Ut
1111 3089 1306 3141 autem
1347 3080 1542 3140 omnia
1581 3099 1723 3157 erga
1768 3099 1875 3139 nos
1919 3078 2032 3138 Dei
2078 3079 2225 3139 bene
2267 3078 2359 3136 cia
2400 3077 2573 3136 unica
2618 3077 2722 3135 illa

311 3160 691 3237 promissione
719 3161 1120 3221 continentur:
1165 3162 1258 3221 Ita
1285 3159 1478 3219 omnia
1518 3159 1819 3218 hominum
1844 3177 1986 3235 erga
2015 3158 2205 3216 Deum
2247 3156 2434 3215 officia
2469 3156 2579 3215 hac
2605 3175 2722 3214 una

314 3239 644 3299 conditione
671 3240 1137 3318 praescribuntur,
1161 3260 1291 3319 quae
1320 3239 1493 3299 simul
1519 3247 1580 3298 et
1606 3238 1787 3297 semel
1811 3246 1873 3297 et
1891 3236 2034 3315 quid
2060 3256 2175 3295 esse
2196 3234 2463 3311 debeant,
2495 3243 2555 3294 et
2580 3234 2722 3312 quid

296 3322 502 3394 facere
528 3327 848 3396 teneantur,
877 3320 1083 3380 innuit.
1690 3338 1703 3345 ²

917 3400 1205 3460 XXVII.
1250 3400 1398 3458 Esse
1415 3401 1695 3475 populum
1714 3397 1847 3473 Dei,
1868 3416 1985 3455 non
2014 3403 2105 3456 est
2131 3402 2355 3455 tantum
2385 3394 2512 3473 ejus
2539 3392 2722 3453 domi-

313 3462 543 3565 Quffitffi
556 3477 681 3568 1322?
713 3479 796 3524 ΡΟ·
838 3480 937 3540 nio
978 3480 1207 3558 subjici,
1250 3488 1311 3539 et
1350 3479 1426 3537 ab
1463 3478 1590 3555 ipso
1627 3476 1896 3555 pendere,
1939 3484 2000 3536 et
2038 3474 2388 3554 gubernari;
2446 3473 2529 3534 sic
2570 3473 2724 3532 enim

313 3536 806 3695 ggssfffficgtmundo
838 3558 1328 3699 omnesuptplminets
1365 3557 1441 3695 hl)
1461 3557 1951 3695 uniuersumadtleijus
1995 3564 2131 3650 sunt
2139 3552 2606 3695 ἕοΡῈΙιῐιιιιιιΙῙ-Ηεθᾷ
2639 3554 2726 3611 illi

375 3694 795 3798 ffwfhmm
835 3660 982 3778 gilfil
992 3658 1323 3793 5205ng‚
1354 3655 1817 3792 ffiffgffijnm,
1847 3656 2079 3776 θῗτιῗὶἳῇ
2093 3655 2400 3793 Judaeum,
2425 3654 2727 3791 quollmritdii

836 3800 911 3859 sit
930 3798 1060 3874 Dei,
1086 3798 1163 3856 id.
1194 3796 1269 3856 ad
1289 3797 1416 3874 ejus
1444 3796 1690 3872 gloriam
1711 3796 2006 3855 referatur.
2052 3795 2148 3853 Ita
2175 3793 2515 3871 designatur
2541 3793 2727 3870 primo

312 3878 604 3955 separatio
632 3899 672 3936 a
698 3881 923 3954 munde,
953 3886 1015 3936 et
1040 3877 1381 3937 consecratio
1400 3878 1546 3951 Deo‘,
1566 3883 1634 3934 ut
1660 3873 2146 3952 quemadmodum
2172 3893 2290 3933 non
2319 3891 2517 3931 sumus
2544 3871 2729 3931 nostri

309 3958 481 4035 juris,
513 3957 615 4017 sed
644 3958 801 4018 illius
828 3958 930 4037 qui
956 3977 1064 4016 nos
1101 3955 1320 4016 creavit
1347 3962 1407 4014 et
1432 3954 1694 4029 redemit,
1723 3962 1784 4013 et
1811 3954 1911 4032 qui
1940 3973 2002 4013 se
2029 3953 2199 4012 nobis
2226 3951 2425 4010 dedit:
2490 3950 2585 4008 Ita
2611 3970 2728 4009 non

315 4038 489 4096 nobis
508 4036 777 4096 vivamus
805 4037 1070 4115 amplius,
1094 4055 1213 4095 non
1244 4034 1491 4109 Satanae,
1510 4054 1629 4093 non
1656 4041 1911 4111 peccate,
1930 4052 2046 4091 non
2074 4030 2311 4105 mund0,
2343 4029 2447 4089 sed
2473 4029 2560 4087 illi
2588 4028 2728 4089 soli:

320 4117 406 4178 Ut
433 4117 508 4175 ab
535 4137 606 4177 eo
633 4136 833 4177 sumus
861 4115 1138 4194 quiequid
1166 4134 1402 4191 sumus3
1448 4114 1544 4173 Ita
1568 4112 1646 4172 ad
1672 4113 1878 4190 ipsum,
1909 4110 2188 4190 quiequid
2214 4128 2415 4170 sumus
2442 4116 2501 4167 et
2526 4127 2731 4186 possu-

316 4217 450 4257 mus
464 4197 760 4257 referatur.
820 4196 905 4257 Ut
934 4196 1097 4255 Deus
1124 4194 1347 4254 caeteris
1374 4192 1706 4253 hominibus
1732 4191 1948 4251 relictis
1974 4210 2082 4250 nos
2111 4187 2336 4267 selegit,
2367 4206 2498 4247 cum
2519 4187 2732 4264 quibus

318 4275 510 4336 foedus
539 4277 920 4351 contraheret,
950 4284 1010 4335 et
1035 4276 1095 4333 in
1122 4274 1400 4355 populum
1427 4293 1535 4332 nos
1563 4270 1905 4347 ascisceret3
1951 4270 2046 4330 Ita
2073 4289 2182 4329 nos
2210 4269 2433 4328 caeteris
2462 4266 2731 4327 omnibus

319 4356 515 4415 missis
530 4356 698 4415 illum
712 4355 899 4415 solum
920 4355 982 4414 in
1006 4356 1196 4415 Deum
1208 4362 1468 4414 nostrum
1486 4351 1701 4429 eligere
1717 4359 1995 4427 tenemur,
2008 4348 2251 4409 utillum
2270 4348 2457 4407 solum
2475 4346 2733 4407 colamus

320 4441 381 4494 et
428 4455 757 4513 sequamur,
789 4434 948 4512 quod
973 4435 1147 4494 toties
1173 4440 1347 4511 urget
1368 4431 1618 4510 Spiritus
1660 4429 1753 4489 S.:
1786 4430 2022 4489 Deuter.
2045 4428 2146 4487 vii.
2177 4431 2233 4503 6,
2264 4431 2321 4503 7,
2352 4433 2412 4486 et
2438 4425 2603 4487 xxvi.
2638 4429 2732 4503 17,

325 4516 416 4589 18,
450 4518 482 4573 1
510 4515 639 4575 Cor.
669 4514 750 4574 vi.
786 4516 877 4591 19,
910 4516 1006 4591 20,
1037 4523 1097 4574 et
1123 4519 1160 4574 2
1193 4512 1323 4572 Cor.
1353 4532 1411 4571 v·
1445 4514 1538 4586 14,
1574 4512 1666 4586 15,
1696 4517 1756 4569 et
1782 4508 1861 4568 vi.
1896 4512 1987 4586 17,
2024 4511 2115 4584 18,
2149 4509 2319 4567 Rom.
2348 4505 2472 4565 xiv.
2503 4509 2558 4583 7,
2590 4509 2646 4583 8,
2671 4510 2727 4567 9.

322 4591 489 4653 Talis
515 4602 711 4655 autem
738 4595 915 4655 debet
951 4614 1078 4654 esse
1106 4592 1481 4667 consecratio,
1511 4599 1579 4650 ut
1605 4597 1761 4649 totos
1788 4609 1895 4651 nos
1938 4597 1997 4648 et
2037 4588 2230 4647 anima
2256 4596 2315 4646 et
2343 4606 2579 4664 corpore
2609 4590 2737 4649 Deo

319 4672 582 4734 dicemus
622 4674 684 4733 in
711 4674 955 4752 Templa
998 4683 1056 4734 et
1088 4672 1311 4733 hostias
1353 4671 1701 4750 spirituales,
1734 4671 1904 4730 Rom.
1934 4669 2035 4729 xii.
2085 4672 2136 4746 1,
2173 4672 2201 4727 1
2237 4667 2367 4727 Cor.
2397 4666 2480 4726 iii.
2514 4670 2605 4745 16,
2642 4674 2733 4746 17,
