3221 5200
377 367 603 416 QUAEsr.
636 348 706 428 1.]
1100 366 1177 406 ns
1206 366 1471 405 ransoxx
1503 367 1576 404 m·
1607 368 1793 407 sure·
1824 369 2077 410 emus‘ri.
2673 355 2782 409 251

376 507 770 565 additamenta
795 506 1063 581 Herodis,
1089 507 1189 582 qui
1208 506 1346 564 Tem
1390 506 1509 565 lum
1541 507 1850 583 gloriosius
1871 509 2209 582 extruxerit,
2241 517 2305 566 ut
2322 508 2450 567 vult
2478 509 2519 566 J
2524 510 2790 586 osephus,

378 588 472 645 vel
518 588 721 644 saltem
777 587 1067 644 exornarit
1100 588 1274 662 juxta
1381 587 1736 663 egesippum.
1825 590 2064 647 Frustra
2105 589 2339 665 inquam
2387 589 2498 646 hoc
2540 588 2792 648 affertur.

385 670 436 724 1.
469 667 616 740 Quia
644 666 790 724 tales
832 685 924 723 res
951 674 1205 724 externas
1247 673 1305 723 et
1344 666 1506 724 leves
1546 687 1664 724 non
1706 667 1949 726 fundant
1978 668 2220 744 gloriam
2253 668 2474 725 Domus
2506 668 2633 743 Dei,
2685 689 2793 727 nec

381 746 542 804 Deus
571 746 643 802 de
672 745 844 803 rebus
872 754 986 802 tam
1019 745 1245 803 levibus
1266 754 1381 803 tam
1413 754 1657 822 auguste
1688 755 1745 805 et
1773 749 2094 824 magnifice,
2127 757 2200 806 ut
2219 757 2519 824 propterea
2547 767 2608 806 se
2637 769 2790 806 com-

378 833 667 883 moturum
697 825 902 882 coelum
935 833 993 882 et
1020 833 1229 882 terram
1260 834 1316 883 et
1345 825 1629 882 mirabilia
1657 826 1938 885 facturum
1970 826 2203 885 diceret.
2289 832 2345 885 2.
2392 827 2552 885 Deus
2580 827 2794 888 diserte

379 905 682 981 profitetur
708 924 769 962 se
798 904 952 961 nolle
983 904 1225 980 gloriam
1265 904 1423 962 illam
1469 905 1528 961 in
1557 906 1730 963 rebus
1773 906 1899 964 istis
1928 906 2161 965 caducis
2189 907 2488 976 collocare,
2523 907 2661 964 dum
2690 909 2788 984 ait,

380 986 576 1042 Meum
604 993 684 1042 est
709 993 1023 1059 arqenlum,
1055 1004 1231 1041 meum
1256 994 1336 1041 est
1361 1005 1582 1059 aurum,
1605 1005 1662 1060 q.
1692 984 1729 1042 d
1756 1007 1770 1043 ε
1802 987 2017 1044 0111010
2046 1006 2272 1062 possem
2305 986 2350 1043 si
2382 987 2592 1043 vellem
2623 987 2790 1045 Tem-

378 1066 536 1140 plum
567 1063 676 1122 hoc
704 1083 844 1122 auro
872 1072 932 1121 et
972 1071 1228 1139 argentO,
1260 1071 1326 1121 ut
1354 1074 1617 1121 ornatum
1645 1064 1755 1122 fuit
1783 1064 2085 1142 Templum
2121 1065 2462 1139 salomonia,
2494 1085 2670 1141 penes
2699 1087 2790 1126 me

379 1144 531 1201 enim
562 1163 730 1200 omne
768 1151 856 1201 est
897 1163 1116 1216 aurum,
1149 1139 1276 1217 Sec„
1308 1151 1372 1201 ut
1416 1143 1569 1201 Psal.
1613 1143 1653 1200 l.
1690 1146 1780 1216 10,
1816 1148 1906 1219 11,
1958 1148 2047 1218 12,
2100 1145 2202 1202 sed
2244 1146 2459 1203 ornabo
2501 1165 2563 1203 re
2618 1146 2791 1223 longe

381 1222 720 1299 pretiosiori,
752 1242 956 1298 nempe
988 1223 1123 1280 Filii
1153 1222 1268 1279 mei
1294 1223 1617 1298 praesentia,
1649 1223 1746 1298 qui
1777 1233 1865 1281 est
1913 1224 2099 1300 gloria
2130 1225 2382 1282 Israelis.
2467 1227 2523 1283 3.
2557 1225 2788 1299 Qualia-

380 1322 602 1378 cunque
625 1301 1018 1360 additamenta
1044 1303 1140 1360 vel
1168 1310 1503 1360 ornamenta
1519 1301 1671 1360 facta
1699 1302 1910 1362 fuerint
1932 1304 2004 1361 ab
2036 1304 2269 1362 Herode
2297 1304 2357 1361 in
2387 1303 2644 1380 Temple,
2676 1326 2790 1363 non

380 1390 689 1458 potuerunt
727 1402 981 1457 unquam
1024 1400 1267 1458 aequare,
1325 1382 1509 1439 multo
1551 1382 1746 1441 minus
1809 1403 2076 1460 superare
2133 1384 2374 1460 gloriam
2423 1385 2787 1459 Salomonici,

379 1461 535 1537 quod
577 1461 949 1537 conspicuum
991 1461 1309 1520 reddebant
1350 1481 1467 1537 prae
1512 1463 1735 1520 caetcris
1777 1463 1890 1521 ista
1932 1464 2184 1540 quinque
2227 1463 2525 1540 potissima
2566 1465 2792 1541 Templi

379 1540 603 1614 deeora,
634 1560 763 1616 quae
791 1541 851 1597 in
880 1540 1132 1599 secundo
1154 1539 1404 1599 defuisse
1433 1541 1684 1599 fatentur
1712 1543 1754 1601 J
1759 1543 1926 1616 udaei,
1969 1543 2126 1601 Arca
2167 1543 2416 1616 foederis,
2464 1543 2629 1619 Ignis
2657 1565 2791 1604 con-

381 1620 593 1693 tinuus,
646 1620 848 1678 Oleum
904 1621 1194 1694 Sanctum,
1251 1620 1498 1697 Spiritus
1543 1621 1886 1698 Prophetiae,
1945 1632 2003 1680 et
2036 1622 2298 1695 Sechina,
2332 1643 2433 1679 seu
2479 1624 2793 1682 Praesentia

384 1698 495 1756 Dei
524 1700 583 1755 in
612 1699 1033 1776 PropitiatoriO.

462 1778 719 1836 XXIX.
766 1780 886 1836 Nec
915 1779 1166 1837 melioris
1195 1786 1283 1837 est
1311 1779 1609 1838 commatis
1639 1780 1793 1855 quod
1823 1780 2045 1838 addunt
2086 1780 2158 1837 de
2205 1780 2391 1836 Tertio
2424 1781 2651 1855 Templo
2693 1803 2789 1840 ex-

383 1861 619 1916 truendo
667 1860 759 1916 cui
783 1860 890 1916 ista
928 1867 1260 1934 competunt.
1371 1859 1520 1931 Quia
1568 1859 1640 1917 de
1670 1859 1911 1934 Templo
1961 1860 2061 1916 illo
2091 1859 2299 1934 agitur,
2332 1859 2487 1934 quod
2517 1859 2793 1919 videbant

379 1937 421 1995 J
427 1937 591 2012 udaei,
623 1938 777 2014 quod
820 1947 1061 1996 vocatur
1087 1961 1184 1996 rin-s
1215 1960 1347 1997 wer:
1379 1941 1573 1996 domus
1616 1939 1739 2010 ista,
1771 1939 1914 1995 alias
1955 1938 2098 1996 nihil
2130 1937 2262 1995 inde
2287 1938 2477 1996 solatii
2520 1939 2791 1998 accedere

380 2018 662 2092 potuisset
708 2017 1050 2076 Zorobabeli
1096 2026 1154 2076 et
1198 2018 1371 2076 sociis
1413 2018 1718 2094 Templum
1776 2017 2211 2091 aedificantibuS,
2245 2037 2391 2092 quos
2445 2027 2638 2075 tamen
2682 2019 2791 2077 1100

378 2106 717 2173 argumento
747 2091 977 2173 erigere?
994 2097 1121 2156 vult
1152 2097 1453 2171 Dominus,
1484 2097 1642 2172 quod
1670 2096 1876 2155 domus
1903 2098 2015 2155 ista
2042 2098 2227 2173 gloria
2254 2097 2472 2172 majore
2502 2097 2793 2173 implenda

379 2184 547 2235 esset.
634 2176 755 2234 Nec
785 2177 835 2234 si
886 2176 1150 2234 Herodes
1193 2177 1405 2235 dicitur
1444 2185 1795 2234 restaurasse
1838 2175 2070 2233 domum
2114 2177 2299 2250 istam,
2332 2186 2631 2252 propterea
2660 2197 2790 2235 cen·

380 2255 593 2314 sendus
621 2264 711 2313 est
737 2275 947 2313 novam
969 2256 1139 2332 plane
1177 2256 1490 2314 aedificasse
1515 2277 1528 2329 ;
1575 2255 1774 2312 eadem
1806 2256 1956 2311 enim
1987 2275 2117 2312 cum
2147 2255 2387 2333 Templo
2419 2256 2792 2316 Zorobabelis

380 2355 604 2412 semper
631 2344 945 2412 reputatur.
1031 2335 1255 2393 Deinde
1286 2334 1495 2393 frustra
1535 2335 1776 2410 fingitur
1817 2334 2119 2410 Templum
2149 2335 2220 2392 de
2249 2355 2403 2393 novo
2432 2335 2787 2411 erigendum,

378 2434 508 2472 cum
551 2416 631 2474 ita
660 2415 919 2473 excisum
970 2415 1061 2487 sit,
1093 2423 1158 2473 ut
1199 2414 1359 2471 nulla
1403 2433 1533 2490 spes
1575 2414 2009 2472 restaurationis
2052 2415 2273 2490 reliqua
2302 2414 2453 2472 facta
2482 2416 2573 2488 sit,
2605 2424 2663 2473 et
2690 2418 2791 2492 qui

377 2495 484 2552 sub
516 2494 778 2552 Adriano
808 2495 901 2552 vel
931 2495 1171 2553 Juliano
1199 2496 1309 2552 hoc
1348 2502 1659 2570 tentarunt,
1689 2494 1853 2552 irrito
1881 2503 2092 2553 conatu
2120 2496 2229 2552 hoc
2259 2495 2520 2570 aggressi
2550 2504 2700 2569 sunt,
2733 2505 2791 2555 et

378 2574 604 2633 coelitus
626 2575 742 2633 sint
769 2575 1061 2652 prohibiti.

378 2692 566 2742 Quarta
623 2694 817 2738 demon·
978 2655 1202 2713 XXX.
1248 2654 1464 2729 Quarta
1495 2654 1923 2714 Demonstratio
1963 2654 2282 2714 desumitur
2323 2675 2394 2712 ex
2426 2655 2627 2730 Siymk,
2659 2675 2788 2731 quae

434 2753 609 2796 stratio
638 2765 700 2796 ex
723 2752 823 2810 Sig—
898 2736 1212 2794 adventum
1256 2736 1488 2793 Messiae
1538 2736 1797 2795 comitari
1843 2734 2199 2794 debuerunt:
2258 2736 2547 2811 Respectu
2588 2737 2785 2794 Judae-

438 2810 543 2860 niu
900 2836 1079 2886 orum,
1123 2815 1478 2892 Reipublicae
1535 2824 1592 2874 et
1647 2816 1863 2891 politiae
1911 2816 2183 2874 Judai'eae
2227 2836 2411 2887 casuS,
2463 2824 2521 2873 et
2580 2815 2787 2892 Populi

374 2893 612 2967 rejectio
638 2915 651 2950 ε
698 2895 986 2969 Respectu
1032 2896 1254 2969 alandi,
1313 2895 1585 2951 falsorum
1645 2895 2017 2953 Oraculorum
2070 2895 2200 2953 finis
2225 2917 2238 2969 3
2339 2896 2627 2970 Respectu
2673 2898 2785 2953 Ec-

378 2971 573 3041 clesiae,
605 2970 852 3027 Vocatio
883 2973 1176 3028 Gentium.
1261 2973 1401 3044 Quae
1431 2973 1624 3029 omnia
1657 2994 1787 3031 cum
1823 2974 2049 3048 jamdiu
2080 2975 2315 3049 impleta
2344 2974 2475 3047 sint,
2510 2974 2786 3032 Messiam

381 3069 685 3171 hffiiffiiu
703 3071 817 3173 0³22:
902 3049 1852 3185 ῗζίῑῗῃὸζςῖιῖἰῗῖῑῃθωῗῗιῗωθὸἑίιῑηἷ
1864 3052 2125 3184 ’Μξξξῑῖὲ
2154 3053 2786 3190 guffffiff'offffffi

438 3199 518 3230 ⁸¹¹⁸
552 3185 690 3244 Reip.
901 3213 1069 3278 esset,
1114 3223 1230 3260 non
1270 3147 1459 3279 potliiit
1506 3203 1724 3261 destrui
1771 3205 2024 3280 Respub.
2076 3213 2207 3262 ante
2277 3206 2403 3280 ejus
2452 3207 2783 3267 adventum.

378 3285 618 3344 Constat
643 3285 796 3343 enim
827 3284 1102 3342 Messiam
1125 3284 1320 3341 venire
1350 3282 1619 3340 debuisse
1641 3283 1712 3340 ad
1744 3285 2021 3359 Populum
2063 3283 2242 3357 illum,
2275 3284 2332 3339 in
2367 3285 2566 3342 Tribus
2608 3306 2674 3343 00
2703 3286 2783 3344 fa-

374 3366 566 3423 milias
585 3385 718 3423 suas
748 3364 1100 3438 distinctum,
1133 3364 1207 3421 ad
1233 3365 1473 3420 Terram
1501 3362 1676 3436 illam,
1709 3372 1766 3421 et
1794 3363 1869 3420 ad
1903 3365 2186 3438 Templum
2218 3363 2277 3420 in
2306 3383 2421 3439 quo
2449 3364 2784 3440 quotidiano

375 3446 535 3503 cultu
554 3445 984 3521 expectabatur.
1030 3444 1071 3501 J
1077 3463 1169 3501 am
1188 3464 1327 3502 vero
1350 3463 1480 3501 cum
1502 3464 1536 3500 a
1553 3443 1751 3502 multis
1766 3444 1975 3501 seculis
1999 3443 2350 3519 Respublica
2361 3443 2483 3519 jam
2507 3443 2786 3522 dissipata

374 3524 456 3597 fit,
488 3534 546 3583 et
572 3526 821 3602 populus
851 3524 1055 3582 misere
1084 3523 1376 3600 dispersus
1398 3543 1501 3600 per
1520 3544 1721 3582 omnes
1748 3523 1948 3581 mundi
1974 3531 2183 3599 partes,
2214 3524 2399 3601 patria
2417 3533 2475 3582 et
2502 3534 2652 3583 terra
2681 3546 2786 3586 sua

374 3605 593 3680 pulsus,
644 3605 847 3682 politia
884 3604 1041 3662 omni
1082 3624 1300 3677 eversa,
1336 3604 1494 3662 Urbe
1545 3605 1671 3662 solo
1717 3612 1960 3679 aequata,
2014 3603 2203 3662 Sacris
2248 3605 2495 3678 abolitis,
2541 3606 2783 3683 Templo

375 3683 684 3759 destructO,
716 3685 1008 3742 Tribubus
1037 3684 1302 3742 omnibus
1331 3683 1602 3757 confusis,
1636 3683 1758 3741 sine
1792 3683 1910 3741 ulla
1952 3703 2051 3759 spe
2081 3684 2317 3758 reditus,
2349 3704 2462 3742 non
2493 3706 2526 3741 a
2550 3688 2627 3744 70
2656 3695 2781 3745 tan-

374 3772 497 3821 tum
520 3764 702 3837 annis,
734 3763 834 3840 qui
862 3764 971 3821 fuit
991 3764 1270 3821 terminus
1293 3763 1645 3838 captivitatis
1670 3762 2058 3838 Babylonicae,
2080 3783 2185 3820 nec
2204 3783 2238 3819 a
2259 3763 2538 3835 ducentis,
2571 3766 2782 3840 quibus

373 3842 603 3900 duravit
625 3844 874 3900 servitus
896 3842 1269 3918 AEgyptiaca,
1296 3842 1398 3899 sed
1419 3863 1453 3899 a
1472 3842 1632 3899 mille
1654 3850 1713 3900 et
1735 3843 2021 3901 sexcentis
2050 3851 2109 3900 et
2136 3842 2409 3917 amplius;
2443 3844 2594 3915 Quid
2623 3844 2782 3902 aliud

373 3921 485 3979 ista
512 3922 704 3981 omnia
748 3922 1015 3995 clamant,
1046 3922 1157 3978 nisi
1205 3921 1479 3978 Messiam
1513 3922 1638 3997 jam
1688 3922 1935 3996 venisse,
1986 3941 2092 3979 nec
2121 3921 2362 3979 ulterius
2405 3941 2530 3979 esse
2573 3942 2774 3998 expec-

372 4001 611 4059 tandum
633 4004 661 4059 P
743 4001 883 4075 Quae
930 4001 976 4058 si
1006 4021 1041 4057 a
1081 4001 1290 4057 misera
1327 4008 1499 4075 gente
1544 4000 1821 4058 attentius
1869 4001 2307 4076 pensitarentur,
2360 3999 2501 4056 satis
2556 4002 2652 4058 vel
2706 4023 2781 4060 ex

373 4081 577 4156 seipsis
606 4100 826 4157 suoque
868 4088 1038 4153 statu,
1069 4099 1315 4138 errorem
1340 4088 1398 4137 et
1418 4078 1715 4156 perfidiam
1746 4099 1906 4137 suam
1937 4087 2331 4155 agnoscerent.
2417 4078 2599 4151 Quam
2629 4082 2781 4138 enim

370 4159 541 4216 aliam
584 4180 814 4218 eausam
859 4158 1058 4217 afferre
1100 4162 1378 4235 possent?
1460 4159 1575 4217 Cur
1612 4166 1699 4217 tot
1741 4158 1950 4216 seculis
1991 4157 2136 4215 adeo
2165 4156 2431 4232 neglecti,
2463 4166 2579 4215 tam
2623 4159 2782 4218 duris

370 4237 503 4296 fatis
548 4239 805 4314 exerciti,
837 4248 952 4297 tam
981 4239 1097 4296 late
1127 4240 1309 4313 sparsi
1358 4258 1425 4296 ac
1481 4239 1700 4311 exules,
1732 4237 1839 4295 toti
1868 4236 2064 4313 generi
2120 4236 2372 4294 humano
2427 4237 2590 4295 triste
2635 4238 2781 4299 adeo

370 4317 683 4376 ludibrium
732 4318 1011 4390 debeant;
1077 4338 1206 4375 cum
1235 4327 1352 4375 tam
1383 4317 1553 4375 anxie
1598 4317 1875 4373 Messiam
1922 4335 2089 4375 suum
2138 4325 2461 4392 expectent,
2507 4324 2566 4375 et
2593 4320 2778 4393 quoti-

374 4396 560 4455 dianis
588 4398 741 4457 votis
769 4418 837 4455 ac
863 4397 1130 4474 precibus
1156 4397 1401 4473 fatigent
1424 4419 1437 4471 ;
1480 4416 1588 4453 nec
1610 4395 1755 4453 adeo
1784 4395 2066 4454 idolorum
2087 4395 2262 4469 cultu,
2288 4395 2491 4453 aliisve
2520 4398 2780 4472 gentium

373 4477 624 4551 peccatis
669 4478 807 4535 foedi
853 4478 969 4536 sint
1007 4497 1073 4535 00
1125 4478 1378 4553 Majores
1427 4476 1702 4553 ipsorum.
1789 4476 2056 4534 Profecto
2085 4475 2256 4532 aliam
2286 4495 2514 4533 causam
2541 4477 2778 4537 subesse

372 4573 606 4614 necesse
649 4567 752 4632 est,
784 4578 912 4634 quae
940 4558 1213 4635 populum
1242 4557 1397 4615 hunc
1428 4557 1553 4614 Deo
1596 4555 1731 4612 olim
1762 4557 2156 4632 perdilectum,
2187 4556 2392 4613 misere
2420 4556 2566 4615 adeo
2594 4577 2781 4617 errare

374 4632 542 4708 sinat,
575 4655 702 4711 quae
730 4637 844 4695 alia
882 4657 997 4695 non
1029 4645 1219 4714 potest
1260 4656 1404 4712 esse,
1449 4655 1623 4713 quam
1667 4636 1788 4693 veri
1834 4637 2066 4695 Messiae
2095 4634 2270 4712 impia
2298 4636 2548 4713 rejectiO,
2595 4647 2654 4696 et
2682 4658 2779 4697 ne-
