3221 5200
25 2940 59 3897 scfl--x1'UK-“QQ'13-*bxss'1'
26 2782 71 2889 sx‘ffi

293 347 523 392 Quesr.
556 330 696 409 v11.]
1200 348 1277 389 m:
1308 348 1824 393 Jusr1r1cAr10xs.
2601 336 2711 394 591

295 489 549 564 justitia,
592 496 652 546 et
694 490 776 546 sic
816 508 946 546 eam
996 491 1257 548 credenti
1305 492 1380 547 ad
1421 491 1722 566 justitiam
1766 492 2076 568 imputare.
2163 496 2300 553 Illic
2349 496 2492 552 fides
2539 498 2720 553 habet

294 569 586 624 rationem
618 568 1015 625 instrumenti.
1099 570 1218 627 Hic
1247 588 1386 627 vero
1427 588 1620 627 causae
1650 570 1993 647 principalis
2022 579 2081 629 et
2121 573 2517 644 fundamenti,
2549 575 2713 649 quod

297 664 606 719 negamus,

418 792 427 802 ⁶
892 725 1075 784 XIV.
1123 726 1414 797 Secundo,
1438 735 1644 784 eontra
1674 728 2014 788 Pontificios
2040 732 2218 788 fidem
2247 751 2366 788 non
2387 731 2717 806 justificare

294 789 517 891 255⁶OE
540 804 635 893 ”3¹¹¹
662 793 769 884 μὴ
809 806 1146 880 dispositive,
1190 807 1286 862 vel
1335 807 1634 876 meritorie,
1678 814 1747 863 ut
1792 807 2045 877 initium,
2066 818 2124 866 et
2166 810 2427 866 radicem
2462 810 2715 883 justitiae

360 857 513 951 &vg-at
617 865 748 907 spon
808 886 1161 959 probamus:
1210 885 1259 942 l.
1288 885 1448 952 Quia
1471 886 1724 959 Spiritus
1743 886 1994 944 Sanctus
2015 888 2287 962 nuspiam
2305 888 2442 944 fidei
2455 888 2715 958 initium,

811 965 905 1019 vel
926 971 1153 1038 partem
1173 969 1405 1019 tantum
1426 972 1532 1020 aut
1548 964 1995 1038 dispositionem
2015 968 2090 1024 ad
2107 966 2594 1039 justificationem
2614 966 2717 1022 tri-

296 1039 447 1110 buit,
472 1043 572 1097 sed
601 1048 790 1098 totam
819 1050 879 1097 et
906 1041 1200 1114 integram
1220 1042 1724 1116 justificationem.
1809 1043 1864 1101 2.
1897 1043 2058 1110 Quia
2075 1044 2157 1101 sie
2178 1063 2297 1099 non
2320 1045 2545 1100 valeret
2565 1044 2717 1100 anti-

296 1118 478 1174 thesis
509 1119 787 1193 Apostoli
829 1120 984 1175 inter
1025 1137 1207 1193 opera
1244 1128 1303 1176 et
1334 1121 1546 1195 fidem;
1598 1120 1894 1194 siquidem
1932 1122 2079 1179 fides
2122 1124 2198 1180 ad
2242 1123 2490 1178 modum
2523 1122 2717 1194 operis

297 1214 528 1269 semper
559 1196 936 1270 justificaret.
1019 1197 1075 1255 3.
1122 1197 1283 1265 Quia
1316 1198 1669 1272 justificatio
1709 1205 1918 1272 utpote
1955 1207 2123 1257 aetus
2164 1200 2416 1256 forensis
2442 1200 2508 1255 fit
2536 1199 2714 1255 simul

297 1279 357 1330 et
402 1276 585 1331 semel
629 1283 688 1331 et
738 1285 775 1330 ἓν
799 1284 971 1346 ἀτίμῳ,
1020 1294 1130 1331 nee
1176 1284 1371 1351 potest
1425 1276 1737 1334 admittere
1785 1276 2027 1334 initium
2075 1285 2136 1334 et
2180 1296 2576 1352 progressum.
2659 1277 2716 1334 4.

301 1351 464 1419 Quia
509 1353 592 1410 sic
647 1371 952 1428 possemus
1006 1354 1122 1411 diei
1175 1355 1490 1430 justificari
1543 1361 1616 1409 διὰ
1653 1364 1731 1413 τὴν
1772 1365 1925 1410 elea-n
1968 1367 2213 1432 propter
2253 1359 2437 1434 fidem
2465 1379 2487 1426 ,·
2535 1356 2718 1424 Quod

298 1429 606 1504 Scriptura
659 1451 968 1507 nunquam
1013 1432 1175 1502 dicit,
1232 1435 1333 1490 sed
1383 1452 1612 1508 semper
1652 1434 1748 1489 vel
1805 1443 1975 1506 πίστει,
2023 1437 2118 1491 vel
2162 1443 2232 1490 διὰ
2280 1465 2359 1496 της
2410 1443 2618 1499 elea-we,
2668 1444 2717 1488 tn

300 1517 513 1583 πίιτιως,
538 1531 651 1585 per
666 1513 869 1588 fldem,
900 1512 998 1568 vel
1020 1511 1165 1589 fide,
1196 1518 1484 1586 tanquam
1512 1512 1928 1570 instrumento,
2013 1513 2075 1570 N
2080 1533 2145 1572 ec
2173 1515 2220 1571 si
2247 1513 2427 1571 variis
2467 1513 2528 1567 in
2572 1512 2718 1570 loeis

296 1588 424 1645 istae
444 1591 885 1665 praepositiones
906 1596 1095 1664 peret
1122 1611 1187 1648 ex
1214 1592 1437 1647 habent
1464 1590 1701 1665 proprie
1730 1591 1948 1649 dietam
1978 1592 2407 1662 causalitatem,
2438 1598 2507 1646 ut
2529 1609 2719 1664 quum

293 1666 644 1725 tribuuntur
695 1669 875 1725 morti
915 1676 975 1726 et
1015 1669 1293 1743 sanguini
1350 1667 1601 1741 Christi3
1667 1670 1935 1743 sequitur
1975 1672 2227 1726 eandem
2281 1687 2403 1725 esse
2458 1668 2580 1724 vim
2622 1686 2718 1725 ea-

295 1763 451 1813 rum,
476 1764 665 1819 quum
707 1749 907 1819 agitur
943 1749 1017 1803 de
1058 1746 1481 1820 justificatione
1509 1746 1665 1802 fidei.
1753 1746 1886 1802 Imo
1924 1766 2062 1803 cum
2109 1753 2334 1804 constet
2376 1763 2494 1802 non
2546 1763 2717 1818 posse

300 1821 608 1880 hominem
637 1825 871 1879 duabus
891 1824 1143 1897 justitiis
1163 1824 1497 1896 justificari,
1527 1825 1717 1880 altera
1745 1824 1806 1879 in
1831 1825 2111 1892 se,altera
2139 1826 2200 1881 in
2235 1823 2487 1891 Christe,
2518 1823 2566 1879 si
2585 1823 2718 1895 jus-

298 1899 430 1956 titia
457 1909 517 1957 et
545 1901 786 1974 sanguis
817 1900 1037 1957 Christi
1078 1909 1166 1957 est
1204 1901 1445 1975 propria
1485 1919 1666 1957 causa
1703 1901 2148 1974 justificationis
2175 1902 2323 1974 ejus,
2356 1919 2478 1957 non
2521 1907 2718 1974 potest

294 1978 424 2034 haec
452 1979 589 2035 fidei
619 1978 819 2047 tribui,
851 1980 952 2034 sed
981 1985 1216 2034 tantum
1257 1978 1744 2035 instrumentalis.
1828 1978 1882 2036 5.
1926 1978 2074 2037 Haec
2102 1979 2395 2038 sententia
2434 1978 2719 2052 supponit

296 2054 450 2111 falso
491 2055 982 2128 justificationem
1029 2074 1153 2112 esse
1192 2063 1427 2112 motum
1466 2057 1781 2130 physicum
1829 2059 2096 2133 subjecto
2151 2059 2558 2125 inhaerentem,
2610 2057 2716 2130 qui
2745 2051 2750 2056 ’

296 2141 469 2205 egeat
496 2134 732 2207 praeviis
773 2134 1258 2208 dispositionibus
1299 2133 1518 2208 quibus
1565 2134 1927 2209 acquiratur,
1956 2144 2027 2193 ut
2055 2137 2113 2192 in
2158 2134 2492 2207 subjeetum
2534 2134 2717 2191 intro-

297 2211 569 2281 ducatur,
601 2230 736 2267 cum
766 2212 840 2268 sit
867 2217 1034 2268 actus
1059 2211 1327 2280 forensiS,
1360 2219 1429 2268 ut
1457 2218 1634 2269 antea
1661 2214 1979 2286 probatum
2007 2221 2111 2283 est,
2142 2216 2218 2271 ad
2249 2231 2428 2286 quem
2450 2213 2631 2268 homo
2655 2231 2716 2269 se

297 2289 479 2346 habet
508 2288 815 2362 objective,
846 2308 965 2346 non
996 2289 1339 2362 subjective.
1424 2290 1504 2346 Et
1531 2291 1670 2347 lieet
1695 2291 1842 2347 fides
1885 2293 2223 2366 requiratur
2250 2309 2286 2347 a
2326 2298 2495 2364 parte
2523 2290 2717 2346 homi-

298 2366 389 2422 nis
406 2369 483 2424 ad
512 2369 624 2425 hoc
640 2367 991 2424 beneficium
1013 2367 1417 2442 recipiendum
1440 2389 1455 2437 ;
1499 2367 1646 2424 Non
1676 2370 1944 2442 sequitur
1965 2372 2182 2428 habere
2201 2368 2491 2425 rationem
2516 2368 2713 2441 dispo-

297 2443 542 2516 sitionis,
574 2463 696 2519 qua
720 2445 938 2520 impius
966 2445 1318 2520 disponatur
1345 2447 1423 2503 ad
1451 2446 1812 2504 infusionem
1832 2448 2102 2521 justitiae.

889 2522 1035 2580 XV.
1080 2524 1255 2581 Fides
1283 2523 1676 2581 diversimode
1705 2532 2020 2599 spectatur,
2051 2528 2147 2584 vel
2191 2527 2252 2582 in
2283 2527 2402 2600 ipso
2431 2535 2562 2582 actu
2590 2528 2715 2600 jus-

811 2604 1155 2679 tefleate‘onis,
1185 2605 1281 2660 vel
1323 2602 1384 2659 in
1431 2602 1696 2662 Persona
1731 2606 2046 2684 justg‘ficati,
2075 2607 2172 2663 vel
2215 2605 2274 2660 in
2318 2608 2512 2681 effectu
2541 2608 2716 2681 justi-

809 2683 1061 2741 cationis.
1150 2681 1224 2739 In
1248 2703 1499 2758 persona
1514 2684 1831 2761 justificati,
1860 2685 2010 2742 bene
2039 2685 2259 2743 dicitur
2287 2685 2513 2741 initium
2544 2686 2717 2759 justi-

297 2759 406 2829 εἶτε,
436 2779 558 2816 non
587 2761 913 2836 imputatae,
957 2765 1061 2820 sed
1089 2762 1457 2833 inmerentis,
1477 2763 1621 2837 quia
1648 2771 1737 2819 est
1763 2764 1935 2821 radix
1957 2763 2226 2821 omnium
2248 2765 2559 2820 virtutum.
2613 2764 2715 2822 Ita

293 2837 357 2893 in
388 2841 578 2913 effectu
595 2841 1014 2917 justificationis
1042 2849 1129 2898 est
1157 2840 1513 2915 principium
1541 2848 1602 2898 et
1629 2860 1808 2899 eausa
1833 2860 2006 2899 novae
2037 2842 2405 2899 obedientiae.
2495 2841 2610 2899 Sed
2653 2843 2714 2899 in

294 2924 423 2971 actu
438 2919 879 2995 justzflcatz'om's,
909 2939 1030 2976 non
1054 2920 1219 2976 aliud
1263 2927 1459 2991 potest
1501 2938 1626 2976 esse
1655 2938 1838 2993 quam
1881 2920 2349 2977 instrumentum
2387 2922 2715 2993 apprehen-

294 2995 440 3050 dens
467 3003 527 3051 et
554 2997 857 3071 applicans
897 2997 1127 3052 homini
1169 2996 1323 3052 illud
1353 2998 1517 3069 quod
1553 2998 1864 3071 justificat,
1895 3004 1966 3054 ut
2009 2999 2148 3054 fidei
2179 3015 2299 3053 non
2349 2997 2566 3067 merite,
2609 3001 2712 3055 sed

294 3072 479 3130 medio
506 3080 744 3130 tanturn
759 3074 1133 3147 justificetur.

378 3149 564 3208 XVI.
612 3151 777 3208 Licet
795 3150 1144 3224 justificatio
1174 3151 1523 3206 detrahatur
1552 3152 1831 3225 operibus
1852 3152 2053 3226 quoad
2083 3150 2380 3222 meritum,
2400 3158 2459 3207 et
2481 3152 2716 3226 proprie

294 3230 515 3287 dictam
543 3229 913 3287 efficientiam
938 3249 952 3298 ;
996 3226 1058 3283 N
1064 3246 1139 3284 on
1163 3228 1431 3301 sequitur
1449 3230 1702 3285 eandem
1730 3229 1912 3286 tribui
1938 3229 2076 3286 fidei
2105 3229 2314 3284 eodem
2332 3231 2529 3286 modo.
2578 3230 2713 3287 Imo

295 3307 440 3382 quia
485 3308 720 3364 tollitur
766 3306 1059 3381 operibu8‚
1109 3324 1229 3361 non
1263 3310 1460 3379 potest
1507 3308 1718 3362 eadem
1761 3307 1989 3363 ratione
2033 3306 2215 3363 tribui
2261 3307 2418 3378 fidei,
2450 3307 2591 3382 quia
2631 3308 2715 3367 sic

285 3384 639 3461 justificaret
666 3393 734 3441 ut
765 3403 931 3459 opus,
961 3402 1069 3440 nec
1096 3401 1402 3457 possemus
1444 3384 1560 3441 dici
1593 3384 1908 3458 justificari
1949 3385 2073 3441 sine
2103 3384 2397 3459 operibus.
2483 3385 2714 3443 Sufficit

294 3482 435 3538 ergo
465 3465 541 3520 ad
572 3464 922 3521 salvandam
951 3461 1384 3536 oppositionem
1430 3462 1728 3536 Apostoli,
1759 3470 1829 3521 ut
1863 3464 2008 3520 fides
2036 3463 2111 3519 ab
2139 3480 2209 3518 eo
2240 3463 2300 3518 in
2343 3464 2546 3520 locum
2575 3482 2711 3538 ope-

295 3562 434 3599 rum
462 3542 875 3612 substituatur,
900 3541 1043 3614 quia
1071 3558 1176 3614 per
1202 3540 1380 3596 fidem
1410 3540 1748 3598 obtinemus
1770 3541 2105 3612 certissime,
2136 3541 2301 3615 quod
2329 3540 2371 3599 J
2376 3542 2533 3599 udaei
2560 3542 2714 3600 frus-

293 3626 384 3678 tra
410 3620 468 3676 in
502 3620 777 3695 operibus
807 3620 1172 3694 quaerebant,
1200 3617 1339 3675 licet
1379 3638 1501 3676 non
1541 3619 1859 3691 meritorie,
1889 3622 1991 3677 sed
2020 3620 2553 3678 instrumentaliter
2580 3627 2710 3677 tan-

291 3705 423 3755 tum
450 3699 545 3755 hic
574 3718 610 3756 a
652 3706 729 3757 at.

372 3718 817 3835 XVII.gFides
844 3776 1062 3833 dicitur
1089 3793 1197 3832 nos
1228 3776 1477 3846 salvare,
1509 3776 1656 3834 Luc.
1685 3776 1785 3833 vii.
1816 3775 1910 3845 50,
1940 3794 2062 3832 non
2091 3775 2320 3848 aliquid
2344 3776 2625 3832 merendo
2648 3775 2709 3831 in

294 3852 501 3909 ordine
530 3854 606 3909 ad
627 3854 1142 3926 justificationem;
1175 3851 1293 3909 Sed
1321 3860 1559 3910 tantum
1586 3854 1879 3927 receptive
1907 3858 1966 3908 et
1985 3853 2278 3924 organice,
2309 3854 2453 3928 quia
2473 3852 2591 3908 fuit
2621 3851 2709 3909 in-

293 3937 691 3987 strumentum
718 3931 887 3987 istius
915 3930 1179 3986 beneficii
1208 3931 1571 4003 receptivum
1598 3953 1612 3988 :
1659 3931 1738 3987 Et
1780 3930 1932 3986 nihil
1971 3929 2346 4003 frequentius
2389 3937 2493 4000 est,
2524 3948 2707 4004 quam

290 4027 396 4083 per
424 4008 791 4081 metalepsim
814 4009 1091 4064 effectum
1115 4025 1305 4065 causae
1323 4008 1666 4082 principalis
1694 4007 1952 4064 tribuere
1974 4006 2401 4079 instrumento;
2431 4014 2501 4064 ut
2517 4025 2706 4081 quum

294 4086 680 4161 Evanyelium
706 4086 926 4142 dicitur
946 4086 1205 4160 potentia
1227 4085 1347 4143 Dei
1376 4089 1458 4143 ad
1480 4086 1739 4154 salutem,
1765 4084 1940 4142 Rom.
1965 4084 2002 4141 i.
2039 4084 2128 4153 16,
2147 4103 2361 4143 manus
2389 4087 2597 4144 sedula
2619 4087 2706 4142 di-

291 4165 445 4222 citur
473 4166 721 4222 domum
762 4182 1000 4237 augere,
1030 4170 1296 4221 aratrum
1333 4165 1525 4221 ditare
1553 4166 1852 4232 colonum,
1894 4180 2108 4219 manus
2138 4163 2337 4220 dantis
2383 4182 2706 4238 pauperem

289 4244 673 4319 locupletare,
703 4249 763 4298 et
788 4241 1022 4299 similia.
1073 4241 1135 4298 N
1140 4259 1205 4299 ec
1226 4242 1275 4299 si
1293 4244 1436 4299 alibi
1462 4243 1822 4315 praedicatur
1841 4240 2195 4315 magnitudo
2217 4242 2354 4298 fidei
2379 4243 2705 4311 Cananaeae,

289 4319 509 4379 Matth.
552 4339 649 4377 xv.
697 4320 791 4390 28,
838 4320 933 4377 cui
978 4320 1246 4378 Christus
1290 4321 1566 4393 indulget
1612 4319 1963 4376 beneficium
2021 4321 2347 4392 expetitum
2393 4321 2527 4377 ideo
2572 4321 2703 4396 ejus

290 4400 568 4456 meritum
597 4406 658 4456 et
677 4397 987 4456 efficientia
1006 4397 1279 4456 innuitur
1302 4420 1316 4469 ;
1347 4398 1593 4455 eredens
1615 4397 1858 4472 quidem
1880 4403 2089 4454 sanata
2110 4405 2215 4468 est,
2241 4398 2383 4471 quia
2405 4398 2704 4456 mediante

289 4477 405 4532 fide
434 4479 548 4533 hoc
574 4477 664 4532 illi
706 4476 962 4533 eontulit
988 4476 1340 4534 beneficium
1382 4476 1564 4545 DeuS‚
1595 4476 1698 4531 sed
1729 4493 1848 4531 non
1895 4475 2030 4531 ideo
2059 4477 2302 4532 eredens
2343 4477 2576 4533 sanavit
2622 4496 2700 4548 se,

289 4562 358 4611 ut
383 4554 529 4611 fides
555 4555 791 4630 proprie
818 4557 1121 4629 loquendo
1157 4554 1527 4612 sanationem
1555 4554 1653 4609 vel
1681 4553 1956 4625 effecerit,
1985 4554 2082 4609 vel
2124 4555 2421 4611 meruerit.

370 4631 631 4689 XVIII.
678 4632 879 4691 Verus
899 4652 1043 4707 ergo
1072 4634 1287 4689 modus
1306 4631 1752 4707 justificationis
1779 4632 1933 4703 fidei,
1964 4651 2085 4689 non
2114 4631 2267 4690 alius
2294 4639 2383 4690 est
2410 4651 2592 4708 quam
2609 4632 2701 4689 in-

356 2589 540 2634 Fontes
578 2588 719 2634 Solu·

431 2652 638 2693 tionum.
