3221 5200
540 346 660 400 222
1472 355 1653 395 Locus
1685 355 2080 396 nconncmus.
2610 334 2866 416 [Quaesr.
2898 357 2957 397 x.

538 501 768 574 dicitur,
799 500 1082 577 potuisset
1130 499 1420 576 baptizare
1450 503 1512 562 ἀς
1553 495 1726 567 ἔφεσιν
1752 493 2023 576 ἔμαςτιῧν,
2077 496 2258 554 Marc.
2302 497 2339 554 i.
2381 501 2437 555 4.
2523 497 2577 554 N
2581 518 2647 555 ec
2691 498 2954 558 Christus

539 580 688 639 bene
718 580 933 639 diceret
975 579 1292 657 paralytico
1321 587 1379 636 et
1419 577 1743 653 peccatrici,
1779 577 1920 634 Luc.
1951 597 2008 634 v.
2041 578 2150 651 20:
2167 584 2227 635 et
2254 575 2353 634 vii.
2384 581 2480 650 47,
2513 580 2764 648 ἀφέωνταί
2783 604 2855 635 σοι
2896 581 2955 636 aee'

539 662 808 740 ἅμαςτὰιι,
839 659 934 719 vel
955 660 1189 736 juberet
1217 658 1531 734 discipulos
1573 677 1735 715 orare
1764 676 1867 733 pro
1909 655 2073 727 ἀφέσει
2113 664 2495 733 peccatorum,
2542 659 2670 734 ejus
2712 658 2951 735 promis-

544 740 764 798 sionem
794 739 1172 817 subjiciendo,
1219 738 1430 795 Matth.
1461 738 1539 794 vi.
1575 740 1666 810 12,
1705 740 1797 794 14.
1883 737 2005 793 Nec
2036 736 2243 794 Petrus
2285 744 2436 795 recte
2483 747 2780 812 assereret,
2814 737 2949 796 Act.

541 840 600 878 x.
632 823 728 895 43,
761 840 960 879 omnes
992 819 1310 897 Prophetas
1339 817 1731 875 testimonium
1755 815 1984 873 Christo
2006 814 2159 889 dare,
2184 816 2342 891 quod
2365 816 2549 874 omnis
2578 817 2638 874 in
2659 817 2950 876 Christum

540 900 782 959 credens
810 908 1151 976 accepturus
1180 899 1255 956 sit
1283 898 1343 955 in
1372 898 1499 973 ejus
1527 897 1758 954 nomine
1787 894 1960 966 ἄφεσιν
1985 897 2257 975 &pinguim
2343 896 2488 954 Haec
2518 896 2670 954 enim
2709 897 2783 955 de
2811 897 2950 956 fide-

538 978 693 1039 libus
724 980 879 1037 Novi
906 978 1261 1037 Testamenti
1290 976 1668 1053 intelligenda
1709 996 1852 1050 esse,
1884 976 1985 1052 qui
2013 996 2141 1034 cum
2172 975 2427 1034 venisset
2457 977 2721 1035 Christus
2758 987 2952 1036 essent

539 1059 833 1130 credituri,
863 1078 976 1115 non
1007 1058 1080 1116 de
1108 1058 1180 1116 iis
1218 1058 1316 1134 qui
1361 1057 1469 1115 sub
1501 1057 1702 1114 Veteri
1742 1056 2112 1114 Testamento
2141 1055 2434 1131 vivebant,
2480 1065 2545 1115 ut
2571 1056 2792 1115 vellent
2835 1058 2948 1116 Re·

512 1147 941 1214 xmonstrantes,
973 1137 1047 1195 ab
1076 1138 1232 1195 omni
1261 1136 1479 1194 ratione
1508 1144 1598 1194 est
1626 1136 1895 1193 alienum.
1981 1137 2108 1193 Imo
2136 1145 2420 1212 repugnat
2443 1156 2615 1212 scopo
2637 1137 2948 1213 Propheta-

536 1237 664 1275 rum
692 1217 1026 1276 testantium
1057 1216 1127 1275 de
1160 1218 1404 1289 Christe,
1430 1216 1529 1292 qui
1551 1216 1660 1273 hoc
1679 1235 1793 1273 non
1817 1215 2088 1273 dixerunt
2116 1215 2299 1273 solum
2323 1215 2384 1272 in
2405 1217 2648 1292 gratiam
2672 1225 2945 1292 nostram,

535 1297 641 1354 sed
686 1306 744 1355 et
771 1317 874 1373 pro
919 1296 1188 1355 fidelibus
1218 1297 1351 1356 Vet.
1384 1296 1737 1354 Testamenti
1783 1295 1856 1352 ad
1901 1315 2047 1370 quos
2077 1294 2420 1369 scribebant,
2454 1303 2511 1353 et
2539 1295 2613 1353 ad
2658 1315 2804 1371 quos
2832 1316 2948 1354 non

537 1377 729 1435 minus
778 1396 951 1451 quam
1000 1375 1075 1433 ad
1124 1396 1229 1434 nos
1271 1375 1594 1453 pertinebat
1637 1374 1695 1432 in
1727 1374 2003 1433 Messiam
2045 1374 2293 1448 credere,
2326 1384 2384 1432 et
2412 1395 2514 1451 per
2554 1395 2683 1433 eum
2716 1376 2945 1434 salvari.

540 1455 712 1514 Unde
744 1456 950 1513 Petrus
979 1476 1095 1514 non
1124 1456 1380 1532 loquitur
1407 1455 1477 1513 de
1507 1455 1819 1530 credituris,
1852 1454 1956 1512 sed
1997 1454 2068 1512 de
2107 1455 2466 1529 credentibw,
2498 1461 2555 1512 et
2597 1455 2830 1530 quidem
2874 1456 2946 1514 de

533 1536 822 1607 omnibuS‚
871 1536 1042 1594 ardna
1068 1540 1147 1593 τὸν
1189 1534 1478 1593 rimi-ma
1519 1540 1580 1598 εἰς
1608 1537 1768 1592 athar.
1853 1534 1975 1591 Nec
2011 1534 2227 1592 Paulus
2256 1534 2504 1610 denique
2544 1534 2947 1610 justificationi

536 1616 815 1673 Veterum
843 1614 1015 1684 ἔφεσιν
1042 1615 1292 1674 tribuere
1322 1614 1632 1689 debuisset,
1665 1623 1729 1672 ut
1755 1612 1893 1671 facit
1933 1621 2143 1688 tamen,
2183 1614 2350 1672 Rom.
2380 1614 2458 1671 iv.
2489 1614 2608 1688 ubi,
2630 1616 2679 1671 si
2701 1615 2942 1691 uspiam,

536 1694 846 1753 discrimen
895 1697 1046 1754 inter
1072 1701 1244 1766 ἄφεσιν
1292 1705 1348 1753 et
1398 1695 1601 1774 migm-
1644 1693 1967 1752 docendum
2010 1693 2228 1768 fuisset,
2275 1693 2323 1751 si
2362 1694 2542 1751 ullum
2574 1694 2759 1769 datur,
2791 1696 2947 1771 quod

534 1783 758 1833 tantum
789 1775 954 1834 abest
981 1786 1046 1834 ut
1073 1776 1262 1850 faciat,
1297 1784 1361 1833 ut
1388 1775 1593 1833 iisdem
1637 1773 1809 1850 plane
1839 1771 2033 1830 verbis
2066 1773 2539 1850 justificationem
2567 1773 2846 1832 Veterum
2889 1784 2948 1834 et

531 1863 787 1912 nostram
816 1856 1118 1932 exprimat.

617 1934 833 1993 XVII.
878 1939 934 1993 4.
968 1935 1061 1993 Ibi
1089 1933 1263 2006 ἄφιε-ις
1292 1934 1464 1993 debet
1494 1933 1636 2008 dari,
1668 1931 1769 1991 ubi
1798 1939 1885 1990 est
1913 1932 2169 2009 plenaria
2209 1931 2469 1990 remissio
2498 1932 2571 1990 ab
2601 1933 2757 1990 omni
2799 1933 2942 1991 obli·

533 2014 766 2091 gatione
794 2015 1008 2092 poenali
1052 2026 1111 2073 et
1154 2014 1460 2092 personali,
1492 2013 1637 2070 nihil
1684 2012 1837 2069 enim
1879 2012 2037 2069 aliud
2065 2020 2256 2089 potest
2297 2032 2422 2070 esse
2460 2012 2737 2086 remissiO,
2771 2033 2942 2090 quam

529 2095 877 2153 condonatio
906 2105 965 2154 et
1008 2115 1124 2152 non
1150 2094 1391 2172 puniti0‚
1423 2114 1495 2151 ne
1540 2093 1600 2149 in
1636 2091 1922 2168 judicium
1964 2092 2095 2167 quis
2123 2100 2377 2167 vocetur,
2418 2101 2519 2150 aut
2559 2092 2828 2168 exigatur
2870 2093 2943 2150 ab

530 2173 657 2250 ipso
705 2194 876 2250 poena
923 2175 1139 2233 debita.
1225 2175 1309 2233 At
1354 2173 1625 2232 Patribus
1673 2171 1845 2230 talem
1891 2171 2285 2229 remissionem
2314 2172 2506 2230 datam
2536 2172 2712 2230 fuisse
2743 2174 2941 2250 negari

530 2273 646 2311 non
674 2263 881 2331 potest,
914 2275 1042 2313 cum
1075 2255 1277 2314 salutis
1305 2253 1443 2313 sacti
1484 2252 1698 2311 fuerint
1725 2252 2051 2329 participes.
2138 2252 2379 2310 Frustra
2420 2251 2709 2329 excipitur
2741 2254 2941 2311 remis-

530 2333 749 2392 sionem
779 2334 1091 2411 plenariam
1123 2344 1181 2394 et
1210 2334 1589 2411 emphaticam
1636 2352 1954 2409 supponere
1997 2332 2342 2390 solutionem
2377 2331 2605 2391 factam.
2692 2333 2840 2406 Quia
2868 2333 2942 2390 ad

528 2413 923 2472 remissionem
946 2414 1177 2488 sufficit,
1211 2423 1274 2472 ut
1316 2414 1483 2473 detur
1509 2412 1775 2474 liberatio
1804 2413 1877 2470 ab
1920 2411 2076 2469 omni
2117 2431 2289 2486 poena
2329 2421 2562 2488 propter
2596 2411 2940 2471 solutionem

530 2492 653 2550 sive
684 2495 1015 2569 praestitam,
1048 2494 1170 2551 sive
1200 2495 1389 2551 adhuc
1431 2492 1833 2569 praestandam.
1920 2491 2085 2549 Licet
2125 2492 2279 2548 enim
2327 2492 2582 2568 expiatio
2611 2492 2783 2550 realis
2824 2513 2942 2550 non

528 2571 713 2649 possit
740 2572 865 2631 fieri
892 2573 1004 2631 nisi
1033 2581 1134 2649 per
1163 2573 1508 2632 solutionem
1537 2581 1670 2631 actu
1712 2571 2061 2649 praestitam3
2123 2571 2280 2629 Nihil
2325 2572 2517 2631 obstat
2545 2571 2940 2631 remissionem

529 2671 659 2726 quae
689 2660 776 2709 est
804 2654 930 2729 ejus
959 2652 1194 2725 fructus,
1229 2652 1352 2709 dari
1380 2651 1538 2710 fideli
1566 2653 1626 2709 in
1656 2652 1868 2709 virtute
1899 2651 2201 2710 solutionis
2229 2651 2417 2710 adhuc
2447 2651 2654 2728 futura,
2688 2671 2815 2729 quae
2845 2672 2941 2711 co-

528 2749 650 2787 ram
684 2732 809 2789 Deo
836 2739 1071 2807 propter
1099 2731 1499 2789 certitudinem
1529 2750 1633 2807 pro
1663 2731 1813 2789 facta
1840 2731 2103 2790 habetur.

1135 2810 1386 2869 XVIII.
1435 2811 1625 2868 Locus
1657 2809 1840 2884 Pauli,
1873 2811 1972 2886 qui
2000 2831 2117 2886 prae
2160 2811 2383 2869 eaeteris
2416 2819 2656 2888 urgetur
2683 2811 2756 2869 ad
2785 2813 2939 2893 πός·-

1053 2914 1126 2946 <m
1154 2889 1621 2964 confirmandam,
1656 2890 1824 2947 Rom.
1857 2889 1935 2949 iii.
1967 2895 2062 2964 25,
2094 2891 2194 2948 ubi
2224 2892 2304 2950 ait
2336 2892 2371 2922 ‘⁴
2396 2891 2686 2949 Christum
2726 2893 2938 2952 consti-

1051 2977 1241 3027 tutum
1270 2969 1446 3028 fuisse
1476 2989 1510 3027 a
1541 2970 1668 3028 Deo
1699 2970 2165 3045 Propitiatorium
2209 2990 2313 3047 per
2351 2970 2523 3028 fidem
2553 2970 2611 3027 in
2657 2972 2940 3046 sanguine

527 3048 655 3125 ejus
684 3048 757 3106 ad
787 3048 1200 3108 ostendendam
1235 3049 1522 3128 justitiam
1553 3050 1777 3124 suam,''
1809 3047 1894 3108 διὰ
1921 3053 2001 3111 τὸν
2030 3051 2232 3129 riguo-cv
2257 3054 2350 3108 τῶν
2387 3050 2743 3130 πςογιᾳωότυι
2770 3054 2939 3133 ὁρας·

526 3132 637 3187 τεῦ,
659 3130 699 3187 ἐν
718 3133 784 3210 τῇ
803 3135 963 3210 ἀνοχῇ
986 3138 1074 3189 τοῦ
1103 3137 1245 3205 Θεοῦ,
1276 3150 1394 3188 non
1423 3131 1567 3188 bene
1597 3130 1711 3188 huc
1740 3130 1985 3189 trahitur
2026 3130 2542 3207 quomodocunque
2580 3131 2940 3207 explicetur:

530 3210 666 3268 Sive
716 3212 1046 3287 praepositio
1096 3209 1181 3270 διαὶ
1229 3211 1532 3271 causaliter
1580 3230 1710 3268 cum
1759 3209 2106 3287 quibusdam
2148 3209 2521 3286 intelligatur,
2553 3219 2612 3268 et
2649 3210 2940 3286 significet

514 3300 773 3364 propter,
805 3299 870 3349 ut
897 3301 1129 3350 notetur
1157 3312 1331 3350 causa
1359 3290 1670 3366 impulsiva
1712 3290 1879 3348 istius
1911 3288 2302 3366 Propitiatorii
2331 3310 2365 3347 a
2395 3291 2521 3347 Deo
2566 3289 2835 3365 instituti,
2880 3301 2939 3349 et

525 3369 586 3425 in
618 3370 943 3444 Evangelio
971 3371 1268 3448 propositi,
1301 3379 1359 3428 et
1386 3370 1590 3447 παίςισις
1620 3370 1899 3428 referatur
1926 3370 2000 3426 ad
2028 3378 2272 3446 tempus,
2305 3370 2396 3428 cui
2427 3373 2576 3444 ἀνοχὲ
2603 3369 2713 3426 Dei
2751 3370 2934 3446 assig-

526 3456 729 3521 natur3
780 3449 916 3505 Sive
946 3450 1304 3525 intelligatur
1313 3451 1573 3527 finaliter
1602 3468 1733 3506 cum
1775 3449 1921 3522 aliis,
1954 3458 2013 3507 et
2042 3449 2235 3507 valeat
2275 3449 2425 3507 idem
2470 3448 2624 3526 quod
2655 3454 2716 3513 εἰς
2745 3453 2840 3523 ad,
2873 3459 2940 3508 ut

529 3526 732 3605 ardena-ag
763 3527 839 3583 sit
864 3526 1013 3601 finis,
1046 3548 1148 3586 cur
1178 3528 1440 3586 Christus
1484 3536 1838 3604 proponatur
1878 3529 1937 3585 in
1969 3528 2454 3604 Propitiatorium,
2487 3529 2582 3587 vel
2610 3526 2694 3586 διὰ
2720 3532 2802 3590 τὸν
2830 3530 2935 3587 παί-

524 3629 649 3684 gcm
676 3615 924 3682 ponatur
950 3626 1052 3683 pro
1080 3605 1165 3666 διαὶ
1185 3612 1268 3670 τὶῐς
1290 3606 1527 3686 rugimus
1545 3628 1660 3682 per
1685 3608 2077 3667 remissionem.
2145 3608 2208 3665 Si
2230 3609 2601 3685 posteriorem
2630 3605 2788 3667 hunc
2808 3630 2938 3667 sen-

527 3705 654 3743 sum
685 3684 992 3761 sequimur,
1024 3688 1125 3763 qui
1170 3688 1526 3745 communior
1570 3695 1674 3760 est,
1707 3697 1765 3745 et
1792 3688 1986 3746 verbis
2015 3708 2082 3746 ac
2125 3707 2299 3765 scopo
2331 3688 2497 3746 Pauli
2539 3689 2937 3748 accommoda-

526 3766 654 3839 tior,
685 3766 889 3846 παίειν-ις
932 3766 1085 3824 idem
1133 3767 1242 3826 erit
1270 3767 1426 3844 quod
1474 3767 1664 3842 ἔφεσις,
1701 3767 1866 3844 quasi
1914 3767 2074 3827 dicas
2122 3769 2548 3843 relaxationem,
2601 3771 2939 3846 metaphora

524 3846 698 3904 ducta
746 3866 781 3903 a
822 3846 1086 3922 vinculis,
1139 3847 1352 3924 quibus
1397 3867 1501 3905 nos
1544 3847 1709 3924 quasi
1738 3848 2206 3907 constrinxerunt
2234 3858 2470 3925 peccata
2513 3850 2621 3908 sub
2651 3859 2938 3926 potestate

527 3927 773 4000 Satanae,
806 3946 934 4003 quae
974 3947 1079 4003 per
1107 3927 1323 3986 Christi
1363 3926 1828 4006 propitiationem
1872 3927 2056 3985 laxari
2106 3928 2375 4004 oportuit.
2464 3929 2560 3987 Sic
2603 3929 2939 4005 intelligunt

524 4007 841 4065 Versiones
867 4007 1175 4085 pleraeque,
1209 4007 1450 4081 Gallica,
1499 4007 1757 4085 Belgica,
1790 4007 2061 4083 Anglica,
2111 4008 2334 4080 Italica,
2377 4016 2436 4066 et
2465 4008 2788 4067 Orthodoxi
2837 4010 2935 4066 In-

521 4094 799 4164 terpretes
825 4085 1107 4146 hactenus
1147 4096 1554 4164 exposuerunt,
1587 4095 1652 4144 ut
1682 4086 1974 4161 Calvinus,
2009 4088 2250 4163 Martyr,
2299 4087 2691 4164 Bullingerus,
2739 4088 2937 4146 Pisca-

521 4175 627 4239 tor,
662 4167 897 4241 Pareus,
929 4175 988 4226 et
1015 4167 1131 4226 alii.
1222 4168 1438 4225 Sensus
1482 4166 1590 4225 erit
1624 4167 1810 4224 Deum
1839 4165 1970 4224 ideo
1999 4167 2366 4243 proposuisse
2405 4167 2699 4225 Christum
2733 4168 2936 4245 Propi·

520 4246 786 4304 tiatorem
814 4266 918 4323 per
943 4246 1116 4304 fidem
1145 4247 1206 4304 in
1235 4247 1517 4323 sanguine
1548 4247 1693 4323 ejus,
1725 4255 1791 4304 ut
1818 4245 2138 4305 declararet
2159 4246 2446 4323 justitiam
2496 4267 2675 4323 suam,
2708 4266 2811 4323 pcr
2839 4249 2938 4306 vel

522 4334 758 4403 propter
786 4326 1181 4385 remissionem
1209 4335 1578 4403 peccatorum
1606 4324 2072 4402 praecedentium,
2105 4326 2182 4384 id.
2213 4345 2344 4402 quae
2373 4328 2680 4385 commissa
2710 4327 2942 4386 fucrant

521 4414 691 4464 antea
718 4406 825 4464 sub
856 4406 989 4464 Vet.
1021 4406 1178 4464 Test.
1228 4407 1289 4463 in
1318 4414 1573 4483 tempore
1622 4403 1916 4482 patientiae
1964 4405 2093 4464 Dei.
2181 4406 2451 4465 Meminit
2498 4427 2638 4465 vero
2700 4406 2934 4482 potissi·

520 4502 674 4541 mum
705 4496 1068 4560 peccatorum
1096 4486 1560 4562 praecedentium,
1592 4505 1708 4542 non
1738 4484 1813 4542 ad
1854 4485 2245 4543 exclusionem
2275 4487 2643 4563 praesentium
2675 4494 2734 4543 et
2777 4484 2933 4545 futu-

520 4579 729 4636 rorum,
762 4563 865 4621 sed
891 4573 958 4622 ut
985 4565 1102 4621 vim
1131 4564 1541 4642 redemptionis
1572 4564 1787 4622 Christi
1829 4565 2155 4641 amplificet,
2187 4586 2317 4641 quae
2360 4585 2474 4623 non
2507 4566 2580 4623 ad
2622 4567 2933 4642 praesentia

521 4638 722 4713 solum,
754 4642 857 4699 sed
904 4643 978 4700 ad
1027 4644 1408 4719 praecedentia
1456 4652 1692 4721 peccata
1733 4643 1904 4701 etiam
1934 4645 2222 4721 expianda
2250 4645 2423 4704 fuerit
2466 4644 2688 4703 efficax.
2776 4644 2928 4703 Nam

600 2863 780 2908 Fontes
803 2864 942 2910 Solu-

670 2923 874 2966 tionum.
