3221 5200
501 328 613 385 128
1403 344 1607 388 ‘Locus
1638 343 1999 385 unoecmus·
2456 324 2706 406 [QUAEST.
2738 345 2910 400 xxm.

486 487 541 552 ,“
560 485 685 544 Vos
708 482 775 590 in
799 482 1126 543 libertatem
1153 483 1347 543 vocati
1375 484 1551 545 estis:
1581 491 1806 545 tantum
1832 504 1905 543 ne
1933 484 2259 544 libertatem
2286 482 2347 542 in
2376 483 2734 544 occasionem
2765 485 2917 545 detis

503 585 681 624 carm.
688 565 701 589 '

578 643 760 702 XIV.
806 643 974 717 Quod
1023 643 1222 702 datum
1270 644 1380 702 fuit
1423 643 1669 718 Judoeis,
1717 664 1833 721 qua
1880 643 2125 719 Judae1s‚
2174 643 2314 702 solis
2362 643 2590 703 Judaeis
2622 644 2755 704 usui
2783 664 2913 703 esse

489 732 720 801 potest.
764 722 867 781 sed
915 723 1072 799 quod
1119 723 1318 782 datum
1362 732 1451 782 est
1497 724 1742 799 Judaeis,
1774 744 1889 801 qua
1915 723 2227 798 foederatis,
2273 724 2370 781 vel
2397 743 2512 799 qua
2542 724 2653 782 Dei
2694 725 2911 801 populo

497 802 850 880 simpliciter,
897 823 1014 861 non
1058 802 1134 860 ad
1177 804 1334 881 ipsos
1383 803 1567 861 solum
1621 813 1857 880 spectat,
1907 803 2011 862 sed
2047 803 2123 861 ad
2150 822 2349 861 omnes
2376 803 2509 861 illos
2538 804 2639 880 qui
2666 804 2910 862 eandem

497 883 695 961 populi
727 882 840 940 Dei
866 882 1146 941 rationem
1173 884 1407 943 habent.
1492 883 1620 941 Lex
1648 903 1763 941 non
1792 883 1928 942 data
1955 892 2044 942 est
2070 883 2113 942 J
2117 882 2298 941 udaels
2325 882 2509 959 primo
2539 902 2713 942 sensu
2754 885 2911 942 omni

493 962 688 1036 mode,
739 961 844 1020 sed
887 963 1224 1039 posteriori3
1269 983 1402 1020 nam
1449 963 1736 1039 hodieque
1779 964 1948 1022 nobis
1988 962 2259 1039 loquitur,
2292 963 2461 1021 Rom.
2490 962 2591 1021 vii.
2623 968 2677 1039 7,
2714 967 2743 1020 1
2778 963 2909 1022 Cor.

493 1042 579 1101 ix.
611 1044 666 1100 8.
752 1042 874 1100 Nec
916 1042 966 1100 si
993 1062 1096 1119 per
1125 1043 1350 1101 Mosem
1379 1042 1515 1101 data
1542 1043 1769 1119 dicitur,
1801 1044 2016 1103 Johan.
2045 1043 2084 1101 i.
2120 1045 2211 1117 17,
2264 1042 2524 1119 sequitur
2552 1043 2661 1101 sub
2712 1043 2908 1100 Evan-

491 1122 654 1198 gelio
685 1120 898 1180 Christi
924 1121 1116 1180 locum
1156 1141 1273 1180 non
1314 1121 1560 1198 habere3
1613 1124 1751 1199 quia
1780 1124 1978 1181 Moses
2023 1142 2140 1180 non
2182 1122 2489 1199 opponitur
2517 1123 2762 1198 Christo,
2809 1121 2914 1181 sed

501 1201 925 1275 subordinatur,
976 1210 1042 1259 ut
1069 1221 1270 1260 servus
1299 1202 1549 1276 dominc,
1597 1211 1663 1260 ut
1690 1203 1790 1261 ille
1817 1202 1918 1279 qui
1944 1202 2005 1259 in
2035 1201 2221 1277 dome,
2265 1201 2352 1258 illi
2380 1201 2481 1278 qui
2501 1202 2604 1278 jus
2630 1202 2807 1261 habet
2847 1202 2910 1259 in

503 1280 737 1339 domum
764 1288 831 1338 ut
858 1280 959 1356 qui
986 1301 1118 1339 eum
1147 1280 1455 1340 aedificavit
1482 1290 1542 1339 et
1569 1282 1737 1358 regit.

491 1414 496 1418 .
580 1360 726 1418 XV.
768 1361 957 1418 Moses
1004 1361 1176 1419 etiam
1224 1369 1414 1437 potest
1457 1361 1703 1437 spectari
1731 1361 2011 1435 bifariam,
2057 1360 2154 1419 vel
2178 1359 2499 1453 generatim
2527 1369 2586 1419 et
2612 1360 2909 1440 indefinite,

501 1447 567 1500 ιιι
588 1442 807 1498 Doctor
832 1440 1011 1498 totius
1041 1440 1334 1513 Ecclesiae,
1365 1440 1463 1497 vel
1505 1440 1928 1516 particulariter
1953 1449 2011 1499 et
2039 1440 2272 1520 definite,
2325 1448 2390 1498 ut
2431 1442 2577 1497 Dux
2602 1441 2819 1517 populi,
2851 1449 2912 1499 et

491 1519 830 1596 Legislat’or
860 1519 1110 1594 Israelis,
1142 1519 1243 1596 qui
1270 1520 1396 1596 ejus
1424 1520 1788 1578 commodum
1818 1521 2088 1597 respexit.
2175 1519 2486 1578 Posteriori
2514 1539 2688 1579 sensu
2718 1520 2846 1579 Lex
2874 1541 2911 1578 a

500 1600 667 1658 Mose
710 1599 830 1657 lata
875 1598 951 1657 ad
995 1599 1149 1658 solos
1197 1599 1440 1658 Judoeos
1482 1599 1775 1675 pertinuit,
1826 1600 1930 1658 sed
1976 1598 2151 1677 priori
2196 1599 2528 1658 extenditur
2569 1599 2643 1657 ad
2671 1619 2906 1676 omnes3

497 1698 615 1737 11011
657 1679 848 1736 minus
892 1698 959 1736 ac
1009 1679 1137 1737 Lex
1183 1687 1420 1753 naturae,
1468 1680 1636 1756 cujus
1681 1688 1769 1738 est
1813 1679 2234 1756 comPendium.
2318 1677 2515 1754 Atque
2556 1679 2639 1737 ita
2663 1689 2911 1755 possunt

497 1757 792 1817 conciliari
819 1756 1064 1817 diversae
1094 1758 1561 1818 orthodoxorum
1610 1760 1909 1818 sententiae
1958 1759 2110 1817 circa
2139 1759 2315 1835 Legis
2346 1759 2623 1816 Mosaicae
2652 1779 2819 1817 usum
2851 1768 2911 1818 et

501 1838 932 1913 obligationem,
981 1837 1119 1896 dum
1147 1838 1246 1896 alii
1274 1840 1479 1897 volunt
1523 1858 1650 1897 eam
1679 1839 2022 1916 pertinuisse
2051 1838 2127 1896 ad
2154 1838 2309 1897 solos
2336 1838 2379 1897 J
2383 1837 2579 1897 udaeos
2607 1839 2909 1897 exclusive

502 1917 578 1975 ad
604 1916 767 1990 alios,
791 1925 856 1975 11ι
877 1919 1177 1992 Zanchius,
1203 1926 1261 1977 et
1281 1921 1572 1977 BIusculus
1582 1943 1607 1990 ;
1650 1918 1777 1977 Alii
1804 1939 1944 1977 vero
1972 1918 2046 1976 ad
2077 1937 2276 1976 omnes
2304 1925 2593 1994 spectasse
2621 1926 2904 1992 asserunt,

497 2004 562 2055 ut
588 1998 827 2071 Par-eus,
859 2005 917 2054 et
943 1997 1043 2056 alii
1066 2020 1080 2073 3
1127 1998 1223 2056 isti
1252 1998 1404 2056 enim
1435 1999 1661 2057 Mosem
1690 2007 1749 2057 et
1783 1998 2001 2076 Legem
2031 1998 2139 2057 sub
2166 1998 2352 2075 prima
2378 1997 2612 2056 notione
2641 1998 2909 2056 conside-

499 2084 664 2153 rant3
715 2076 803 2134 illi
832 2096 970 2135 vero
1001 2077 1109 2136 sub
1139 2078 1412 2137 secunda.

1359 2317 1748 2393 QUAESTIO
1790 2317 2041 2377 xxlv.

1332 2495 1411 2534 m:
1440 2495 1594 2536 Laos
1623 2495 2062 2536 cannamomam.

818 2635 960 2702 Quis
977 2635 1118 2714 finis
1146 2643 1199 2693 et
1224 2655 1355 2693 usus
1373 2635 1562 2708 fuerit
1587 2637 1757 2712 Leqz’s
1790 2632 2209 2696 Caeremonialth
2235 2637 2334 2694 sub
2374 2637 2437 2695 V.
2467 2638 2564 2695 T.
2554 2638 2579 2678 ²

518 2835 624 2883 Lex
645 2836 859 2882 Mosarna
878 2837 967 2882 tri
1091 2793 1142 2852 Ι.
1188 2793 1315 2851 Lex
1342 2813 1445 2870 per
1472 2794 1699 2853 Mosem
1727 2795 1890 2853 lata‘
1873 2815 1935 2852 ιιι
1975 2804 2094 2854 tres
2137 2795 2362 2872 speeies
2407 2796 2554 2854 solet
2598 2795 2903 2889 distingui,

605 2895 732 2953 plex
756 2896 966 2949 moralis
1012 2872 1083 2929 In
1110 2874 1412 2948 Moralem,
1443 2894 1573 2966 qnae
1601 2874 1675 2932 de
1712 2875 1969 2933 moribus
2014 2876 2137 2934 sive
2182 2875 2383 2933 officiis
2424 2876 2716 2952 perpetuis
2758 2897 2902 2952 erga

494 2992 503 3001 ·
607 2954 966 3008 ceremonialia
1012 2952 1201 3010 Deum
1243 2962 1303 3011 et
1345 2954 1674 3029 proximum
1716 2954 1872 3031 agit3
1921 2955 2401 3028 Οωνεηιοηίαῑεηι,
2433 2975 2562 3031 quae
2608 2954 2680 3013 de
2713 2956 2901 3014 Caere-

603 3012 824 3057 forensis
1008 3032 1216 3091 moniis
1246 3033 1370 3091 sive
1401 3033 1636 3092 Ritibus
1665 3033 1818 3092 circa
1846 3055 2010 3092 sacra
2044 3035 2152 3094 sub
2183 3035 2316 3092 Vet.
2348 3035 2505 3092 Test.
2536 3034 2907 3094 observanda

488 3119 734 3170 tractat:
778 3118 836 3169 et
863 3113 1185 3188 For-ensem,
1217 3134 1346 3190 quae
1390 3114 1620 3173 civilem
1663 3114 2137 3207 gubernationem
2168 3113 2366 3191 populi
2418 3113 2725 3172 Israelitici
2762 3135 2907 3173 con-

488 3192 692 3253 stituit.
781 3192 975 3250 Prima
1003 3192 1440 3253 fundamentum
1483 3203 1586 3269 est,
1620 3215 1735 3271 quo
1776 3195 1980 3253 nititur
2008 3194 2286 3270 obligatio
2314 3193 2698 3270 reliquarum3
2743 3195 2901 3252 Aliae

488 3280 623 3330 sunt
665 3270 1010 3347 appendices
1055 3281 1113 3331 et
1158 3272 1665 3333 determinationes
1714 3275 1879 3352 ejus,
1932 3273 2359 3332 Caeremonialis
2406 3282 2668 3349 respectu
2696 3274 2901 3349 primae

487 3351 716 3422 tabulae,
732 3349 1166 3410 determinando
1188 3354 1314 3430 ejus
1336 3354 1813 3428 circumstantias,
1834 3353 2085 3411 maxime
2108 3351 2300 3429 quoad
2320 3352 2537 3411 cultum
2559 3361 2896 3411 externum·
2880 3399 2896 3430 ,

492 3429 766 3488 Forensis
814 3429 1007 3504 quoad
1035 3431 1391 3489 secundam
1376 3452 1437 3489 ιιι
1465 3433 1508 3492 J
1511 3432 1875 3507 udiciahbus,
1919 3432 2058 3491 licet
2084 3440 2303 3492 statuat
2341 3432 2514 3491 etiam
2543 3452 2745 3509 poenas
2774 3452 2898 3492 sce-

488 3508 708 3566 leribus
736 3507 1018 3566 adversus
1044 3510 1287 3586 primam
1316 3510 1572 3569 tabulam
1601 3512 1889 3571 admissis.

1095 3588 1180 3647 II.
1226 3589 1631 3650 Distinctionis
1671 3591 1840 3650 istius
1867 3591 2083 3650 veritas
2123 3598 2298 3667 patet,
2330 3610 2446 3648 non
2488 3589 2662 3649 modo
2703 3610 2779 3649 ex
2808 3590 2901 3649 di-

1013 3668 1285 3727 versitate
1313 3670 1628 3746 nominum,
1642 3671 1897 3748 quibus
1880 3691 1941 3729 111
1973 3671 2269 3748 Scriptura
2296 3670 2700 3748 designantur·
2744 3670 2898 3728 Nam

1014 3748 1138 3807 Lex
1166 3749 1400 3807 moralis
1420 3758 1488 3807 ut
1513 3751 1823 3827 plurimum
1850 3771 1954 3828 per
1978 3773 2122 3825 mxu,
2142 3760 2452 3827 praecepta,
2469 3749 2901 3809 Caeremonialis

487 3849 592 3908 per
616 3847 787 3906 :vu-t,
817 3837 1043 3904 statuta,
1075 3837 1133 3887 et
1161 3829 1204 3888 J
1208 3828 1472 3888 udicialis
1499 3850 1602 3906 per
1628 3851 1869 3906 ευτ’),
1885 3831 2133 3906 judicta,
2164 3830 2519 3908 exprimitur,
2535 3850 2665 3906 quae
2686 3829 2896 3889 LXX.

485 3909 737 3968 reddunt
765 3929 867 3987 per
898 3909 1111 3982 ἐντολὰς,
1142 3905 1463 3984 δικαιώματα
1490 3918 1548 3968 et
1573 3936 1820 3991 κςιμαται.
1853 3911 2026 3969 Dent.
2046 3930 2103 3969 v.
2135 3913 2231 3985 31,
2265 3909 2535 3969 “edicam
2565 3909 2672 3968 tibi
2700 3910 2897 3968 omnia

485 3999 789 4067 praecepta,
821 3998 1053 4063 statuta,
1085 3997 1143 4047 et
1170 3989 1213 4048 J
1217 3990 1408 4048 udicia
1434 3989 1537 4048 illa
1564 4011 1694 4067 quae
1737 3990 1973 4049 docebis
2014 4010 2153 4049 eos·
2139 4035 2153 4063 ,
2162 3990 2195 4017 ''
2241 3990 2325 4048 sic
2353 4009 2477 4066 cap.
2508 3989 2587 4046 vi.
2623 3992 2674 4063 1,
2706 3992 2805 4063 20,
2836 3998 2896 4049 et

484 4070 586 4129 vii.
622 4074 712 4145 11,
746 4070 890 4128 Lev.
921 4069 1084 4127 xxvi.
1116 4072 1228 4145 463
1280 4069 1417 4128 lieet
1461 4089 1874 4146 nonnunquam
1901 4090 2076 4128 voces
2118 4068 2244 4128 istae
2287 4089 2651 4161 synonymae·
2671 4068 2802 4142 sint,
2836 4079 2901 4128 et

483 4115 807 4227 promisbue
848 4157 1213 4226 usurpentur,
1261 4149 1473 4207 Ezech.
1504 4169 1562 4208 v.
1595 4152 1651 4224 6,
1683 4158 1742 4208 et
1768 4169 1871 4208 xx.
1906 4151 1997 4224 11,
2035 4152 2126 4223 16,
2164 4152 2276 4208 18.
2325 4147 2441 4207 Sed
2482 4148 2768 4226 praecipue
2818 4170 2895 4208 ex

483 4238 689 4290 natura
716 4231 815 4305 rei,
847 4238 906 4287 et
935 4229 1112 4306 Legis
1141 4228 1343 4303 officie,
1376 4229 1542 4305 cujus
1570 4194 1660 4287 esi:
1687 4229 2035 4288 constituere
2065 4228 2342 4303 ordinem,
2375 4228 2693 4287 secundum
2720 4248 2894 4305 quem

483 4308 655 4367 homo
685 4330 817 4368 cum
848 4309 975 4367 Deo
1004 4316 1062 4367 et
1104 4308 1369 4385 proximo
1399 4308 1790 4385 conjungitur.
1876 4308 2265 4386 Conjungitur
2305 4316 2497 4367 autem
2540 4308 2714 4366 homo
2761 4329 2896 4367 cum

485 4387 629 4463 Deo,
661 4389 846 4465 primo
875 4388 1250 4447 similitudine
1279 4388 1525 4465 quadam
1556 4388 1783 4447 interna
1811 4397 1869 4447 et
1897 4398 2154 4463 externa,
2186 4388 2247 4446 in
2276 4388 2601 4461 dilectione,
2638 4388 2890 4464 justitia,

483 4467 865 4526 sanctimonia
906 4477 966 4527 et
991 4468 1252 4541 veritate,
1284 4469 1452 4544 cujus
1480 4488 1740 4525 normam
1785 4468 1962 4526 tradit
1992 4469 2118 4526 Lex
2160 4468 2433 4542 moralis3
2481 4467 2707 4525 Deinde
2750 4467 2892 4526 isto-

482 4563 612 4602 rum
657 4556 889 4605 actuum
937 4548 1127 4606 cultus
1175 4547 1359 4605 divini
1398 4547 1817 4624 significatione
1860 4556 1918 4606 et
1961 4547 2268 4607 testatione
2311 4555 2568 4621 externa,
2616 4547 2897 4606 adhibitis

482 4625 721 4699 tesseris
749 4634 808 4685 et
835 4627 1132 4705 symbolis,
1163 4647 1407 4706 quorum
1456 4628 1736 4687 rationem
1765 4628 2247 4705 praescribitLex
2275 4627 2728 4702 caeremonialis3
2776 4627 2899 4693 De-¹

519 3650 678 3696 Distin
683 3650 854 3695 ettonis
864 3651 972 3696 fun-

603 3710 899 3755 damentum.
