3221 5200
491 291 606 350 584
1339 310 1521 351 Locus
1566 310 1822 351 naeuius
1867 311 2105 350 sex-rus.
2539 285 2827 365 [QUAES‘I'.
2893 304 2961 344 v.

493 450 894 509 Communioni
944 451 1409 528 restituebantur,
1442 463 1498 512 et
1546 472 1842 530 poenarum
1896 450 2312 510 Canonicarum
2341 448 2456 507 illis
2486 448 2683 524 gratia
2716 449 2955 519 fiebat,

491 539 557 588 ut
586 530 782 589 videre
811 541 899 590 est
927 532 1081 608 apud
1111 533 1339 608 Cypria,
1382 534 1567 609 Epist.
1601 534 1700 590 lib.
1739 533 1839 606 iii.,
1887 533 2072 600 Epist.
2103 552 2222 606 xv„
2269 530 2407 604 xvi„
2460 526 2628 601 xvii„
2673 538 2742 585 et
2778 529 2954 584 Can.

492 628 569 686 V„
615 619 674 668 et
722 611 802 668 xi.
849 612 1092 670 Concilii
1141 612 1360 684 Niceni,
1414 622 1470 669 et
1515 613 1658 686 xxi„
1708 613 1852 669 xxii.
1900 612 2215 688 Ancyram,
2269 620 2326 669 et
2375 608 2608 666 xxxvii.
2657 607 2952 665 Concih'i

493 689 869 766 Agathensis.
957 693 1166 749 Postea
1212 692 1508 749 Canonum
1553 693 2032 769 poenitentialium
2075 693 2286 769 jugum
2341 689 2633 766 plerisque
2682 687 2953 744 detrec-

491 770 766 845 tantibuS‚
825 771 1163 830 intrOductae
1204 779 1336 829 sunt
1390 772 1856 831 Satist'actionum
1905 773 2320 830 Canonicarum
2359 768 2566 847 partim
2613 777 2952 844 permuta·

491 849 696 927 tioneS‚
720 853 927 929 partim
950 850 1387 927 redemptiones,
1436 852 1604 911 Unde
1625 873 1700 909 ex
1724 853 2113 911 Poenitentiali
2138 853 2304 910 Rom.
2325 849 2478 927 apud
2503 847 2950 905 Burchardum

493 932 667 989 trium
698 935 918 989 dierum
948 931 988 989 J
994 931 1249 1004 ejuninm
1280 932 1668 990 redimebatur
1696 933 2026 990 recitatione
2057 932 2478 1009 quinquaginta
2519 928 2941 999 Psalmorum,

497 1019 554 1068 et
577 1012 822 1085 alicujus
852 1011 1020 1085 egeni
1044 1011 1354 1069 nutritione
1385 1012 1481 1070 vel
1504 1013 1688 1070 tribus
1719 1012 1968 1070 denariis
2010 1013 2082 1070 ab
2112 1033 2180 1070 eo
2210 1012 2308 1088 qui
2343 1009 2603 1067 Psalmos
2631 1007 2943 1064 nesciret.

499 1089 629 1148 Hae
675 1100 865 1147 autem
911 1098 1076 1165 porta
1121 1090 1606 1167 Redemptionum
1656 1092 1833 1150 semel
1879 1092 2029 1167 data,
2080 1093 2253 1169 coepit
2307 1089 2611 1148 undecimo
2669 1086 2936 1143 demum

497 1171 692 1227 seculo
721 1170 828 1226 sub
862 1170 1099 1229 Urbano
1147 1171 1231 1229 II.
1275 1172 1618 1231 nundinatio
1666 1172 2171 1248 indulgentiarum,
2197 1191 2324 1247 quae
2363 1179 2429 1228 ut
2471 1167 2652 1245 pluris
2681 1165 2932 1238 fierent,

497 1249 658 1305 varia
687 1257 820 1306 sunt
849 1250 1178 1326 excogitata
1207 1260 1528 1310 commenta
1557 1253 1628 1310 de
1659 1272 1853 1310 earum
1877 1253 2072 1310 valore
2102 1261 2159 1310 et
2188 1251 2455 1324 efficacia,
2482 1267 2594 1306 non
2626 1246 2825 1303 solum
2858 1245 2928 1302 in

496 1326 618 1384 foro
649 1328 772 1402 soli,
805 1330 995 1405 quoad
1023 1350 1251 1406 poenam
1284 1332 1649 1398 Canonicam,
1683 1331 1784 1389 sed
1807 1333 1978 1390 etiam
2021 1333 2081 1389 in
2110 1332 2231 1389 foro
2260 1331 2395 1407 poli,
2428 1337 2486 1387 et
2515 1325 2707 1404 quoad
2741 1326 2930 1382 satis·

497 1407 800 1466 factionem
831 1410 1215 1485 praestandam
1234 1411 1480 1483 justitiae
1510 1413 1723 1469 divinae
1750 1431 1855 1489 pro
1882 1412 2152 1489 peccatis·
2239 1411 2409 1470 Unde
2437 1416 2596 1486 patet
2623 1414 2924 1482 quantum

497 1487 623 1544 istae
656 1487 1041 1566 Indulgentiae
1065 1490 1330 1548 differant
1352 1511 1385 1548 a
1414 1492 1744 1565 Veteribus„
1777 1512 1904 1568 quae
1935 1493 2077 1549 nihil
2107 1491 2263 1549 aliud
2287 1498 2448 1548 erant
2476 1507 2649 1563 quam
2680 1486 2922 1543 relaxa-

497 1567 683 1626 tiones
711 1588 1007 1644 poenarum
1056 1571 1489 1647 Canonicarum,
1522 1580 1580 1630 et
1630 1572 2085 1648 dispensationes
2129 1572 2201 1628 ab
2237 1589 2431 1628 earum
2482 1566 2793 1626 severitate
2837 1563 2922 1620 ad

496 1648 852 1724 privatorum
901 1651 1368 1727 consolationem,
1415 1663 1472 1711 et
1521 1673 1881 1710 communem
1907 1652 2182 1710 Ecclesiae
2226 1649 2680 1708 aedificationem.
2772 1645 2920 1702 Istae

499 1748 638 1786 vero
658 1738 987 1789 statuuntur
1008 1751 1132 1790 esse
1155 1732 1540 1790 relaxationes
1558 1753 1855 1809 poenarum
1887 1732 2390 1790 satisfactoriamm
2408 1727 2652 1802 justitiae
2671 1725 2919 1782 divinae.

500 1845 667 1894 'rex-tia
690 1850 965 1906 Propositio
1103 1811 1319 1870 XVII.
1350 1812 1545 1870 Tertia
1578 1813 1935 1890 Propositio:
1966 1812 2237 1870 Remissio
2266 1810 2584 1868 extenditur
2609 1808 2694 1863 ad
2717 1804 2918 1862 omnia

560 1906 803 1953 Remissio
852 1883 984 1953 exte:
1027 1892 1248 1951 omnino
1279 1895 1792 1973 peccatafidelium
1842 1896 2211 1968 cnjuscunque
2247 1892 2356 1949 sint
2395 1887 2633 1966 yeneris,
2666 1897 2782 1943 tam
2826 1886 2920 1941 ad

558 1966 694 2009 ditur
724 1968 784 2010 ad
820 1969 983 2013 0¹¹¹¹¹¹³²
1007 1975 1220 2047 futura
1269 1993 1437 2048 quam
1460 1973 1773 2048 praeterz‘ta‚
1835 1982 1888 2030 et
1915 1973 2242 2048 proesentia,
2293 1974 2395 2028 sed
2433 1970 2492 2027 in
2537 1987 2637 2025 suo
2686 1965 2910 2022 ordine.

558 2031 772 2081 peccata.
1025 2052 1279 2125 Quaestio
1321 2053 1415 2110 hie
1456 2061 1722 2110 movetur
1763 2052 1982 2110 ratione
2032 2061 2393 2129 pcccatorum
2437 2049 2773 2117 futurorum,
2810 2044 2917 2101 An

502 2129 674 2188 etiam
694 2149 823 2188 cum
843 2133 1148 2205 praeteritis
1177 2141 1235 2190 et
1256 2132 1635 2209 praesentibus
1671 2134 1841 2190 simul
1871 2142 1928 2191 et
1964 2133 2139 2190 semel
2158 2130 2566 2190 remittantur?
2646 2127 2780 2183 Non
2810 2124 2916 2181 de-

502 2219 638 2269 sunt
665 2211 816 2268 enim
840 2212 1012 2269 etiam
1036 2233 1109 2270 ex
1134 2213 1361 2270 Nostris
1383 2215 1578 2289 magni
1602 2213 1849 2271 nominis
1878 2213 2178 2288 Theologi‚
2204 2213 2304 2289 qui
2333 2217 2605 2268 censeant
2631 2206 2689 2264 in
2718 2206 2759 2264 J
2764 2204 2914 2262 usti·

406 2303 431 2343 1
502 2289 769 2349 ficatione
797 2293 1131 2367 peecatoriS,
1174 2294 1365 2350 omnia
1400 2295 1524 2370 ejus
1552 2303 1788 2370 peccata
1817 2293 2008 2351 futura
2038 2313 2198 2369 aeque
2229 2313 2294 2350 ac
2332 2289 2622 2369 praeterita
2649 2285 2821 2344 simul
2850 2293 2915 2342 et

504 2371 681 2429 semel
735 2372 966 2447 remitti,
998 2381 1120 2430 tum
1169 2374 1304 2449 quia
1332 2374 1575 2433 Justitia
1606 2374 1835 2448 Christi,
1894 2394 2022 2450 quae
2080 2373 2515 2431 fundamentum
2569 2375 2657 2426 est
2699 2374 2915 2423 nostrae

494 2451 941 2527 justificationiS‚
976 2460 1096 2511 tota
1124 2463 1554 2529 quantaquanta
1581 2463 1670 2512 est
1698 2454 1865 2512 nobis
1895 2454 2065 2512 simul
2107 2463 2165 2512 et
2204 2452 2380 2510 semel
2424 2451 2752 2527 imputatur,
2785 2456 2914 2503 tum

506 2531 641 2606 quia
660 2530 1003 2604 justificatio
1032 2533 1254 2592 nullum
1295 2533 1486 2591 locum
1516 2533 1840 2611 relinquere
1870 2534 2042 2593 debet
2071 2532 2552 2605 condemnationi,
2587 2529 2754 2586 Rom.
2787 2527 2909 2585 viii.

511 2614 562 2667 1.
650 2611 775 2666 Imo
798 2612 1101 2685 justificati
1130 2633 1329 2690 pacem
1357 2614 1608 2672 habeant
1637 2615 1792 2690 apud
1843 2616 2049 2691 Deum,
2101 2615 2269 2672 Rom.
2300 2633 2357 2671 v.
2394 2616 2443 2687 1,
2476 2621 2536 2670 et
2578 2610 2734 2669 beati
2761 2629 2906 2685 prae-

506 2689 784 2762 dicentur,
821 2690 973 2747 Psal.
1007 2693 1194 2750 xxxii.
1263 2696 1313 2766 1,
1375 2693 1530 2768 quod
1576 2694 1691 2750 dici
1739 2714 1854 2751 non
1905 2705 2117 2772 posset,
2161 2696 2208 2751 si
2257 2700 2493 2771 possent
2541 2690 2728 2748 adbuc
2773 2689 2907 2747 sub·

506 2789 631 2828 esse
663 2768 1122 2828 condemnationi
1152 2780 1385 2848 propter
1411 2773 1604 2831 futura
1631 2782 1867 2849 peccata
1894 2795 2009 2832 non
2038 2774 2293 2833 remissa.

587 2850 836 2909 XVIII.
884 2850 1003 2909 Nos
1033 2851 1399 2910 distinctione
1430 2873 1545 2911 rem
1577 2874 1745 2930 posse
1777 2856 2036 2931 expediri
2070 2856 2427 2913 arbitramur.
2515 2852 2761 2910 Peccata
2789 2871 2906 2907 om-

504 2931 603 2991 nia
631 2940 747 2990 tam
778 2931 969 2991 futura
998 2952 1167 3010 quam
1198 2933 1484 3011 praeterita
1513 2955 1627 2993 non
1658 2954 1826 3011 posse
1858 2935 1972 2993 dici
2015 2935 2226 2993 remitti
2258 2935 2427 2993 simul
2457 2941 2514 2991 et
2559 2932 2734 2990 semel
2775 2935 2905 3005 sor-

505 3014 729 3072 maliter
772 3022 829 3072 et
858 3015 1129 3091 explicite,
1165 3015 1317 3092 quia,
1359 3024 1566 3074 utnon
1607 3016 1776 3074 Entis
1821 3036 1936 3073 non
1988 3026 2120 3074 sunt
2149 3015 2484 3088 accidentia,
2530 3012 2611 3070 ita
2655 3011 2908 3087 quandiu

505 3102 803 3173 peccatum
832 3115 949 3152 non
978 3103 1080 3170 est,
1113 3116 1283 3172 poena
1311 3096 1363 3154 ci
1392 3116 1507 3154 non
1551 3097 1808 3172 debetur,
1857 3106 1914 3155 et
1943 3096 2078 3154 dum
2124 3116 2237 3154 non
2269 3095 2526 3168 debetur,
2579 3112 2695 3150 non
2724 3100 2909 3168 potest

506 3176 757 3250 remitti3
822 3175 903 3234 Ut
930 3195 1046 3233 non
1094 3183 1286 3253 potest
1329 3178 1586 3254 expungi
1616 3177 1872 3235 debitum
1922 3176 2174 3235 nondum
2207 3183 2580 3234 contractum.
2667 3171 2910 3230 Accedit

508 3255 665 3332 quod
693 3255 767 3311 ad
795 3256 1190 3314 remissionem
1221 3257 1456 3333 peccati,
1490 3258 1814 3333 requiratur
1841 3258 1967 3333 ejus
1997 3257 2279 3315 confessio
2309 3266 2367 3313 et
2395 3253 2750 3331 poenitentia,
2780 3271 2906 3327 quae

508 3335 632 3392 dari
681 3354 797 3391 non
840 3344 1029 3411 potest
1076 3336 1189 3393 nisi
1218 3338 1583 3394 commissum
1633 3338 1724 3395 sit.
1813 3338 1982 3396 Unde
2003 3337 2278 3410 jubemur
2316 3334 2572 3411 quotidie
2601 3342 2793 3410 petere
2824 3351 2906 3389 re-

469 3414 839 3484 ,missionem
884 3423 1265 3490 peecatorum,
1318 3436 1445 3490 quoe
1496 3417 1570 3474 sit
1599 3417 1940 3493 applicanda
1961 3418 2212 3494 peccatis
2234 3415 2572 3486 commissiS,
2624 3432 2738 3470 non
2778 3420 2908 3469 ante

509 3493 634 3569 ipsa
662 3500 986 3568 perpetrata
1011 3495 1484 3569 praeoceupanda.
1572 3496 1687 3553 Sed
1718 3498 1851 3573 quia
1875 3498 1930 3554 in
1953 3497 2365 3570 justificatione
2396 3494 2717 3572 applicatur
2744 3492 2909 3549 nobis

509 3573 550 3632 J
557 3570 754 3629 ustitia
785 3570 1013 3645 Christi,
1039 3592 1168 3648 quae
1197 3572 1631 3632 fundamentum
1675 3587 1779 3649 est,
1813 3597 1926 3653 quo
1956 3579 2159 3635 nititur
2186 3577 2446 3635 remissio
2475 3575 2726 3633 omnium
2780 3593 2908 3631 nos-

506 3663 722 3714 trorum
752 3660 1133 3730 peccatorum,
1175 3662 1232 3711 et
1275 3653 1411 3729 quia
1440 3673 1514 3711 ex
1555 3654 1797 3713 Foedere
1844 3657 2060 3715 Gratiae
2093 3658 2251 3716 Deus
2288 3656 2593 3733 pollicetur
2621 3675 2681 3711 se
2711 3673 2910 3730 pecca-

506 3746 695 3796 torum
718 3740 1041 3793 nostrorum
1070 3754 1187 3791 non
1234 3733 1698 3810 recordaturum;
1762 3736 1907 3794 nihil
1956 3737 2162 3813 obstat,
2194 3737 2500 3814 quominus
2542 3743 2777 3812 peccata
2807 3733 2913 3791 hoc

510 3836 683 3875 sensu
713 3815 977 3874 dieantur
998 3815 1213 3874 remitti
1261 3814 1558 3873 eminenter
1599 3824 1653 3873 et
1707 3816 2021 3875 virtualiter
2041 3843 2065 3890 ;
2108 3818 2242 3894 quia
2285 3818 2343 3874 in
2399 3816 2643 3875 Justitia
2699 3814 2912 3872 Christi

510 3897 677 3955 nobis
707 3896 986 3973 imputata
1041 3896 1474 3965 fundamentum
1524 3905 1610 3955 est
1667 3897 1833 3955 istius
1877 3898 2246 3957 remissionis.
2332 3897 2528 3974 Atque
2572 3896 2652 3953 ita
2680 3904 2914 3972 peccata

511 3977 703 4035 omnia
730 3985 928 4036 nostra
971 3977 1341 4035 remittuntur
1382 3998 1415 4034 a
1466 3977 1591 4035 Deo
1655 3979 1777 4036 sive
1821 3980 2124 4055 praeterita,
2157 3980 2280 4038 sive
2323 3976 2642 4055 praesentia,
2676 3976 2799 4033 sive
2828 3974 2913 4032 fu·

509 4066 654 4130 tura,
687 4055 790 4114 sed
838 4077 940 4133 pro
969 4057 1188 4117 ratione
1232 4057 1505 4134 temporis
1553 4077 1668 4134 quo
1710 4059 2158 4133 committuntur,
2208 4068 2274 4118 ut
2321 4059 2608 4134 praeterita
2650 4065 2708 4114 ct
2772 4077 2912 4134 prae-

512 4138 697 4195 sentia
742 4144 875 4194 actu
916 4137 1295 4212 remittantur,
1344 4138 1535 4196 futura
1589 4158 1726 4196 vero
1772 4158 1948 4215 quum
2011 4140 2262 4197 admissa
2311 4140 2520 4196 suerint
2573 4136 2915 4195 remittenda

511 4217 627 4275 sint
656 4216 969 4274 certissime
993 4237 1066 4275 ex
1090 4218 1195 4274 Dei
1226 4218 1621 4294 promissione.
1687 4219 1782 4276 Sic
1803 4219 1964 4276 salvo
1985 4228 2251 4278 manente
2276 4219 2318 4277 J
2321 4218 2720 4276 ustificationis
2743 4226 2912 4288 statu,

511 4307 570 4355 et
619 4296 782 4355 salva
825 4305 1089 4355 manente
1136 4299 1525 4374 acceptatione
1569 4318 1846 4375 personae,
1899 4307 1956 4356 ct
1984 4299 2316 4357 remissione
2369 4298 2623 4375 generali
2679 4297 2913 4355 delicto-

511 4396 639 4435 rum
669 4377 1120 4451 commissorum,
1153 4378 1451 4453 sequentia
1492 4387 1550 4436 et
1590 4379 1783 4437 futura
1826 4378 2016 4455 quoad
2065 4379 2482 4437 absolutionem
2515 4377 2914 4455 particularem

513 4476 630 4513 non
662 4455 1058 4514 condonantur
1105 4466 1236 4514 actu
1265 4465 1397 4514 ante
1428 4476 1622 4516 eorum
1652 4459 2049 4537 patrationem,
2081 4459 2196 4517 imo
2231 4469 2362 4517 ante
2393 4468 2578 4516 actam
2609 4458 2679 4515 de
2704 4457 2774 4515 iis
2796 4478 2915 4536 poe·

511 4534 829 4608 nitentiam,
859 4535 955 4592 vel
983 4535 1326 4613 generalem,
1356 4535 1450 4593 vel
1481 4539 1900 4613 particularem.

599 4612 786 4671 XIX.
834 4614 1048 4672 Fateor
1077 4615 1124 4671 si
1145 4615 1447 4691 respicitur
1491 4617 1564 4674 ad
1607 4628 1871 4677 oeternum
1917 4619 2034 4677 Dei
2061 4620 2434 4695 propositum,
2468 4619 2525 4676 in
2569 4637 2683 4695 quo
2726 4619 2915 4677 omnia
