3221 5200
287 396 509 445 Quaes'r.
541 379 723 460 xxm]
1306 398 1387 438 m:
1416 397 1570 439 uzon
1601 399 1722 439 nm.
2582 379 2707 443 121'

1168 698 1557 775 QUAEs'rlo
1600 698 1827 758 xxn.

1274 877 1356 917 DE
1383 877 1498 918 USU
1525 877 1716 918 LEGIS.

309 1016 448 1082 Quis
488 1025 542 1075 et
580 1020 889 1094 quotuplex
926 1017 999 1075 sit
1032 1017 1176 1076 Usus
1203 1018 1372 1094 Leyis
1399 1019 1648 1077 Moralis
1672 1019 1851 1094 juxta
1882 1018 2073 1077 varios
2099 1019 2335 1078 hominis
2360 1028 2536 1079 status
2556 1022 2585 1080 ‚²
2625 1024 2711 1080 Et

580 1099 676 1156 An
692 1099 876 1173 possit
900 1097 1155 1174 obliqare
1181 1101 1265 1157 ad
1288 1099 1653 1157 obedientiam
1682 1108 1734 1156 et
1750 1116 1985 1173 pomam
2012 1099 2223 1159 simul!
2264 1099 2417 1159 Dist.

378 1253 429 1312 Ῑ.
474 1254 735 1330 Quatuor
761 1255 1017 1314 diximus
1045 1255 1198 1314 circa
1240 1256 1459 1333 Legem
1485 1256 1762 1315 moralem
1790 1256 2153 1333 potissimum
2182 1276 2309 1317 esse
2352 1259 2702 1337 spectanda;

302 1335 614 1411 Naturam,
650 1338 872 1411 Partes,
923 1337 1112 1410 Usum,
1163 1345 1223 1395 et
1264 1337 1698 1412 Abroqationem
1719 1361 1744 1410 ;
1799 1336 1871 1395 de
1914 1337 2141 1396 duobus
2188 1338 2389 1415 primis
2430 1338 2709 1398 hactenus

302 1423 533 1491 actum5
564 1436 717 1475 nunc
744 1416 816 1475 de
847 1418 962 1474 Usu
985 1413 1292 1475 dicendum
1320 1424 1426 1492 est,
1459 1416 1583 1475 sine
1610 1417 1780 1494 cujus
1808 1417 2016 1476 notitia
2041 1426 2100 1476 et
2127 1418 2297 1495 praxi
2317 1417 2529 1478 frustra
2556 1426 2712 1478 esset

302 1495 489 1554 omnis
516 1494 589 1554 de
620 1496 779 1574 Lege
808 1495 1145 1574 speculatiO.

304 1610 428 1657 Usus
484 1613 555 1659 Le
591 1615 603 1626 -
697 1616 784 1660 du·
905 1576 992 1634 11.
1024 1577 1168 1634 Usus
1194 1575 1363 1652 Leqis
1390 1574 1608 1652 duplex
1637 1583 1829 1652 potest
1857 1576 2049 1651 statui,
2080 1578 2377 1654 absolutus,
2409 1585 2469 1636 et
2494 1598 2710 1654 respec-

319 1683 328 1686 ·
361 1672 488 1729 plu.
532 1629 783 1719 affolutns
825 1656 987 1715 tivus.
1059 1655 1169 1713 Ille
1200 1664 1422 1732 spectat
1451 1655 1671 1732 Legem
1698 1656 1759 1713 in
1801 1676 1881 1730 se,
1916 1657 2036 1714 Iste
2064 1657 2242 1716 relate
2281 1657 2358 1715 ad
2384 1657 2576 1715 varios
2604 1658 2733 1720 ho-.

359 1733 786 1832 ffbm‘f‘fflm?
825 1736 997 1794 minis
1027 1743 1229 1794 status.
1272 1736 1586 1810 Absolutus,
1601 1736 1701 1812 qui
1731 1735 1955 1794 obtinet
1982 1736 2041 1792 in
2063 1736 2219 1794 omni
2246 1736 2497 1794 hominis
2529 1745 2701 1811 statu,

363 1795 787 1894 „omftf’gff‘ffi
826 1825 933 1890 est,
964 1823 1030 1874 ut
1073 1815 1148 1873 sit
1189 1815 1407 1873 Norma
1444 1815 1636 1891 unica,
1681 1815 1869 1893 plena,
1913 1824 1974 1874 et
2014 1824 2170 1874 certa
2215 1815 2609 1873 faciendorum
2650 1824 2710 1876 ct

362 1917 470 1948 rum
513 1909 566 1950 et
626 1909 790 1965 ugien-
831 1895 1236 1971 fugiendorum
1265 1894 1339 1953 ab
1367 1914 1732 1972 unoquoque,
1763 1904 1883 1953 tam
1911 1914 2050 1972 erga
2080 1895 2285 1969 Deum,
2311 1914 2484 1971 quam
2512 1895 2709 1971 proxi-

363 1961 554 2007 ‘¹⁰¹''¹¹¹¹·
826 1994 1024 2050 mum;
1067 1983 1134 2033 ut
1172 1974 1396 2033 nullum
1436 1975 1512 2033 sit
1553 1994 1699 2051 opus
1727 1994 1862 2032 vere
1904 1983 1963 2032 et
1988 1975 2215 2052 proprie
2244 1975 2456 2032 bonum
2492 1985 2551 2033 et
2581 1975 2707 2033 Deo

308 2058 624 2126 acceptum,
655 2054 812 2128 quod
840 2074 971 2112 cum
1003 2054 1161 2130 Lege
1189 2073 1306 2111 non
1335 2055 1644 2113 conveniat
1672 2063 1730 2112 et
1774 2053 1848 2111 ab
1877 2074 1946 2111 ea
1972 2054 2410 2130 praescribatur:
2453 2062 2513 2113 et
2539 2063 2708 2130 quot-

307 2136 447 2201 quot
487 2149 592 2205 per
631 2150 758 2189 eam
791 2153 898 2192 nec
926 2134 1274 2192 mandantur
1309 2153 1415 2191 nec
1442 2133 1836 2210 prohibentur,
1876 2143 2081 2191 natura
2122 2153 2227 2192 sua
2266 2133 2554 2192 censenda
2596 2134 2711 2193 sint

309 2206 637 2285 adiaphora,
662 2220 721 2270 et
747 2213 998 2271 libertati
1019 2213 1316 2271 hominum
1336 2212 1632 2290 permissa,
1656 2213 1771 2271 nisi
1797 2212 1941 2271 forte
1963 2213 2087 2271 haec
2107 2213 2346 2271 libertas
2365 2213 2496 2291 lege
2518 2213 2711 2290 aliqua

306 2287 559 2362 positiva
583 2291 846 2351 restricta
873 2293 1063 2351 fuerit.

312 2410 469 2516 Ἓξ
521 2416 790 2520 {sam
830 2371 1771 2528 maffissffilssjffffssssffiffis
1793 2371 2147 2527 {5533ss
2167 2392 2340 2510 15⁸1}ss
2363 2371 2709 2528 ῗὲᾞέ.

366 2528 444 2572 Ex
575 2532 586 2543 '
645 2535 794 2592 oequi-
836 2541 964 2607 tate,
1015 2532 1153 2609 quia
1192 2550 1308 2609 quo
1353 2530 1478 2588 Le1
1529 2531 1747 2608 sequior
1794 2540 1899 2607 est,
1951 2551 2020 2589 eo
2060 2531 2398 2609 perfectior;
2443 2532 2712 2608 AEquitas

319 2639 332 2645 ·
367 2590 489 2634 Μ·
836 2612 991 2671 enim
1032 2620 1122 2671 est
1148 2632 1301 2670 mens
1327 2613 1512 2687 Leqis.
1595 2612 1785 2670 Tanta
1826 2620 2018 2670 autem
2060 2612 2188 2689 ejus
2231 2612 2471 2690 aequitas
2512 2621 2617 2685 est,
2648 2619 2716 2670 ut

309 2683 506 2763 legum
534 2690 786 2750 omnium
818 2701 877 2751 et
905 2711 1114 2769 scopus
1141 2702 1199 2750 et
1225 2692 1429 2768 regula
1456 2700 1515 2750 et
1562 2692 1841 2750 terminus
1871 2692 1963 2767 sit,
1993 2700 2052 2750 et
2078 2700 2144 2751 ut
2171 2693 2189 2749 i
2233 2712 2311 2751 sae
2341 2693 2561 2751 Gentes
2592 2692 2717 2750 He·

314 2764 483 2825 braeis
511 2768 939 2847 inimicissimae,
967 2772 1131 2849 leges
1171 2790 1306 2830 suas
1343 2770 1417 2829 ab
1455 2771 1657 2830 eadem
1687 2771 2020 2848 depromere
2057 2772 2171 2830 hau
2239 2772 2550 2830 renuerint.
2636 2771 2716 2830 Et

310 2844 421 2904 hoc
447 2848 690 2910 ulterius
718 2859 893 2930 patet,
917 2851 1054 2929 quia
1078 2851 1241 2910 nulla
1267 2850 1492 2928 indiget
1519 2852 1889 2926 correctione,
1912 2860 1979 2910 ut
2004 2853 2167 2929 leges
2194 2852 2478 2911 humanae.
2523 2850 2716 2910 Nullae

309 2925 461 2984 enim
490 2935 608 2986 tam
636 2950 816 3009 aequae
858 2939 1011 3007 sunt,
1042 2952 1171 3008 quae
1210 2931 1330 2990 suis
1370 2951 1488 2988 non
1522 2931 1822 3008 indigeant
1858 2932 2314 2990 restrictionibus
2363 2940 2464 2990 aut
2504 2950 2713 3008 excep·

312 3005 566 3066 tionibus
595 3010 654 3067 in
682 3010 972 3088 aliquibus
994 3011 1241 3086 casibus,
1261 3030 1337 3068 ex
1358 3010 1642 3068 infinitate
1671 3030 1907 3069 casuum
1935 3010 2363 3086 particularium
2387 3011 2488 3086 qui
2516 3030 2712 3067 occur-

315 3094 449 3145 runt
474 3109 489 3145 t
531 3089 636 3147 sed
663 3091 861 3149 nullus
895 3097 986 3149 est
1013 3109 1184 3148 casus
1217 3098 1336 3147 tam
1366 3089 1694 3165 singularis,
1727 3089 1887 3146 nulla
1919 3089 2351 3147 circumstantia
2377 3098 2496 3146 tam
2525 3097 2715 3145 exn-a-

315 3165 619 3243 ordinaria,
651 3171 819 3247 cujus
846 3190 962 3228 non
991 3169 1162 3228 detur
1187 3168 1380 3243 aliqua
1406 3167 1612 3244 reg-ula
1652 3175 1711 3225 et
1739 3166 2139 3224 determinatio
2165 3168 2261 3224 vel
2291 3166 2578 3243 generalis
2617 3166 2717 3224 vel

313 3246 674 3321 particularis
701 3251 762 3307 in
783 3250 982 3309 Verbo
1012 3249 1142 3306 Dei.
1202 3249 1239 3280 ‘⁴
1266 3245 1506 3306 Judicia
1532 3246 1575 3306 J
1578 3246 1781 3304 ehovae
1810 3253 1945 3304 sunt
1972 3245 2204 3321 veritas,
2235 3253 2294 3303 et
2320 3245 2536 3323 pariter
2553 3245 2718 3322 justa

315 3327 744 3402 comperiuntur
771 3328 1020 3403 omnia,''
1055 3328 1151 3385 Ps.
1181 3326 1306 3384 xix.
1337 3328 1393 3385 9.

923 3408 1034 3466 IV.
1078 3411 1135 3466 2.
1168 3406 1266 3465 Ab
1295 3406 1425 3484 ejus
1462 3403 1649 3481 reqali
1670 3406 1989 3481 Majestate,
2019 3423 2149 3480 quae
2176 3403 2251 3462 ab
2292 3403 2421 3482 ejus
2449 3401 2718 3480 aequitate

840 3495 1077 3563 manat;
1120 3506 1255 3544 nam
1283 3505 1399 3564 quo
1439 3486 1626 3561 major
1665 3493 1755 3543 est
1796 3484 2036 3561 aequitas
2079 3484 2272 3561 Legis,
2317 3504 2386 3543 eo
2413 3486 2604 3562 majus
2631 3490 2722 3542 est

839 3567 1160 3644 imperium.
1245 3566 1388 3623 Ideo
1419 3564 1546 3622 Lex
1582 3573 1821 3639 naturae,
1853 3584 1982 3641 quae
2010 3563 2139 3622 fons
2180 3572 2271 3623 est
2298 3564 2552 3623 omnium
2581 3563 2720 3621 alia-

317 3658 445 3696 rum
474 3639 717 3720 Legum,
748 3645 885 3721 quia
927 3646 1272 3724 aequissima,
1303 3644 1435 3702 ideo
1476 3652 1536 3701 et
1576 3644 2005 3720 augustissima.
2090 3643 2133 3702 J
2135 3643 2352 3703 acobus
2378 3652 2553 3703 vocat
2593 3663 2722 3701 eam

316 3724 600 3797 βεπλιιιὸν,
629 3724 861 3800 regiam,
894 3745 1019 3803 cap.
1047 3726 1108 3783 ii.
1138 3728 1194 3800 8,
1244 3726 1296 3781 1.
1322 3723 1471 3796 Quia
1496 3731 1588 3781 est
1617 3723 1869 3799 supremi
1898 3722 2080 3799 Regis
2117 3731 2177 3782 et
2205 3723 2583 3799 Legislatoris
2624 3721 2727 3799 qui

320 3807 512 3874 potest
540 3821 769 3861 servare
798 3812 857 3863 et
882 3804 1139 3883 perdere,
1169 3805 1212 3863 J
1216 3823 1302 3862 ac.
1332 3803 1411 3860 iv.
1445 3805 1539 3877 12,
1568 3802 1671 3878 qui
1698 3809 2043 3878 potestatem
2069 3801 2245 3860 habet
2270 3801 2495 3878 ligandi
2523 3809 2582 3859 et
2610 3802 2722 3859 sol·

319 3879 496 3936 vendi
519 3883 899 3942 conscientias
918 3884 1235 3942 hominum.
1279 3887 1335 3941 2.
1360 3880 1510 3955 Quia
1537 3881 1798 3958 superior
1825 3888 1914 3939 est
1935 3881 2173 3955 caeteris,
2198 3899 2326 3957 quae
2355 3896 2555 3938 omnes
2584 3879 2728 3938 alias

326 3956 518 4035 Leges
538 3961 783 4039 judicat,
815 3971 873 4022 et
903 3984 939 4021 a
964 3963 1143 4021 nullis
1164 3962 1477 4039 judicatur.
2086 3985 2097 3991 ¹

930 4043 1006 4102 V.
1038 4045 1095 4101 3.
1124 4042 1225 4100 Ab
1247 4042 1374 4118 ejus
1401 4040 1817 4099 universalitate
1845 4046 1903 4097 et
1927 4038 2251 4112 latitudine,
2276 4057 2406 4115 quae
2434 4036 2730 4112 colligitur

849 4129 973 4180 tum
1011 4142 1088 4180 ex
1125 4123 1346 4196 obJ’ecto,
1377 4119 1535 4198 quod
1562 4119 1756 4178 omnia
1794 4117 2046 4176 hominis
2083 4117 2268 4175 officia
2296 4116 2727 4193 complectiturt

852 4201 1043 4279 Leges
1083 4201 1350 4259 humanae
1392 4198 1579 4258 officia
1626 4206 1867 4257 externa
1905 4196 2261 4273 praecipiunt,
2307 4196 2411 4254 sed
2454 4195 2582 4253 Lex
2617 4194 2733 4253 Dei

325 4282 445 4333 tam
471 4274 699 4335 interna
725 4297 899 4354 quam
928 4288 1183 4353 externa,
1214 4286 1281 4337 ut
1306 4278 1469 4337 nulla
1496 4279 1573 4337 sit
1598 4278 1802 4350 virtue,
1827 4296 1957 4353 quae
1985 4276 2080 4333 hic
2106 4294 2223 4332 non
2251 4274 2571 4349 mandetur,
2601 4274 2728 4332 nul·

324 4353 446 4412 lum
473 4356 699 4433 vitium,
713 4358 871 4435 quod
897 4380 1015 4419 non
1041 4358 1447 4436 prohibeatur:
1498 4366 1625 4416 tum
1653 4376 1728 4414 ex
1755 4358 2010 4431 subjecto,
2025 4353 2181 4432 quod
2208 4353 2480 4412 informat
2507 4361 2566 4412 et
2593 4353 2731 4412 diri·

328 4434 432 4510 git,
463 4434 602 4511 quia
641 4439 936 4515 componit
978 4447 1038 4497 et
1079 4437 1308 4497 ordinat
1347 4445 1533 4496 totum
1563 4435 1875 4510 hominem,
1907 4442 1967 4493 et
2006 4452 2207 4492 omnes
2246 4434 2529 4492 humanas
2548 4433 2728 4492 facul-

325 4520 476 4571 tates
503 4522 564 4574 et
589 4514 932 4593 functiones,
952 4517 1159 4575 animae
1186 4535 1302 4576 non
1328 4516 1521 4575 minus
1548 4534 1723 4592 quam
1751 4513 1977 4592 corpori
1996 4512 2321 4590 loquend03
2351 4523 2476 4573 tum
2503 4533 2578 4572 ex
2587 4515 2728 4592 fine,

327 4591 636 4730 quiatnihil
665 4594 858 4656 minus
898 4596 1163 4674 intendit,
1195 4615 1367 4673 quam
1397 4596 1639 4671 efficere,
1669 4602 1736 4654 ut
1761 4595 1935 4653 homo
1966 4594 2092 4652 Deo
2120 4592 2411 4652 adhaereat
2437 4601 2495 4653 et
2527 4594 2732 4654 beatus

326 4690 462 4730 viva
489 4716 504 4731 .

317 3466 362 3512 2.
382 3469 465 3515 Ab
494 3473 598 3529 ejus
629 3474 803 3532 Maies-

507 3534 626 3575 tate.

327 4100 372 4148 3.
415 4103 499 4149 Ab
538 4107 642 4163 ejus
691 4107 808 4153 Uni-

412 4164 714 4212 venalitate.
