3221 5200
271 282 500 334 Quies-r.
530 261 668 342 xv.]
1287 281 1368 321 nn
1396 281 1549 322 naor:
1578 280 1699 320 nm.
2601 266 2679 323 91

352 421 481 482 XI.
523 422 795 481 Sartonam
822 417 1043 497 aliquid
1068 428 1261 499 potest
1287 421 1420 496 dici,
1450 420 1547 480 vel
1584 422 1830 480 absolute
1855 421 2080 480 ratione
2121 419 2368 497 alicujus
2410 422 2682 481 sanctita-

277 505 351 563 tis
378 501 737 576 inhaerentis,
766 500 865 558 vel
892 501 1122 559 relative
1149 500 1370 559 ratione
1399 501 1801 560 destinationis
1829 500 1904 559 ad
1929 520 2099 559 usum
2128 519 2354 558 sacrum
2381 523 2395 560 ε
2456 502 2534 560 Et
2561 502 2688 578 qui-

280 584 412 641 dem
453 581 554 640 vel
595 600 631 639 a
658 579 859 638 divina
898 580 1276 655 institutione,
1307 581 1404 639 vel
1445 581 1519 639 ab
1557 582 1827 639 hnmana.
1912 580 2076 639 Nulli
2115 578 2242 637 dies
2283 588 2433 655 sunt,
2479 582 2690 658 quibus

279 661 479 739 affingi
526 661 714 737 possit
760 659 1010 736 qualitas
1054 659 1250 737 aliqua
1293 660 1618 719 sanctitatis
1665 660 2017 734 inhaerentis,
2068 661 2237 735 cujus
2285 680 2526 737 capaces
2572 680 2691 718 non

280 750 433 815 sunt,
463 760 572 799 nec
600 741 652 799 si
677 748 875 817 posset
901 739 1018 799 illis
1048 740 1302 813 attribui,
1327 738 1390 797 id
1416 740 1490 798 ab
1519 740 1817 798 hominnm
1840 739 2170 817 operatione
2191 738 2317 796 fieri
2344 749 2558 815 posset,
2588 739 2692 817 qui

281 820 645 879 sanctitatem
672 820 958 878 internam
985 819 1133 878 nulli
1173 820 1257 877 rei
1296 828 1541 896 possunt
1576 820 2017 879 communicare.
2103 817 2433 876 Relativam
2475 820 2689 878 sancti-

279 909 460 959 tatem
502 899 850 976 quibusdam
897 898 1103 958 diebus
1145 918 1263 957 non
1308 899 1680 976 denegamus,
1727 900 1949 957 ratione
1993 896 2394 957 destinationis
2436 898 2511 955 ad
2551 918 2692 957 usus

281 998 497 1054 sacros,
525 999 660 1055 quie
687 979 737 1037 si
766 998 801 1036 a
830 979 957 1037 Deo
977 979 1070 1054 sit,
1099 987 1167 1037 ut
1194 979 1332 1036 olim
1359 978 1421 1037 in
1449 980 1543 1037 die
1576 978 1875 1054 Sabbathi,
1906 987 1966 1037 et
1987 979 2046 1035 in
2075 978 2237 1036 festis
2266 977 2420 1052 apud
2447 979 2490 1037 J
2494 978 2693 1037 udaeos

282 1059 631 1133 constitutis,
661 1078 803 1117 vera
829 1057 939 1116 fuit
981 1058 1256 1116 sanctitas
1297 1058 1556 1134 relativa,
1600 1060 1823 1118 ratione
1865 1058 2185 1117 voluntatis
2212 1055 2467 1134 divinae3
2525 1058 2574 1116 si
2617 1058 2691 1116 ab

283 1138 634 1212 hominibus,
663 1137 825 1195 nullo
866 1135 1039 1194 modo
1082 1137 1357 1195 sanctitas
1397 1137 1574 1196 tribui
1616 1147 1808 1215 potest
1833 1138 2055 1212 diebus,
2087 1137 2197 1195 nisi
2240 1136 2461 1196 ratione
2501 1157 2694 1196 rerum

283 1237 413 1294 quae
445 1217 504 1273 in
533 1217 648 1274 illis
676 1216 838 1293 fiunt,
871 1224 929 1274 et
968 1224 1202 1294 propter
1227 1216 1400 1274 finem
1444 1218 1519 1275 ob
1548 1236 1720 1294 quem
1763 1218 2009 1277 cessatio
2041 1218 2115 1274 ab
2165 1213 2436 1293 operibus
2477 1216 2692 1275 nostris

284 1306 371 1354 est
399 1295 635 1354 indicta.

365 1374 523 1432 XII.
570 1375 682 1433 Per
725 1373 936 1433 festum
965 1373 1037 1432 de
1077 1393 1195 1450 quo
1225 1373 1546 1451 Apostolus
1587 1375 1728 1451 agit,
1764 1377 1795 1432 1
1829 1377 1958 1434 Cor.
1989 1395 2047 1434 V.
2081 1379 2134 1450 7,
2168 1377 2222 1451 8,
2270 1398 2388 1438 non
2416 1374 2693 1450 intelligit

288 1463 509 1512 certum
538 1453 691 1512 diem
718 1471 833 1529 quo
861 1454 1138 1511 memoria
1163 1454 1451 1530 passionis
1480 1455 1697 1513 Christi
1737 1454 2075 1529 celebretur,
2120 1456 2224 1514 sed
2252 1466 2440 1517 totum
2466 1464 2696 1532 tempus

286 1533 422 1591 inde
490 1553 540 1591 a.
578 1541 778 1590 nostra
843 1533 1298 1609 regeneratione,
1363 1553 1480 1590 non
1534 1542 1759 1592 tantum
1828 1534 2173 1611 septiduum,
2232 1546 2296 1595 ut
2352 1537 2695 1595 Judaeorum

289 1613 529 1687 Pascha,
561 1611 662 1670 sed
691 1619 876 1670 totum
904 1621 1135 1689 tempus
1163 1612 1299 1671 vitae
1327 1622 1556 1686 nostrae,
1587 1613 1744 1690 quod
1785 1623 1961 1689 patet,
1993 1614 2130 1689 qnia
2171 1614 2380 1673 festum
2416 1613 2695 1671 Paschale

285 1692 553 1767 agitatur,
575 1710 755 1767 quum
775 1698 1026 1749 mactato
1056 1690 1251 1766 Agno,
1284 1692 1705 1750 manducantur
1733 1692 1965 1768 Azymi.
2025 1693 2112 1751 At
2137 1693 2199 1749 in
2229 1694 2399 1752 Novo
2418 1694 2694 1762 Testam„

290 1771 467 1829 semel
495 1779 746 1829 mactato
774 1768 953 1846 Agno
985 1770 1098 1828 Dei
1126 1771 1372 1845 Christo,
1405 1773 1572 1847 cujus
1599 1772 1691 1829 vis
1732 1780 1925 1829 manet
1967 1771 2028 1829 in
2074 1780 2431 1848 perpetuum,
2479 1769 2696 1846 Azymi

287 1850 468 1909 nostri
498 1849 843 1908 sinceritatis
871 1857 929 1908 et
956 1849 1219 1907 veritatis
1245 1869 1348 1926 per
1375 1857 1560 1909 totum
1587 1850 1727 1909 vitae
1755 1850 2100 1909 curriculum
2130 1850 2334 1909 durare
2363 1851 2595 1909 debent.

367 1929 560 1987 XIII.
608 1928 671 1987 Si
698 1948 828 2005 quse
856 1936 991 1987 sunt
1021 1928 1297 1989 Ecclesiae
1328 1929 1693 2004 Reformatae,
1718 1949 1848 2007 quae
1877 1930 2002 1988 dies
2029 1929 2219 1989 adhuc
2246 1931 2557 1989 nonnullos
2584 1928 2695 1985 fes·

288 2018 378 2066 tos
432 2008 761 2082 observent,
816 2016 885 2066 ut
940 2009 1362 2085 Conceptionis,
1422 2009 1780 2083 Nativitatis,
1834 2009 2147 2084 Passionis,
2216 2018 2276 2068 et
2319 2006 2698 2067 Ascensionis

290 2088 522 2161 Christi,
562 2087 738 2164 longe
767 2086 1039 2146 differunt
1080 2105 1116 2145 a
1145 2087 1482 2160 Pontificiis,
1514 2089 1652 2163 quia
1678 2088 1803 2146 dies
1832 2088 1919 2145 illi
1947 2088 2053 2145 soli
2084 2089 2229 2163 Deo,
2261 2108 2377 2146 non
2408 2086 2698 2147 Creaturis

289 2167 570 2226 dicantur.
613 2171 670 2224 2.
701 2166 878 2224 Nulla
919 2167 1194 2225 sanctitas
1235 2167 1354 2224 illis
1395 2166 1705 2242 affingitur,
1736 2175 1837 2225 aut
1863 2167 1956 2224 vis
1984 2175 2043 2225 et
2070 2167 2324 2226 efficacia
2362 2168 2480 2225 illis
2508 2166 2697 2224 inesse

288 2247 559 2321 creditur,
580 2246 748 2322 quasi
774 2246 1013 2323 reliquis
1040 2245 1245 2304 diebus
1272 2244 1457 2303 multo
1485 2253 1681 2303 essent
1709 2244 2041 2305 sanctiores.
2085 2250 2142 2305 3.
2168 2247 2300 2305 Non
2328 2247 2699 2322 adstringunt

288 2325 492 2383 fideles
520 2325 596 2383 ad
625 2325 1018 2401 scrupulosam
1047 2333 1107 2383 et
1148 2325 1405 2384 strictam
1452 2324 1628 2382 nimis
1668 2325 1743 2383 ab
1770 2326 1930 2383 omni
1971 2345 2144 2402 opere
2180 2327 2377 2385 servili
2405 2327 2466 2384 in
2494 2326 2567 2383 iis
2595 2324 2696 2382 ab·

288 2405 638 2479 stinentiam,
671 2403 837 2480 quasi
878 2404 938 2461 in
967 2400 1069 2461 illa
1109 2402 1459 2462 abstinentia
1483 2404 1701 2463 bonum
1729 2404 1967 2481 aliquod
1993 2413 2147 2464 esset
2174 2407 2407 2480 morale,
2439 2413 2541 2464 aut
2566 2423 2700 2480 pars

284 2485 479 2560 aliqua
506 2483 804 2560 religionis
830 2483 1036 2559 posita,
1066 2492 1127 2542 et
1165 2492 1366 2542 contra
1407 2484 1627 2560 grande
1653 2484 1938 2562 flagitium
1967 2493 2122 2543 esset
2148 2486 2369 2562 aliquid
2407 2485 2596 2562 operis
2637 2483 2699 2540 in

289 2564 409 2623 illis
435 2563 645 2623 diebus
671 2563 876 2622 facere.
919 2565 976 2621 4.
1001 2562 1265 2622 Ecclesia
1291 2582 1409 2622 non
1436 2564 1691 2642 adigitur
1717 2565 1912 2642 aliqua
1931 2565 2272 2625 necessitate
2302 2565 2375 2624 ad
2404 2565 2699 2624 immotam

286 2643 751 2702 observationem
780 2643 1021 2701 istorum
1058 2642 1297 2719 dierum,
1331 2643 1434 2703 sed
1460 2653 1525 2702 ut
1551 2646 1806 2703 humana
1832 2646 2178 2705 authoritate
2218 2654 2355 2705 sunt
2382 2644 2696 2718 constituti,

286 2724 369 2780 ita
395 2722 601 2780 eadem
627 2722 757 2781 tolli
783 2731 1028 2798 possunt
1054 2730 1113 2781 et
1139 2722 1366 2797 mutari,
1398 2724 1448 2782 si
1475 2724 1698 2783 utilitas
1738 2734 1797 2784 et
1823 2726 2139 2785 necessitas
2169 2726 2447 2785 Ecclesiae
2477 2724 2540 2782 id
2564 2742 2697 2801 pos-

287 2802 597 2876 tulaverit3
654 2803 814 2860 Nam
841 2802 1017 2859 omnis
1044 2820 1134 2859 res
1151 2822 1265 2877 per
1292 2822 1649 2879 quascunque
1676 2824 1878 2862 causas
1903 2806 2171 2879 nascitur,
2194 2825 2307 2880 per
2335 2808 2556 2863 easdem
2585 2804 2696 2861 dis-

283 2882 535 2954 solvitur,
561 2880 831 2956 inquiunt
851 2880 894 2939 J
896 2881 1301 2956 urisconsulti3
1336 2883 1470 2941 Uno
1497 2884 1696 2957 verbo,
1727 2883 2012 2941 habentur
2038 2903 2143 2961 pro
2169 2884 2439 2942 humanis
2466 2883 2696 2941 institu-

289 2960 386 3033 tis,
419 2968 479 3018 et
504 2959 672 3021 abest
699 2960 1047 3036 superstitio,
1078 2967 1137 3018 et
1165 2960 1358 3035 opinio
1385 2962 1765 3019 necessitatis.

372 3039 553 3096 XIV.
601 3039 665 3097 Si
706 3038 942 3115 quidam
971 3038 1098 3097 dies
1138 3038 1294 3114 apud
1320 3038 1599 3117 quasdam
1633 3038 1926 3097 Ecclesiae
1953 3038 2347 3114 insigniuntur
2371 3037 2702 3096 nominibus

290 3117 711 3194 Apostolorum
739 3126 840 3177 aut
869 3118 1228 3194 Martyrum3
1259 3136 1375 3173 non
1403 3118 1741 3193 putandum,
1766 3116 1920 3193 qnod
1951 3116 2011 3173 in
2038 3117 2267 3173 illorum
2291 3117 2507 3174 cultum
2536 3116 2699 3174 insti·

291 3205 547 3271 tuantur,
579 3205 681 3256 aut
720 3197 782 3253 in
829 3197 1058 3255 illorum
1099 3196 1375 3254 honorem
1413 3196 1809 3270 terminentur,
1839 3203 1908 3254 ut
1948 3195 2166 3253 faciunt
2195 3194 2503 3268 Pontificii,
2545 3195 2700 3253 unde

291 3278 593 3350 Βελίαν-τω,
615 3276 700 3333 lib
728 3275 809 3333 iii.
840 3275 911 3333 de
941 3275 1102 3333 cultu
1134 3275 1365 3333 Sancto.
1407 3295 1531 3351 cap.
1566 3277 1659 3350 16,
1691 3274 1898 3333 asserit
1927 3277 1963 3308 “
1984 3273 2261 3332 honorem
2290 3274 2564 3332 festorum
2594 3274 2701 3331 im-

289 3355 542 3412 mediate
571 3362 632 3413 et
656 3354 1020 3413 terminative
1062 3354 1348 3430 pertinere
1390 3353 1465 3411 ad
1510 3353 1756 3412 Sanctos
1778 3354 1833 3430 ;'’
1882 3352 1998 3413 Sed
2026 3353 2352 3426 referuntur
2382 3353 2457 3411 ad
2485 3373 2698 3412 memo·

289 3433 437 3491 riam
460 3434 820 3505 Sanctorum,
839 3453 942 3510 per
963 3450 1109 3510 quos
1133 3432 1397 3491 Christus
1417 3433 1739 3491 Ecclesiam
1767 3452 1929 3492 snam
1952 3432 2277 3507 aedificavit,
2298 3434 2372 3492 ad
2393 3432 2701 3492 utilitatem

290 3521 569 3586 nostram,
613 3512 690 3570 ad
729 3513 948 3571 cultum
976 3531 1116 3571 vero
1158 3520 1217 3571 et
1242 3513 1518 3569 honorem
1548 3511 1727 3569 solius
1758 3513 1886 3587 Dei,
1917 3512 2019 3590 qui
2047 3512 2350 3589 Apostolis
2392 3522 2449 3572 et
2478 3514 2700 3589 Marty-

291 3592 454 3650 ribus
496 3592 743 3651 contulit
769 3590 1047 3668 quicquid
1085 3590 1258 3649 laude
1296 3590 1537 3667 dignum
1564 3591 1909 3665 habuerunt,
1954 3592 2229 3667 fecerunt,
2273 3600 2374 3651 aut
2415 3593 2701 3650 sustinue-

292 3679 445 3729 runt.
539 3671 825 3729 Caeterum
853 3689 959 3728 nec
987 3669 1119 3728 illos
1146 3670 1438 3745 invocant,
1471 3689 1578 3728 nec
1607 3670 1724 3728 illis
1754 3671 2005 3729 suffitum
2035 3671 2270 3745 faciunt,
2304 3671 2406 3730 sed
2435 3672 2562 3729 Deo
2592 3671 2701 3729 soli

292 3769 464 3825 quem
510 3749 784 3808 invocant
832 3749 1048 3824 gratias
1102 3757 1285 3825 agunt
1330 3756 1565 3826 propter
1621 3749 1901 3808 beneficia
1954 3750 2273 3809 ministerio
2326 3758 2385 3807 et
2434 3750 2701 3824 exemplo

293 3828 526 3887 illorum
574 3827 650 3887 ad
699 3848 806 3886 nos
859 3827 1260 3886 redundantia.
1348 3827 1519 3888 Unde
1562 3828 1816 3904 rigidum
1856 3828 2142 3904 judicium
2186 3828 2415 3886 illorum
2460 3827 2703 3902 probare

294 3926 412 3965 non
456 3926 783 3984 possumus,
832 3907 933 3984 qni
982 3906 1334 3965 Idololatriae
1374 3926 1503 3965 reas
1543 3915 1828 3984 peragunt
1868 3906 1999 3965 illas
2038 3907 2346 3980 Ecclesias,
2391 3905 2452 3963 in
2492 3905 2703 3982 quibus

298 3986 487 4045 adhuc
516 3987 643 4045 dies
669 3987 756 4044 illi
786 3994 1090 4045 servantur
1129 3993 1352 4045 retento
1385 3986 1726 4046 Sanctorum
1753 3986 2022 4060 nomine;
2080 4006 2212 4045 cum
2253 3985 2314 4042 in
2341 3984 2604 4042 doctrina
2631 3983 2703 4043 de

297 4067 468 4124 unius
498 4066 613 4124 Dei
640 4066 801 4125 cultu
828 4064 1130 4124 nobiseum
1168 4065 1531 4141 conveniant,
1575 4074 1636 4125 et
1663 4064 2020 4126 detestentur
2048 4064 2479 4125 Pontificiorum
2508 4062 2702 4121 Idolo⁴

296 4143 545 4203 latriam.

343 4270 353 4279 .
379 4224 529 4283 XV.
575 4221 856 4298 Quamvis
883 4242 1024 4295 vero
1047 4222 1327 4281 Ecclesiae
1353 4230 1567 4282 nostrae
1593 4222 1820 4301 praxim
1850 4223 2009 4281 illam
2038 4222 2374 4300 simpliciter
2400 4240 2516 4280 non
2544 4220 2703 4279 dam-

301 4312 442 4362 nent
467 4311 747 4379 tanquam
776 4301 1023 4361 malam:
1068 4303 1213 4361 Cum
1240 4311 1435 4362 tamen
1461 4303 1614 4362 tristi
1642 4311 1855 4361 eventu
1880 4310 2076 4380 pateat
2102 4302 2260 4360 illam
2288 4300 2704 4360 institutionem

296 4381 523 4441 dierum
565 4381 846 4441 festorum
887 4381 948 4439 in
999 4382 1224 4458 Papatu
1264 4404 1340 4442 ex
1381 4383 1666 4460 καοζηλιξι
1704 4381 2044 4442 Judaeorum
2086 4382 2182 4439 vel
2226 4381 2603 4439 Ethnicorum
2646 4382 2706 4438 in

303 4459 628 4520 Ecclesiam
654 4469 963 4537 receptam,
993 4460 1257 4519 horribili
1285 4461 1627 4521 idololatriae
1671 4460 2029 4520 occasionem
2058 4460 2303 4534 dedisse,
2335 4481 2464 4536 quae
2506 4460 2564 4518 in
2595 4460 2705 4518 Pa-

294 4548 436 4614 patu
462 4539 739 4618 perdurat
765 4549 825 4599 et
852 4546 1132 4615 augetur:
1161 4541 1295 4600 Non
1322 4541 1446 4600 sine
1475 4541 1755 4617 gravibus
1777 4540 1967 4599 causis
1995 4540 2320 4599 maluerunt
2346 4560 2512 4599 usum
2542 4541 2706 4598 illum
