<?xml version="1.0" encoding="UTF-8"?>
<!DOCTYPE html PUBLIC "-//W3C//DTD XHTML 1.0 Transitional//EN"
    "http://www.w3.org/TR/xhtml1/DTD/xhtml1-transitional.dtd">
<html xmlns="http://www.w3.org/1999/xhtml" xml:lang="en" lang="en">
 <head>
  <title>
</title>
<meta http-equiv="Content-Type" content="text/html;charset=utf-8" />
  <meta name='ocr-system' content='tesseract 3.04.00' />
  <meta name='ocr-capabilities' content='ocr_page ocr_carea ocr_par ocr_line ocrx_word'/>
</head>
<body>
  <div class='ocr_page' id='page_1' title='image "./institutiotheol01turrgoog_0244.png"; bbox 0 0 3221 5200; ppageno 0'>
   <div class='ocr_carea' id='block_1_1' title="bbox 427 337 2833 420">
    <p class='ocr_par' dir='ltr' id='par_1_1' title="bbox 427 337 2833 420">
     <span class='ocr_line' id='line_1_1' title="bbox 427 337 2833 420; baseline -0.002 -18"><span class='ocrx_word' id='word_1_1' title='bbox 427 346 543 403; x_wconf 83' lang='lat'><strong>216</strong></span> <span class='ocrx_word' id='word_1_2' title='bbox 1332 362 1513 403; x_wconf 71' lang='lat' dir='ltr'><strong>Locus</strong></span> <span class='ocrx_word' id='word_1_3' title='bbox 1542 360 1943 402; x_wconf 74' lang='lat' dir='ltr'><strong>nuonncrnus.</strong></span> <span class='ocrx_word' id='word_1_4' title='bbox 2471 337 2720 420; x_wconf 62' lang='lat' dir='ltr'><strong>[Quffisr.</strong></span> <span class='ocrx_word' id='word_1_5' title='bbox 2750 358 2833 398; x_wconf 80' lang='lat' dir='ltr'><strong>rx.</strong></span> 
     </span>
    </p>
   </div>
   <div class='ocr_carea' id='block_1_2' title="bbox 426 499 2847 4619">
    <p class='ocr_par' dir='ltr' id='par_1_2' title="bbox 428 499 2840 720">
     <span class='ocr_line' id='line_1_2' title="bbox 430 499 2840 578; baseline -0.001 -17"><span class='ocrx_word' id='word_1_6' title='bbox 430 501 675 561; x_wconf 88' lang='lat' dir='ltr'><strong>cendum</strong></span> <span class='ocrx_word' id='word_1_7' title='bbox 723 502 886 578; x_wconf 86' lang='lat' dir='ltr'><strong>foret,</strong></span> <span class='ocrx_word' id='word_1_8' title='bbox 934 522 1035 562; x_wconf 89' lang='lat' dir='ltr'><strong>eos</strong></span> <span class='ocrx_word' id='word_1_9' title='bbox 1078 503 1354 562; x_wconf 86' lang='lat' dir='ltr'><strong>liberatos</strong></span> <span class='ocrx_word' id='word_1_10' title='bbox 1398 503 1593 578; x_wconf 90' lang='lat' dir='ltr'><strong>fuisse,</strong></span> <span class='ocrx_word' id='word_1_11' title='bbox 1641 512 1700 561; x_wconf 89' lang='lat' dir='ltr'><strong>et</strong></span> <span class='ocrx_word' id='word_1_12' title='bbox 1743 510 1937 561; x_wconf 88' lang='lat' dir='ltr'><strong>tamen</strong></span> <span class='ocrx_word' id='word_1_13' title='bbox 1979 501 2260 560; x_wconf 87' lang='lat' dir='ltr'><strong>mansisse</strong></span> <span class='ocrx_word' id='word_1_14' title='bbox 2302 499 2608 576; x_wconf 86' lang='lat' dir='ltr'><strong>obligatos,</strong></span> <span class='ocrx_word' id='word_1_15' title='bbox 2647 500 2840 577; x_wconf 80' lang='lat' dir='ltr'><strong>justos</strong></span> 
     </span>
     <span class='ocr_line' id='line_1_3' title="bbox 430 579 2840 659; baseline -0.002 -20"><span class='ocrx_word' id='word_1_16' title='bbox 430 582 661 641; x_wconf 89' lang='lat' dir='ltr'><strong>habitos</strong></span> <span class='ocrx_word' id='word_1_17' title='bbox 690 582 866 642; x_wconf 84' lang='lat' dir='ltr'><strong>fuisse</strong></span> <span class='ocrx_word' id='word_1_18' title='bbox 897 602 1087 641; x_wconf 88' lang='lat' dir='ltr'><strong>coram</strong></span> <span class='ocrx_word' id='word_1_19' title='bbox 1113 583 1257 659; x_wconf 92' lang='lat' dir='ltr'><strong>Deo,</strong></span> <span class='ocrx_word' id='word_1_20' title='bbox 1290 591 1349 642; x_wconf 91' lang='lat' dir='ltr'><strong>et</strong></span> <span class='ocrx_word' id='word_1_21' title='bbox 1368 591 1560 642; x_wconf 88' lang='lat' dir='ltr'><strong>tamen</strong></span> <span class='ocrx_word' id='word_1_22' title='bbox 1588 582 1767 641; x_wconf 89' lang='lat' dir='ltr'><strong>fuisse</strong></span> <span class='ocrx_word' id='word_1_23' title='bbox 1790 601 2016 659; x_wconf 88' lang='lat' dir='ltr'><strong>semper</strong></span> <span class='ocrx_word' id='word_1_24' title='bbox 2043 580 2150 640; x_wconf 90' lang='lat' dir='ltr'><strong>sub</strong></span> <span class='ocrx_word' id='word_1_25' title='bbox 2172 587 2352 655; x_wconf 82' lang='lat' dir='ltr'><strong>reatu,</strong></span> <span class='ocrx_word' id='word_1_26' title='bbox 2383 579 2540 655; x_wconf 91' lang='lat' dir='ltr'><strong>quod</strong></span> <span class='ocrx_word' id='word_1_27' title='bbox 2567 588 2656 638; x_wconf 87' lang='lat' dir='ltr'><strong>est</strong></span> <span class='ocrx_word' id='word_1_28' title='bbox 2682 579 2840 638; x_wconf 65' lang='lat' dir='ltr'><strong>aio-{ee-</strong></span> 
     </span>
     <span class='ocr_line' id='line_1_4' title="bbox 428 687 595 720; baseline 0.006 -1"><span class='ocrx_word' id='word_1_29' title='bbox 428 687 595 720; x_wconf 63' lang='lat' dir='ltr'><strong>foeTOU·</strong></span> 
     </span>
    </p>

    <p class='ocr_par' dir='ltr' id='par_1_3' title="bbox 431 738 2842 1612">
     <span class='ocr_line' id='line_1_5' title="bbox 513 738 2839 819; baseline -0.002 -19"><span class='ocrx_word' id='word_1_30' title='bbox 513 743 633 800; x_wconf 87' lang='lat' dir='ltr'><strong>XI.</strong></span> <span class='ocrx_word' id='word_1_31' title='bbox 679 742 913 817; x_wconf 87' lang='lat' dir='ltr'><strong>Quart0,</strong></span> <span class='ocrx_word' id='word_1_32' title='bbox 944 742 1269 819; x_wconf 78' lang='lat' dir='ltr'><strong>Sponsiom&#39;s</strong></span> <span class='ocrx_word' id='word_1_33' title='bbox 1296 743 1451 801; x_wconf 68' lang='lat' dir='ltr'><strong>istius</strong></span> <span class='ocrx_word' id='word_1_34' title='bbox 1477 750 1690 801; x_wconf 81' lang='lat' dir='ltr'><strong>natura</strong></span> <span class='ocrx_word' id='word_1_35' title='bbox 1714 742 1826 800; x_wconf 89' lang='lat' dir='ltr'><strong>hoc</strong></span> <span class='ocrx_word' id='word_1_36' title='bbox 1856 740 2060 798; x_wconf 87' lang='lat' dir='ltr'><strong>innuit.</strong></span> <span class='ocrx_word' id='word_1_37' title='bbox 2112 739 2260 813; x_wconf 82' lang='lat' dir='ltr'><strong>Quia</strong></span> <span class='ocrx_word' id='word_1_38' title='bbox 2288 738 2565 815; x_wconf 89' lang='lat' dir='ltr'><strong>quicquid</strong></span> <span class='ocrx_word' id='word_1_39' title='bbox 2586 738 2839 797; x_wconf 88' lang='lat' dir='ltr'><strong>absoluti</strong></span> 
     </span>
     <span class='ocr_line' id='line_1_6' title="bbox 431 818 2837 900; baseline -0.002 -20"><span class='ocrx_word' id='word_1_40' title='bbox 431 831 490 880; x_wconf 88' lang='lat' dir='ltr'><strong>et</strong></span> <span class='ocrx_word' id='word_1_41' title='bbox 518 822 895 880; x_wconf 88' lang='lat' dir='ltr'><strong>immutabilis</strong></span> <span class='ocrx_word' id='word_1_42' title='bbox 922 822 984 879; x_wconf 91' lang='lat' dir='ltr'><strong>in</strong></span> <span class='ocrx_word' id='word_1_43' title='bbox 1012 823 1468 900; x_wconf 84' lang='lat' dir='ltr'><strong>expromissione</strong></span> <span class='ocrx_word' id='word_1_44' title='bbox 1497 821 1841 894; x_wconf 83' lang='lat' dir='ltr'>continetur,</span> <span class='ocrx_word' id='word_1_45' title='bbox 1872 820 1933 878; x_wconf 90' lang='lat' dir='ltr'><strong>id</strong></span> <span class='ocrx_word' id='word_1_46' title='bbox 1960 821 2133 896; x_wconf 91' lang='lat' dir='ltr'><strong>longe</strong></span> <span class='ocrx_word' id='word_1_47' title='bbox 2161 819 2470 897; x_wconf 87' lang='lat' dir='ltr'><strong>perfectius</strong></span> <span class='ocrx_word' id='word_1_48' title='bbox 2499 826 2559 877; x_wconf 92' lang='lat' dir='ltr'><strong>et</strong></span> <span class='ocrx_word' id='word_1_49' title='bbox 2584 818 2837 876; x_wconf 90' lang='lat' dir='ltr'><strong>eminen-</strong></span> 
     </span>
     <span class='ocr_line' id='line_1_7' title="bbox 432 897 2839 979; baseline -0.001 -20"><span class='ocrx_word' id='word_1_50' title='bbox 432 901 548 960; x_wconf 87' lang='lat' dir='ltr'><strong>tius</strong></span> <span class='ocrx_word' id='word_1_51' title='bbox 578 902 637 959; x_wconf 88' lang='lat' dir='ltr'><strong>in</strong></span> <span class='ocrx_word' id='word_1_52' title='bbox 668 901 883 960; x_wconf 80' lang='lat' dir='ltr'>Christi</span> <span class='ocrx_word' id='word_1_53' title='bbox 915 902 1236 978; x_wconf 88' lang='lat' dir='ltr'><strong>Sponsione</strong></span> <span class='ocrx_word' id='word_1_54' title='bbox 1265 902 1731 979; x_wconf 81' lang='lat' dir='ltr'><strong>deprehenditur.</strong></span> <span class='ocrx_word' id='word_1_55' title='bbox 1817 901 1965 959; x_wconf 90' lang='lat' dir='ltr'><strong>Nam</strong></span> <span class='ocrx_word' id='word_1_56' title='bbox 1996 901 2044 958; x_wconf 89' lang='lat' dir='ltr'><strong>si</strong></span> <span class='ocrx_word' id='word_1_57' title='bbox 2074 901 2132 957; x_wconf 92' lang='lat' dir='ltr'><strong>in</strong></span> <span class='ocrx_word' id='word_1_58' title='bbox 2162 900 2262 956; x_wconf 88' lang='lat' dir='ltr'><strong>illa</strong></span> <span class='ocrx_word' id='word_1_59' title='bbox 2295 899 2551 975; x_wconf 79' lang='lat' dir='ltr'><strong>Sponsor</strong></span> <span class='ocrx_word' id='word_1_60' title='bbox 2577 898 2736 957; x_wconf 90' lang='lat' dir='ltr'><strong>solus</strong></span> <span class='ocrx_word' id='word_1_61' title='bbox 2764 897 2839 956; x_wconf 87' lang='lat' dir='ltr'><strong>ad</strong></span> 
     </span>
     <span class='ocr_line' id='line_1_8' title="bbox 432 977 2841 1059; baseline -0.001 -20"><span class='ocrx_word' id='word_1_62' title='bbox 432 980 778 1039; x_wconf 87' lang='lat' dir='ltr'><strong>solutionem</strong></span> <span class='ocrx_word' id='word_1_63' title='bbox 806 981 1113 1057; x_wconf 88' lang='lat' dir='ltr'><strong>obligatur,</strong></span> <span class='ocrx_word' id='word_1_64' title='bbox 1157 982 1429 1059; x_wconf 89' lang='lat' dir='ltr'><strong>primario</strong></span> <span class='ocrx_word' id='word_1_65' title='bbox 1458 981 1717 1039; x_wconf 78' lang='lat' dir='ltr'><strong>debitore</strong></span> <span class='ocrx_word' id='word_1_66' title='bbox 1745 1000 1861 1038; x_wconf 90' lang='lat' dir='ltr'><strong>non</strong></span> <span class='ocrx_word' id='word_1_67' title='bbox 1889 988 2156 1038; x_wconf 89' lang='lat' dir='ltr'><strong>manente</strong></span> <span class='ocrx_word' id='word_1_68' title='bbox 2199 978 2446 1055; x_wconf 87' lang='lat' dir='ltr'><strong>amplius</strong></span> <span class='ocrx_word' id='word_1_69' title='bbox 2474 977 2749 1055; x_wconf 84' lang='lat' dir='ltr'><strong>obligate,</strong></span> <span class='ocrx_word' id='word_1_70' title='bbox 2780 985 2841 1036; x_wconf 87' lang='lat' dir='ltr'><strong>et</strong></span> 
     </span>
     <span class='ocr_line' id='line_1_9' title="bbox 432 1057 2842 1137; baseline -0.002 -19"><span class='ocrx_word' id='word_1_71' title='bbox 432 1059 483 1119; x_wconf 88' lang='lat' dir='ltr'><strong>si</strong></span> <span class='ocrx_word' id='word_1_72' title='bbox 528 1060 601 1118; x_wconf 90' lang='lat' dir='ltr'><strong>ab</strong></span> <span class='ocrx_word' id='word_1_73' title='bbox 646 1060 748 1117; x_wconf 91' lang='lat' dir='ltr'><strong>illo</strong></span> <span class='ocrx_word' id='word_1_74' title='bbox 794 1059 917 1117; x_wconf 88' lang='lat' dir='ltr'><strong>solo</strong></span> <span class='ocrx_word' id='word_1_75' title='bbox 977 1060 1303 1137; x_wconf 86' lang='lat' dir='ltr'><strong>postulatur</strong></span> <span class='ocrx_word' id='word_1_76' title='bbox 1347 1061 1623 1132; x_wconf 87' lang='lat' dir='ltr'><strong>debitum,</strong></span> <span class='ocrx_word' id='word_1_77' title='bbox 1672 1068 1731 1119; x_wconf 91' lang='lat' dir='ltr'><strong>et</strong></span> <span class='ocrx_word' id='word_1_78' title='bbox 1792 1059 2002 1119; x_wconf 88' lang='lat' dir='ltr'><strong>solutio</strong></span> <span class='ocrx_word' id='word_1_79' title='bbox 2047 1066 2418 1135; x_wconf 79' lang='lat' dir='ltr'><strong>expectatur3</strong></span> <span class='ocrx_word' id='word_1_80' title='bbox 2465 1057 2583 1115; x_wconf 92' lang='lat' dir='ltr'><strong>Hic</strong></span> <span class='ocrx_word' id='word_1_81' title='bbox 2626 1057 2842 1134; x_wconf 85' lang='lat' dir='ltr'><strong>pariter</strong></span> 
     </span>
     <span class='ocr_line' id='line_1_10' title="bbox 436 1137 2840 1218; baseline -0.001 -20"><span class='ocrx_word' id='word_1_82' title='bbox 436 1139 684 1216; x_wconf 88' lang='lat' dir='ltr'><strong>Sponsio</strong></span> <span class='ocrx_word' id='word_1_83' title='bbox 714 1139 928 1197; x_wconf 78' lang='lat' dir='ltr'><strong>Christi</strong></span> <span class='ocrx_word' id='word_1_84' title='bbox 956 1141 1215 1199; x_wconf 81' lang='lat' dir='ltr'><strong>excludit</strong></span> <span class='ocrx_word' id='word_1_85' title='bbox 1240 1140 1529 1218; x_wconf 86' lang='lat' dir='ltr'><strong>propriam</strong></span> <span class='ocrx_word' id='word_1_86' title='bbox 1560 1140 1892 1198; x_wconf 90' lang='lat' dir='ltr'><strong>Electorum</strong></span> <span class='ocrx_word' id='word_1_87' title='bbox 1936 1139 2298 1213; x_wconf 90' lang='lat' dir='ltr'><strong>solutionem,</strong></span> <span class='ocrx_word' id='word_1_88' title='bbox 2329 1138 2466 1214; x_wconf 89' lang='lat' dir='ltr'><strong>quia</strong></span> <span class='ocrx_word' id='word_1_89' title='bbox 2493 1137 2568 1194; x_wconf 87' lang='lat' dir='ltr'><strong>ad</strong></span> <span class='ocrx_word' id='word_1_90' title='bbox 2602 1137 2840 1196; x_wconf 89' lang='lat' dir='ltr'><strong>solutio-</strong></span> 
     </span>
     <span class='ocr_line' id='line_1_11' title="bbox 434 1216 2842 1296; baseline -0.001 -20"><span class='ocrx_word' id='word_1_91' title='bbox 434 1238 567 1276; x_wconf 91' lang='lat' dir='ltr'><strong>nem</strong></span> <span class='ocrx_word' id='word_1_92' title='bbox 595 1218 677 1276; x_wconf 85' lang='lat' dir='ltr'><strong>ita</strong></span> <span class='ocrx_word' id='word_1_93' title='bbox 704 1217 966 1277; x_wconf 86' lang='lat' dir='ltr'><strong>absolute</strong></span> <span class='ocrx_word' id='word_1_94' title='bbox 996 1240 1056 1278; x_wconf 91' lang='lat' dir='ltr'><strong>se</strong></span> <span class='ocrx_word' id='word_1_95' title='bbox 1086 1220 1387 1296; x_wconf 79' lang='lat' dir='ltr'><strong>obligavit,</strong></span> <span class='ocrx_word' id='word_1_96' title='bbox 1410 1229 1476 1278; x_wconf 88' lang='lat' dir='ltr'><strong>ut</strong></span> <span class='ocrx_word' id='word_1_97' title='bbox 1503 1240 1573 1278; x_wconf 92' lang='lat' dir='ltr'><strong>eo</strong></span> <span class='ocrx_word' id='word_1_98' title='bbox 1601 1219 1729 1296; x_wconf 89' lang='lat' dir='ltr'><strong>ipso</strong></span> <span class='ocrx_word' id='word_1_99' title='bbox 1749 1219 1979 1277; x_wconf 88' lang='lat' dir='ltr'><strong>liberati</strong></span> <span class='ocrx_word' id='word_1_100' title='bbox 2008 1219 2122 1277; x_wconf 90' lang='lat' dir='ltr'><strong>sint</strong></span> <span class='ocrx_word' id='word_1_101' title='bbox 2150 1218 2224 1276; x_wconf 88' lang='lat' dir='ltr'><strong>ab</strong></span> <span class='ocrx_word' id='word_1_102' title='bbox 2247 1217 2402 1276; x_wconf 90' lang='lat' dir='ltr'><strong>omni</strong></span> <span class='ocrx_word' id='word_1_103' title='bbox 2430 1217 2717 1294; x_wconf 90' lang='lat' dir='ltr'><strong>personali</strong></span> <span class='ocrx_word' id='word_1_104' title='bbox 2740 1216 2842 1275; x_wconf 88' lang='lat' dir='ltr'><strong>ob-</strong></span> 
     </span>
     <span class='ocr_line' id='line_1_12' title="bbox 433 1296 2840 1376; baseline 0 -22"><span class='ocrx_word' id='word_1_105' title='bbox 433 1296 730 1373; x_wconf 82' lang='lat' dir='ltr'><strong>ligatione,</strong></span> <span class='ocrx_word' id='word_1_106' title='bbox 763 1306 821 1356; x_wconf 91' lang='lat' dir='ltr'><strong>et</strong></span> <span class='ocrx_word' id='word_1_107' title='bbox 849 1297 921 1354; x_wconf 90' lang='lat' dir='ltr'><strong>ab</strong></span> <span class='ocrx_word' id='word_1_108' title='bbox 951 1299 1052 1357; x_wconf 91' lang='lat' dir='ltr'><strong>illo</strong></span> <span class='ocrx_word' id='word_1_109' title='bbox 1080 1307 1305 1358; x_wconf 89' lang='lat' dir='ltr'><strong>tantum</strong></span> <span class='ocrx_word' id='word_1_110' title='bbox 1334 1300 1546 1358; x_wconf 91' lang='lat' dir='ltr'><strong>solutio</strong></span> <span class='ocrx_word' id='word_1_111' title='bbox 1573 1300 1695 1376; x_wconf 88' lang='lat' dir='ltr'><strong>peti</strong></span> <span class='ocrx_word' id='word_1_112' title='bbox 1723 1308 1780 1357; x_wconf 91' lang='lat' dir='ltr'><strong>et</strong></span> <span class='ocrx_word' id='word_1_113' title='bbox 1809 1299 2102 1376; x_wconf 83' lang='lat' dir='ltr'><strong>expectari</strong></span> <span class='ocrx_word' id='word_1_114' title='bbox 2142 1298 2409 1374; x_wconf 89' lang='lat' dir='ltr'><strong>potuerit.</strong></span> <span class='ocrx_word' id='word_1_115' title='bbox 2496 1297 2663 1370; x_wconf 84' lang='lat' dir='ltr'><strong>Quod</strong></span> <span class='ocrx_word' id='word_1_116' title='bbox 2690 1296 2840 1355; x_wconf 86' lang='lat' dir='ltr'><strong>ulte-</strong></span> 
     </span>
     <span class='ocr_line' id='line_1_13' title="bbox 434 1376 2840 1455; baseline 0 -22"><span class='ocrx_word' id='word_1_117' title='bbox 434 1376 556 1434; x_wconf 87' lang='lat' dir='ltr'><strong>rius</strong></span> <span class='ocrx_word' id='word_1_118' title='bbox 584 1396 658 1434; x_wconf 86' lang='lat' dir='ltr'><strong>ex</strong></span> <span class='ocrx_word' id='word_1_119' title='bbox 686 1376 801 1435; x_wconf 87' lang='lat' dir='ltr'><strong>fine</strong></span> <span class='ocrx_word' id='word_1_120' title='bbox 829 1377 1010 1453; x_wconf 88' lang='lat' dir='ltr'><strong>ipsius</strong></span> <span class='ocrx_word' id='word_1_121' title='bbox 1044 1379 1381 1455; x_wconf 88' lang='lat' dir='ltr'><strong>Sponsionis</strong></span> <span class='ocrx_word' id='word_1_122' title='bbox 1424 1379 1808 1452; x_wconf 87' lang='lat' dir='ltr'><strong>confirmatur,</strong></span> <span class='ocrx_word' id='word_1_123' title='bbox 1839 1378 1941 1455; x_wconf 93' lang='lat' dir='ltr'><strong>qui</strong></span> <span class='ocrx_word' id='word_1_124' title='bbox 1967 1378 2162 1436; x_wconf 89' lang='lat' dir='ltr'><strong>nullus</strong></span> <span class='ocrx_word' id='word_1_125' title='bbox 2191 1377 2339 1435; x_wconf 88' lang='lat' dir='ltr'><strong>alius</strong></span> <span class='ocrx_word' id='word_1_126' title='bbox 2365 1376 2492 1451; x_wconf 87' lang='lat' dir='ltr'><strong>fuit,</strong></span> <span class='ocrx_word' id='word_1_127' title='bbox 2523 1395 2695 1453; x_wconf 89' lang='lat' dir='ltr'><strong>quam</strong></span> <span class='ocrx_word' id='word_1_128' title='bbox 2738 1376 2840 1434; x_wconf 89' lang='lat' dir='ltr'><strong>ab·</strong></span> 
     </span>
     <span class='ocr_line' id='line_1_14' title="bbox 436 1455 2839 1535; baseline 0 -22"><span class='ocrx_word' id='word_1_129' title='bbox 436 1455 625 1514; x_wconf 86' lang='lat' dir='ltr'><strong>soluta</strong></span> <span class='ocrx_word' id='word_1_130' title='bbox 653 1456 987 1514; x_wconf 87' lang='lat' dir='ltr'><strong>Electorum</strong></span> <span class='ocrx_word' id='word_1_131' title='bbox 1013 1458 1296 1532; x_wconf 80' lang='lat' dir='ltr'><strong>liberatiO,</strong></span> <span class='ocrx_word' id='word_1_132' title='bbox 1327 1478 1442 1535; x_wconf 93' lang='lat' dir='ltr'><strong>quo</strong></span> <span class='ocrx_word' id='word_1_133' title='bbox 1470 1479 1601 1516; x_wconf 89' lang='lat' dir='ltr'><strong>cum</strong></span> <span class='ocrx_word' id='word_1_134' title='bbox 1639 1458 1907 1516; x_wconf 83' lang='lat' dir='ltr'><strong>excidere</strong></span> <span class='ocrx_word' id='word_1_135' title='bbox 1936 1478 2052 1516; x_wconf 90' lang='lat' dir='ltr'><strong>non</strong></span> <span class='ocrx_word' id='word_1_136' title='bbox 2080 1456 2330 1534; x_wconf 91' lang='lat' dir='ltr'><strong>potuerit</strong></span> <span class='ocrx_word' id='word_1_137' title='bbox 2355 1480 2368 1532; x_wconf 83' lang='lat'><em>3</em></span> <span class='ocrx_word' id='word_1_138' title='bbox 2414 1456 2616 1515; x_wconf 89' lang='lat' dir='ltr'><strong>debuit</strong></span> <span class='ocrx_word' id='word_1_139' title='bbox 2640 1475 2839 1514; x_wconf 88' lang='lat' dir='ltr'><strong>neces-</strong></span> 
     </span>
     <span class='ocr_line' id='line_1_15' title="bbox 436 1535 2495 1612; baseline 0 -20"><span class='ocrx_word' id='word_1_140' title='bbox 436 1535 585 1594; x_wconf 88' lang='lat' dir='ltr'><strong>sario</strong></span> <span class='ocrx_word' id='word_1_141' title='bbox 614 1536 1087 1612; x_wconf 83' lang='lat' dir='ltr'><strong>expromissionis</strong></span> <span class='ocrx_word' id='word_1_142' title='bbox 1114 1546 1377 1596; x_wconf 88' lang='lat' dir='ltr'><strong>naturam</strong></span> <span class='ocrx_word' id='word_1_143' title='bbox 1407 1538 1662 1610; x_wconf 90' lang='lat' dir='ltr'><strong>induere,</strong></span> <span class='ocrx_word' id='word_1_144' title='bbox 1693 1557 1810 1596; x_wconf 91' lang='lat' dir='ltr'><strong>non</strong></span> <span class='ocrx_word' id='word_1_145' title='bbox 1836 1546 2062 1596; x_wconf 88' lang='lat' dir='ltr'><strong>tantum</strong></span> <span class='ocrx_word' id='word_1_146' title='bbox 2088 1536 2495 1612; x_wconf 80' lang='lat' dir='ltr'><strong>fidejussionis,</strong></span> 
     </span>
    </p>

    <p class='ocr_par' dir='ltr' id='par_1_4' title="bbox 1040 1615 2839 1694">
     <span class='ocr_line' id='line_1_16' title="bbox 1040 1615 2839 1694; baseline -0.001 -20"><span class='ocrx_word' id='word_1_147' title='bbox 1040 1615 1195 1675; x_wconf 87' lang='lat' dir='ltr'><strong>XII.</strong></span> <span class='ocrx_word' id='word_1_148' title='bbox 1241 1618 1364 1676; x_wconf 87' lang='lat' dir='ltr'><strong>Nec</strong></span> <span class='ocrx_word' id='word_1_149' title='bbox 1392 1617 1507 1675; x_wconf 91' lang='lat' dir='ltr'><strong>dici</strong></span> <span class='ocrx_word' id='word_1_150' title='bbox 1533 1626 1741 1694; x_wconf 88' lang='lat' dir='ltr'><strong>potest,</strong></span> <span class='ocrx_word' id='word_1_151' title='bbox 1774 1619 1961 1675; x_wconf 82' lang='lat' dir='ltr'><strong>Deum</strong></span> <span class='ocrx_word' id='word_1_152' title='bbox 1989 1618 2296 1675; x_wconf 78' lang='lat' dir='ltr'><strong>libertatem</strong></span> <span class='ocrx_word' id='word_1_153' title='bbox 2321 1636 2417 1674; x_wconf 83' lang='lat' dir='ltr'><strong>seu</strong></span> <span class='ocrx_word' id='word_1_154' title='bbox 2443 1618 2545 1691; x_wconf 81' lang='lat' dir='ltr'><strong>jus</strong></span> <span class='ocrx_word' id='word_1_155' title='bbox 2569 1615 2676 1673; x_wconf 82' lang='lat' dir='ltr'><strong>sibi</strong></span> <span class='ocrx_word' id='word_1_156' title='bbox 2696 1635 2839 1672; x_wconf 70' lang='lat' dir='ltr'><strong>sein-</strong></span> 
     </span>
    </p>

    <p class='ocr_par' dir='ltr' id='par_1_5' title="bbox 426 1695 2847 4619">
     <span class='ocr_line' id='line_1_17' title="bbox 948 1695 2841 1773; baseline -0.001 -18"><span class='ocrx_word' id='word_1_157' title='bbox 948 1717 1063 1773; x_wconf 85' lang='lat' dir='ltr'><strong>per</strong></span> <span class='ocrx_word' id='word_1_158' title='bbox 1081 1717 1332 1755; x_wconf 78' lang='lat' dir='ltr'><strong>servasse</strong></span> <span class='ocrx_word' id='word_1_159' title='bbox 1353 1696 1617 1773; x_wconf 74' lang='lat' dir='ltr'><strong>exiqendi</strong></span> <span class='ocrx_word' id='word_1_160' title='bbox 1639 1698 1964 1755; x_wconf 78' lang='lat' dir='ltr'><strong>solutionem</strong></span> <span class='ocrx_word' id='word_1_161' title='bbox 1984 1699 2055 1755; x_wconf 84' lang='lat' dir='ltr'><strong>ab</strong></span> <span class='ocrx_word' id='word_1_162' title='bbox 2077 1699 2136 1753; x_wconf 86' lang='grc' dir='ltr'><em>Ε</em></span> <span class='ocrx_word' id='word_1_163' title='bbox 2140 1697 2288 1754; x_wconf 78' lang='lat' dir='ltr'><strong>lectis</strong></span> <span class='ocrx_word' id='word_1_164' title='bbox 2307 1716 2403 1754; x_wconf 81' lang='lat' dir='ltr'><strong>seu</strong></span> <span class='ocrx_word' id='word_1_165' title='bbox 2424 1695 2722 1771; x_wconf 77' lang='lat' dir='ltr'><strong>primariis</strong></span> <span class='ocrx_word' id='word_1_166' title='bbox 2743 1697 2841 1753; x_wconf 81' lang='lat' dir='ltr'><strong>de-</strong></span> 
     </span>
     <span class='ocr_line' id='line_1_18' title="bbox 955 1775 2847 1852; baseline -0.003 -16"><span class='ocrx_word' id='word_1_167' title='bbox 955 1778 1233 1836; x_wconf 78' lang='lat' dir='ltr'><strong>bitoribus.</strong></span> <span class='ocrx_word' id='word_1_168' title='bbox 1317 1776 1467 1851; x_wconf 84' lang='lat' dir='ltr'><strong>Quia</strong></span> <span class='ocrx_word' id='word_1_169' title='bbox 1510 1796 1642 1835; x_wconf 90' lang='lat' dir='ltr'><strong>cum</strong></span> <span class='ocrx_word' id='word_1_170' title='bbox 1686 1778 1952 1835; x_wconf 87' lang='lat' dir='ltr'><strong>absoluta</strong></span> <span class='ocrx_word' id='word_1_171' title='bbox 1993 1775 2166 1834; x_wconf 80' lang='lat' dir='ltr'><strong>fuerit</strong></span> <span class='ocrx_word' id='word_1_172' title='bbox 2210 1776 2424 1834; x_wconf 83' lang='lat' dir='ltr'><strong>Christi</strong></span> <span class='ocrx_word' id='word_1_173' title='bbox 2476 1775 2722 1852; x_wconf 89' lang='lat' dir='ltr'><strong>Sponsio</strong></span> <span class='ocrx_word' id='word_1_174' title='bbox 2769 1795 2847 1832; x_wconf 88' lang='lat' dir='ltr'><strong>ex</strong></span> 
     </span>
     <span class='ocr_line' id='line_1_19' title="bbox 435 1853 2847 1933; baseline -0.001 -18"><span class='ocrx_word' id='word_1_175' title='bbox 435 1857 781 1916; x_wconf 87' lang='lat' dir='ltr'><strong>immutabili</strong></span> <span class='ocrx_word' id='word_1_176' title='bbox 813 1858 924 1916; x_wconf 92' lang='lat' dir='ltr'><strong>Dei</strong></span> <span class='ocrx_word' id='word_1_177' title='bbox 951 1857 1199 1932; x_wconf 82' lang='lat' dir='ltr'><strong>decretO,</strong></span> <span class='ocrx_word' id='word_1_178' title='bbox 1232 1876 1347 1933; x_wconf 92' lang='lat' dir='ltr'><strong>quo</strong></span> <span class='ocrx_word' id='word_1_179' title='bbox 1376 1858 1437 1914; x_wconf 91' lang='lat' dir='ltr'><strong>in</strong></span> <span class='ocrx_word' id='word_1_180' title='bbox 1477 1865 1844 1933; x_wconf 88' lang='lat' dir='ltr'><strong>peccatorum</strong></span> <span class='ocrx_word' id='word_1_181' title='bbox 1871 1856 2062 1915; x_wconf 91' lang='lat' dir='ltr'><strong>locum</strong></span> <span class='ocrx_word' id='word_1_182' title='bbox 2091 1854 2438 1914; x_wconf 87' lang='lat' dir='ltr'><strong>substitutus</strong></span> <span class='ocrx_word' id='word_1_183' title='bbox 2465 1863 2571 1929; x_wconf 89' lang='lat' dir='ltr'><strong>est,</strong></span> <span class='ocrx_word' id='word_1_184' title='bbox 2600 1863 2659 1912; x_wconf 92' lang='lat' dir='ltr'><strong>et</strong></span> <span class='ocrx_word' id='word_1_185' title='bbox 2687 1853 2847 1912; x_wconf 89' lang='lat' dir='ltr'><strong>solus</strong></span> 
     </span>
     <span class='ocr_line' id='line_1_20' title="bbox 433 1934 2844 2015; baseline -0.001 -21"><span class='ocrx_word' id='word_1_186' title='bbox 433 1957 635 2014; x_wconf 90' lang='lat' dir='ltr'><strong>poenas</strong></span> <span class='ocrx_word' id='word_1_187' title='bbox 672 1937 812 2015; x_wconf 87' lang='lat' dir='ltr'><strong>ipsis</strong></span> <span class='ocrx_word' id='word_1_188' title='bbox 852 1937 1077 1996; x_wconf 87' lang='lat' dir='ltr'><strong>debitas</strong></span> <span class='ocrx_word' id='word_1_189' title='bbox 1120 1936 1320 1996; x_wconf 88' lang='lat' dir='ltr'><strong>debuit</strong></span> <span class='ocrx_word' id='word_1_190' title='bbox 1358 1936 1543 2011; x_wconf 89' lang='lat' dir='ltr'><strong>ferre;</strong></span> <span class='ocrx_word' id='word_1_191' title='bbox 1589 1937 1718 2012; x_wconf 88' lang='lat' dir='ltr'><strong>capi</strong></span> <span class='ocrx_word' id='word_1_192' title='bbox 1757 1956 1873 1994; x_wconf 91' lang='lat' dir='ltr'><strong>non</strong></span> <span class='ocrx_word' id='word_1_193' title='bbox 1909 1943 2119 2012; x_wconf 88' lang='lat' dir='ltr'><strong>potest,</strong></span> <span class='ocrx_word' id='word_1_194' title='bbox 2161 1934 2467 2012; x_wconf 84' lang='lat' dir='ltr'><strong>quomode,</strong></span> <span class='ocrx_word' id='word_1_195' title='bbox 2513 1934 2700 2011; x_wconf 86' lang='lat' dir='ltr'><strong>posito</strong></span> <span class='ocrx_word' id='word_1_196' title='bbox 2739 1934 2844 1991; x_wconf 91' lang='lat' dir='ltr'><strong>illo</strong></span> 
     </span>
     <span class='ocr_line' id='line_1_21' title="bbox 435 2013 2841 2093; baseline -0.001 -19"><span class='ocrx_word' id='word_1_197' title='bbox 435 2016 665 2075; x_wconf 91' lang='lat' dir='ltr'><strong>decreto</strong></span> <span class='ocrx_word' id='word_1_198' title='bbox 694 2017 765 2075; x_wconf 90' lang='lat' dir='ltr'><strong>de</strong></span> <span class='ocrx_word' id='word_1_199' title='bbox 807 2017 994 2093; x_wconf 87' lang='lat' dir='ltr'><strong>poenis</strong></span> <span class='ocrx_word' id='word_1_200' title='bbox 1021 2026 1246 2076; x_wconf 88' lang='lat' dir='ltr'><strong>tantum</strong></span> <span class='ocrx_word' id='word_1_201' title='bbox 1275 2036 1309 2073; x_wconf 89' lang='lat' dir='ltr'><strong>a</strong></span> <span class='ocrx_word' id='word_1_202' title='bbox 1342 2017 1630 2093; x_wconf 88' lang='lat' dir='ltr'><strong>Sponsore</strong></span> <span class='ocrx_word' id='word_1_203' title='bbox 1673 2015 2019 2092; x_wconf 86' lang='lat' dir='ltr'><strong>repetendis,</strong></span> <span class='ocrx_word' id='word_1_204' title='bbox 2063 2016 2326 2073; x_wconf 89' lang='lat' dir='ltr'><strong>homines</strong></span> <span class='ocrx_word' id='word_1_205' title='bbox 2368 2014 2558 2072; x_wconf 90' lang='lat' dir='ltr'><strong>adhuc</strong></span> <span class='ocrx_word' id='word_1_206' title='bbox 2598 2013 2841 2090; x_wconf 87' lang='lat' dir='ltr'><strong>obligati</strong></span> 
     </span>
     <span class='ocr_line' id='line_1_22' title="bbox 433 2093 2838 2170; baseline -0.001 -17"><span class='ocrx_word' id='word_1_207' title='bbox 433 2105 782 2170; x_wconf 86' lang='lat' dir='ltr'><strong>remaneant,</strong></span> <span class='ocrx_word' id='word_1_208' title='bbox 815 2105 874 2155; x_wconf 91' lang='lat' dir='ltr'><strong>et</strong></span> <span class='ocrx_word' id='word_1_209' title='bbox 898 2098 1058 2156; x_wconf 89' lang='lat' dir='ltr'><strong>Deus</strong></span> <span class='ocrx_word' id='word_1_210' title='bbox 1079 2097 1403 2155; x_wconf 88' lang='lat' dir='ltr'><strong>libertatem</strong></span> <span class='ocrx_word' id='word_1_211' title='bbox 1434 2095 1545 2154; x_wconf 87' lang='lat' dir='ltr'><strong>sibi</strong></span> <span class='ocrx_word' id='word_1_212' title='bbox 1574 2095 1893 2153; x_wconf 83' lang='lat' dir='ltr'><strong>servaverit</strong></span> <span class='ocrx_word' id='word_1_213' title='bbox 1914 2094 2188 2170; x_wconf 85' lang='lat' dir='ltr'><strong>exigendi</strong></span> <span class='ocrx_word' id='word_1_214' title='bbox 2217 2094 2561 2152; x_wconf 88' lang='lat' dir='ltr'><strong>solutionem</strong></span> <span class='ocrx_word' id='word_1_215' title='bbox 2583 2094 2657 2151; x_wconf 92' lang='lat' dir='ltr'><strong>ab</strong></span> <span class='ocrx_word' id='word_1_216' title='bbox 2678 2093 2838 2169; x_wconf 88' lang='lat' dir='ltr'><strong>ipsis.</strong></span> 
     </span>
     <span class='ocr_line' id='line_1_23' title="bbox 434 2172 2839 2252; baseline -0.001 -19"><span class='ocrx_word' id='word_1_217' title='bbox 434 2176 655 2234; x_wconf 90' lang='lat' dir='ltr'><strong>Verum</strong></span> <span class='ocrx_word' id='word_1_218' title='bbox 683 2177 917 2252; x_wconf 82' lang='lat' dir='ltr'><strong>quidem</strong></span> <span class='ocrx_word' id='word_1_219' title='bbox 946 2183 1035 2235; x_wconf 88' lang='lat' dir='ltr'><strong>est</strong></span> <span class='ocrx_word' id='word_1_220' title='bbox 1061 2177 1121 2234; x_wconf 90' lang='lat' dir='ltr'><strong>in</strong></span> <span class='ocrx_word' id='word_1_221' title='bbox 1158 2175 1281 2234; x_wconf 87' lang='lat' dir='ltr'><strong>foro</strong></span> <span class='ocrx_word' id='word_1_222' title='bbox 1311 2175 1471 2234; x_wconf 89' lang='lat' dir='ltr'><strong>civili</strong></span> <span class='ocrx_word' id='word_1_223' title='bbox 1498 2175 1540 2234; x_wconf 86' lang='lat' dir='ltr'><strong>J</strong></span> <span class='ocrx_word' id='word_1_224' title='bbox 1544 2195 1614 2233; x_wconf 88' lang='lat' dir='ltr'><strong>us</strong></span> <span class='ocrx_word' id='word_1_225' title='bbox 1652 2195 1778 2233; x_wconf 89' lang='lat' dir='ltr'><strong>esse</strong></span> <span class='ocrx_word' id='word_1_226' title='bbox 1808 2174 2092 2249; x_wconf 88' lang='lat' dir='ltr'><strong>creditori,</strong></span> <span class='ocrx_word' id='word_1_227' title='bbox 2124 2194 2196 2232; x_wconf 87' lang='lat' dir='ltr'><strong>ex</strong></span> <span class='ocrx_word' id='word_1_228' title='bbox 2233 2174 2460 2232; x_wconf 90' lang='lat' dir='ltr'><strong>duobus</strong></span> <span class='ocrx_word' id='word_1_229' title='bbox 2498 2173 2710 2231; x_wconf 88' lang='lat' dir='ltr'><strong>correis</strong></span> <span class='ocrx_word' id='word_1_230' title='bbox 2739 2172 2839 2231; x_wconf 91' lang='lat' dir='ltr'><strong>de-</strong></span> 
     </span>
     <span class='ocr_line' id='line_1_24' title="bbox 432 2253 2843 2333; baseline -0 -21"><span class='ocrx_word' id='word_1_231' title='bbox 432 2254 621 2313; x_wconf 86' lang='lat' dir='ltr'><strong>bitum</strong></span> <span class='ocrx_word' id='word_1_232' title='bbox 650 2257 963 2333; x_wconf 86' lang='lat' dir='ltr'><strong>repetendi,</strong></span> <span class='ocrx_word' id='word_1_233' title='bbox 996 2256 1093 2315; x_wconf 85' lang='lat' dir='ltr'><strong>vel</strong></span> <span class='ocrx_word' id='word_1_234' title='bbox 1121 2277 1156 2313; x_wconf 87' lang='lat' dir='ltr'><strong>a</strong></span> <span class='ocrx_word' id='word_1_235' title='bbox 1182 2256 1453 2333; x_wconf 88' lang='lat' dir='ltr'><strong>primario</strong></span> <span class='ocrx_word' id='word_1_236' title='bbox 1482 2253 1758 2331; x_wconf 89' lang='lat' dir='ltr'><strong>debitore,</strong></span> <span class='ocrx_word' id='word_1_237' title='bbox 1790 2255 1888 2313; x_wconf 85' lang='lat' dir='ltr'><strong>vel</strong></span> <span class='ocrx_word' id='word_1_238' title='bbox 1914 2274 1950 2312; x_wconf 89' lang='lat' dir='ltr'><strong>a</strong></span> <span class='ocrx_word' id='word_1_239' title='bbox 1975 2254 2331 2331; x_wconf 88' lang='lat' dir='ltr'><strong>fidejussore.</strong></span> <span class='ocrx_word' id='word_1_240' title='bbox 2420 2253 2536 2312; x_wconf 87' lang='lat' dir='ltr'><strong>Sed</strong></span> <span class='ocrx_word' id='word_1_241' title='bbox 2569 2253 2668 2311; x_wconf 91' lang='lat' dir='ltr'><strong>ubi</strong></span> <span class='ocrx_word' id='word_1_242' title='bbox 2709 2261 2843 2329; x_wconf 86' lang='lat' dir='ltr'><strong>post</strong></span> 
     </span>
     <span class='ocr_line' id='line_1_25' title="bbox 439 2332 2841 2410; baseline -0.001 -19"><span class='ocrx_word' id='word_1_243' title='bbox 439 2344 795 2393; x_wconf 86' lang='lat' dir='ltr'><strong>contractum</strong></span> <span class='ocrx_word' id='word_1_244' title='bbox 825 2336 1100 2410; x_wconf 83' lang='lat' dir='ltr'><strong>debitum,</strong></span> <span class='ocrx_word' id='word_1_245' title='bbox 1133 2344 1191 2394; x_wconf 90' lang='lat' dir='ltr'><strong>et</strong></span> <span class='ocrx_word' id='word_1_246' title='bbox 1218 2335 1537 2394; x_wconf 87' lang='lat' dir='ltr'><strong>debitorem</strong></span> <span class='ocrx_word' id='word_1_247' title='bbox 1576 2334 1791 2393; x_wconf 90' lang='lat' dir='ltr'><strong>factum</strong></span> <span class='ocrx_word' id='word_1_248' title='bbox 1830 2354 1947 2392; x_wconf 90' lang='lat' dir='ltr'><strong>non</strong></span> <span class='ocrx_word' id='word_1_249' title='bbox 1975 2333 2272 2407; x_wconf 82' lang='lat' dir='ltr'><strong>solvende,</strong></span> <span class='ocrx_word' id='word_1_250' title='bbox 2309 2334 2565 2409; x_wconf 81' lang='lat' dir='ltr'><strong>Sponsor</strong></span> <span class='ocrx_word' id='word_1_251' title='bbox 2591 2332 2841 2390; x_wconf 87' lang='lat' dir='ltr'><strong>interve-</strong></span> 
     </span>
     <span class='ocr_line' id='line_1_26' title="bbox 436 2411 2842 2492; baseline -0 -22"><span class='ocrx_word' id='word_1_252' title='bbox 436 2415 541 2488; x_wconf 85' lang='lat' dir='ltr'><strong>nit,</strong></span> <span class='ocrx_word' id='word_1_253' title='bbox 574 2414 675 2489; x_wconf 91' lang='lat' dir='ltr'><strong>qui</strong></span> <span class='ocrx_word' id='word_1_254' title='bbox 703 2414 881 2473; x_wconf 88' lang='lat' dir='ltr'><strong>debiti</strong></span> <span class='ocrx_word' id='word_1_255' title='bbox 913 2414 1300 2492; x_wconf 85' lang='lat' dir='ltr'><strong>dispungendi</strong></span> <span class='ocrx_word' id='word_1_256' title='bbox 1330 2434 1475 2473; x_wconf 89' lang='lat' dir='ltr'><strong>onus</strong></span> <span class='ocrx_word' id='word_1_257' title='bbox 1505 2434 1672 2472; x_wconf 89' lang='lat' dir='ltr'><strong>omne</strong></span> <span class='ocrx_word' id='word_1_258' title='bbox 1702 2414 1760 2470; x_wconf 91' lang='lat' dir='ltr'><strong>in</strong></span> <span class='ocrx_word' id='word_1_259' title='bbox 1793 2434 1851 2471; x_wconf 85' lang='lat' dir='ltr'><strong>sc</strong></span> <span class='ocrx_word' id='word_1_260' title='bbox 1889 2413 2144 2490; x_wconf 79' lang='lat' dir='ltr'><strong>suscipit,</strong></span> <span class='ocrx_word' id='word_1_261' title='bbox 2177 2421 2235 2471; x_wconf 91' lang='lat' dir='ltr'><strong>et</strong></span> <span class='ocrx_word' id='word_1_262' title='bbox 2263 2414 2431 2490; x_wconf 90' lang='lat' dir='ltr'><strong>cujus</strong></span> <span class='ocrx_word' id='word_1_263' title='bbox 2457 2413 2630 2470; x_wconf 89' lang='lat' dir='ltr'><strong>fidem</strong></span> <span class='ocrx_word' id='word_1_264' title='bbox 2660 2411 2842 2470; x_wconf 90' lang='lat' dir='ltr'><strong>credi-</strong></span> 
     </span>
     <span class='ocr_line' id='line_1_27' title="bbox 435 2492 2840 2571; baseline 0 -21"><span class='ocrx_word' id='word_1_265' title='bbox 435 2500 527 2551; x_wconf 86' lang='lat' dir='ltr'><strong>tor</strong></span> <span class='ocrx_word' id='word_1_266' title='bbox 555 2493 829 2569; x_wconf 88' lang='lat' dir='ltr'><strong>sequitur,</strong></span> <span class='ocrx_word' id='word_1_267' title='bbox 862 2515 930 2552; x_wconf 91' lang='lat' dir='ltr'><strong>co</strong></span> <span class='ocrx_word' id='word_1_268' title='bbox 960 2495 1086 2570; x_wconf 84' lang='lat' dir='ltr'><strong>ipso</strong></span> <span class='ocrx_word' id='word_1_269' title='bbox 1115 2493 1332 2571; x_wconf 87' lang='lat' dir='ltr'><strong>primus</strong></span> <span class='ocrx_word' id='word_1_270' title='bbox 1362 2494 1588 2552; x_wconf 88' lang='lat' dir='ltr'><strong>debitor</strong></span> <span class='ocrx_word' id='word_1_271' title='bbox 1617 2493 1773 2551; x_wconf 91' lang='lat' dir='ltr'><strong>omni</strong></span> <span class='ocrx_word' id='word_1_272' title='bbox 1807 2493 2098 2552; x_wconf 84' lang='lat' dir='ltr'><strong>exactioni</strong></span> <span class='ocrx_word' id='word_1_273' title='bbox 2125 2492 2501 2568; x_wconf 82' lang='lat' dir='ltr'><strong>subducitur3</strong></span> <span class='ocrx_word' id='word_1_274' title='bbox 2546 2492 2690 2548; x_wconf 89' lang='lat' dir='ltr'><strong>alias</strong></span> <span class='ocrx_word' id='word_1_275' title='bbox 2718 2511 2840 2550; x_wconf 89' lang='lat' dir='ltr'><strong>ere-</strong></span> 
     </span>
     <span class='ocr_line' id='line_1_28' title="bbox 438 2571 2845 2650; baseline 0 -20"><span class='ocrx_word' id='word_1_276' title='bbox 438 2571 592 2631; x_wconf 88' lang='lat' dir='ltr'><strong>ditor</strong></span> <span class='ocrx_word' id='word_1_277' title='bbox 619 2581 819 2649; x_wconf 84' lang='lat' dir='ltr'><strong>ageret</strong></span> <span class='ocrx_word' id='word_1_278' title='bbox 858 2583 1058 2632; x_wconf 85' lang='lat' dir='ltr'><strong>contra</strong></span> <span class='ocrx_word' id='word_1_279' title='bbox 1096 2573 1421 2650; x_wconf 83' lang='lat' dir='ltr'><strong>sponsionis</strong></span> <span class='ocrx_word' id='word_1_280' title='bbox 1461 2572 1885 2649; x_wconf 84' lang='lat' dir='ltr'><strong>admissionem,</strong></span> <span class='ocrx_word' id='word_1_281' title='bbox 1918 2581 1976 2632; x_wconf 92' lang='lat' dir='ltr'><strong>ct</strong></span> <span class='ocrx_word' id='word_1_282' title='bbox 2003 2572 2297 2631; x_wconf 88' lang='lat' dir='ltr'><strong>videretur</strong></span> <span class='ocrx_word' id='word_1_283' title='bbox 2333 2573 2506 2632; x_wconf 88' lang='lat' dir='ltr'><strong>fidem</strong></span> <span class='ocrx_word' id='word_1_284' title='bbox 2541 2571 2845 2649; x_wconf 82' lang='lat' dir='ltr'><strong>Sponsoris</strong></span> 
     </span>
     <span class='ocr_line' id='line_1_29' title="bbox 438 2651 2842 2730; baseline 0.001 -21"><span class='ocrx_word' id='word_1_285' title='bbox 438 2652 497 2708; x_wconf 92' lang='lat' dir='ltr'><strong>in</strong></span> <span class='ocrx_word' id='word_1_286' title='bbox 524 2651 766 2709; x_wconf 91' lang='lat' dir='ltr'><strong>dubium</strong></span> <span class='ocrx_word' id='word_1_287' title='bbox 794 2672 1020 2711; x_wconf 79' lang='lat' dir='ltr'><strong>vocare.</strong></span> <span class='ocrx_word' id='word_1_288' title='bbox 1106 2653 1199 2710; x_wconf 85' lang='lat' dir='ltr'><strong>Ita</strong></span> <span class='ocrx_word' id='word_1_289' title='bbox 1224 2653 1320 2710; x_wconf 92' lang='lat' dir='ltr'><strong>hic</strong></span> <span class='ocrx_word' id='word_1_290' title='bbox 1349 2653 1484 2728; x_wconf 87' lang='lat' dir='ltr'><strong>quia</strong></span> <span class='ocrx_word' id='word_1_291' title='bbox 1514 2652 1777 2711; x_wconf 87' lang='lat' dir='ltr'><strong>Christus</strong></span> <span class='ocrx_word' id='word_1_292' title='bbox 1806 2654 2113 2730; x_wconf 87' lang='lat' dir='ltr'><strong>sponsione</strong></span> <span class='ocrx_word' id='word_1_293' title='bbox 2143 2673 2247 2711; x_wconf 89' lang='lat' dir='ltr'><strong>sua</strong></span> <span class='ocrx_word' id='word_1_294' title='bbox 2273 2654 2489 2730; x_wconf 89' lang='lat' dir='ltr'><strong>recepit</strong></span> <span class='ocrx_word' id='word_1_295' title='bbox 2517 2652 2576 2709; x_wconf 92' lang='lat' dir='ltr'><strong>in</strong></span> <span class='ocrx_word' id='word_1_296' title='bbox 2606 2672 2667 2711; x_wconf 88' lang='lat' dir='ltr'><strong>se</strong></span> <span class='ocrx_word' id='word_1_297' title='bbox 2697 2671 2842 2711; x_wconf 88' lang='lat' dir='ltr'><strong>onus</strong></span> 
     </span>
     <span class='ocr_line' id='line_1_30' title="bbox 434 2731 2842 2808; baseline 0 -21"><span class='ocrx_word' id='word_1_298' title='bbox 434 2750 540 2806; x_wconf 90' lang='lat' dir='ltr'><strong>pro</strong></span> <span class='ocrx_word' id='word_1_299' title='bbox 568 2731 965 2805; x_wconf 86' lang='lat' dir='ltr'><strong>peccatoribus</strong></span> <span class='ocrx_word' id='word_1_300' title='bbox 1000 2731 1280 2804; x_wconf 84' lang='lat' dir='ltr'><strong>solvendi,</strong></span> <span class='ocrx_word' id='word_1_301' title='bbox 1315 2732 1475 2788; x_wconf 89' lang='lat' dir='ltr'><strong>Deus</strong></span> <span class='ocrx_word' id='word_1_302' title='bbox 1503 2751 1571 2789; x_wconf 91' lang='lat' dir='ltr'><strong>eo</strong></span> <span class='ocrx_word' id='word_1_303' title='bbox 1601 2731 1727 2807; x_wconf 90' lang='lat' dir='ltr'><strong>ipso</strong></span> <span class='ocrx_word' id='word_1_304' title='bbox 1770 2732 2037 2808; x_wconf 87' lang='lat' dir='ltr'><strong>deposuit</strong></span> <span class='ocrx_word' id='word_1_305' title='bbox 2063 2732 2423 2792; x_wconf 83' lang='lat' dir='ltr'><strong>voluntatem</strong></span> <span class='ocrx_word' id='word_1_306' title='bbox 2452 2732 2727 2808; x_wconf 82' lang='lat' dir='ltr'><strong>exigendi</strong></span> <span class='ocrx_word' id='word_1_307' title='bbox 2767 2732 2842 2789; x_wconf 89' lang='lat' dir='ltr'><strong>ab</strong></span> 
     </span>
     <span class='ocr_line' id='line_1_31' title="bbox 435 2808 2844 2889; baseline 0.001 -23"><span class='ocrx_word' id='word_1_308' title='bbox 435 2809 579 2885; x_wconf 87' lang='lat' dir='ltr'><strong>ipsis</strong></span> <span class='ocrx_word' id='word_1_309' title='bbox 609 2808 864 2867; x_wconf 89' lang='lat' dir='ltr'><strong>debitum</strong></span> <span class='ocrx_word' id='word_1_310' title='bbox 891 2831 904 2885; x_wconf 88' lang='grc'><strong>;</strong></span> <span class='ocrx_word' id='word_1_311' title='bbox 949 2812 1058 2868; x_wconf 91' lang='lat' dir='ltr'><strong>hoc</strong></span> <span class='ocrx_word' id='word_1_312' title='bbox 1097 2810 1245 2867; x_wconf 89' lang='lat' dir='ltr'><strong>enim</strong></span> <span class='ocrx_word' id='word_1_313' title='bbox 1278 2830 1384 2868; x_wconf 91' lang='lat' dir='ltr'><strong>nec</strong></span> <span class='ocrx_word' id='word_1_314' title='bbox 1412 2812 1680 2885; x_wconf 80' lang='lat' dir='ltr'><strong>AEquitas</strong></span> <span class='ocrx_word' id='word_1_315' title='bbox 1708 2810 1907 2868; x_wconf 84' lang='lat' dir='ltr'><strong>divina</strong></span> <span class='ocrx_word' id='word_1_316' title='bbox 1934 2812 2078 2870; x_wconf 86' lang='lat' dir='ltr'><strong>ferre</strong></span> <span class='ocrx_word' id='word_1_317' title='bbox 2106 2820 2318 2889; x_wconf 88' lang='lat' dir='ltr'><strong>posset,</strong></span> <span class='ocrx_word' id='word_1_318' title='bbox 2363 2820 2429 2870; x_wconf 91' lang='lat' dir='ltr'><strong>ut</strong></span> <span class='ocrx_word' id='word_1_319' title='bbox 2457 2812 2571 2869; x_wconf 91' lang='lat' dir='ltr'><strong>duo</strong></span> <span class='ocrx_word' id='word_1_320' title='bbox 2601 2811 2844 2888; x_wconf 88' lang='lat' dir='ltr'><strong>obligati</strong></span> 
     </span>
     <span class='ocr_line' id='line_1_32' title="bbox 438 2888 2842 2968; baseline 0.002 -23"><span class='ocrx_word' id='word_1_321' title='bbox 438 2897 723 2961; x_wconf 87' lang='lat' dir='ltr'><strong>maneant,</strong></span> <span class='ocrx_word' id='word_1_322' title='bbox 773 2908 902 2947; x_wconf 91' lang='lat' dir='ltr'><strong>cum</strong></span> <span class='ocrx_word' id='word_1_323' title='bbox 948 2888 1119 2948; x_wconf 90' lang='lat' dir='ltr'><strong>unius</strong></span> <span class='ocrx_word' id='word_1_324' title='bbox 1165 2889 1571 2965; x_wconf 83' lang='lat' dir='ltr'><strong>satisfactione,</strong></span> <span class='ocrx_word' id='word_1_325' title='bbox 1615 2898 1673 2948; x_wconf 91' lang='lat' dir='ltr'><strong>et</strong></span> <span class='ocrx_word' id='word_1_326' title='bbox 1709 2889 1973 2949; x_wconf 88' lang='lat' dir='ltr'><strong>absoluta</strong></span> <span class='ocrx_word' id='word_1_327' title='bbox 2011 2892 2084 2949; x_wconf 92' lang='lat' dir='ltr'><strong>ad</strong></span> <span class='ocrx_word' id='word_1_328' title='bbox 2123 2892 2283 2948; x_wconf 86' lang='lat' dir='ltr'><strong>illam</strong></span> <span class='ocrx_word' id='word_1_329' title='bbox 2320 2891 2673 2968; x_wconf 84' lang='lat' dir='ltr'><strong>obligatione</strong></span> <span class='ocrx_word' id='word_1_330' title='bbox 2708 2911 2842 2951; x_wconf 91' lang='lat' dir='ltr'><strong>con-</strong></span> 
     </span>
     <span class='ocr_line' id='line_1_33' title="bbox 437 2968 2839 3047; baseline 0.001 -21"><span class='ocrx_word' id='word_1_331' title='bbox 437 2975 613 3042; x_wconf 87' lang='lat' dir='ltr'><strong>tenta,</strong></span> <span class='ocrx_word' id='word_1_332' title='bbox 645 2968 704 3025; x_wconf 92' lang='lat' dir='ltr'><strong>in</strong></span> <span class='ocrx_word' id='word_1_333' title='bbox 734 2989 803 3026; x_wconf 90' lang='lat' dir='ltr'><strong>ea</strong></span> <span class='ocrx_word' id='word_1_334' title='bbox 829 2969 997 3045; x_wconf 89' lang='lat' dir='ltr'><strong>plene</strong></span> <span class='ocrx_word' id='word_1_335' title='bbox 1017 2968 1409 3046; x_wconf 80' lang='lat' dir='ltr'><strong>acquieverit3</strong></span> <span class='ocrx_word' id='word_1_336' title='bbox 1452 2990 1558 3027; x_wconf 90' lang='lat' dir='ltr'><strong>nec</strong></span> <span class='ocrx_word' id='word_1_337' title='bbox 1585 2969 1880 3045; x_wconf 80' lang='lat' dir='ltr'><strong>Sapientia</strong></span> <span class='ocrx_word' id='word_1_338' title='bbox 1917 2980 1975 3029; x_wconf 89' lang='lat' dir='ltr'><strong>et</strong></span> <span class='ocrx_word' id='word_1_339' title='bbox 2014 2971 2249 3045; x_wconf 67' lang='lat' dir='ltr'><strong>Verium,</strong></span> <span class='ocrx_word' id='word_1_340' title='bbox 2281 2980 2346 3030; x_wconf 91' lang='lat' dir='ltr'><strong>ut</strong></span> <span class='ocrx_word' id='word_1_341' title='bbox 2382 2972 2653 3047; x_wconf 85' lang='lat' dir='ltr'><strong>exigatur</strong></span> <span class='ocrx_word' id='word_1_342' title='bbox 2679 2970 2839 3029; x_wconf 92' lang='lat' dir='ltr'><strong>debi-</strong></span> 
     </span>
     <span class='ocr_line' id='line_1_34' title="bbox 434 3048 2844 3128; baseline 0.001 -21"><span class='ocrx_word' id='word_1_343' title='bbox 434 3058 557 3107; x_wconf 90' lang='lat' dir='ltr'><strong>tum</strong></span> <span class='ocrx_word' id='word_1_344' title='bbox 587 3048 661 3106; x_wconf 91' lang='lat' dir='ltr'><strong>ab</strong></span> <span class='ocrx_word' id='word_1_345' title='bbox 688 3048 805 3107; x_wconf 91' lang='lat' dir='ltr'><strong>illis</strong></span> <span class='ocrx_word' id='word_1_346' title='bbox 832 3069 937 3126; x_wconf 90' lang='lat' dir='ltr'><strong>pro</strong></span> <span class='ocrx_word' id='word_1_347' title='bbox 965 3049 1177 3126; x_wconf 88' lang='lat' dir='ltr'><strong>quibus</strong></span> <span class='ocrx_word' id='word_1_348' title='bbox 1211 3049 1475 3109; x_wconf 86' lang='lat' dir='ltr'><strong>absoluto</strong></span> <span class='ocrx_word' id='word_1_349' title='bbox 1505 3049 1736 3108; x_wconf 89' lang='lat' dir='ltr'><strong>decreto</strong></span> <span class='ocrx_word' id='word_1_350' title='bbox 1769 3049 2024 3127; x_wconf 84' lang='lat' dir='ltr'><strong>Sponsor</strong></span> <span class='ocrx_word' id='word_1_351' title='bbox 2044 3050 2388 3110; x_wconf 88' lang='lat' dir='ltr'><strong>constitutus</strong></span> <span class='ocrx_word' id='word_1_352' title='bbox 2417 3060 2522 3125; x_wconf 89' lang='lat' dir='ltr'><strong>est,</strong></span> <span class='ocrx_word' id='word_1_353' title='bbox 2554 3059 2612 3109; x_wconf 87' lang='lat' dir='ltr'><strong>et</strong></span> <span class='ocrx_word' id='word_1_354' title='bbox 2640 3050 2700 3108; x_wconf 91' lang='lat' dir='ltr'><strong>in</strong></span> <span class='ocrx_word' id='word_1_355' title='bbox 2728 3071 2844 3128; x_wconf 93' lang='lat' dir='ltr'><strong>quo</strong></span> 
     </span>
     <span class='ocr_line' id='line_1_35' title="bbox 426 3128 2847 3207; baseline 0.001 -20"><span class='ocrx_word' id='word_1_356' title='bbox 426 3128 734 3207; x_wconf 85' lang='lat' dir='ltr'><strong>justificati</strong></span> <span class='ocrx_word' id='word_1_357' title='bbox 763 3137 897 3188; x_wconf 89' lang='lat' dir='ltr'><strong>sunt</strong></span> <span class='ocrx_word' id='word_1_358' title='bbox 925 3138 984 3188; x_wconf 90' lang='lat' dir='ltr'><strong>et</strong></span> <span class='ocrx_word' id='word_1_359' title='bbox 1011 3130 1084 3187; x_wconf 91' lang='lat' dir='ltr'><strong>ab</strong></span> <span class='ocrx_word' id='word_1_360' title='bbox 1114 3130 1270 3189; x_wconf 90' lang='lat' dir='ltr'><strong>omni</strong></span> <span class='ocrx_word' id='word_1_361' title='bbox 1299 3149 1470 3206; x_wconf 85' lang='lat' dir='ltr'><strong>poena</strong></span> <span class='ocrx_word' id='word_1_362' title='bbox 1507 3129 1800 3206; x_wconf 81' lang='lat' dir='ltr'><strong>exempti3</strong></span> <span class='ocrx_word' id='word_1_363' title='bbox 1845 3150 1952 3188; x_wconf 91' lang='lat' dir='ltr'><strong>nec</strong></span> <span class='ocrx_word' id='word_1_364' title='bbox 1981 3130 2220 3189; x_wconf 76' lang='lat' dir='ltr'><strong>Bonitas</strong></span> <span class='ocrx_word' id='word_1_365' title='bbox 2248 3139 2307 3189; x_wconf 88' lang='lat' dir='ltr'><strong>et</strong></span> <span class='ocrx_word' id='word_1_366' title='bbox 2333 3131 2749 3205; x_wconf 55' lang='lat' dir='ltr'><strong>Mser-icordia,</strong></span> <span class='ocrx_word' id='word_1_367' title='bbox 2780 3139 2847 3189; x_wconf 86' lang='lat' dir='ltr'><strong>ut</strong></span> 
     </span>
     <span class='ocr_line' id='line_1_36' title="bbox 435 3208 2846 3288; baseline 0.001 -22"><span class='ocrx_word' id='word_1_368' title='bbox 435 3209 647 3267; x_wconf 86' lang='lat' dir='ltr'><strong>habeat</strong></span> <span class='ocrx_word' id='word_1_369' title='bbox 673 3229 778 3288; x_wconf 89' lang='lat' dir='ltr'><strong>pro</strong></span> <span class='ocrx_word' id='word_1_370' title='bbox 806 3210 920 3268; x_wconf 89' lang='lat' dir='ltr'><strong>reis</strong></span> <span class='ocrx_word' id='word_1_371' title='bbox 950 3217 1007 3269; x_wconf 88' lang='lat' dir='ltr'><strong>et</strong></span> <span class='ocrx_word' id='word_1_372' title='bbox 1037 3208 1411 3285; x_wconf 89' lang='lat' dir='ltr'><strong>debitoribus,</strong></span> <span class='ocrx_word' id='word_1_373' title='bbox 1443 3230 1548 3287; x_wconf 90' lang='lat' dir='ltr'><strong>pro</strong></span> <span class='ocrx_word' id='word_1_374' title='bbox 1570 3210 1782 3287; x_wconf 92' lang='lat' dir='ltr'><strong>quibus</strong></span> <span class='ocrx_word' id='word_1_375' title='bbox 1804 3209 2119 3269; x_wconf 83' lang='lat' dir='ltr'><strong>liberandis</strong></span> <span class='ocrx_word' id='word_1_376' title='bbox 2142 3229 2386 3287; x_wconf 88' lang='lat' dir='ltr'><strong>sponsor</strong></span> <span class='ocrx_word' id='word_1_377' title='bbox 2412 3230 2537 3269; x_wconf 88' lang='lat' dir='ltr'><strong>sese</strong></span> <span class='ocrx_word' id='word_1_378' title='bbox 2567 3210 2715 3269; x_wconf 90' lang='lat' dir='ltr'><strong>stitit</strong></span> <span class='ocrx_word' id='word_1_379' title='bbox 2735 3211 2846 3268; x_wconf 92' lang='lat' dir='ltr'><strong>Dei</strong></span> 
     </span>
     <span class='ocr_line' id='line_1_37' title="bbox 440 3289 670 3347; baseline 0 -1"><span class='ocrx_word' id='word_1_380' title='bbox 440 3289 670 3347; x_wconf 86' lang='lat' dir='ltr'><strong>&#39;udici0.</strong></span> 
     </span>
     <span class='ocr_line' id='line_1_38' title="bbox 428 3309 2835 3446; baseline 0.001 -22"><span class='ocrx_word' id='word_1_381' title='bbox 428 3309 452 3365; x_wconf 88' lang='lat' dir='ltr'>J</span> <span class='ocrx_word' id='word_1_382' title='bbox 516 3368 708 3425; x_wconf 89' lang='lat' dir='ltr'>XIII.</span> <span class='ocrx_word' id='word_1_383' title='bbox 756 3368 1152 3444; x_wconf 89' lang='lat' dir='ltr'><strong>Nequicquam</strong></span> <span class='ocrx_word' id='word_1_384' title='bbox 1172 3368 1470 3446; x_wconf 88' lang='lat' dir='ltr'><strong>regeritur,</strong></span> <span class='ocrx_word' id='word_1_385' title='bbox 1496 3370 1748 3427; x_wconf 80' lang='lat' dir='ltr'><strong>Potuisse</strong></span> <span class='ocrx_word' id='word_1_386' title='bbox 1763 3388 1981 3444; x_wconf 81' lang='lat' dir='ltr'><strong>semper</strong></span> <span class='ocrx_word' id='word_1_387' title='bbox 1997 3371 2068 3428; x_wconf 83' lang='lat' dir='ltr'><strong>ab</strong></span> <span class='ocrx_word' id='word_1_388' title='bbox 2088 3369 2300 3428; x_wconf 80' lang='lat' dir='ltr'><strong>Electis</strong></span> <span class='ocrx_word' id='word_1_389' title='bbox 2320 3370 2475 3445; x_wconf 73' lang='lat' dir='ltr'><strong>eaeiyi</strong></span> <span class='ocrx_word' id='word_1_390' title='bbox 2496 3370 2835 3444; x_wconf 80' lang='lat' dir='ltr'><strong>solutionem,</strong></span> 
     </span>
     <span class='ocr_line' id='line_1_39' title="bbox 435 3447 2841 3525; baseline 0.001 -22"><span class='ocrx_word' id='word_1_391' title='bbox 435 3447 813 3519; x_wconf 78' lang='lat' dir='ltr'><strong>satisfactione</strong></span> <span class='ocrx_word' id='word_1_392' title='bbox 853 3450 1098 3504; x_wconf 80' lang='lat' dir='ltr'><strong>nondum</strong></span> <span class='ocrx_word' id='word_1_393' title='bbox 1131 3449 1409 3524; x_wconf 81' lang='lat' dir='ltr'><strong>proestita,</strong></span> <span class='ocrx_word' id='word_1_394' title='bbox 1442 3449 1631 3524; x_wconf 80' lang='lat' dir='ltr'><strong>posito</strong></span> <span class='ocrx_word' id='word_1_395' title='bbox 1660 3452 1814 3524; x_wconf 82' lang='lat' dir='ltr'><strong>quod</strong></span> <span class='ocrx_word' id='word_1_396' title='bbox 1842 3449 2096 3507; x_wconf 80' lang='lat' dir='ltr'><strong>Christus</strong></span> <span class='ocrx_word' id='word_1_397' title='bbox 2127 3470 2239 3508; x_wconf 80' lang='lat' dir='ltr'><strong>non</strong></span> <span class='ocrx_word' id='word_1_398' title='bbox 2278 3451 2508 3507; x_wconf 67' lang='lat' dir='ltr'><strong>stetisset</strong></span> <span class='ocrx_word' id='word_1_399' title='bbox 2543 3469 2649 3506; x_wconf 83' lang='lat' dir='ltr'><strong>sua</strong></span> <span class='ocrx_word' id='word_1_400' title='bbox 2675 3470 2841 3525; x_wconf 75' lang='lat' dir='ltr'><strong>spon·</strong></span> 
     </span>
     <span class='ocr_line' id='line_1_40' title="bbox 435 3525 2841 3605; baseline 0.002 -23"><span class='ocrx_word' id='word_1_401' title='bbox 435 3526 587 3582; x_wconf 79' lang='lat' dir='ltr'><strong>sione</strong></span> <span class='ocrx_word' id='word_1_402' title='bbox 615 3533 670 3582; x_wconf 83' lang='lat' dir='ltr'><strong>et</strong></span> <span class='ocrx_word' id='word_1_403' title='bbox 694 3525 1010 3600; x_wconf 40' lang='lat' dir='ltr'><strong>promissi&amp;</strong></span> <span class='ocrx_word' id='word_1_404' title='bbox 1053 3529 1154 3584; x_wconf 83' lang='lat' dir='ltr'><strong>secl</strong></span> <span class='ocrx_word' id='word_1_405' title='bbox 1176 3528 1553 3584; x_wconf 83' lang='lat' dir='ltr'><strong>vadimonium</strong></span> <span class='ocrx_word' id='word_1_406' title='bbox 1582 3529 1925 3587; x_wconf 81' lang='lat' dir='ltr'><strong>deseruisset.</strong></span> <span class='ocrx_word' id='word_1_407' title='bbox 2010 3529 2158 3603; x_wconf 83' lang='lat' dir='ltr'><strong>Quia</strong></span> <span class='ocrx_word' id='word_1_408' title='bbox 2185 3531 2296 3587; x_wconf 90' lang='lat' dir='ltr'><strong>hoc</strong></span> <span class='ocrx_word' id='word_1_409' title='bbox 2324 3537 2413 3587; x_wconf 90' lang='lat' dir='ltr'><strong>est</strong></span> <span class='ocrx_word' id='word_1_410' title='bbox 2440 3528 2656 3605; x_wconf 87' lang='lat' dir='ltr'><strong>fingere</strong></span> <span class='ocrx_word' id='word_1_411' title='bbox 2684 3528 2841 3605; x_wconf 90' lang='lat' dir='ltr'><strong>quod</strong></span> 
     </span>
     <span class='ocr_line' id='line_1_41' title="bbox 439 3601 2842 3683; baseline 0.002 -23"><span class='ocrx_word' id='word_1_412' title='bbox 439 3611 528 3661; x_wconf 90' lang='lat' dir='ltr'><strong>est</strong></span> <span class='ocrx_word' id='word_1_413' title='bbox 555 3602 725 3680; x_wconf 89' lang='lat' dir='ltr'><strong>plane</strong></span> <span class='ocrx_word' id='word_1_414' title='bbox 755 3601 1051 3661; x_wconf 68' lang='grc' dir='ltr'><strong>οἱα-ὕστατον.</strong></span> <span class='ocrx_word' id='word_1_415' title='bbox 1138 3605 1288 3663; x_wconf 86' lang='lat' dir='ltr'><strong>Sane</strong></span> <span class='ocrx_word' id='word_1_416' title='bbox 1316 3605 1417 3662; x_wconf 86' lang='lat' dir='ltr'><strong>ubi</strong></span> <span class='ocrx_word' id='word_1_417' title='bbox 1446 3606 1639 3681; x_wconf 84' lang='lat' dir='ltr'><strong>agitur</strong></span> <span class='ocrx_word' id='word_1_418' title='bbox 1665 3605 1737 3664; x_wconf 92' lang='lat' dir='ltr'><strong>de</strong></span> <span class='ocrx_word' id='word_1_419' title='bbox 1768 3608 2074 3683; x_wconf 85' lang='lat' dir='ltr'><strong>sponsione</strong></span> <span class='ocrx_word' id='word_1_420' title='bbox 2104 3628 2204 3667; x_wconf 88' lang='lat' dir='ltr'><strong>scu</strong></span> <span class='ocrx_word' id='word_1_421' title='bbox 2233 3607 2565 3667; x_wconf 88' lang='lat' dir='ltr'><strong>vadimonio</strong></span> <span class='ocrx_word' id='word_1_422' title='bbox 2592 3608 2842 3666; x_wconf 88' lang='lat' dir='ltr'><strong>hominis</strong></span> 
     </span>
     <span class='ocr_line' id='line_1_42' title="bbox 435 3682 2844 3762; baseline 0.002 -22"><span class='ocrx_word' id='word_1_423' title='bbox 435 3682 731 3741; x_wconf 89' lang='lat' dir='ltr'><strong>mendacis</strong></span> <span class='ocrx_word' id='word_1_424' title='bbox 772 3690 830 3740; x_wconf 92' lang='lat' dir='ltr'><strong>et</strong></span> <span class='ocrx_word' id='word_1_425' title='bbox 870 3683 1265 3759; x_wconf 88' lang='lat' dir='ltr'><strong>inconstantis,</strong></span> <span class='ocrx_word' id='word_1_426' title='bbox 1311 3683 1560 3743; x_wconf 86' lang='lat' dir='ltr'><strong>desertio</strong></span> <span class='ocrx_word' id='word_1_427' title='bbox 1589 3686 1715 3762; x_wconf 88' lang='lat' dir='ltr'><strong>ejus</strong></span> <span class='ocrx_word' id='word_1_428' title='bbox 1756 3706 1872 3743; x_wconf 92' lang='lat' dir='ltr'><strong>non</strong></span> <span class='ocrx_word' id='word_1_429' title='bbox 1901 3687 2005 3746; x_wconf 90' lang='lat' dir='ltr'><strong>abs</strong></span> <span class='ocrx_word' id='word_1_430' title='bbox 2032 3708 2094 3746; x_wconf 89' lang='lat' dir='ltr'><strong>re</strong></span> <span class='ocrx_word' id='word_1_431' title='bbox 2134 3688 2425 3747; x_wconf 83' lang='lat' dir='ltr'><strong>metuitur.</strong></span> <span class='ocrx_word' id='word_1_432' title='bbox 2511 3688 2590 3746; x_wconf 89' lang='lat' dir='ltr'><strong>Et</strong></span> <span class='ocrx_word' id='word_1_433' title='bbox 2615 3687 2750 3745; x_wconf 87' lang='lat' dir='ltr'><strong>hine</strong></span> <span class='ocrx_word' id='word_1_434' title='bbox 2779 3687 2844 3745; x_wconf 85' lang='lat' dir='ltr'><strong>fit</strong></span> 
     </span>
     <span class='ocr_line' id='line_1_43' title="bbox 436 3760 2844 3843; baseline 0.001 -23"><span class='ocrx_word' id='word_1_435' title='bbox 436 3760 594 3839; x_wconf 90' lang='lat' dir='ltr'><strong>quod</strong></span> <span class='ocrx_word' id='word_1_436' title='bbox 622 3761 934 3821; x_wconf 85' lang='lat' dir='ltr'><strong>creditores</strong></span> <span class='ocrx_word' id='word_1_437' title='bbox 960 3762 1389 3839; x_wconf 88' lang='lat' dir='ltr'><strong>fidejussionem</strong></span> <span class='ocrx_word' id='word_1_438' title='bbox 1418 3764 1499 3823; x_wconf 85' lang='lat' dir='ltr'><strong>ita</strong></span> <span class='ocrx_word' id='word_1_439' title='bbox 1526 3764 1850 3840; x_wconf 81' lang='lat' dir='ltr'><strong>admittant,</strong></span> <span class='ocrx_word' id='word_1_440' title='bbox 1881 3775 1947 3825; x_wconf 92' lang='lat' dir='ltr'><strong>ut</strong></span> <span class='ocrx_word' id='word_1_441' title='bbox 1965 3768 2098 3843; x_wconf 90' lang='lat' dir='ltr'><strong>jure</strong></span> <span class='ocrx_word' id='word_1_442' title='bbox 2121 3787 2224 3826; x_wconf 86' lang='lat' dir='ltr'><strong>suo</strong></span> <span class='ocrx_word' id='word_1_443' title='bbox 2247 3766 2526 3826; x_wconf 85' lang='lat' dir='ltr'><strong>adversus</strong></span> <span class='ocrx_word' id='word_1_444' title='bbox 2555 3766 2844 3825; x_wconf 89' lang='lat' dir='ltr'><strong>debitores</strong></span> 
     </span>
     <span class='ocr_line' id='line_1_44' title="bbox 436 3842 2841 3924; baseline 0.001 -23"><span class='ocrx_word' id='word_1_445' title='bbox 436 3862 499 3901; x_wconf 91' lang='lat' dir='ltr'><strong>se</strong></span> <span class='ocrx_word' id='word_1_446' title='bbox 542 3861 659 3902; x_wconf 92' lang='lat' dir='ltr'><strong>non</strong></span> <span class='ocrx_word' id='word_1_447' title='bbox 700 3842 986 3917; x_wconf 85' lang='lat' dir='ltr'><strong>abdicent,</strong></span> <span class='ocrx_word' id='word_1_448' title='bbox 1034 3842 1136 3901; x_wconf 90' lang='lat' dir='ltr'><strong>sed</strong></span> <span class='ocrx_word' id='word_1_449' title='bbox 1177 3843 1323 3901; x_wconf 90' lang='lat' dir='ltr'><strong>illud</strong></span> <span class='ocrx_word' id='word_1_450' title='bbox 1365 3844 1665 3920; x_wconf 87' lang='lat' dir='ltr'><strong>retineant,</strong></span> <span class='ocrx_word' id='word_1_451' title='bbox 1711 3854 1770 3904; x_wconf 90' lang='lat' dir='ltr'><strong>et</strong></span> <span class='ocrx_word' id='word_1_452' title='bbox 1798 3845 1857 3903; x_wconf 89' lang='lat' dir='ltr'><strong>in</strong></span> <span class='ocrx_word' id='word_1_453' title='bbox 1886 3846 2112 3906; x_wconf 88' lang='lat' dir='ltr'><strong>defectu</strong></span> <span class='ocrx_word' id='word_1_454' title='bbox 2156 3846 2460 3906; x_wconf 86' lang='lat' dir='ltr'><strong>solutionis</strong></span> <span class='ocrx_word' id='word_1_455' title='bbox 2488 3867 2522 3903; x_wconf 87' lang='lat' dir='ltr'><strong>a</strong></span> <span class='ocrx_word' id='word_1_456' title='bbox 2554 3847 2841 3924; x_wconf 87' lang='lat' dir='ltr'><strong>Sponsore</strong></span> 
     </span>
     <span class='ocr_line' id='line_1_45' title="bbox 434 3921 2841 4003; baseline 0.001 -23"><span class='ocrx_word' id='word_1_457' title='bbox 434 3923 731 4000; x_wconf 77' lang='lat' dir='ltr'><strong>promissae</strong></span> <span class='ocrx_word' id='word_1_458' title='bbox 760 3921 906 3980; x_wconf 91' lang='lat' dir='ltr'><strong>illud</strong></span> <span class='ocrx_word' id='word_1_459' title='bbox 933 3931 1258 3981; x_wconf 84' lang='lat' dir='ltr'><strong>exerceant.</strong></span> <span class='ocrx_word' id='word_1_460' title='bbox 1346 3923 1462 3982; x_wconf 86' lang='lat' dir='ltr'><strong>Sed</strong></span> <span class='ocrx_word' id='word_1_461' title='bbox 1490 3924 1781 4000; x_wconf 91' lang='lat' dir='ltr'><strong>quodnam</strong></span> <span class='ocrx_word' id='word_1_462' title='bbox 1809 3933 2000 4002; x_wconf 85' lang='lat' dir='ltr'><strong>potest</strong></span> <span class='ocrx_word' id='word_1_463' title='bbox 2040 3926 2261 4003; x_wconf 89' lang='lat' dir='ltr'><strong>concipi</strong></span> <span class='ocrx_word' id='word_1_464' title='bbox 2302 3926 2619 4002; x_wconf 90' lang='lat' dir='ltr'><strong>periculum</strong></span> <span class='ocrx_word' id='word_1_465' title='bbox 2648 3925 2841 3984; x_wconf 87' lang='lat' dir='ltr'><strong>deser·</strong></span> 
     </span>
     <span class='ocr_line' id='line_1_46' title="bbox 435 4002 2840 4082; baseline 0.001 -21"><span class='ocrx_word' id='word_1_466' title='bbox 435 4003 609 4062; x_wconf 90' lang='lat' dir='ltr'><strong>tionis</strong></span> <span class='ocrx_word' id='word_1_467' title='bbox 636 4002 952 4060; x_wconf 84' lang='lat' dir='ltr'><strong>vadimonii</strong></span> <span class='ocrx_word' id='word_1_468' title='bbox 981 4002 1042 4059; x_wconf 91' lang='lat' dir='ltr'><strong>in</strong></span> <span class='ocrx_word' id='word_1_469' title='bbox 1064 4003 1295 4061; x_wconf 86' lang='lat' dir='ltr'><strong>Christo</strong></span> <span class='ocrx_word' id='word_1_470' title='bbox 1316 4004 1704 4080; x_wconf 82' lang='lat' dir='ltr'><strong>veracissimO,</strong></span> <span class='ocrx_word' id='word_1_471' title='bbox 1735 4005 2151 4082; x_wconf 89' lang='lat' dir='ltr'><strong>potentissimo,</strong></span> <span class='ocrx_word' id='word_1_472' title='bbox 2178 4014 2235 4064; x_wconf 91' lang='lat' dir='ltr'><strong>et</strong></span> <span class='ocrx_word' id='word_1_473' title='bbox 2257 4005 2474 4082; x_wconf 88' lang='lat' dir='ltr'><strong>optimo</strong></span> <span class='ocrx_word' id='word_1_474' title='bbox 2493 4009 2522 4063; x_wconf 75' lang='grc' dir='ltr'><em>Ῥ</em></span> <span class='ocrx_word' id='word_1_475' title='bbox 2549 4006 2665 4064; x_wconf 82' lang='grc' dir='ltr'>ἰιιιο</span> <span class='ocrx_word' id='word_1_476' title='bbox 2687 4025 2840 4082; x_wconf 80' lang='lat' dir='ltr'><strong>quae·</strong></span> 
     </span>
     <span class='ocr_line' id='line_1_47' title="bbox 435 4081 2844 4161; baseline 0.001 -22"><span class='ocrx_word' id='word_1_477' title='bbox 435 4102 571 4140; x_wconf 86' lang='lat' dir='ltr'><strong>nam</strong></span> <span class='ocrx_word' id='word_1_478' title='bbox 610 4081 1014 4160; x_wconf 82' lang='lat' dir='ltr'><strong>possibilitas?</strong></span> <span class='ocrx_word' id='word_1_479' title='bbox 1094 4082 1397 4157; x_wconf 85' lang='lat' dir='ltr'><strong>Quomodo</strong></span> <span class='ocrx_word' id='word_1_480' title='bbox 1437 4084 1741 4161; x_wconf 87' lang='lat' dir='ltr'><strong>promissio</strong></span> <span class='ocrx_word' id='word_1_481' title='bbox 1784 4085 1909 4161; x_wconf 88' lang='lat' dir='ltr'><strong>ejus</strong></span> <span class='ocrx_word' id='word_1_482' title='bbox 1950 4084 2216 4143; x_wconf 88' lang='lat' dir='ltr'><strong>absoluta</strong></span> <span class='ocrx_word' id='word_1_483' title='bbox 2243 4086 2303 4142; x_wconf 92' lang='lat' dir='ltr'><strong>in</strong></span> <span class='ocrx_word' id='word_1_484' title='bbox 2346 4093 2561 4143; x_wconf 74' lang='lat' dir='ltr'><strong>aeterno</strong></span> <span class='ocrx_word' id='word_1_485' title='bbox 2592 4085 2701 4143; x_wconf 91' lang='lat' dir='ltr'><strong>Dei</strong></span> <span class='ocrx_word' id='word_1_486' title='bbox 2745 4084 2844 4142; x_wconf 91' lang='lat' dir='ltr'><strong>de-</strong></span> 
     </span>
     <span class='ocr_line' id='line_1_48' title="bbox 434 4161 2844 4238; baseline 0 -18"><span class='ocrx_word' id='word_1_487' title='bbox 434 4171 611 4238; x_wconf 88' lang='lat' dir='ltr'><strong>creto,</strong></span> <span class='ocrx_word' id='word_1_488' title='bbox 644 4170 703 4221; x_wconf 90' lang='lat' dir='ltr'><strong>et</strong></span> <span class='ocrx_word' id='word_1_489' title='bbox 730 4182 806 4220; x_wconf 86' lang='lat' dir='ltr'><strong>ex</strong></span> <span class='ocrx_word' id='word_1_490' title='bbox 835 4181 904 4220; x_wconf 93' lang='lat' dir='ltr'><strong>eo</strong></span> <span class='ocrx_word' id='word_1_491' title='bbox 925 4162 985 4220; x_wconf 90' lang='lat' dir='ltr'><strong>in</strong></span> <span class='ocrx_word' id='word_1_492' title='bbox 1010 4161 1270 4222; x_wconf 89' lang='lat' dir='ltr'><strong>Oraculis</strong></span> <span class='ocrx_word' id='word_1_493' title='bbox 1293 4164 1525 4223; x_wconf 90' lang='lat' dir='ltr'><strong>Veteris</strong></span> <span class='ocrx_word' id='word_1_494' title='bbox 1546 4162 1902 4222; x_wconf 83' lang='lat' dir='ltr'><strong>Testamenti</strong></span> <span class='ocrx_word' id='word_1_495' title='bbox 1922 4163 2090 4238; x_wconf 84' lang='lat' dir='ltr'><strong>facta,</strong></span> <span class='ocrx_word' id='word_1_496' title='bbox 2125 4167 2160 4197; x_wconf 76' lang='lat'><strong>‘⁴</strong></span> <span class='ocrx_word' id='word_1_497' title='bbox 2184 4165 2337 4222; x_wconf 90' lang='lat' dir='ltr'><strong>Ecce</strong></span> <span class='ocrx_word' id='word_1_498' title='bbox 2359 4165 2531 4223; x_wconf 80' lang='lat' dir='ltr'><strong>venio</strong></span> <span class='ocrx_word' id='word_1_499' title='bbox 2552 4173 2617 4223; x_wconf 87' lang='lat' dir='ltr'><strong>ut</strong></span> <span class='ocrx_word' id='word_1_500' title='bbox 2639 4164 2844 4222; x_wconf 88' lang='lat' dir='ltr'><strong>faciam</strong></span> 
     </span>
     <span class='ocr_line' id='line_1_49' title="bbox 435 4242 2846 4322; baseline 0.001 -24"><span class='ocrx_word' id='word_1_501' title='bbox 435 4243 795 4301; x_wconf 84' lang='lat' dir='ltr'><strong>voluntatem</strong></span> <span class='ocrx_word' id='word_1_502' title='bbox 823 4243 1043 4317; x_wconf 87' lang='lat' dir='ltr'><strong>tuam,&#39;’</strong></span> <span class='ocrx_word' id='word_1_503' title='bbox 1074 4242 1181 4301; x_wconf 80' lang='lat' dir='ltr'><strong>&amp;c.</strong></span> <span class='ocrx_word' id='word_1_504' title='bbox 1213 4242 1290 4301; x_wconf 91' lang='lat' dir='ltr'><strong>id.</strong></span> <span class='ocrx_word' id='word_1_505' title='bbox 1320 4253 1386 4302; x_wconf 88' lang='lat' dir='ltr'><strong>ut</strong></span> <span class='ocrx_word' id='word_1_506' title='bbox 1427 4243 1769 4302; x_wconf 87' lang='lat' dir='ltr'><strong>satisfaciam</strong></span> <span class='ocrx_word' id='word_1_507' title='bbox 1801 4263 1906 4320; x_wconf 90' lang='lat' dir='ltr'><strong>pro</strong></span> <span class='ocrx_word' id='word_1_508' title='bbox 1935 4244 2005 4301; x_wconf 87' lang='lat' dir='ltr'><strong>iis</strong></span> <span class='ocrx_word' id='word_1_509' title='bbox 2039 4264 2186 4322; x_wconf 89' lang='lat' dir='ltr'><strong>quos</strong></span> <span class='ocrx_word' id='word_1_510' title='bbox 2214 4243 2355 4301; x_wconf 86' lang='lat' dir='ltr'><strong>mihi</strong></span> <span class='ocrx_word' id='word_1_511' title='bbox 2384 4243 2613 4319; x_wconf 91' lang='lat' dir='ltr'><strong>dedisti,</strong></span> <span class='ocrx_word' id='word_1_512' title='bbox 2656 4244 2846 4321; x_wconf 85' lang='lat' dir='ltr'><strong>potuit</strong></span> 
     </span>
     <span class='ocr_line' id='line_1_50' title="bbox 434 4321 2843 4398; baseline 0 -19"><span class='ocrx_word' id='word_1_513' title='bbox 434 4322 712 4396; x_wconf 84' lang='lat' dir='ltr'><strong>revocari,</strong></span> <span class='ocrx_word' id='word_1_514' title='bbox 738 4321 878 4398; x_wconf 86' lang='lat' dir='ltr'><strong>quin</strong></span> <span class='ocrx_word' id='word_1_515' title='bbox 908 4342 976 4379; x_wconf 92' lang='lat' dir='ltr'><strong>eo</strong></span> <span class='ocrx_word' id='word_1_516' title='bbox 998 4322 1123 4398; x_wconf 90' lang='lat' dir='ltr'><strong>ipso</strong></span> <span class='ocrx_word' id='word_1_517' title='bbox 1145 4322 1502 4381; x_wconf 85' lang='lat' dir='ltr'><strong>immutabile</strong></span> <span class='ocrx_word' id='word_1_518' title='bbox 1528 4323 1642 4381; x_wconf 92' lang='lat' dir='ltr'><strong>Dei</strong></span> <span class='ocrx_word' id='word_1_519' title='bbox 1670 4323 1963 4381; x_wconf 90' lang='lat' dir='ltr'><strong>decretum</strong></span> <span class='ocrx_word' id='word_1_520' title='bbox 1991 4323 2428 4398; x_wconf 89' lang='lat' dir='ltr'><strong>rescinderetur,</strong></span> <span class='ocrx_word' id='word_1_521' title='bbox 2460 4332 2518 4382; x_wconf 91' lang='lat' dir='ltr'><strong>et</strong></span> <span class='ocrx_word' id='word_1_522' title='bbox 2546 4324 2750 4382; x_wconf 88' lang='lat' dir='ltr'><strong>electio</strong></span> <span class='ocrx_word' id='word_1_523' title='bbox 2769 4322 2843 4380; x_wconf 90' lang='lat' dir='ltr'><strong>ad</strong></span> 
     </span>
     <span class='ocr_line' id='line_1_51' title="bbox 436 4401 2843 4479; baseline 0 -19"><span class='ocrx_word' id='word_1_524' title='bbox 436 4401 681 4460; x_wconf 84' lang='lat' dir='ltr'><strong>salutem</strong></span> <span class='ocrx_word' id='word_1_525' title='bbox 710 4410 1043 4475; x_wconf 86' lang='lat' dir='ltr'><strong>mutaretur,</strong></span> <span class='ocrx_word' id='word_1_526' title='bbox 1074 4402 1170 4460; x_wconf 88' lang='lat' dir='ltr'><strong>vel</strong></span> <span class='ocrx_word' id='word_1_527' title='bbox 1199 4403 1538 4461; x_wconf 88' lang='lat' dir='ltr'><strong>consisteret</strong></span> <span class='ocrx_word' id='word_1_528' title='bbox 1565 4422 1695 4461; x_wconf 89' lang='lat' dir='ltr'><strong>cum</strong></span> <span class='ocrx_word' id='word_1_529' title='bbox 1725 4403 2022 4479; x_wconf 85' lang='lat' dir='ltr'><strong>punitione</strong></span> <span class='ocrx_word' id='word_1_530' title='bbox 2053 4404 2383 4463; x_wconf 88' lang='lat' dir='ltr'><strong>Electorum</strong></span> <span class='ocrx_word' id='word_1_531' title='bbox 2406 4407 2435 4461; x_wconf 76' lang='grc' dir='ltr'><strong><em>Ῥ</em></strong></span> <span class='ocrx_word' id='word_1_532' title='bbox 2517 4402 2685 4477; x_wconf 84' lang='lat' dir='ltr'><strong>Quod</strong></span> <span class='ocrx_word' id='word_1_533' title='bbox 2713 4422 2843 4461; x_wconf 90' lang='lat' dir='ltr'><strong>cum</strong></span> 
     </span>
     <span class='ocr_line' id='line_1_52' title="bbox 436 4478 2845 4559; baseline 0.002 -23"><span class='ocrx_word' id='word_1_534' title='bbox 436 4481 607 4558; x_wconf 84' lang='lat' dir='ltr'><strong>plane</strong></span> <span class='ocrx_word' id='word_1_535' title='bbox 652 4481 729 4539; x_wconf 89' lang='lat' dir='ltr'><strong>sit</strong></span> <span class='ocrx_word' id='word_1_536' title='bbox 764 4478 1015 4555; x_wconf 67' lang='grc' dir='ltr'><strong>ἀδυνάτου,</strong></span> <span class='ocrx_word' id='word_1_537' title='bbox 1061 4480 1368 4539; x_wconf 87' lang='lat' dir='ltr'><strong>absurdam</strong></span> <span class='ocrx_word' id='word_1_538' title='bbox 1414 4483 1588 4541; x_wconf 87' lang='lat' dir='ltr'><strong>etiam</strong></span> <span class='ocrx_word' id='word_1_539' title='bbox 1633 4502 1760 4541; x_wconf 89' lang='lat' dir='ltr'><strong>esse</strong></span> <span class='ocrx_word' id='word_1_540' title='bbox 1804 4482 2173 4559; x_wconf 86' lang='lat' dir='ltr'><strong>hypothesim</strong></span> <span class='ocrx_word' id='word_1_541' title='bbox 2206 4483 2361 4542; x_wconf 90' lang='lat' dir='ltr'><strong>unde</strong></span> <span class='ocrx_word' id='word_1_542' title='bbox 2404 4482 2711 4543; x_wconf 88' lang='lat' dir='ltr'><strong>deducitur</strong></span> <span class='ocrx_word' id='word_1_543' title='bbox 2746 4502 2845 4541; x_wconf 88' lang='lat' dir='ltr'><strong>ne·</strong></span> 
     </span>
     <span class='ocr_line' id='line_1_53' title="bbox 434 4568 729 4619; baseline -0.003 0"><span class='ocrx_word' id='word_1_544' title='bbox 434 4577 594 4619; x_wconf 82' lang='lat' dir='ltr'><strong>cesse</strong></span> <span class='ocrx_word' id='word_1_545' title='bbox 622 4568 729 4618; x_wconf 89' lang='lat' dir='ltr'><strong>est.</strong></span> 
     </span>
    </p>
   </div>
   <div class='ocr_carea' id='block_1_3' title="bbox 518 4636 2845 4717">
    <p class='ocr_par' dir='ltr' id='par_1_6' title="bbox 518 4636 2845 4717">
     <span class='ocr_line' id='line_1_54' title="bbox 518 4636 2845 4717; baseline 0 -16"><span class='ocrx_word' id='word_1_546' title='bbox 518 4636 699 4701; x_wconf 85' lang='lat' dir='ltr'><strong>XIV.</strong></span> <span class='ocrx_word' id='word_1_547' title='bbox 747 4639 911 4702; x_wconf 87' lang='lat' dir='ltr'><strong>Licet</strong></span> <span class='ocrx_word' id='word_1_548' title='bbox 940 4641 1047 4699; x_wconf 88' lang='lat' dir='ltr'><strong>sub</strong></span> <span class='ocrx_word' id='word_1_549' title='bbox 1077 4641 1275 4702; x_wconf 87' lang='lat' dir='ltr'><strong>Veteri</strong></span> <span class='ocrx_word' id='word_1_550' title='bbox 1306 4641 1677 4703; x_wconf 82' lang='lat' dir='ltr'><strong>Testamento</strong></span> <span class='ocrx_word' id='word_1_551' title='bbox 1721 4642 1931 4702; x_wconf 88' lang='lat' dir='ltr'><strong>solutio</strong></span> <span class='ocrx_word' id='word_1_552' title='bbox 1973 4643 2227 4702; x_wconf 89' lang='lat' dir='ltr'><strong>nondum</strong></span> <span class='ocrx_word' id='word_1_553' title='bbox 2260 4642 2394 4703; x_wconf 87' lang='lat' dir='ltr'><strong>data</strong></span> <span class='ocrx_word' id='word_1_554' title='bbox 2429 4641 2666 4717; x_wconf 86' lang='lat' dir='ltr'><strong>fuisset;</strong></span> <span class='ocrx_word' id='word_1_555' title='bbox 2714 4641 2845 4702; x_wconf 85' lang='lat' dir='ltr'><strong>Nou</strong></span> 
     </span>
    </p>
   </div>
   <div class='ocr_carea' id='block_1_4' title="bbox 506 1672 846 1777">
    <p class='ocr_par' dir='ltr' id='par_1_7' title="bbox 506 1672 846 1777">
     <span class='ocr_line' id='line_1_55' title="bbox 506 1672 846 1719; baseline 0 -1"><span class='ocrx_word' id='word_1_556' title='bbox 506 1672 688 1718; x_wconf 84' lang='lat' dir='ltr'><strong>Fontes</strong></span> <span class='ocrx_word' id='word_1_557' title='bbox 709 1674 846 1719; x_wconf 86' lang='lat' dir='ltr'><strong>Solu-</strong></span> 
     </span>
     <span class='ocr_line' id='line_1_56' title="bbox 574 1733 779 1777; baseline -0.01 0"><span class='ocrx_word' id='word_1_558' title='bbox 574 1733 779 1777; x_wconf 83' lang='lat' dir='ltr'><strong>tionum.</strong></span> 
     </span>
    </p>
   </div>
  </div>
 </body>
</html>
