3221 5200
256 366 481 416 Qusss'r.
515 346 718 428 xxva]
1316 368 1395 408 ns
1425 367 1577 408 naus
1607 366 1728 408 nst.
2566 354 2678 412 145

258 509 535 568 scortatio
566 527 602 565 a
632 505 885 584 Paganis
913 505 1029 565 fere
1058 525 1161 583 pro
1190 527 1253 566 re
1281 507 1596 586 adiaphora
1623 506 1962 582 habebatur,
1993 509 2092 568 vel
2121 509 2326 568 saltem
2369 529 2473 586 pro
2502 510 2677 570 levis·

259 589 407 646 sima
434 589 625 666 culpa,
665 586 981 664 praesertim
1011 586 1166 663 apud
1196 588 1451 663 Graecos,
1496 588 1651 666 apud
1680 608 1826 665 quos
1868 589 2123 665 scortari,
2168 597 2234 649 ut
2275 589 2357 647 ait
2387 591 2673 667 Comicus,

257 667 547 744 flagitium
575 687 693 725 non
722 676 863 725 erat.
947 670 1004 724 4.
1049 667 1219 741 Quod
1250 668 1377 726 Lex
1404 669 1516 727 ista
1544 678 1678 727 ante
1711 668 1936 726 Mosem
1965 669 2083 727 lata
2123 669 2249 743 fuit,
2297 670 2446 728 Gen.
2492 670 2571 728 ix.
2603 675 2672 747 43

257 748 409 821 Quia
436 748 622 806 multa
649 746 1071 804 caeremonialia
1096 755 1230 805 ante
1262 748 1489 806 Mosem
1511 748 1637 824 jam
1667 748 2022 824 obtinebant,
2055 757 2119 808 ut
2147 749 2445 824 sacrificia,
2476 758 2536 808 et
2564 751 2674 808 cir-

254 828 554 886 cumcisio·
639 829 696 888 5.
728 826 897 900 Quod
925 827 1071 885 ratio
1102 826 1280 903 Legis
1308 829 1384 886 sit
1412 828 1646 886 moralis
1674 836 1732 886 et
1759 838 2052 904 perpetua,
2084 849 2156 887 ne
2185 829 2447 886 homines
2475 849 2675 889 assue-

257 917 486 966 scentes
517 907 785 983 sanguini
814 907 1065 965 humano
1095 907 1444 966 crudeliores
1473 909 1700 982 forent;
1747 908 1897 982 Quia
1921 909 2070 967 ratio
2099 908 2333 966 moralis
2359 928 2477 966 non
2523 929 2672 967 sem-

253 1007 360 1064 per
395 987 592 1064 arguit
633 986 851 1062 Legem
898 987 1189 1060 moralem,
1243 997 1307 1046 ut
1349 987 1578 1064 septimi
1628 987 1745 1046 diei
1786 988 2114 1046 observatio
2173 988 2453 1046 rationem
2495 990 2672 1049 habet

253 1067 534 1125 moralem
564 1086 639 1124 ex
667 1067 860 1141 quiete
893 1066 1021 1141 Dei,
1052 1086 1168 1123 non
1198 1075 1389 1126 tamen
1420 1077 1508 1126 est
1536 1067 1803 1141 moralis;
1850 1067 2000 1126 adde
2038 1068 2195 1144 quod
2236 1068 2383 1126 ratio
2426 1068 2528 1126 illa
2567 1070 2672 1127 ha-

250 1147 381 1205 buit
409 1146 631 1223 aliquid
656 1146 881 1204 forense
910 1146 1406 1206 accommodatum
1435 1147 1666 1205 duritiei
1695 1157 1755 1206 et
1783 1146 2009 1205 ferociae
2047 1148 2240 1224 gentis
2282 1148 2324 1207 J
2331 1147 2567 1221 udai'cae,
2612 1157 2672 1208 et

248 1246 358 1303 pro
408 1227 628 1284 ratione
678 1226 834 1284 illius
883 1226 1175 1302 temporiS,
1218 1245 1332 1302 quo
1378 1235 1512 1285 ante
1541 1226 1827 1286 diluvium
1854 1227 2182 1286 immaniter
2219 1228 2468 1304 grassati
2508 1236 2674 1289 erant

250 1306 512 1365 caedibus
540 1316 599 1364 et
626 1305 959 1379 latrociniis,
993 1305 1143 1364 Gen.
1173 1306 1252 1364 vi.

337 1386 564 1443 XXII.
610 1387 666 1442 6.
699 1385 821 1443 Nec
850 1385 1098 1462 denique
1125 1384 1283 1462 quod
1311 1386 1647 1445 confirmata
1674 1394 1764 1445 est
1790 1406 1894 1463 per
1925 1386 2223 1464 Synodum
2249 1387 2668 1464 Gangrenscm,

250 1486 379 1542 cap.
413 1470 468 1540 2,
501 1473 558 1523 et
588 1465 1281 1542 Constantinopolitanam
1312 1466 1641 1540 secundam,
1688 1486 1811 1543 cap.
1858 1469 1951 1540 67,
1998 1475 2056 1524 et
2097 1487 2132 1524 a
2175 1467 2369 1525 Leone
2415 1469 2671 1544 Impera-

245 1553 375 1604 tore
405 1545 466 1602 in
493 1545 696 1622 quinto
725 1545 936 1621 secu10,
969 1553 1027 1603 et
1054 1545 1155 1603 diu
1183 1545 1490 1604 observata
1531 1546 1592 1603 in
1638 1545 1902 1604 Ecclesia
1944 1546 2303 1622 Christiana;
2348 1548 2501 1606 unde
2531 1547 2670 1605 Ter-

247 1625 379 1683 tull.
411 1625 472 1681 in
501 1624 755 1701 Apolog.
788 1644 910 1702 cap.
943 1627 997 1699 9,
1029 1625 1181 1683 inter
1207 1633 1561 1684 tentamenta
1590 1625 2045 1684 Christianorum
2076 1626 2249 1684 refert
2275 1627 2464 1684 solitos
2485 1628 2671 1700 fixisse

247 1705 547 1762 admoveri
586 1705 719 1780 ipsis
766 1706 976 1762 botulos
1013 1725 1214 1763 cruore
1261 1705 1526 1764 distentos
1542 1730 1566 1777 ,-
1608 1713 1675 1763 ut
1721 1704 1894 1763 hodie
1946 1704 2189 1763 Armeni
2239 1705 2457 1781 Legem
2507 1706 2667 1763 illam

247 1786 579 1859 observant,
623 1804 729 1842 nec
776 1784 985 1843 desunt
1023 1804 1097 1842 ex
1149 1785 1615 1843 Protestantibus
1659 1784 1760 1860 qui
1827 1804 1952 1841 eam
2002 1783 2361 1842 retinendam
2408 1793 2667 1843 censent.

247 1865 400 1938 Quia
426 1863 748 1922 authoritas
776 1863 1027 1922 humana
1054 1883 1171 1921 non
1200 1863 1374 1922 debet
1402 1864 1838 1941 praeponderare
1868 1862 2099 1937 divinae,
2132 1883 2247 1940 qua
2274 1862 2667 1922 destituuntur

247 1944 536 2002 Veteres:
580 1942 904 2002 diuturnior
932 1963 1070 2002 usus
1101 1943 1279 2020 Legis
1308 1943 1478 2002 istius
1506 1953 1596 2003 est
1638 1963 1712 2001 ex
1754 1963 2028 2020 perversa
2070 1944 2184 2001 loci
2225 1943 2392 2001 istius
2435 1943 2668 2018 exposi-

244 2024 426 2097 tione,
458 2031 517 2082 et
544 2032 814 2100 acceptus
862 2022 1131 2081 ferendus
1159 2043 1358 2082 eorum
1403 2023 1647 2081 inscitiae
1697 2031 1756 2081 et
1797 2022 2100 2100 καοζηλίᾳ,
2144 2023 2245 2099 qui
2294 2042 2385 2080 res
2434 2032 2669 2099 propter

244 2103 407 2161 aliud
434 2111 493 2161 et
538 2105 677 2160 κατὰ
705 2107 755 2160 τὶ
803 2103 1113 2178 institutaS,
1145 2103 1503 2179 distinguere
1545 2102 1918 2162 nesciverunt
1948 2105 2042 2161 vel
2084 2102 2394 2161 noluerunt
2436 2102 2509 2160 ab
2545 2101 2665 2161 illis

245 2203 380 2260 quae
409 2183 749 2261 simpliciter
775 2191 833 2242 et
859 2191 1094 2260 propter
1120 2202 1183 2241 se
1212 2190 1350 2241 sunt
1377 2181 1697 2242 servandae.

1099 2501 1486 2580 QUAESTIO
1535 2502 1788 2565 XXVI.

534 2665 632 2724 An
663 2667 1055 2740 Leaeforemis
1081 2666 1154 2724 sit
1178 2667 1458 2744 abrogata
1484 2667 1545 2726 in
1571 2668 1738 2727 Novo
1771 2668 2119 2726 Testamento
2140 2668 2169 2725 3
2232 2664 2384 2725 Dist.

857 2825 905 2882 Ι.
958 2825 1087 2883 Lex
1123 2826 1375 2900 forensis
1430 2846 1532 2885 seu
1579 2824 1891 2885 Judicialis
1946 2826 2056 2885 fuit
2110 2825 2183 2882 de
2234 2824 2669 2884 Gubernatione

773 2904 931 2963 civili
960 2905 1158 2982 populi
1189 2905 1301 2964 Dei
1328 2906 1388 2962 in
1419 2905 1495 2964 V.
1525 2906 1613 2980 T.,
1646 2915 1705 2965 et
1733 2906 2017 2964 continuit
2049 2906 2316 2982 Systema
2353 2912 2670 2982 praecepto-

773 3003 899 3042 rum
930 2985 1002 3042 de
1031 2984 1214 3042 forma
1240 2984 1407 3043 istius
1445 2986 1744 3061 regiminis
1784 2985 2024 3060 politici.
2112 2984 2306 3060 Hujus
2346 2984 2492 3041 fines
2521 2983 2670 3043 varii

249 3060 499 3137 fuerunt,
535 3066 587 3121 1.
609 3065 835 3135 Εὐταξία
862 3072 921 3122 et
948 3064 1209 3140 legitima
1237 3063 1571 3121 constitutio
1596 3063 1825 3123 Politiae
1846 3064 1888 3121 J
1892 3063 2131 3137 udai‘cae,
2154 3082 2283 3137 quae
2312 3063 2512 3121 debuit
2539 3082 2669 3121 esse

250 3161 389 3199 vera
413 3144 701 3223 θιαςιτίι,
734 3155 799 3203 ut
825 3163 952 3201 eam
982 3152 1153 3202 vocat
1180 3142 1517 3218 Josephus;
1561 3146 1618 3200 2.
1652 3142 1941 3200 Discretio
1982 3141 2149 3200 istius
2181 3141 2346 3217 Reip.
2377 3150 2435 3199 et
2474 3141 2670 3217 gentis

250 3221 326 3277 ab
355 3224 622 3281 omnibus
651 3224 781 3282 aliis
821 3223 1061 3301 populis,
1079 3230 1138 3281 et
1168 3215 1633 3297 Rebuspublicis,
1682 3230 1740 3278 et
1784 3229 1849 3278 ut
1899 3220 2110 3278 Politia
2158 3220 2259 3276 illa
2302 3228 2455 3278 esset
2500 3218 2668 3280 sedes

252 3300 550 3375 Ecclesiae,
582 3311 640 3361 et
667 3304 830 3362 locus
857 3302 1306 3378 patefactionum
1337 3300 1482 3375 Dei3
1529 3303 1586 3359 3.
1606 3299 1941 3359 Vindicatio
1973 3299 2150 3376 Legis
2179 3299 2413 3357 moralis
2455 3307 2514 3357 et
2555 3320 2665 3357 cae-

248 3382 580 3440 remonialis
608 3402 643 3440 a
680 3392 1028 3459 contemptu,
1072 3377 1332 3457 adeoque
1361 3379 1625 3456 obsequii
1666 3400 1806 3456 erga
1847 3388 2149 3456 utramque
2191 3388 2251 3437 et
2292 3378 2668 3456 obligationis

247 3459 580 3537 adstricti03
625 3466 683 3521 4.
714 3461 1101 3520 Adumbratio
1133 3461 1325 3538 Regni
1355 3459 1671 3536 spiritualis
1701 3459 1935 3518 Christi.

247 3567 323 3614 De
373 3571 476 3628 ojus
535 3572 736 3629 atu-oga·
879 3542 963 3599 ΙΙ.
1009 3542 1176 3600 Circa
1201 3540 1635 3617 abrogationem
1664 3540 1791 3618 ejus
1834 3548 1953 3599 tres
1998 3548 2133 3599 sunt
2161 3539 2460 3599 sententiae
2481 3562 2501 3605 t,
2542 3539 2667 3598 Pri-

307 3628 443 3698 tium?
489 3632 590 3674 tres
631 3643 737 3674 een·
777 3641 871 3679 ma
897 3622 959 3678 in
988 3620 1233 3696 defectu,
1264 3620 1785 3696 Anabaptistarum,
1826 3629 1886 3679 et
1925 3620 2372 3695 Antinomorum,
2393 3620 2495 3696 qui
2537 3640 2666 3679 eam

310 3690 499 3732 “³⁰³¹‘’
778 3701 1040 3759 absolute
1070 3710 1129 3760 et
1157 3701 1346 3777 simpl.
1377 3700 1570 3777 quoad
1614 3700 1807 3759 omnia
1845 3700 2182 3776 abrogatam
2211 3710 2475 3775 censent;
2524 3699 2667 3757 Ideo

249 3799 613 3856 quaecunque
640 3779 920 3839 adversus
949 3781 1105 3858 ipsos
1134 3800 1210 3838 ex
1237 3780 1374 3838 Vet.
1404 3779 1775 3838 Testamento
1804 3780 2055 3838 rationes
2082 3786 2356 3855 petuntur
2395 3797 2499 3853 pro
2532 3779 2668 3853 jure

250 3859 653 3935 Magistratus,
685 3869 744 3919 et
771 3860 928 3933 belli,
960 3880 1065 3936 pro
1092 3859 1494 3919 haereditatum
1524 3859 1925 3933 divisionibus,
1970 3866 2029 3916 et
2072 3856 2262 3931 simil„
2292 3857 2401 3913 hac
2431 3875 2546 3913 una
2574 3876 2666 3914 re·

249 3937 559 4015 sponsione
589 3939 777 3997 solent
805 3939 1049 4013 solvere,
1080 3938 1331 3998 forensia
1357 3939 1472 3997 ista
1499 3950 1643 4013 esse,
1677 3947 1736 3997 et
1762 3936 1838 3995 ad
1869 3937 2144 4014 populum
2192 3934 2575 3992 Israeliticum
2607 3944 2667 3994 et

247 4017 324 4077 V.
355 4018 513 4077 Test.
563 4020 869 4095 pertinere,
903 4018 1007 4077 sed
1051 4039 1204 4078 nunc
1254 4018 1363 4077 sub
1407 4017 1576 4076 Novo
1620 4018 1897 4093 abrogata
1939 4035 2065 4074 esse
2086 4037 2121 4091 ;·
2150 4013 2417 4074 Secunda
2458 4013 2517 4069 in
2561 4034 2665 4072 ex-

247 4117 432 4171 cessu,
465 4118 662 4157 eorum
708 4097 809 4176 qui
854 4099 1073 4175 Legem
1115 4098 1285 4158 istam
1328 4097 1517 4156 adhuc
1547 4098 1764 4174 vigere,
1808 4103 1869 4154 et
1909 4093 2265 4153 retinendam
2309 4100 2562 4167 censent,
2608 4101 2668 4152 et

250 4176 427 4255 Resp.
461 4178 818 4237 Christianas
846 4178 923 4236 ad
948 4197 1208 4237 normam
1238 4178 1282 4237 J
1285 4177 1509 4235 udai‘cae
1536 4175 1822 4253 regendas
1850 4193 1994 4249 esse,
2025 4194 2155 4251 quae
2193 4172 2303 4230 fuit
2334 4172 2664 4231 Car-oleata-

245 4257 341 4332 dii,
395 4267 454 4316 et
500 4258 839 4317 Castalionis
887 4258 1190 4333 sententia,
1235 4255 1310 4313 ad
1351 4276 1497 4332 quos
1538 4256 1970 4314 Brockmannus
2014 4253 2380 4311 Lutheranus
2421 4251 2664 4313 accedit.

245 4335 511 4414 Utraque
560 4358 595 4394 a
622 4358 762 4397 vero
792 4338 1059 4396 aberrat:
1106 4336 1289 4409 Prior,
1321 4335 1459 4412 quia
1499 4335 1582 4393 sic
1625 4334 1807 4393 multa
1847 4333 2086 4391 moralia
2126 4331 2406 4408 abrogata
2448 4340 2660 4410 essent,

242 4434 376 4491 quae
416 4417 648 4493 legibus
676 4415 1002 4477 forensibus
1043 4416 1410 4475 continentur
1435 4437 1449 4490 ;
1497 4414 1807 4489 Posterior,
1838 4413 1975 4490 quia
2003 4413 2085 4471 sic
2112 4411 2296 4470 multa
2322 4411 2520 4487 typica
2561 4413 2664 4470 ob-

243 4496 532 4554 servanda
560 4506 770 4571 essent,
803 4505 862 4554 et
890 4516 1019 4572 quae
1049 4516 1083 4554 a
1120 4504 1444 4572 temporum
1487 4502 1811 4552 nostrorum
1854 4493 2075 4550 ratione
2117 4498 2251 4549 sunt
2292 4490 2663 4552 alienissima.

243 4572 446 4634 Tertia
479 4577 959 4651 orthodoxorum,
990 4577 1092 4653 qui
1119 4575 1373 4634 medium
1404 4581 1667 4632 tenentes
1695 4571 2062 4631 distinctione
2089 4591 2212 4629 rem
2241 4570 2574 4648 expediunt,
2606 4582 2668 4639 et

237 4654 565 4714 secundum
593 4656 736 4733 quid
764 4656 1102 4732 abrogatam
1130 4675 1277 4731 esse,
1309 4653 1627 4714 secundum
1657 4652 1797 4730 quid
1826 4671 1963 4710 vero
1991 4652 2180 4709 adhuc
2209 4659 2523 4713 retentam..

448 4752 597 4793 rans
625 4754 689 4794 11.
2139 4751 2183 4790 x

311 2885 456 2948 Legis
478 2889 682 2935 sorensis

436 2948 573 2993 fines.
