3221 5200
485 364 596 421 616
1296 374 1484 415 Locus
1514 375 1777 417 oremus
1809 376 2119 416 snm-mus
2543 355 2808 437 [Quaes‘r.
2844 378 2924 417 11.

483 519 633 576 vivit
659 518 783 574 sine
811 522 1068 591 peccat0,
1097 515 1211 572 nisi
1237 524 1533 591 praecepta
1573 517 1959 574 observande.
2044 516 2106 574 N
2109 535 2176 573 ec
2220 515 2602 590 Augustinus
2649 535 2912 590 respon-

486 598 631 653 dens
644 594 982 669 Pelagianis
999 595 1148 650 duas
1172 593 1304 666 illas
1326 596 1682 667 quaestiones
1700 594 2039 652 distinxisse
2056 594 2293 668 legitur.
2345 593 2634 652 Distinxit
2650 595 2916 668 quidem

485 674 641 730 inter
668 674 824 743 istas,
865 674 1071 730 Utrum
1098 672 1224 747 quis
1252 683 1589 729 renatorum
1605 673 1797 748 faerit
1823 674 1944 731 sine
1971 673 2221 744 crimine,
2251 674 2328 730 ad
2358 691 2541 747 quam
2579 673 2916 746 respondet

489 752 858 821 affirmandO,
880 759 940 809 et
976 753 1181 809 Utrum
1193 751 1384 825 fuerit
1407 750 1526 806 sine
1560 761 1806 825 peccato,
1826 753 1901 808 ad
1930 769 2113 825 quam
2141 753 2457 825 respondet
2486 751 2783 823 negandO,
2826 751 2916 806 de

493 830 720 886 Peccat.
753 829 899 903 orig.
929 830 968 887 1.
1000 828 1037 886 i.
1088 847 1135 884 c.
1166 828 1260 883 48.
1350 827 1466 885 Sed
1494 832 1738 902 quando
1767 829 1965 902 agitur
1992 829 2067 886 de
2095 828 2436 903 impletione
2460 827 2656 900 LegiS,
2699 835 2772 882 ut
2799 828 2914 883 de-

489 908 681 965 fendit
707 908 1002 964 neminem
1033 923 1160 962 esse
1188 905 1313 961 sine
1360 913 1618 980 peccate,
1661 907 1749 965 ita
1776 914 1938 964 tenet
1966 907 2259 963 neminem
2285 907 2346 962 in
2374 907 2488 962 hac
2508 907 2633 962 vita
2653 905 2912 979 implere

497 985 738 1060 Legem.
773 985 931 1042 Vide
959 985 1061 1041 lib.
1092 982 1168 1038 de
1194 983 1431 1056 perfect.
1475 983 1516 1040 J
1522 984 1656 1041 usti.
1686 992 1875 1042 contr.
1908 984 2266 1042 Coelestium.

1082 1059 1198 1116 XI.
1246 1060 1540 1130 Secunde,
1576 1065 1961 1119 confirmatur
1988 1064 2102 1118 hoc
2131 1063 2323 1136 ipsum
2356 1080 2430 1117 ex
2459 1059 2651 1118 Lacca
2684 1058 2912 1117 Carnis·

488 1129 530 1172 2.
561 1129 637 1173 Ex
665 1129 824 1196 Luctp.
842 1128 960 1196 ΨΜ·
1002 1149 1055 1195 et
1082 1138 1350 1213 Spiritus,
1372 1158 1505 1212 quae
1533 1148 1819 1213 perpetuo
1849 1141 2101 1197 occurrit
2121 1142 2182 1196 in
2208 1140 2485 1196 fidelibus
2512 1140 2573 1194 in
2603 1141 2715 1194 hac
2743 1156 2909 1194 mor-

548 1189 623 1231 ¹¹¹³
655 1193 705 1231 ‘³‘
727 1187 957 1241 Spmtus.
999 1216 1247 1286 talitate,
1270 1225 1330 1274 et
1357 1236 1489 1291 quae
1512 1224 1602 1273 tot
1622 1219 1877 1290 gemitus
1899 1224 1958 1274 et
1987 1218 2242 1292 suspiria
2262 1217 2380 1273 illis
2402 1217 2698 1290 exprimit.
2745 1216 2908 1273 Cum

490 1295 647 1352 enim
677 1294 830 1351 Caro
874 1295 1219 1352 adversetur
1263 1295 1413 1369 Legi
1456 1294 1584 1364 Dei,
1629 1315 1738 1352 nec
1780 1296 1871 1351 illi
1912 1295 2282 1367 subjiciatur,
2324 1296 2421 1351 vel
2468 1294 2676 1368 subjici
2716 1295 2908 1351 etiam

492 1373 696 1446 possit,
731 1371 904 1427 Rom.
936 1371 1055 1427 viii.
1086 1372 1142 1442 7,
1193 1379 1375 1445 patet,
1405 1373 1677 1446 quandiu
1708 1373 1860 1430 Caro
1890 1373 1950 1428 in
1995 1373 2164 1429 nobis
2191 1380 2408 1441 manet,
2442 1374 2669 1451 (manet
2695 1381 2908 1428 autem

490 1449 762 1524 quandiu
790 1449 886 1504 hic
914 1448 1164 1525 sumus),
1196 1468 1303 1506 nec
1319 1450 1642 1524 perfectam
1659 1469 1781 1507 esse
1809 1450 2349 1519 sanctificationem,
2367 1469 2475 1507 nec
2494 1451 2714 1523 Legem
2737 1469 2776 1505 a
2793 1468 2906 1505 no-

486 1528 575 1583 bis
604 1544 770 1600 posse
793 1526 1040 1599 impleri.
1126 1526 1377 1584 Luctam
1407 1529 1562 1582 hanc
1590 1526 1817 1584 Paulus
1845 1528 2080 1585 duobus
2122 1528 2266 1584 locis
2295 1528 2574 1602 graphice
2601 1528 2903 1596 describit,

491 1605 624 1662 Gal.
666 1623 719 1661 v,
754 1603 846 1672 17,
898 1610 933 1637 “
960 1602 1112 1661 Caro
1141 1604 1501 1678 concupiscit
1546 1607 1827 1662 adversus
1867 1605 2172 1679 Spiritum,
2201 1613 2261 1662 et
2309 1605 2564 1679 Spiritus
2610 1606 2905 1662 adversus

490 1682 759 1752 Carnem,
791 1683 918 1738 haec
945 1689 1146 1738 autem
1174 1682 1327 1738 inter
1355 1701 1417 1738 se
1447 1683 1718 1757 opposita
1744 1691 1900 1751 sunt,
1931 1691 1999 1739 ut
2027 1702 2149 1740 non
2193 1700 2563 1758 quaecunque
2589 1682 2904 1740 volueritis

490 1762 698 1817 eadem
747 1759 976 1816 faciatis
999 1762 1053 1828 ;'’
1115 1759 1195 1817 Et
1224 1759 1397 1818 Rom.
1430 1760 1548 1829 vii„
1598 1779 1637 1817 a
1663 1779 1783 1817 ver.
1832 1762 1923 1828 14,
1955 1779 2141 1835 usquc
2169 1763 2241 1817 ad
2289 1762 2485 1828 finem,
2531 1766 2564 1792 ‘⁴
2589 1759 2720 1833 Ego
2764 1778 2906 1816 sum

488 1838 740 1896 carnalis
783 1845 844 1894 et
885 1838 1158 1895 venditus
1201 1839 1311 1895 sub
1359 1840 1725 1912 peccatum‚’'
1772 1838 1852 1895 Et
1898 1856 2016 1895 ver.
2072 1840 2163 1909 19,
2229 1845 2263 1871 “
2287 1838 2350 1896 Ν
2355 1857 2431 1895 on
2475 1838 2627 1894 facio
2671 1838 2906 1894 bonum

490 1918 652 1988 quod
680 1917 840 1984 volo,
872 1917 974 1972 sed
1005 1917 1229 1971 malum
1258 1918 1421 1990 quod
1467 1918 1608 1973 nolo
1655 1919 1767 1973 hoc
1810 1918 1986 1988 ag0,'’
2030 1915 2109 1973 Et
2138 1934 2257 1972 ver.
2290 1917 2384 1986 23,
2433 1925 2467 1948 ‘⁴
2495 1915 2690 1972 Video
2718 1916 2909 1971 aliam

489 1994 715 2068 Legem
742 1995 803 2049 in
832 1993 1111 2050 membris
1139 1993 1284 2050 meis
1326 1993 1774 2067 belligerantem
1804 2001 2009 2050 contra
2058 1995 2282 2066 Legem
2329 1993 2558 2060 mentis,
2609 2000 2670 2049 et
2715 1993 2906 2067 capti-

486 2079 728 2128 vantem
754 2089 849 2127 me
878 2072 988 2127 sub
1018 2071 1240 2144 Legem
1273 2072 1512 2145 peccati.
1600 2071 1780 2128 Unde
1810 2072 1869 2126 in
1900 2072 2129 2129 tristem
2156 2072 2331 2127 istam
2360 2071 2660 2144 querelam
2700 2088 2906 2126 erum-

486 2150 592 2223 pit,
614 2168 735 2206 ver.
761 2149 854 2218 24,
887 2155 921 2181 ‘⁶
947 2147 1133 2204 Miser
1159 2167 1290 2222 ego,
1320 2150 1454 2223 quis
1483 2167 1578 2206 me
1606 2149 1884 2206 liberabit
1911 2168 1983 2205 ex
2012 2151 2125 2205 hoc
2151 2167 2393 2222 corpere
2421 2148 2626 2205 mortis
2651 2149 2709 2204 ?’'
2779 2147 2905 2205 Hae

487 2245 628 2284 vero
658 2244 779 2282 non
809 2233 948 2282 sunt
976 2244 1145 2283 voces
1173 2227 1429 2283 hominis
1461 2225 1687 2300 Legem
1715 2226 1969 2300 perfecte
1998 2226 2298 2299 implentis
2325 2233 2384 2282 et
2405 2225 2906 2299 supererogantiS,

485 2307 588 2362 scd
629 2304 918 2377 gementis
967 2304 1077 2359 sub
1118 2305 1380 2378 pondere
1420 2305 1664 2378 peccati,
1693 2312 1753 2360 et
1795 2306 1872 2360 ad
1920 2305 2333 2361 liberationem
2380 2303 2729 2360 anhelantis.
2817 2302 2908 2360 Et

487 2403 623 2441 cum
653 2381 1143 2456 Concupiscentia
1171 2381 1249 2438 sit
1274 2390 1581 2455 peccatum
1610 2384 1772 2456 Lege
1799 2382 2067 2451 vetitum,
2099 2389 2168 2438 ut
2193 2381 2414 2438 ibidem
2445 2381 2776 2455 Apostolus
2813 2389 2906 2438 te-

483 2468 691 2529 statur,
725 2460 1044 2527 Quomodo
1072 2467 1264 2533 potest
1280 2460 1523 2533 implere
1554 2461 1803 2534 Legem,
1823 2459 1926 2534 qui
1955 2459 2213 2516 motibus
2236 2459 2721 2533 concupiscentiae
2741 2476 2903 2516 scm-

484 2558 588 2614 per
614 2545 704 2594 est
731 2538 1063 2594 obnoxius?
1104 2545 1163 2595 ct
1191 2538 1294 2612 qui
1322 2556 1454 2596 eam
1476 2540 1804 2596 luctantem
1835 2545 1894 2595 ct
1917 2538 2366 2612 belligerantem
2387 2537 2453 2593 in
2474 2536 2751 2593 membris
2774 2537 2904 2594 suis

485 2620 767 2675 adversus
798 2616 1087 2689 Spiritum
1116 2634 1347 2690 semper
1374 2618 1718 2691 experitur?

568 2693 724 2749 XII.
769 2693 903 2749 Scio
926 2693 1022 2748 hic
1054 2694 1335 2750 Socinum
1364 2712 1672 2767 reponere,
1692 2713 1810 2750 non
1832 2695 1928 2768 agi
1959 2694 2131 2751 Rom.
2152 2695 2272 2762 vii„
2295 2695 2369 2750 de
2399 2692 2592 2750 Paulo
2611 2694 2905 2767 regenito,

486 2773 589 2828 scd
618 2770 728 2825 sub
760 2768 919 2841 Lege
947 2770 1286 2826 constituto.
1375 2770 1471 2827 Sic
1499 2772 1658 2828 enim
1687 2773 1788 2828 ille
1816 2773 1876 2828 in
1907 2773 2110 2829 libello
2128 2774 2202 2828 de
2228 2772 2448 2845 Capitis
2476 2773 2656 2845 hujus
2679 2790 2859 2829 sensu
2887 2795 2902 2831 :

487 2857 522 2881 “
551 2846 900 2906 Cavendum
927 2848 1073 2915 est‚''
1104 2847 1313 2919 inquit,
1340 2854 1371 2879 “
1387 2848 1618 2920 judicio
1648 2867 1780 2905 meo
1810 2856 2097 2922 tanquam
2134 2850 2209 2906 ab
2238 2850 2364 2923 ipsa
2385 2858 2563 2923 peste,
2593 2868 2667 2905 ne
2696 2850 2905 2908 locum

485 2927 683 2994 istum,
713 2941 838 2997 cap.
871 2921 925 2992 7,
954 2923 1139 2998 Epist.
1169 2925 1246 2979 ad
1277 2923 1474 2994 Rom„
1504 2927 1580 2981 ad
1613 2926 1873 2983 Paulum
1901 2927 2098 3000 ipsum
2130 2929 2261 2999 jam
2301 2934 2574 2982 renatum
2602 2928 2905 3000 pertinere

483 3004 653 3062 nobis
682 3003 1142 3077 persuadeamus
1164 3023 1178 3071 ;
1222 3003 1334 3058 hoc
1360 3003 1518 3059 enim
1545 3004 1679 3061 loco
1712 3004 1971 3062 Paulum
1998 3007 2297 3061 hominem
2331 3004 2548 3061 Christi
2575 3004 2774 3077 gratia
2795 3023 2903 3062 ex·-

484 3090 727 3157 pertcm‚
759 3087 818 3136 et
844 3081 921 3137 ab
950 3081 1077 3154 ipsa
1111 3080 1272 3155 Lege
1318 3083 1676 3155 pendentem
1723 3083 2050 3139 describere
2079 3084 2305 3139 affirmo
2326 3083 2390 3152 ;''
2437 3081 2524 3138 Ut
2564 3082 2648 3138 ita
2680 3084 2905 3140 descri-

483 3162 658 3217 batur
686 3177 892 3233 pngna
919 3159 1075 3216 inter
1102 3159 1432 3234 appetitum
1460 3167 1520 3217 et
1539 3168 1796 3217 mentem
1827 3168 2004 3234 atque
2033 3160 2420 3230 intellectum,
2451 3159 2593 3232 quia
2619 3161 2905 3218 volunta-

483 3247 604 3295 tem
632 3239 767 3294 vult
797 3256 930 3295 esse
961 3238 1234 3308 mediam,
1266 3256 1399 3311 quae
1427 3238 1729 3295 interdum
1770 3238 2076 3312 appetitui,
2105 3238 2407 3294 interdum
2452 3238 2636 3294 menti
2678 3238 2740 3293 in
2781 3240 2906 3297 hoc

480 3316 757 3374 conflictu
801 3315 1044 3374 accedit.
1147 3315 1453 3374 Arminius
1500 3335 1619 3373 non
1667 3316 1848 3373 aliam
1895 3315 2110 3372 insistit
2157 3317 2335 3372 viam.
2382 3314 2462 3372 Et
2508 3334 2628 3372 non
2677 3316 2904 3375 desunt

486 3395 669 3451 etiam
696 3413 729 3450 e
759 3393 820 3451 N
826 3394 1015 3464 ostriS,
1044 3396 1149 3467 qni
1174 3396 1237 3451 in
1265 3395 1418 3451 hanc
1445 3394 1797 3452 sententiam
1840 3396 2208 3467 propendent
2232 3415 2245 3451 ε
2293 3394 2440 3450 Ideo
2463 3412 2684 3449 novum
2710 3412 2902 3468 quen·

482 3474 622 3528 dam
650 3478 710 3528 et
735 3472 981 3527 tertium
1022 3479 1243 3529 statum
1281 3471 1517 3545 fingunt
1563 3473 1719 3528 inter
1746 3479 1969 3528 statum
2021 3471 2292 3540 Naturae,
2323 3472 2383 3527 in
2432 3489 2553 3545 quo
2584 3472 2762 3528 homo
2805 3482 2902 3531 est

483 3549 682 3605 adhuc
707 3547 1078 3619 irregenitus‚
1108 3555 1168 3604 et
1204 3555 1425 3604 statum
1457 3549 1697 3618 Gratiae,
1722 3549 1783 3604 in
1813 3567 1933 3622 quo
1954 3549 2083 3620 jam
2124 3558 2213 3606 est
2241 3549 2556 3623 regenituS,
2591 3548 2732 3605 nim.
2776 3558 2900 3606 sta-

484 3632 615 3681 tum
645 3624 756 3678 sub
787 3623 946 3696 Lege
975 3630 1035 3679 et
1062 3626 1172 3680 sub
1203 3625 1431 3697 Spiritu
1460 3626 1779 3695 servitutis,
1811 3626 1870 3681 in
1899 3645 2019 3700 quo
2048 3627 2227 3685 homo
2262 3628 2530 3684 nondum
2559 3627 2638 3683 sit
2664 3628 2897 3700 regeni-

482 3710 598 3771 tuS,
643 3703 745 3757 sed
787 3719 895 3757 nec
938 3701 1113 3773 plane
1167 3702 1557 3774 irregenitus;
1622 3705 1723 3759 sed
1772 3703 1976 3776 aliqua
2020 3703 2198 3776 Legis
2247 3704 2460 3761 notitia
2506 3702 2792 3773 imbutus,
2835 3714 2902 3764 et

484 3780 710 3857 Spiritu
737 3778 1036 3837 servitutis
1082 3779 1385 3855 praeditus,
1414 3779 1477 3835 in
1506 3798 1628 3853 quo
1657 3782 2017 3837 alternantes
2045 3780 2185 3838 istas
2214 3783 2370 3839 vices
2413 3782 2729 3854 experitur,
2761 3783 2897 3856 qui—

480 3861 594 3917 bus
636 3876 1069 3932 nonnunquam
1110 3859 1347 3914 videtur
1386 3859 1462 3914 ad
1507 3858 1735 3914 bonum
1779 3860 2052 3915 accedere
2090 3878 2164 3915 ex
2203 3860 2382 3933 Legis
2432 3860 2788 3933 cognitione,
2832 3870 2898 3919 et

484 3938 740 4011 Spiritus
761 3936 1059 3994 servitutis
1088 3938 1365 4011 impulsu,
1395 3937 1574 3993 modo
1603 3955 1744 3992 vero
1771 3937 1847 3992 ab
1876 3955 1945 3993 eo
1968 3939 2236 3994 recedere
2254 3946 2314 3995 et
2341 3939 2400 3993 in
2430 3944 2734 4012 peccatum
2757 3956 2897 4011 pro-

481 4015 624 4090 pelli
653 4033 725 4072 ex
754 4016 1127 4088 appetituum
1156 4024 1570 4089 corruptorum
1599 4013 1966 4086 impotentia.
2051 4015 2168 4073 Sed
2205 4016 2493 4090 quicquid
2534 4016 2896 4090 pertendant

484 4095 739 4166 utrique,
770 4109 889 4148 non
910 4112 1228 4168 possumus
1245 4094 1514 4150 recedere
1536 4110 1573 4149 a
1599 4092 1892 4149 sententia
1918 4093 2072 4149 inter
2092 4094 2476 4151 Orthodoxos
2497 4093 2896 4151 communiter

482 4178 733 4244 recepta,
765 4189 898 4244 quae
948 4171 1154 4227 statuit
1198 4171 1456 4228 Paulum
1504 4188 1679 4243 agere
1707 4171 1781 4226 de
1825 4189 1886 4226 se
1916 4177 1984 4226 ut
2012 4171 2295 4244 regenit0‚
2346 4179 2407 4228 et
2445 4172 2670 4228 luctam
2719 4170 2893 4227 illam

478 4267 738 4323 gravem,
767 4267 899 4321 quae
928 4266 1082 4323 saepe
1111 4248 1421 4305 intercedit
1445 4249 1599 4305 inter
1627 4257 1884 4305 veterem
1911 4256 1972 4306 et
1997 4267 2219 4304 novum
2258 4249 2603 4319 Hominem,
2638 4248 2893 4307 Carnem

479 4335 539 4383 et
567 4326 855 4400 Spiritum
882 4327 1173 4400 pathetice
1206 4326 1548 4382 describere.
1678 4319 1727 4367 θ’·

563 4405 751 4462 XIII.
797 4405 918 4463 Nec
966 4406 1175 4463 desunt
1222 4404 1473 4462 rationes
1519 4404 1693 4461 variae
1724 4404 1933 4480 quibus
1980 4404 2041 4462 id
2069 4406 2343 4481 probetur
2369 4430 2381 4465 ε
2409 4406 2424 4417 “
2446 4409 2498 4464 1.
2527 4408 2579 4463 A
2609 4405 2895 4464 notatione

479 4485 758 4560 temporis.
844 4484 991 4559 Quia
1015 4484 1230 4542 Paulus
1260 4503 1374 4541 non
1403 4483 1659 4559 loquitur
1687 4484 1746 4541 in
1775 4493 2030 4560 tempore
2053 4486 2360 4561 praeterite,
2385 4495 2451 4546 ut
2479 4494 2664 4560 antea,
2689 4504 2809 4542 ver.
2832 4487 2888 4560 9,

477 4563 580 4620 sed
607 4564 667 4619 in
695 4563 978 4639 praesenti,
1012 4583 1130 4620 ver.
1168 4567 1258 4636 14,
1307 4566 1342 4595 “
1363 4563 1492 4638 Ego
1511 4564 1756 4621 carnalis
1786 4565 1973 4639 sum,''
2020 4562 2147 4638 δῖα,
2178 4586 2298 4623 ver.
2348 4567 2439 4639 19,
2505 4568 2539 4598 “
2564 4565 2695 4622 Non
2740 4563 2891 4624 facio

477 4642 692 4699 bonum
721 4643 878 4718 quod
919 4642 1071 4715 vole,
1095 4642 1367 4700 Delector
1397 4642 1555 4717 Lege
1578 4642 1747 4717 Dei,'’
1781 4641 1888 4702 &c.
1975 4644 2060 4702 At
2089 4664 2267 4720 quum
2287 4646 2412 4704 haec
2436 4644 2741 4719 scribebat,
2773 4664 2892 4702 non
