3221 5200
321 360 543 410 Quaes‘r.
576 344 782 428 xvm.]
1008 365 1086 404 m:
1116 362 1347 405 ori-'1010
1376 362 1610 402 cums-m
1643 360 2031 402 nnuma-omo.
2615 360 2733 418 435

311 503 409 577 ris,
460 511 526 560 ut
581 503 786 564 fortius
826 513 885 563 et
924 504 1150 565 felicius
1197 504 1477 564 adversus
1524 524 1626 564 eos
1653 501 1966 582 ‚disputare
2013 504 2318 583 possimus,
2357 512 2614 587 proclive
2643 525 2733 577 est

314 581 501 640 cuivis
529 583 874 662 intelligere.

920 665 1029 723 IV.
1078 665 1162 724 Ut
1209 683 1348 722 vero
1385 663 1494 722 rite
1538 669 1801 722 teneatur
1849 662 2196 736 Quaestionis
2245 666 2458 745 Status,
2512 671 2572 728 in
2611 693 2727 750 quo

374 727 739 831 Stattuixgnssuoes·
845 744 1112 822 ponendo
1143 744 1290 803 solet
1337 764 1372 801 a
1399 743 1575 801 variis
1614 741 1855 819 peccari,
1902 742 2143 801 ObserV.
2179 746 2229 803 1.
2267 747 2399 806 Non
2445 753 2625 826 quaeri
2654 754 2727 813 de

628 819 639 831 '
848 824 1205 882 Adoratione
1237 823 1450 881 Christi
1474 821 1830 895 Mediatoris,
1862 840 1968 880 nec
1989 822 2277 898 quodnam
2308 828 2385 886 sit
2445 832 2725 905 Objectum

307 902 616 978 materiale,
663 903 713 961 si
752 903 839 962 fas
882 904 962 962 ita
1002 904 1178 980 loqui,
1223 902 1589 976 adorationis,
1635 902 1697 958 in
1756 901 1914 977 quod
1975 902 2174 961 tendat
2235 906 2526 986 adoratio3
2573 910 2724 971 Nam

307 979 381 1038 de
426 1000 494 1040 eo
549 984 915 1041 consentiunt
962 1002 1162 1041 omnes
1207 981 1530 1042 Orthodoxi
1585 989 1785 1039 contra
1836 980 2190 1058 Socinianos,
2244 985 2535 1046 Christum
2574 992 2721 1049 θυίν-

305 1070 504 1138 οςυποι,
539 1062 919 1121 Mediatorem
966 1072 1241 1137 nostrum,
1274 1060 1630 1119 adorandum
1674 1079 1800 1118 esse
1849 1059 2180 1120 adoratione
2218 1064 2490 1142 religiosa
2527 1077 2585 1127 et
2613 1072 2722 1129 soli

309 1139 435 1197 Deo
486 1140 718 1217 debita3
766 1141 884 1200 Sed
931 1142 1002 1200 de
1055 1143 1272 1218 Objecto
1300 1142 1562 1215 formali,
1615 1159 1715 1197 seu
1763 1139 1984 1198 ratione
2014 1141 2122 1198 sub
2149 1162 2264 1218 qua
2291 1145 2617 1207 adorandus
2646 1151 2723 1209 sit

308 1217 587 1295 ChristuS,
621 1220 720 1278 An
750 1222 826 1279 sit
852 1229 1075 1280 tantum
1128 1221 1329 1278 Deitas
1359 1218 1589 1293 Christi,
1639 1218 1738 1276 An
1786 1237 1923 1277 vero
1952 1220 2125 1278 etiam
2154 1222 2280 1297 ejus
2307 1224 2634 1287 humanitas
2662 1237 2723 1288 et

303 1298 585 1357 Mediatio
615 1320 717 1359 seu
747 1300 1015 1359 Officium
1046 1300 1455 1358 Mediatorium
1474 1303 1503 1357 Ρ
1553 1299 1652 1355 An
1683 1298 1759 1357 sit
1785 1298 2111 1358 adorandus
2140 1320 2255 1377 qua
2285 1304 2445 1363 Deus
2474 1314 2715 1384 tantum,

301 1375 401 1434 An
430 1378 603 1436 etiam
633 1399 747 1455 qua
778 1380 1109 1438 Mediator?
1175 1381 1252 1436 Et
1279 1380 1415 1456 quia
1440 1378 1737 1456 particulae
1765 1379 1891 1435 istae
1920 1399 2050 1454 qua,
2083 1390 2369 1458 quatenus,
2402 1387 2552 1461 quia,
2587 1386 2714 1464 &c.,

299 1456 396 1514 vel
425 1457 600 1515 latius
622 1469 680 1517 et
706 1461 1066 1537 specqficative
1115 1459 1264 1517 sumi
1315 1460 1518 1532 solent,
1552 1466 1617 1515 ut
1666 1457 2025 1534 specificetur
2053 1460 2346 1536 objectum
2375 1465 2528 1523 circa
2558 1468 2715 1542 quod

299 1535 521 1612 aliquid
548 1538 630 1613 fit,
664 1539 761 1596 vel
809 1540 1064 1597 strictius
1108 1548 1165 1597 et
1192 1539 1606 1615 reduplicativa
1655 1557 1831 1613 quum
1861 1537 2142 1596 limitatur
2166 1560 2272 1617 per
2314 1544 2594 1603 rationem
2624 1567 2712 1605 se-

295 1616 546 1673 cundum
576 1637 748 1694 quam
798 1619 1171 1694 praedicatum
1216 1618 1475 1695 subjecto
1505 1618 1820 1692 convenit3
1880 1617 2012 1703 Non
2054 1629 2359 1678 sumuntur
2384 1624 2478 1682 hic
2526 1626 2712 1700 primo

297 1712 485 1767 sensu,
520 1696 622 1754 sed
651 1698 969 1773 posteriori.
1057 1698 1187 1755 Non
1217 1699 1508 1774 quaeritur,
1542 1697 1642 1754 An
1672 1697 1934 1754 Christus
1963 1717 2077 1774 qua
2106 1698 2397 1759 Mediator
2422 1706 2706 1777 specifica·

294 1773 417 1846 tive,
449 1773 525 1833 id.
557 1777 656 1851 qui
676 1776 966 1835 Mediator
993 1784 1096 1851 est,
1130 1777 1205 1834 sit
1232 1776 1577 1850 adoranduS,
1612 1775 1714 1833 sed
1749 1777 2167 1853 reduplicatzbe,
2200 1798 2313 1853 qua
2342 1781 2476 1838 talis
2505 1792 2562 1841 et
2601 1785 2708 1842 sub

300 1851 402 1909 illa
430 1852 655 1911 formali
686 1856 923 1914 ratione.

375 1932 449 1989 V.
497 1938 553 1991 2.
599 1935 729 1991 Non
774 1935 953 2010 quaeri
1003 1932 1074 1991 de
1120 1935 1333 1992 motivis
1380 1942 1439 1992 et
1485 1931 1822 2006 rationibus,
1847 1942 2082 2009 propter
2106 1954 2253 2012 quas
2285 1936 2546 1997 Christus
2569 1941 2705 1999 ado-

291 2011 405 2067 rari
433 2021 491 2071 et
519 2013 632 2071 coli
668 2021 860 2089 potest
903 2033 970 2070 ac
1000 2013 1173 2071 debet
1197 2036 1210 2072 :
1296 2013 1580 2071 Convenit
1629 2011 1781 2068 enim
1809 2012 1959 2069 inter
1986 2033 2185 2072 omnes
2213 2035 2310 2073 eas
2339 2036 2454 2074 non
2483 2028 2706 2078 tantum

292 2091 570 2166 petendas
599 2112 723 2149 esse
752 2092 825 2149 ab
858 2096 1079 2171 ὑπιςοχῖ
1123 2093 1448 2168 Majestatis
1487 2090 1720 2163 divinae,
1770 2091 1873 2148 sed
1914 2092 2086 2149 etiam
2124 2114 2158 2151 a
2187 2095 2480 2154 beneficiis
2509 2099 2703 2175 variis,

292 2188 419 2243 quae
469 2171 542 2229 ab
591 2171 717 2246 ipso
766 2172 933 2229 nobis
982 2157 1192 2229 collata
1220 2181 1372 2245 sunt,
1406 2172 1529 2228 sive
1559 2171 1618 2227 in
1650 2170 1966 2245 Creatione,
1999 2172 2124 2229 sive
2151 2174 2212 2230 in
2244 2174 2662 2252 Redemptione
2688 2202 2701 2237 ε

296 2247 413 2305 Sed
441 2248 512 2306 de
526 2252 919 2324 fundamento,
951 2249 1108 2326 quod
1135 2249 1337 2308 fundet
1385 2249 1863 2324 adorabilitatem,
1905 2270 2005 2308 seu
2036 2249 2107 2309 de
2141 2254 2402 2312 Termino
2431 2257 2700 2333 ultimato,

288 2325 350 2381 in
391 2344 561 2403 quem
610 2328 840 2404 feratur,
889 2339 947 2387 et
993 2329 1053 2386 in
1083 2348 1198 2405 quo
1247 2330 1583 2388 terminetur
1630 2328 1906 2387 adoratio,
1991 2331 2175 2403 Quem
2214 2332 2315 2389 alii
2342 2335 2549 2393 volunt
2576 2357 2704 2396 esse

292 2405 475 2463 solam
506 2407 812 2482 Deitatem,
844 2409 943 2465 alii
971 2409 1143 2467 etiam
1172 2409 1355 2484 ipsam
1386 2407 1818 2466 Mediationem.

371 2485 481 2544 VI.
528 2487 627 2544 Ad
654 2486 1003 2547 decisionem
1034 2488 1398 2562 Quaestionis,
1423 2495 1670 2565 quatuor
1700 2488 1792 2545 hic
1813 2496 2077 2546 accurate
2107 2497 2242 2548 sunt
2271 2489 2699 2569 distinguenda.

294 2566 346 2623 1.
398 2567 679 2642 Objectum
706 2567 863 2644 quod
891 2568 1179 2628 adoratur.
1265 2571 1321 2627 2.
1364 2570 1835 2644 Fundamentum,
1867 2587 1969 2626 seu
1997 2569 2142 2628 ratio
2171 2556 2427 2630 formalis
2449 2573 2557 2632 sub
2586 2594 2702 2652 qua

288 2644 577 2706 adoratur.
661 2651 717 2706 3.
761 2650 983 2708 Motiva
1031 2656 1089 2707 et
1135 2648 1387 2707 rationes
1431 2657 1666 2726 propter
1692 2668 1837 2724 quas
1865 2648 2152 2707 adoratur.
2236 2654 2293 2708 4.
2337 2653 2695 2731 Adiunctum,

287 2724 410 2783 sine
433 2746 549 2802 quo
577 2747 694 2785 non
722 2728 1012 2787 adoratur.
1103 2730 1383 2804 objectum
1430 2737 1519 2787 est
1549 2729 1805 2787 Persona
1850 2727 2207 2803 Mediatoris,
2231 2749 2348 2788 non
2370 2752 2485 2808 qua
2517 2735 2695 2811 Deus,

284 2812 385 2863 aut
412 2806 583 2864 homo
612 2808 865 2882 praecise,
898 2808 1002 2866 sed
1029 2827 1145 2884 qua
1171 2808 1506 2888 &drogum-053
1592 2810 2044 2866 Fundamentum
2077 2808 2429 2870 adorationis
2457 2822 2545 2872 est
2575 2815 2699 2873 sola

287 2883 506 2958 Deitas,
538 2887 674 2962 quia
721 2887 867 2944 nihil
914 2887 1272 2946 adorandum
1320 2898 1409 2946 est
1457 2896 1665 2965 praeter
1717 2888 1904 2945 Deum
1935 2910 1949 2962 3
2006 2888 2282 2946 stiotivum
2310 2910 2425 2948 non
2455 2901 2543 2951 est
2573 2895 2697 2952 sola

289 2961 628 3022 Divinitatis
676 2967 1034 3040 excellentia,
1089 2967 1192 3025 sed
1234 2969 1398 3024 varia
1446 2967 1633 3024 officia
1677 2976 1735 3024 et
1764 2965 2041 3025 beneficia
2070 2968 2300 3044 Christi,
2331 2971 2695 3045 potissimum

284 3059 425 3097 vero
455 3042 579 3117 ipsa
625 3043 905 3102 Mediatio
934 3068 949 3119 3
1007 3047 1350 3120 Adiunctum
1397 3055 1485 3104 est
1516 3047 1680 3119 Car0,
1733 3064 1835 3102 seu
1867 3045 2140 3102 Humana
2167 3048 2294 3121 ejus
2317 3057 2536 3123 natura,
2569 3052 2694 3111 sine

281 3137 397 3194 qua
445 3119 701 3178 Persona
743 3142 860 3180 non
903 3123 1190 3181 adoratur.
1295 3124 1463 3197 Quod
1520 3133 1768 3199 quatuor
1817 3123 2315 3199 propositionibus
2363 3129 2693 3203 complecti-

281 3217 426 3256 mur.

362 3278 508 3336 VII.
555 3279 785 3340 Prima:
813 3281 1095 3339 Adoratio
1128 3281 1350 3340 Christo
1379 3279 1696 3339 Mediator-i
1719 3281 1963 3355 debetur,
1994 3289 2048 3338 et
2062 3282 2306 3357 proprie
2322 3292 2404 3341 est
2425 3286 2695 3345 Personae

279 3358 634 3433 Mediator-ie,
665 3369 719 3417 et
737 3363 957 3419 adeam
976 3361 1240 3437 pertinet.
1328 3362 1416 3419 De
1445 3381 1560 3437 qua
1586 3360 1748 3418 nulla
1776 3369 1864 3418 est
1890 3359 2041 3418 inter
2069 3360 2438 3421 Orthodoxos
2467 3375 2693 3424 contro-

280 3438 486 3513 versia,
511 3439 612 3514 qui
639 3449 839 3499 contra
872 3441 1209 3499 Socinianos
1241 3441 1529 3518 justitiam
1559 3449 1618 3498 et
1651 3440 2052 3498 necessitatem
2096 3440 2448 3501 adorationis
2478 3444 2692 3505 Christi

279 3523 513 3575 tuentur
530 3538 605 3576 ex
627 3521 917 3597 expressis
943 3520 1252 3597 Scripturae
1283 3519 1560 3595 Oraculis,
1586 3518 1769 3597 (Psal.
1800 3519 1858 3576 ii.
1888 3521 1978 3594 11,
2005 3522 2096 3593 12,
2128 3529 2187 3580 et
2213 3522 2390 3580 xcvii.
2423 3528 2454 3580 7
2483 3546 2497 3598 ;
2532 3525 2686 3584 Heb.

279 3596 316 3653 i.
362 3601 433 3672 63
497 3598 664 3657 Matt.
690 3600 748 3657 ii.
773 3605 827 3675 2,
857 3603 948 3674 11,
974 3608 1032 3659 et
1054 3601 1173 3658 viii.
1195 3605 1249 3674 2,
1282 3609 1340 3659 et
1367 3601 1447 3658 ix.
1483 3602 1574 3675 18,
1606 3608 1665 3658 et
1693 3600 1813 3658 xiv.
1846 3602 1941 3675 33,
1974 3607 2033 3658 et
2060 3620 2159 3660 xv.
2184 3605 2279 3675 25,
2305 3611 2363 3661 et
2392 3604 2597 3663 xxviii.
2630 3607 2685 3680 9,

284 3676 355 3732 17
382 3697 396 3750 3
465 3676 606 3736 Luc.
652 3680 815 3737 xxiv.
868 3683 943 3738 52
969 3701 983 3755 3
1027 3681 1070 3738 J
1075 3681 1167 3738 oh.
1216 3681 1274 3739 ii.
1332 3684 1428 3754 23,
1479 3688 1538 3738 et
1586 3680 1667 3739 ix.
1719 3682 1794 3738 38
1820 3701 1834 3752 3
1901 3678 2037 3738 Act.
2094 3681 2194 3739 vii.
2242 3684 2336 3755 59,
2396 3682 2520 3762 60‚)
2571 3704 2689 3742 non

277 3762 502 3812 tantum
543 3766 827 3832 quatenus
882 3768 970 3818 est
1023 3761 1189 3831 Λόγος
1238 3768 1296 3818 et
1351 3760 1536 3818 Filius
1568 3760 1696 3834 Dei,
1745 3759 1849 3818 sed
1896 3759 2069 3817 etiam
2116 3769 2401 3835 quatenus
2430 3771 2518 3820 est
2542 3765 2689 3821 &uiv-

278 3840 465 3912 οςυπ-ος
506 3843 564 3892 et
607 3837 911 3912 Mediator,
957 3841 1091 3915 quia
1119 3840 1205 3897 illi
1253 3838 1495 3898 debetur
1540 3838 1703 3913 fides,
1749 3859 1863 3914 qua
1904 3839 2008 3896 tali
2035 3845 2094 3897 et
2135 3838 2404 3898 distincte
2433 3861 2467 3897 a
2498 3842 2686 3917 Patre,

278 3913 313 3970 .]
324 3913 417 3969 oh.
449 3912 570 3970 xiv.
620 3917 670 3988 1,
716 3914 959 3975 debetur
980 3919 1186 3992 cultuS,
1217 3926 1283 3975 ut
1309 3918 1511 3976 Judici
1539 3928 1598 3976 et
1621 3918 1773 3974 Filio
1801 3917 2068 3991 hominis,
2109 3917 2152 3975 J
2156 3918 2249 3975 oh.
2280 3937 2337 3975 v.
2368 3922 2463 3993 22,
2496 3923 2590 3993 23,
2623 3929 2689 3980 ut

280 3991 405 4049 Deo
433 3990 730 4052 incarnato
752 4002 809 4053 et
837 3996 1091 4054 venienti
1120 3997 1179 4053 in
1207 3996 1502 4069 mundum,
1537 3995 1689 4054 Heb.
1715 3996 1751 4053 i.
1784 3998 1839 4068 6,
1870 4002 1936 4053 ut
1965 3994 2158 4071 Agn0,
2190 3996 2376 4072 Apoc.
2406 4016 2464 4055 v.
2501 4000 2592 4072 12,
2622 4008 2689 4059 ut

279 4071 670 4149 Redemptori,
717 4075 746 4130 1
781 4074 910 4133 Cor.
960 4075 1039 4134 vi.
1069 4078 1164 4149 20,
1194 4084 1260 4133 ut
1307 4075 1572 4149 DominO,
1605 4075 1705 4150 qui
1754 4081 1987 4151 propter
2030 4075 2477 4134 exinanitionem
2525 4097 2689 4136 suam

276 4152 564 4210 exaltatus
614 4161 719 4227 est,
768 4161 827 4212 et
869 4174 1078 4213 nomen
1128 4173 1301 4230 supra
1348 4174 1514 4212 omne
1562 4173 1773 4211 nomen
1802 4153 2068 4227 obtinuit,
2099 4161 2165 4211 ut
2191 4153 2251 4211 in
2279 4155 2508 4214 nomine
2537 4157 2581 4214 J
2584 4177 2687 4217 esu

276 4250 443 4290 omne
473 4252 627 4309 genu
662 4233 939 4307 flectatur,
966 4234 1092 4310 δῖα,
1126 4233 1276 4292 Phil.
1317 4234 1376 4291 ii.
1409 4238 1462 4307 7,
1496 4231 1624 4308 &c.,
1655 4243 1721 4292 ut
1753 4232 1977 4309 Sponso
2017 4232 2310 4308 Ecclesiae,
2359 4235 2513 4293 Psal.
2559 4237 2682 4296 xIV.

279 4314 369 4369 11.
424 4311 706 4371 Adoratio
728 4321 918 4372 autem
942 4314 1053 4372 ista
1074 4314 1315 4372 debetur
1336 4315 1604 4372 Persona}
1625 4313 1868 4389 proprie,
1900 4321 1959 4371 et
1980 4311 2054 4369 ad
2081 4331 2206 4370 eam
2236 4314 2518 4389 pertinet3
2541 4336 2685 4390 pro·

269 4393 398 4466 prie
425 4393 569 4449 enim
597 4395 777 4453 honor
819 4395 1107 4452 exhibetur
1134 4395 1235 4451 toti
1258 4395 1345 4452 rei
1367 4394 1689 4467 subsistenti,
1722 4401 1787 4451 ut
1813 4392 1960 4450 bene
2008 4391 2277 4466 Thomas,
2324 4413 2380 4470 p.
2411 4396 2466 4452 3.
2498 4412 2554 4471 q.
2585 4397 2682 4471 25,

274 4478 380 4528 art.
417 4474 466 4545 1,
511 4482 675 4531 notat
708 4475 881 4550 juxta
911 4473 1054 4532 illud
1081 4475 1339 4532 Actiones
1367 4483 1419 4531 et
1438 4474 1736 4531 Passiones
1761 4481 1890 4530 sunt
1913 4472 2359 4547 Suppositorum.

355 4549 538 4609 VIII.
587 4551 886 4611 Secunda:
916 4556 1371 4613 Fundamentum
1392 4562 1445 4612 et
1482 4554 1633 4611 ratio
1646 4554 1922 4628 formalis
1947 4552 2329 4628 AdorationiS,
2360 4573 2472 4612 non
2499 4562 2581 4612 est
2598 4558 2686 4613 vel

270 4629 509 4687 Natura
537 4631 800 4706 humana,
832 4635 920 4691 vel
952 4634 1205 4705 Officium
1239 4634 1663 4710 Alediatorium,
1692 4635 1796 4692 sed
1817 4635 1941 4691 sola
1968 4631 2273 4690 Divinitas.
2359 4631 2508 4706 Quia
2534 4634 2682 4692 nihil
