3221 5200
225 365 440 413 cuais-r.
475 344 614 425 ιιι.]
1236 363 1315 404 ns
1344 365 1497 406 naua
1525 365 1648 407 nar.
2543 353 2618 409 67

223 514 322 579 tes,
350 504 503 582 quod
525 502 847 581 juramenti
875 512 1092 563 nature.
1120 502 1492 581 adversatum
1549 515 1674 567 tum
1702 506 1840 584 quia
1874 507 2264 585 juramentum
2294 506 2620 569 istiusmodi

226 585 571 643 mendacium
600 583 966 658 confirmans,
998 585 1312 661 perjurium
1342 595 1430 645 est
1457 586 1825 645 manifestum
1854 608 1928 646 ex
1957 597 2161 646 natura
2181 589 2281 662 rei,
2306 596 2364 646 et
2391 608 2467 646 ex
2495 588 2622 666 ipsa

226 664 527 723 intentione
546 664 822 742 jurantis,
854 673 912 724 et
947 671 1037 722 est
1063 663 1385 740 profanatio
1415 666 1681 724 Nominis
1708 666 1911 725 divini.
1985 668 2105 726 Nec
2133 668 2356 727 tollitur
2382 669 2621 746 perjurii

228 754 319 803 aut
343 744 624 803 mendacii
653 743 821 818 ratic,
853 744 903 801 si
930 744 1143 821 injuria
1170 744 1339 803 nobis
1368 745 1661 820 inferatur,
1693 755 1794 805 aut
1820 746 2011 805 minus
2033 747 2281 824 juridice
2310 760 2613 824 rogemur3

227 825 377 900 quasi
400 824 488 882 fas
532 824 703 883 nobis
748 823 826 882 sit
868 832 1064 881 nostro
1109 824 1261 882 bono
1299 825 1616 901 consulere,
1648 825 1960 885 dummodo
1989 827 2258 904 ambigue
2293 827 2617 904 loquamur.

226 904 359 962 Nam
378 904 540 963 nulla
565 903 783 981 injuria
810 902 978 961 nobis
995 903 1068 961 ab
1094 903 1427 963 hominibus
1454 905 1618 963 illata
1638 905 1858 983 justam
1887 925 2118 965 causam
2139 906 2394 984 praebere
2422 916 2618 984 potest

226 984 479 1062 injuriam
495 983 760 1077 ‘faciendi
787 983 841 1041 N
845 982 1025 1042 omini
1051 982 1269 1060 divino,
1299 984 1488 1061 qualis
1525 984 1591 1043 fit
1627 985 1689 1044 in
1715 985 2033 1063 mendaciO,
2063 994 2125 1045 et
2163 986 2399 1064 gravior
2424 986 2617 1045 adhue

224 1085 278 1122 m
422 1085 569 1123 uno.

220 1179 257 1227 7·
302 1084 520 1237 pffgmt
581 1192 693 1223 enm
817 1141 997 1201 XIV.
1038 1146 1094 1201 7.
1125 1142 1475 1221 Exemplum
1498 1143 1731 1218 Christi,
1755 1143 2189 1221 Apostolorum,
2214 1153 2273 1204 et
2294 1145 2621 1222 Martyrum

267 1236 695 1343 swam
731 1221 1461 1380 semensas&
1474 1226 2496 1364 ffifflm‘ssssmx
2516 1226 2618 1363 ἐξ·

213 1382 499 1457 mutuerit,
551 1389 618 1440 ut
659 1398 720 1441 ω
762 1347 974 1459 sponte’
1007 1382 1184 1442 vitam
1228 1383 1514 1460 deponere
1561 1392 1885 1459 testaretur,
1933 1325 2126 1444 taffien
2170 1325 2298 1444 ubiq
2312 1384 2620 1462 respondet

214 1462 497 1536 Pontifici,
530 1469 588 1519 et
617 1462 826 1536 Pilato,
856 1469 1051 1539 aperte
1078 1462 1351 1539 loquitur,
1381 1464 1597 1523 Johan.
1627 1463 1792 1522 xviii.
1827 1468 1920 1538 19,
1950 1473 2008 1523 et
2033 1465 2366 1541 praeclaram
2394 1464 2616 1523 confes·

211 1543 427 1600 sionem
455 1541 664 1599 fecisse
691 1541 919 1617 dicitur,
948 1546 978 1599 1
1004 1542 1153 1601 Tim.
1175 1543 1255 1601 vi.
1283 1545 1385 1618 133
1426 1544 1509 1602 sic
1538 1563 1598 1601 se
1629 1553 1838 1620 gerunt
1861 1544 2130 1621 Apostoli
2157 1544 2218 1602 in
2239 1544 2406 1603 Actis
2427 1564 2619 1602 coram

208 1623 247 1681 J
253 1622 432 1681 udaia
461 1630 524 1681 et
541 1621 901 1697 Gentilibus3
932 1630 991 1681 et
1020 1623 1310 1700 Martyres
1331 1622 1407 1680 ad
1427 1622 1764 1682 Tribunalia
1783 1625 1826 1683 J
1830 1624 2060 1683 udicum
2085 1623 2402 1682 infidelium
2431 1624 2618 1700 tracti,

210 1722 505 1780 nunquam
533 1701 633 1761 vel
659 1702 955 1761 eluserunt
980 1703 1351 1779 interrogata,
1381 1703 1478 1761 vel
1505 1701 1776 1779 ambigue
1804 1703 2241 1780 responderunt.

818 1781 964 1840 XV.
1008 1784 1065 1840 8.
1111 1782 1257 1856 Quia
1291 1782 1577 1842 sententia
1604 1782 2090 1841 Adversariorum
2119 1781 2298 1839 variis
2343 1780 2620 1858 gravissi·

737 1861 848 1919 mis
875 1861 1141 1920 absurdis
1168 1871 1425 1939 urgetur.
1510 1862 1660 1920 Nam
1690 1862 1740 1920 si
1773 1863 1909 1920 licet
1935 1860 2395 1921 enunciationem
2424 1870 2619 1937 aperte

739 1941 1092 2017 mendacem,
1143 1962 1219 2000 ex
1257 1942 1455 2000 addita
1491 1962 1668 2019 quam
1703 1963 1808 2019 pro
1845 1942 2015 2001 libitu
2057 1942 2188 2019 quis
2230 1941 2517 2017 concipiat
2560 1940 2621 1998 in

208 2021 397 2079 animo
440 2019 791 2079 limitatione
820 2041 1015 2079 veram
1043 2021 1298 2097 efficere;
1344 2032 1632 2098 sequetur,
1667 2024 1719 2081 1.
1746 2023 1987 2081 Frustra
2017 2022 2205 2080 Deum
2232 2021 2395 2096 leges
2423 2027 2625 2078 contra

212 2100 575 2159 mendacium
604 2109 705 2159 aut
733 2101 1048 2179 perjurium
1076 2101 1295 2177 tulisse,
1328 2121 1461 2160 cum
1486 2120 1657 2160 nemo
1685 2102 1777 2177 sit,
1803 2102 1898 2160 cui
1925 2102 2059 2160 talis
2081 2099 2324 2158 subinde
2354 2099 2621 2158 mentalis

213 2201 322 2238 non
371 2190 676 2239 succurrat
718 2180 1005 2239 limitatio.
1088 2185 1145 2240 2.
1190 2180 1503 2240 Diabolum
1547 2200 1665 2238 non
1713 2201 1840 2239 esse
1891 2182 2123 2239 Patrem
2170 2178 2474 2254 mendacii,
2523 2179 2621 2238 vel

213 2280 463 2338 unquam
493 2260 744 2334 mentiri,
776 2280 908 2318 cum
936 2260 1021 2318 illi
1049 2279 1342 2337 nunquam
1371 2260 1572 2319 deesse
1600 2261 1785 2336 possit
1811 2260 1944 2319 talis
1971 2259 2304 2318 reservatio.
2361 2262 2418 2318 3.
2464 2259 2620 2317 Mar-

393 2360 517 2399 non
543 2348 771 2398 tantum
800 2341 1009 2398 stultos
1048 2339 1244 2415 fuisse,
1276 2339 1381 2399 sed
1408 2348 1467 2398 et
1494 2340 1728 2398 veritati
1773 2349 1833 2399 et
1861 2340 1970 2398 sibi
2014 2340 2155 2417 ipsis
2194 2339 2453 2416 injurios,
2490 2359 2623 2397 cum

210 2429 473 2479 teneatur
500 2419 749 2496 quilibet
776 2420 1025 2495 maxime
1054 2419 1114 2477 in
1141 2421 1280 2479 vitae
1306 2419 1656 2494 discrimine,
1685 2419 1841 2478 omni
1867 2420 2130 2496 legitima
2156 2418 2242 2478 uti
2269 2418 2620 2495 defensione,

211 2520 322 2576 qua
350 2500 610 2577 seipsum
639 2498 926 2576 expediat,
958 2498 1116 2577 quod
1142 2520 1217 2559 ex
1244 2499 1555 2578 hypothesi
1581 2500 1696 2559 ista
1724 2500 2030 2559 Loiolitica
2056 2499 2223 2558 facile
2250 2498 2374 2556 fieri
2415 2498 2621 2576 potuit.

211 2584 267 2638 4.
308 2580 564 2639 Tollitur
592 2579 780 2639 omnis
807 2578 952 2640 fides
978 2580 1041 2638 in
1067 2581 1110 2640 J
1114 2580 1337 2656 udiciis,
1371 2580 1716 2640 Foederibus
1742 2588 1802 2641 et
1830 2580 2249 2656 Contractibus,
2281 2578 2405 2639 sive
2434 2579 2621 2658 publi-

210 2661 293 2719 cis
320 2661 473 2719 inter
506 2660 805 2737 Principes
832 2668 934 2719 aut
978 2661 1195 2737 Status,
1241 2661 1364 2720 sive
1407 2662 1652 2738 privatis
1695 2661 1755 2718 in
1783 2661 2140 2738 quibuslibet
2167 2661 2542 2735 commerciis,
2573 2660 2626 2719 si

211 2741 350 2800 latet
377 2740 651 2799 mentalis
679 2740 1012 2814 reservatio,
1044 2761 1173 2817 quse
1201 2750 1492 2818 pervertat
1518 2749 1578 2800 et
1603 2740 1783 2801 dubia
1808 2741 2013 2800 reddat
2041 2741 2250 2800 omnia.
2310 2741 2454 2799 Cum
2482 2760 2624 2817 ergo

210 2821 331 2878 haec
357 2817 937 2902 ηςσψοὶιιιοπωουςγάι
978 2828 1065 2879 tot
1102 2828 1160 2879 et
1200 2821 1413 2880 talibus
1455 2830 1732 2899 gravetur
1770 2821 2054 2897 absurdis,
2099 2829 2261 2899 patet
2301 2821 2628 2879 luculenter

212 2911 429 2976 quanta
456 2921 592 2959 cum
619 2900 842 2959 ratione
880 2911 999 2959 tam
1043 2900 1306 2978 putidum
1349 2911 1408 2961 et
1449 2901 1848 2979 prodigiosum
1891 2908 2277 2959 commentum
2319 2900 2627 2977 rejecerint

212 2981 509 3119 {acte-rgias
544 2987 606 3039 et
648 2980 1054 3059 oppugnarint,
1112 3000 1229 3040 non
1276 2980 1450 3040 modo
1499 2980 1841 3054 orthodoxi,
1894 2979 1998 3038 sed
2044 2987 2104 3038 et
2151 2979 2503 3038 cordatiores
2550 2998 2627 3036 ex

272 3080 342 3118 on
433 3080 563 3120 cus.

286 3205 464 3276 rosta
488 3204 628 3250 Solu·

346 3271 560 3309 tionum.

208 1847 249 1895 8.
272 1847 439 1892 Variis
470 1847 695 1891 absurdis

338 1912 562 1964 urgetur.

823 3139 1005 3198 XVI.
1050 3137 1234 3199 Aliud
1262 3146 1352 3198 est
1378 3138 1600 3215 aliquid
1636 3138 1762 3197 veri
1785 3145 1986 3212 tacere,
2019 3135 2204 3195 Aliud
2231 3135 2385 3210 falsi
2407 3135 2631 3211 aliquid

738 3220 924 3278 dicere
939 3244 964 3292 ;
1014 3220 1147 3278 Non
1187 3228 1278 3278 est
1317 3218 1700 3293 mendacium,
1751 3236 1930 3294 quum
1979 3215 2210 3274 silentio
2253 3214 2629 3274 absconditur

738 3319 958 3373 verum,
980 3299 1084 3358 sed
1104 3320 1282 3376 quum
1302 3297 1593 3376 loquendo
1614 3297 1896 3374 promitur
1914 3295 2151 3372 falsum;
2175 3303 2242 3355 ut
2261 3293 2628 3354 mendacium

210 3379 646 3454 excusantibus,
680 3379 1138 3438 Patr-iarcharum
1184 3379 1468 3456 exemplo,
1502 3377 1957 3436 Priscillianistis
1999 3376 2309 3454 respondet
2348 3376 2624 3454 August„

212 3460 375 3518 Cont.
404 3458 697 3518 mendaci.
727 3478 776 3517 c.
805 3462 897 3518 10.
968 3459 1340 3518 Abrahamus
1367 3459 1555 3536 potuit
1582 3457 1802 3535 aliquid
1833 3457 1954 3516 veri
1982 3465 2189 3532 tacere,
2219 3476 2397 3534 quum
2424 3458 2626 3515 Saram

212 3560 321 3598 non
349 3540 511 3598 dixit
538 3558 779 3598 uxorem
808 3559 987 3614 suam,
1021 3539 1170 3598 Gen.
1200 3539 1303 3598 xii.
1338 3541 1429 3613 18,
1460 3538 1597 3615 quia
1637 3539 1748 3596 hoc
1776 3538 1848 3596 ab
1891 3538 2017 3615 ipso
2058 3537 2296 3615 praecise
2324 3557 2440 3595 non
2467 3545 2624 3614 pete·

214 3620 395 3694 batur,
425 3639 539 3677 nee
566 3639 804 3678 necesse
824 3628 948 3678 erat
969 3627 1034 3678 ut
1055 3627 1258 3696 sponte
1286 3618 1599 3693 indicaret;
1645 3616 1749 3676 sed
1776 3617 1922 3675 nihil
1947 3617 2079 3676 falsi
2107 3617 2275 3690 dixit,
2298 3637 2475 3694 quum
2497 3636 2625 3675 eam

215 3699 358 3759 dixit
385 3719 650 3758 sororem
680 3718 858 3774 suam,
883 3699 1021 3776 quia
1051 3702 1087 3732 ‘⁴
1104 3699 1299 3775 vere,''
1323 3698 1527 3775 inquit,
1562 3700 1780 3756 “soror
1805 3717 1934 3755 mea
1953 3705 2060 3772 est,
2090 3697 2211 3755 filia
2232 3696 2423 3754 Patris
2450 3696 2625 3770 mei,''

217 3799 331 3858 esp.
362 3800 473 3837 xx.
510 3782 603 3837 12.
690 3778 916 3837 Deinde
945 3779 1212 3856 exempla
1257 3779 1598 3837 Sanctorum
1639 3778 1702 3835 in
1748 3777 2043 3854 Scriptura
2083 3783 2490 3846 memorantur,
2522 3773 2627 3833 sed

218 3878 324 3917 non
364 3859 569 3918 statim
615 3858 956 3933 laudantur;
1004 3879 1110 3916 nec
1154 3858 1452 3935 exemplis,
1485 3857 1588 3916 sed
1631 3856 1862 3934 legibus
1903 3855 2217 3914 vivendum
2261 3862 2367 3912 est.
2453 3852 2629 3922 Unde

220 3939 400 4015 Aug.:
439 3941 480 3970 “
498 3938 645 3996 Haec
666 3937 898 4014 quando
925 3938 985 3994 in
1013 3938 1322 4015 Scripturis
1338 3938 1676 4014 S.legimus,
1691 3955 1809 3994 non
1831 3935 1961 3993 ideo
1983 3935 2120 4011 quia
2146 3934 2298 3992 facta
2319 3932 2623 4006 credimus,

217 4019 379 4075 etiam
424 4017 699 4076 facienda
738 4017 1055 4093 credamus,
1102 4037 1175 4076 ne
1219 4017 1502 4076 violemus
1544 4024 1849 4095 praecepta,
1897 4013 2034 4072 dum
2079 4012 2293 4091 passim
2342 4019 2629 4070 sectamur

224 4098 545 4176 exempla,''
580 4098 777 4156 Contr.
809 4096 1034 4157 menda.
1065 4117 1115 4155 c.
1146 4099 1204 4157 9.

290 4177 511 4236 XVII.
546 4176 968 4236 Promissiones
990 4184 1048 4235 et
1067 4176 1556 4251 comminationes,
1571 4195 1702 4252 quae
1722 4172 1956 4232 tacitam
1983 4172 2200 4231 habent
2220 4169 2624 4245 conditionem,

220 4274 324 4314 uon
349 4258 559 4317 favent
588 4256 1032 4334 aequivocationi
1060 4257 1103 4315 J
1107 4256 1395 4331 esuiticae3
1442 4255 1591 4330 Quia
1630 4255 1767 4313 licet
1796 4253 1872 4311 sit
1899 4253 2076 4313 tacita
2103 4260 2162 4310 et
2189 4270 2306 4309 non
2334 4268 2625 4325 expressa,

313 4389 343 4434 J
449 4390 509 4435 ἰ..
548 4389 594 4435 48
740 4356 859 4395 ιιοιι
887 4336 1088 4412 ignota
1112 4343 1306 4394 tamen
1335 4335 1445 4394 fuit
1480 4336 1553 4393 iis
1581 4334 1793 4411 quibus
1834 4331 2317 4410 proponebantur,
2347 4338 2413 4388 ut
2443 4329 2626 4389 Inter-

344 4405 425 4435 ⁰¹¹‘
471 4406 527 4436 ¹¹·
741 4416 981 4474 minatio
1008 4416 1181 4474 Jonae
1212 4415 1488 4474 Ninivitis
1529 4415 1681 4473 faeta
1722 4412 1951 4487 excidii,
1996 4419 2195 4471 notam
2232 4409 2499 4469 omnibus
2539 4410 2626 4468 in-

220 4494 377 4554 clusit
420 4495 853 4570 limitationem,
910 4495 1021 4553 nisi
1066 4496 1449 4572 paenitentiam
1491 4503 1740 4570 aqerent,
1786 4492 1943 4570 quod
1988 4492 2175 4568 ipsum
2219 4489 2630 4549 intellexerunt

225 4572 509 4649 Ninitivae,
553 4575 802 4652 ideoque
845 4576 1241 4652 poenitentiam
1282 4583 1545 4652 egerunt.
1633 4573 1730 4632 Sic
1775 4572 2009 4632 Samuel
2049 4571 2188 4630 dum
2228 4569 2529 4649 profitetur
2566 4589 2629 4630 se

220 4654 288 4713 nd
324 4654 749 4715 immolandum
790 4654 1041 4714 Domino
1070 4655 1299 4716 venisse
1331 4655 1691 4731 Bethlehem,
1727 4656 1756 4712 1
1803 4653 1957 4713 Sam.
1987 4651 2111 4713 xvi.
2139 4653 2196 4728 5,
2242 4651 2384 4711 dicit
2409 4649 2630 4728 aliquid
