3221 5200
332 363 552 411 QUAEsT.
585 340 741 425 xiva]
1245 363 1322 401 ns
1353 363 1690 403 vocarxoss
1722 365 1793 403 ΕΤ
1823 366 1976 404 mos.
2621 353 2736 411 515

333 503 658 579 quibusque
688 502 829 561 solis
857 502 1129 561 convenit
1155 504 1449 580 proposita
1488 504 1627 563 fidei
1655 504 1982 581 descriptiO,
2015 505 2168 564 Heb.
2198 505 2279 565 xi.
2315 509 2367 565 1.
2422 508 2737 570 Infantium

327 602 468 641 vero
496 581 610 640 alia
638 583 782 641 ratio
825 592 929 658 est,
962 582 1062 659 qui
1108 584 1338 660 placent
1381 584 1507 642 Deo
1554 593 1790 663 propter
1841 584 2301 646 Satisfactionem
2352 587 2567 647 Christi
2594 590 2736 667 ipsis

327 661 599 720 donatam
647 671 706 721 et
753 663 1093 739 imputatam
1142 682 1177 720 a
1226 663 1353 721 Deo
1402 663 1476 721 ad
1519 665 1916 723 remissionem
1944 673 2309 741 peccatorum
2340 667 2731 746 obtinendam,

326 742 550 800 etiamsi
579 761 705 801 eam
733 762 841 801 nec
869 741 1301 820 apprehendant
1344 743 1470 820 ipsi,
1503 763 1608 803 nec
1654 744 2079 821 apprehendere
2124 745 2347 822 possint
2392 767 2498 825 per
2545 751 2734 811 aetatis

327 820 634 881 defectum.

408 901 588 959 VIII.
634 901 800 960 Licet
819 900 964 959 fides
985 900 1237 978 pendeat
1257 902 1331 961 ab
1353 903 1682 979 operatione
1706 902 1953 982 Spiritus
1975 902 2241 962 effective
2265 926 2280 980 3
2327 904 2528 964 Potest
2555 907 2729 968 etiam

321 980 570 1056 pendere
598 990 889 1058 utcunque
919 1001 954 1038 a
980 981 1200 1039 ratione
1229 981 1740 1043 instrumentaliter
1781 993 1840 1043 et
1868 983 2205 1061 subjective,
2236 983 2373 1060 quia
2401 992 2489 1044 est
2515 985 2726 1047 instru-

320 1070 595 1135 mentum,
627 1080 742 1137 quo
771 1061 998 1121 elicitur
1022 1060 1159 1119 fidei
1186 1069 1349 1120 actus
1376 1081 1452 1119 ex
1480 1071 1670 1121 mente
1700 1070 1975 1122 renovata
2002 1083 2105 1140 per
2132 1063 2455 1140 subjectum
2482 1065 2545 1124 in
2571 1068 2728 1145 quod

320 1139 609 1216 recipitur.
696 1140 867 1200 Unde
897 1140 1124 1199 sublato
1152 1161 1262 1199 usu
1288 1140 1528 1200 rationis
1556 1144 1717 1201 nulla
1744 1150 1934 1220 potest
1962 1142 2086 1200 dari
2113 1142 2258 1201 fides
2286 1145 2547 1204 actualis,

403 1219 522 1277 IX.
565 1220 755 1278 Causa
798 1219 1245 1297 Paedobaptismi
1286 1241 1402 1279 non
1445 1230 1534 1280 est
1573 1222 1719 1281 fides
1761 1221 2002 1281 actualis
2045 1221 2366 1297 infantium,
2400 1226 2564 1301 cujus
2610 1247 2726 1287 non

314 1299 502 1376 magis
530 1319 771 1377 capaces
818 1309 967 1375 sunt,
999 1320 1171 1375 quam
1205 1300 1362 1358 illius
1390 1299 1784 1377 institutionis,
1815 1321 1931 1379 qua
1958 1301 2237 1361 docentur
2265 1302 2490 1380 Adulti,
2522 1315 2581 1365 et
2608 1307 2723 1366 dis·

317 1379 494 1455 cipuli
540 1379 754 1438 Christi
797 1379 959 1455 fiunt,
1009 1380 1218 1438 Matth.
1264 1380 1471 1439 xxviii.
1510 1383 1600 1439 19.
1690 1382 1806 1440 Sed
1838 1390 1963 1440 tum
1992 1381 2324 1441 mandatum
2353 1386 2622 1460 generale
2652 1388 2725 1448 de

314 1459 582 1517 omnibus
628 1459 905 1518 Ecclesiae
948 1460 1221 1518 membris
1259 1460 1639 1536 baptizandis,
1671 1470 1793 1520 tum
1835 1461 2138 1539 promissio
2183 1462 2446 1522 Foederis
2472 1468 2722 1542 parenti-

315 1538 427 1596 bus
447 1540 621 1615 juxta
668 1559 735 1597 ac
764 1539 961 1597 liberis
1002 1539 1170 1613 facta,
1219 1539 1369 1599 Gen.
1415 1541 1557 1599 xvii.
1589 1544 1643 1617 7,
1690 1540 1827 1600 Act.
1871 1542 1929 1599 ii.
1967 1544 2064 1600 39.
2148 1542 2271 1601 Nec
2298 1542 2433 1602 inde
2463 1563 2524 1603 se
2567 1546 2724 1606 uitur

316 1618 747 1677 Sacramentum
778 1619 901 1677 sine
929 1619 1042 1677 fide
1071 1619 1286 1678 utentis
1328 1639 1453 1678 esse
1494 1620 1724 1679 inanem
1766 1621 2181 1696 caeremoniam,
2213 1622 2351 1697 quia
2390 1623 2500 1681 hoc
2553 1646 2717 1686 ocum

313 1705 539 1756 tantum
556 1698 733 1757 habet
747 1699 809 1756 in
829 1698 1085 1773 Adultis,
1106 1699 1207 1775 qui
1225 1698 1359 1757 fidei
1389 1708 1525 1758 sunt
1541 1720 1799 1777 capaces,
1832 1709 1892 1759 et
1919 1700 1978 1757 in
1999 1701 2211 1777 quibus
2238 1700 2370 1758 ideo
2400 1701 2522 1759 dari
2547 1703 2720 1766 debet

313 1787 515 1835 mutua
542 1779 836 1855 stipulatio
856 1799 890 1836 a
910 1787 1071 1854 parte
1093 1778 1203 1835 Dei
1225 1786 1283 1836 et
1299 1778 1567 1837 hominis.
1657 1779 1774 1837 Sed
1790 1800 1905 1837 non
1935 1788 2200 1856 respectu
2228 1779 2553 1856 infantium,
2587 1786 2715 1860 qui-

311 1855 421 1915 bus
448 1877 564 1915 non
592 1857 803 1916 desinit
841 1877 875 1914 a
918 1865 1079 1934 parte
1132 1858 1243 1915 Dei
1290 1877 1416 1916 esse
1465 1857 1670 1916 efficax
1719 1867 1777 1917 et
1817 1867 2003 1917 ratum
2037 1859 2486 1936 Sacramentum,
2516 1862 2655 1922 licet
2682 1885 2718 1922 a

309 1945 471 2013 parte
499 1937 747 1994 hominis
775 1956 890 1994 non
919 1936 1103 2013 possit-
1130 1936 1418 2013 cognosci,
1449 1938 1545 1994 vel
1573 1957 1678 2014 per
1702 1937 1876 1996 fidem
1896 1938 2093 2015 recipi.

392 2015 477 2073 X.
522 2015 707 2074 Aliud
735 2024 822 2074 est
870 2015 1117 2073 fructum
1166 2017 1441 2093 consequi
1471 2018 1757 2114 Baptismi
1804 2037 1905 2095 per
1953 2017 2414 2093 obsignationem
2463 2020 2713 2082 activam

311 2113 348 2150 a
374 2103 535 2170 parte
577 2095 687 2152 Dei
707 2116 721 2170 ;
807 2094 995 2152 Aliud
1038 2095 1286 2154 fructum
1335 2097 1462 2172 ejus
1507 2096 1717 2155 sentire
1746 2116 1849 2174 per
1875 2097 2334 2174 obsignationem
2362 2099 2652 2175 passivam
2682 2124 2719 2161 a

311 2181 472 2249 parte
498 2172 652 2231 fidei.
742 2173 908 2232 Prius
935 2173 1252 2233 infantibus
1284 2175 1426 2233 bene
1456 2176 1741 2251 tribuitur,
1775 2176 1878 2235 sed
1906 2197 2021 2235 non
2049 2177 2352 2254 posteriue.

390 2253 510 2310 XI.
555 2253 842 2330 Exempla
869 2253 1156 2328 Jeremiae,
1194 2263 1251 2312 et
1279 2255 1568 2313 Johannis
1597 2256 1895 2332 Baptistae,
1926 2256 2136 2342 docent
2176 2256 2409 2332 quidem
2452 2258 2714 2320 Infantes

303 2351 543 2407 capaces
570 2352 696 2391 esse
730 2333 978 2410 Spiritus
1010 2333 1068 2390 S.
1100 2343 1158 2392 et
1184 2353 1316 2393 eum
1345 2334 1517 2392 etiam
1546 2334 1606 2392 in
1633 2337 1743 2394 hac
1786 2343 1954 2395 aetate
1996 2336 2214 2411 donari,
2246 2337 2349 2394 sed
2377 2357 2495 2396 non
2522 2349 2713 2416 potest

306 2412 503 2489 colligi
542 2411 697 2489 ipsos
737 2421 870 2471 actu
915 2412 1246 2473 credidisse.
1330 2415 1372 2473 J
1376 2414 1618 2472 eremias
1665 2414 1897 2490 quidem
1943 2415 2155 2474 dicitur
2199 2416 2588 2479 sanctificatus
2636 2421 2712 2480 ab

307 2499 473 2550 utero
500 2492 562 2550 in
593 2493 939 2570 Prophetam
971 2492 1099 2566 Dei,
1145 2501 1203 2552 et
1225 2493 1267 2553 J
1272 2493 1527 2552 ohannes
1549 2494 1837 2552 exsiliisse
1858 2495 1919 2552 in
1938 2503 2103 2554 utero
2131 2495 2331 2554 matris
2358 2496 2432 2554 ad
2459 2519 2709 2575 praesen-

308 2572 447 2630 tiam
478 2573 709 2648 Christi,
745 2572 862 2633 Sed
889 2582 1093 2632 neuter
1119 2582 1253 2633 actu
1281 2573 1593 2633 credidisse
1613 2573 1838 2633 dicitur.
1883 2573 2057 2634 Adde
2086 2575 2258 2653 quod,
2290 2575 2399 2635 etsi
2427 2578 2568 2655 quid
2596 2581 2711 2641 tale

304 2652 446 2729 ipsis
473 2654 836 2728 tribueretur,
866 2674 984 2712 non
1011 2654 1231 2713 valeret
1258 2654 1685 2731 consequentia,
1717 2655 1853 2731 quia
1880 2656 1989 2713 hoc
2018 2665 2172 2715 esset
2199 2655 2490 2734 singulare
2521 2668 2579 2719 et
2607 2681 2706 2720 ex·

304 2733 760 2809 traordinarium,
793 2754 868 2791 ex
896 2753 1011 2811 quo
1039 2754 1155 2792 non
1184 2734 1357 2793 debet
1384 2734 1581 2812 colligi
1609 2735 1813 2811 regula
1838 2734 2202 2795 universalis.

387 2812 542 2872 XII.
588 2813 771 2872 Aliud
814 2822 903 2872 est
945 2815 1134 2873 Deum
1174 2813 1411 2872 laudare
1454 2815 1779 2891 subjective
1822 2822 1880 2873 et
1920 2815 2235 2875 formaliter
2275 2836 2351 2875 ex
2391 2818 2613 2893 notitia,
2651 2829 2710 2879 et

304 2890 514 2950 affectu
537 2915 551 2967 ;
597 2892 783 2951 Aliud
804 2894 1089 2970 objective
1111 2904 1170 2953 et
1190 2894 1577 2953 materialiter.
1664 2894 1924 2953 Infantes
1957 2895 2224 2954 dicuntur
2254 2896 2443 2954 Deum
2471 2897 2708 2959 laudare

303 2971 605 3046 posteriori
647 2991 837 3046 sensu,
882 2992 1000 3029 non
1047 2972 1237 3048 priori,
1275 2981 1560 3048 quatenus
1604 2974 1766 3031 Deus
1809 2973 1868 3030 in
1910 2993 2107 3032 eorum
2150 2995 2287 3033 cura
2315 2984 2373 3034 et
2401 2996 2706 3037 conserva·

303 3049 458 3108 tione
488 3049 731 3126 gloriam
761 3070 921 3108 suam
951 3050 1188 3108 mirifice
1219 3052 1490 3125 ostendit,
1525 3052 1678 3109 Psal.
1709 3051 1832 3109 viii.
1862 3055 1919 3109 2.

305 3168 466 3271 ”2²⁰5
495 3168 784 3271 ἒὶὲἱῖὲξὲ·
811 3128 1428 3280 ,ςαξῇξῇὶαῗὲῗιιῖἆῖῗι
1437 3130 1785 3285 {2233532‘3
1811 3130 2014 3284 ..ZZZ
2031 3131 2710 3287 ῗὲῃῖᾘῖΐὲἓέῗέἔ

395 3241 427 3270 u
765 3250 787 3260 ·
1228 3254 1245 3280 t

361 3285 503 3329 ⁰⁸¹¹&
826 3308 950 3365 quae
977 3309 1016 3347 α
1042 3288 1262 3365 Spiritu
1289 3289 1499 3347 Sancto
1527 3289 1656 3360 ipsis
1676 3309 1715 3346 a
1744 3289 1946 3347 teneris
1974 3289 2342 3365 ingeneretur,
2365 3302 2419 3349 et
2441 3313 2541 3352 suo
2571 3262 2705 3353 tem-’-

291 3389 440 3445 pore
484 3378 651 3429 exeat
691 3370 750 3428 in
776 3378 979 3443 actum,
1009 3371 1304 3427 accedente
1327 3370 1484 3443 foris
1525 3369 1860 3427 institutione
1900 3371 2165 3445 humana,
2210 3379 2264 3429 et
2302 3371 2448 3431 intus
2488 3378 2704 3450 majore

302 3451 550 3522 efficacia
590 3450 821 3527 spirim-3
860 3449 1069 3521 Sancti,
1116 3448 1424 3525 opponitur
1466 3448 1888 3525 Anabaptistis,
1936 3449 2037 3525 qui
2089 3449 2259 3509 fidem
2304 3471 2531 3512 omnem
2586 3476 2704 3515 non

297 3530 472 3589 modo
499 3530 691 3607 quoad
720 3537 929 3603 actum,
961 3528 1064 3587 sed
1092 3528 1266 3587 etiam
1294 3528 1485 3604 quoad
1511 3529 1773 3588 habitum
1803 3537 1862 3587 et
1888 3528 2129 3588 formam
2158 3530 2449 3608 denegant
2469 3533 2700 3595 infanti-

299 3611 427 3669 bus.
514 3611 679 3670 Licet
708 3630 846 3669 vero
864 3609 1008 3668 fides
1037 3608 1365 3683 habitualis,
1396 3617 1569 3686 prout
1595 3629 1715 3666 vox
1743 3610 1962 3668 habitus
1990 3610 2217 3687 proprie
2246 3620 2305 3669 et
2333 3612 2527 3672 stricte
2558 3616 2707 3676 solet

298 3691 562 3767 usurpari
591 3711 695 3768 pro
722 3689 1061 3768 perfectiore
1090 3696 1150 3748 et
1178 3688 1660 3748 consummatiore
1702 3698 1875 3765 statu,
1907 3709 2025 3748 non
2052 3690 2200 3749 bene
2240 3691 2359 3750 illis
2401 3694 2701 3771 tribuatur,

297 3779 451 3828 recte
493 3779 686 3829 tamen
730 3770 801 3828 de
848 3769 965 3827 illis
1008 3769 1354 3846 praedicatur
1392 3768 1526 3844 late,
1557 3778 1729 3845 prout
1768 3777 1932 3828 notat
1971 3769 2143 3828 fidem
2186 3771 2555 3846 potentialem
2599 3793 2702 3834 seu

297 3849 649 3908 seminalem.
713 3849 825 3906 Per
850 3869 1032 3907 semen
1060 3857 1252 3906 autem
1266 3849 1412 3920 fidei
1436 3847 1814 3925 intelligimus
1848 3849 2123 3924 Spiritum
2155 3850 2448 3924 Sanctum,
2480 3850 2613 3909 fidei
2642 3862 2703 3913 et

294 3928 747 4006 regenerationis
778 3928 1139 4001 Effectorem,
1169 3935 1235 3985 ut
1263 3936 1519 4003 vocatur,
1546 3930 1569 3984 l
1596 3929 1640 3987 J
1644 3928 1737 3987 oh.
1766 3928 1848 3985 iii.
1868 3929 1923 4001 9,
1945 3927 2134 4003 quoad
2156 3928 2435 4006 principia
2462 3949 2699 4007 regene-

293 4008 533 4068 rationis
560 4017 618 4067 et
646 4017 874 4066 sanctas
900 4007 1317 4081 inclinationeS,
1350 4027 1493 4082 quas
1527 4008 1651 4083 jam
1694 4015 1961 4086 operatur
1999 4006 2060 4063 in
2101 4007 2417 4067 infantibus
2445 4029 2548 4085 pro
2576 4031 2698 4071 mo-

294 4089 433 4148 dulo
461 4089 733 4166 ipsorum,
765 4087 911 4145 mira
937 4105 1004 4144 ac
1032 4086 1201 4145 nobis
1228 4085 1505 4145 ineffabili
1525 4087 1747 4145 ratione
1771 4108 1785 4160 ;
1828 4105 1958 4162 quae
1978 4094 2181 4163 postea
2200 4089 2510 4147 maturiore
2529 4098 2698 4151 aetate

290 4170 352 4227 in
380 4178 571 4229 actum
601 4173 833 4242 exeunt,
863 4162 1175 4225 accedente
1216 4166 1468 4224 humana
1508 4165 1887 4239 institutione,
1918 4174 1978 4224 et
2006 4166 2193 4243 gratia
2220 4167 2482 4244 ejusdem
2516 4169 2694 4247 Spiri-

293 4258 387 4308 tus
417 4269 561 4326 opus
589 4268 757 4308 suum
799 4246 1208 4325 promoventis,
1239 4246 1451 4323 quibus
1494 4265 1690 4306 semen
1738 4244 1884 4303 illud
1932 4245 2173 4304 excitari
2201 4255 2260 4305 et
2287 4246 2347 4304 in
2375 4257 2568 4307 actum
2596 4250 2695 4310 de·

291 4328 426 4387 duci
455 4329 619 4389 solet.

891 4406 1071 4466 XIV.
1118 4406 1396 4465 Rationes
1439 4425 1541 4464 cur
1573 4399 1656 4462 ita
1692 4410 2012 4463 statuamus
2041 4414 2219 4465 sunt:
2286 4409 2337 4464 1.
2384 4407 2531 4480 Quia
2562 4428 2692 4485 pro-

810 4487 1010 4546 missio
1042 4486 1303 4545 Foederis
1331 4505 1445 4543 non
1476 4484 1666 4541 minus
1708 4482 1783 4541 ad
1826 4483 2103 4559 Infantes,
2135 4504 2305 4561 quam
2336 4485 2411 4543 ad
2440 4486 2695 4551 Adultos

809 4567 1093 4644 pertinet;
1139 4565 1421 4643 siquidem
1469 4565 1629 4622 Deus
1669 4562 1974 4640 pollicetur
2014 4585 2076 4623 se
2119 4565 2239 4623 fore
2281 4567 2467 4624 Deum
2508 4568 2694 4630 Abra·

289 4645 459 4720 hami,
492 4653 543 4702 et
568 4643 788 4702 seminia
830 4649 961 4722 eius,
1008 4646 1157 4707 Gen.
1202 4645 1343 4703 xvii.
1390 4648 1443 4719 7,
1475 4652 1549 4717 et,
1584 4641 1719 4702 Act.
1751 4643 1810 4702 ii.
1842 4646 1937 4720 39,
1968 4644 2268 4722 promissio
2306 4645 2518 4706 dicitur
2544 4647 2696 4713 facta

293 4466 336 4512 l.
358 4467 488 4517 Quia
516 4467 678 4512 foedus
708 4469 768 4513 ad

341 4528 474 4584 ipsos
495 4527 736 4582 pertinet;
