3221 5200
247 371 473 421 QUAEs‘r.
519 348 678 428 vnn]
1085 368 1161 406 m:
1207 368 1540 408 vocxrroxr:
1585 369 1658 409 ΕΤ
1704 370 1858 410 rma.
2532 357 2648 413 493

248 532 378 589 quoe
427 518 666 568 vocatur
711 510 864 586 fides
918 509 1336 581 miraculorum,
1392 510 1601 567 Matth.
1648 511 1789 569 xvii.
1837 514 1932 584 20,
1984 514 2009 568 1
2048 512 2176 571 Cor.
2228 512 2350 571 xiii.
2396 518 2451 571 2.
2539 514 2653 573 Vel

248 591 494 667 denique
524 591 583 646 in
629 609 772 662 eam,
825 609 952 664 quae
1001 589 1325 646 fiducialem
1354 591 1861 666 apprehensionem
1898 591 2110 650 Christi
2160 603 2216 650 et
2245 592 2651 652 beneficiorum

250 674 374 748 ejus
403 672 691 746 importat,
737 688 864 744 quae
896 670 1046 747 fides
1085 670 1400 747 ιφἰιεεζϊῑεοιηε
1456 680 1514 728 et
1570 670 1829 728 salvifica
1883 671 2109 745 dicitur,
2161 671 2232 730 de
2282 692 2397 748 qua
2437 675 2651 749 passim

251 751 561 827 Scriptura.
648 748 788 821 Quae
818 748 1109 806 distinctio
1151 748 1440 821 fundatur,
1473 757 1593 807 tum
1638 749 1697 807 in
1740 770 1848 808 usu
1882 751 2206 826 Scripturae,
2238 771 2366 827 quae
2410 754 2654 811 subinde

249 829 634 888 diversimode
664 827 735 886 de
766 827 877 885 fide
906 828 1176 903 loquitur,
1224 837 1347 887 tum
1398 849 1471 886 ex
1528 830 1653 906 ejus
1697 830 1856 887 varia
1900 830 1975 887 ad
2021 830 2308 906 objectum
2353 832 2650 892 relatione.

251 911 399 968 Nam
431 910 619 983 Quum
663 907 950 982 objectum
981 907 1217 965 offertur
1265 908 1441 966 menti
1484 909 1819 985 simpliciter
1861 909 1968 967 sub
2011 910 2140 968 idea
2168 911 2307 983 veri,
2339 912 2482 970 fides
2525 934 2656 989 quae

247 991 399 1047 circa
440 988 584 1046 illud
627 996 888 1044 versatur
916 987 1187 1044 historica
1215 987 1439 1061 dicitur,
1467 988 1565 1044 ubi
1583 1008 1721 1045 vero
1743 989 2080 1065 proponitur
2109 990 2215 1047 sub
2246 990 2374 1047 idea
2400 992 2537 1048 boni
2566 1013 2653 1050 ra·

250 1071 404 1128 tione
422 1066 819 1145 promissionis
838 1066 1085 1141 alicujus
1116 1067 1441 1141 singularis,
1467 1076 1524 1124 et
1553 1068 1745 1142 quoad
1768 1076 2037 1126 eventum
2061 1070 2579 1128 extraordinarium
2598 1081 2657 1129 et

250 1148 673 1220 miraculosum,
697 1145 842 1203 fides
870 1145 1274 1203 miraculorum
1295 1147 1442 1203 illud
1469 1148 1866 1222 apprehendit.
1956 1148 2072 1206 Ubi
2100 1148 2336 1206 offertur
2374 1150 2481 1208 sub
2526 1144 2657 1208 idea

250 1229 387 1285 boni
443 1227 600 1284 utilis
657 1233 714 1282 et
754 1224 1015 1300 jucundi,
1057 1225 1199 1282 fides
1255 1226 1598 1302 temporaria
1642 1229 1700 1284 in
1730 1247 1797 1284 eo
1828 1236 2156 1303 occupatur.
2244 1229 2363 1287 Ubi
2408 1229 2657 1307 denique

251 1308 557 1366 exhibetur
585 1305 692 1362 sub
715 1304 845 1361 idea
872 1304 1008 1362 boni
1031 1305 1280 1376 honesti,
1306 1305 1552 1381 pertinet
1580 1305 1656 1362 ad
1698 1306 1869 1365 fidem
1893 1307 2323 1383 justificantem.

333 1388 407 1445 V.
455 1387 760 1461 Perperam
802 1403 942 1440 vero
984 1383 1316 1457 adversarii,
1361 1394 1426 1441 ut
1490 1385 1763 1444 Bellarm.
1806 1386 1906 1444 lib.
1957 1390 2006 1443 1.
2052 1387 2123 1444 de
2167 1388 2385 1446 Justifi.
2431 1407 2554 1463 cap.
2599 1391 2656 1461 4,

249 1465 595 1543 pertendunt
625 1464 844 1540 species
872 1462 1014 1521 istas
1056 1463 1246 1521 varias
1274 1485 1390 1522 non
1419 1465 1724 1539 diversam,
1759 1467 1859 1524 sed
1902 1486 2074 1523 unam
2104 1466 2458 1543 eandemque
2488 1467 2660 1525 fidem

250 1545 596 1604 constituere
622 1566 635 1618 3
721 1563 850 1601 cum
901 1563 935 1600 a
977 1563 1037 1601 se
1095 1543 1342 1601 invicem
1386 1545 1502 1602 sint
1556 1546 1906 1622 separabiles
1932 1568 1946 1618 ;
2007 1567 2139 1603 nam
2185 1547 2243 1603 in
2293 1547 2557 1605 Diabolis
2603 1556 2661 1606 et

249 1626 446 1684 multis
491 1623 818 1681 infidelibus
846 1630 935 1680 est
981 1623 1127 1680 fides
1170 1624 1460 1696 historica,
1505 1625 1604 1700 qui
1634 1634 1828 1683 tamen
1856 1625 1968 1683 fide
1999 1627 2343 1701 temporaria
2371 1636 2429 1686 et
2447 1627 2660 1703 justifi-

251 1715 416 1763 cante
435 1712 648 1777 carent,
680 1703 722 1762 J
726 1723 812 1760 ac.
841 1703 899 1759 ii.
936 1705 1027 1776 19,
1048 1711 1194 1760 utet
1215 1703 1327 1760 fide
1358 1703 1780 1779 miraculorum,
1813 1725 1941 1781 quae
1961 1714 2184 1781 patrare
2231 1726 2345 1763 non
2401 1715 2660 1782 possunt.

254 1785 325 1841 In
354 1783 483 1841 aliis
506 1783 752 1840 occurrit
779 1782 923 1840 fides
951 1783 1312 1859 temporaria,
1343 1783 1403 1838 in
1431 1783 1643 1857 quibus
1673 1804 1778 1841 nec
1801 1784 1970 1841 datur
1992 1784 2334 1859 justificanS,
2370 1785 2508 1842 Luc.
2540 1785 2662 1843 viii.

253 1867 344 1938 13,
391 1883 497 1921 nec
545 1863 689 1920 fides
731 1861 1153 1933 miraculorum,
1186 1861 1322 1920 Aet.
1366 1861 1486 1918 viii.
1523 1864 1615 1918 19.
1667 1863 1739 1919 In
1767 1863 1895 1920 aliis
1944 1862 2087 1920 fides
2131 1864 2533 1921 miraculorum
2576 1873 2665 1922 est

250 1944 466 2019 absque
502 1941 874 2019 justificante,
920 1952 983 1998 ut
1013 1941 1072 1998 in
1106 1940 1283 2012 Juda,
1305 1947 1362 1997 ct
1390 1940 1585 1998 inillis
1616 1941 1687 1999 de
1711 1942 1919 2017 quibus
1948 1942 2156 2018 agitur,
2192 1944 2400 2000 Matth.
2433 1944 2534 2000 vii.
2565 1948 2661 2001 22.

254 2025 325 2080 In
371 2022 685 2080 innumeris
713 2019 981 2076 fidelibus
1010 2019 1180 2078 datur
1207 2019 1352 2077 fides
1373 2020 1703 2095 justificans
1732 2022 1853 2078 sine
1875 2021 1989 2078 fide
2018 2022 2440 2080 miraculorum.

334 2103 442 2158 VI.
489 2102 655 2158 Licet
682 2119 820 2157 vero
848 2099 1023 2156 variae
1052 2100 1178 2157 istae
1207 2098 1352 2156 fides
1391 2109 1633 2174 possunt
1675 2120 2011 2158 concurrere
2041 2101 2100 2157 in
2128 2121 2243 2159 uno
2276 2102 2552 2178 subjectO,
2601 2111 2669 2161 ut

250 2182 311 2238 iu
343 2180 641 2256 Apostolis
691 2186 748 2236 et
797 2178 925 2235 aliis
954 2178 1161 2251 visum,
1193 2186 1252 2236 et
1301 2186 1439 2235 tunc
1488 2198 1602 2234 non
1653 2180 1847 2255 plures
1896 2179 2011 2237 sint
2060 2181 2308 2255 habiture,
2342 2182 2445 2239 sed
2486 2202 2666 2240 unum

251 2261 611 2335 eundemque
641 2258 842 2314 saltem
874 2258 1287 2333 aggregatione
1317 2258 1703 2332 constituant;
1737 2259 1866 2315 Non
1898 2259 2154 2334 sequitur
2182 2280 2216 2316 a
2243 2270 2403 2335 parte
2433 2262 2523 2319 sui
2551 2282 2668 2319 non

252 2339 496 2411 differre,
525 2358 652 2395 cum
673 2345 730 2394 et
749 2336 974 2413 objecto
998 2337 1239 2410 formali,
1264 2346 1323 2394 et
1344 2336 1516 2393 modo
1539 2339 1890 2413 operationis
1914 2347 2029 2396 tarn
2051 2338 2200 2396 clare
2220 2340 2667 2416 distinguantur.

253 2420 346 2477 Ita
375 2419 518 2476 fides
540 2417 796 2474 salvifica
839 2424 1028 2493 potest
1049 2417 1161 2474 dici
1193 2417 1483 2474 continere
1527 2417 1844 2475 eminenter
1884 2417 2053 2475 fidem
2080 2419 2501 2494 miraculorum,
2533 2421 2670 2497 quia

252 2507 442 2575 potest
470 2518 503 2555 a
535 2498 660 2555 Deo
704 2515 772 2553 eo
801 2496 1032 2570 elevari,
1065 2506 1128 2554 ut
1171 2496 1305 2554 edat
1333 2497 1628 2554 miracula.
1718 2497 1832 2556 Sed
1861 2517 1976 2555 non
2006 2498 2293 2574 reciproce
2324 2500 2467 2557 fides
2496 2501 2665 2558 mira-

252 2580 509 2638 culorum
538 2575 784 2635 includit
804 2576 1234 2653 justificantem,
1268 2596 1398 2634 cum
1427 2576 1486 2634 in
1517 2578 1793 2654 reprobos
1813 2578 2007 2637 varios
2036 2578 2222 2637 cadat.

333 2659 476 2716 VII.
525 2657 803 2732 Quamvis
831 2656 976 2714 fides
1006 2656 1264 2714 salvifica
1294 2657 1370 2716 sit
1401 2677 1514 2715 una
1541 2668 1600 2716 et
1631 2666 1829 2725 ἰσότιμος
1859 2659 1919 2715 in
1968 2659 2253 2734 omnibus,
2285 2667 2403 2718 tam
2445 2680 2480 2717 a
2507 2671 2669 2737 parte

248 2739 478 2816 objecti,
513 2738 661 2815 Eph.
708 2737 784 2794 iv.
812 2740 865 2811 5,
898 2736 1054 2813 quod
1079 2736 1229 2794 idem
1260 2736 1368 2795 fuit
1395 2747 1516 2794 tam
1557 2738 1618 2794 in
1663 2738 1846 2796 veteri
1875 2758 2045 2814 quam
2080 2738 2250 2797 Novo
2274 2740 2662 2816 TestamentO,

254 2819 446 2895 quoad
488 2818 886 2889 substantiam,
945 2836 1116 2892 quam
1175 2836 1209 2873 a
1238 2826 1397 2892 parte
1442 2817 1690 2895 subjecti
1748 2818 2011 2894 specifice
2046 2840 2059 2877 ε
2121 2819 2252 2877 Hoc
2306 2840 2422 2877 non
2478 2822 2670 2880 obstat

247 2899 554 2973 quominus
583 2917 702 2953 vox
729 2896 864 2953 fidei
895 2896 1194 2971 aequivoca
1223 2896 1283 2953 in
1312 2916 1417 2954 sua
1439 2898 1801 2973 aequivocata
1829 2898 2236 2975 distinguatur,
2264 2919 2394 2975 quae
2426 2902 2667 2960 totidem

253 2978 380 3053 ejus
403 2977 625 3053 species
655 2975 1033 3033 constituunt.

1139 3211 1526 3284 QUAESTIO
1597 3212 1780 3271 VIII.

801 3390 879 3428 nn
923 3389 1125 3428 vARns
1171 3390 1332 3428 mom
1377 3387 1824 3430 «JUSTIFICANTIS
1855 3390 2122 3431 seriana.

511 3534 663 3600 Quot
689 3530 859 3599 Fides
888 3529 1153 3608 Salmfica
1180 3531 1428 3588 includat
1448 3540 1604 3589 actm
1633 3532 1691 3589 in
1718 3542 1981 3608 conceptu
2007 3554 2107 3591 suo
2119 3536 2368 3608 formali
2384 3538 2413 3593 3

250 3734 514 3778 Sententiae
586 3732 725 3776 varim
853 3690 902 3746 Ι.
950 3689 1033 3748 Ut
1089 3689 1357 3767 Cognitio
1407 3691 1716 3748 Habituum
1762 3711 1878 3750 non
1926 3693 2157 3751 aliunde
2203 3695 2413 3752 certius
2468 3696 2667 3754 haberi

304 3794 432 3835 circa
471 3794 631 3835 Actus
671 3790 726 3833 fi·
767 3776 957 3844 potest
985 3789 1157 3845 quam
1188 3790 1259 3827 ex
1291 3771 1620 3846 cognitione
1649 3774 1889 3830 Actuum
1918 3792 2114 3830 eorum
2143 3774 2578 3850 praecipuorum,
2611 3784 2670 3834 et

309 3850 399 3892 ‘¹⁴³¹-
783 3849 994 3922 Objectz'
1018 3850 1167 3906 circa
1196 3850 1353 3925 quod
1380 3858 1717 3922 versantur;
1764 3851 1985 3908 Natura
2014 3852 2147 3908 fidei
2170 3852 2276 3909 rite
2304 3853 2520 3930 percipi
2550 3874 2664 3911 non

244 3933 433 4003 potest
474 3924 586 3981 nisi
631 3924 746 3982 duo
796 3927 909 3984 ista
957 3937 1426 4003 cognoscantur:
1489 3932 1541 3987 1.
1594 3929 1952 4003 Quibusnam
2008 3931 2233 3989 actibus
2282 3941 2522 3990 constet.
2608 3938 2664 3990 2.

251 4004 552 4078 Quodnam
576 4003 652 4060 sit
679 4005 807 4079 ejus
836 4006 1146 4081 objectum.

328 4085 411 4142 II.
460 4084 537 4150 Et
565 4083 639 4140 ad
667 4086 838 4141 Actus
860 4084 1093 4160 quidem
1143 4087 1299 4162 quod
1344 4088 1565 4163 attinet,
1616 4086 2001 4145 diversimode
2047 4107 2081 4144 a
2122 4088 2436 4166 Theologis
2482 4090 2663 4166 expli-

246 4174 464 4237 cantur,
496 4163 625 4221 aliis
653 4163 864 4239 plures,
897 4163 1026 4221 aliis
1065 4166 1363 4240 pauciores
1386 4167 1791 4225 statuentibus,
1881 4166 2030 4224 Sunt
2051 4168 2150 4242 qui
2179 4169 2410 4226 unicum
2440 4177 2666 4228 tantum

245 4253 482 4322 ponunt,
510 4243 645 4300 nim.
693 4243 1034 4319 Assensum,
1083 4264 1184 4302 seu
1227 4246 1684 4304 Persuasionem.
1744 4246 1868 4303 Alii
1897 4245 2045 4305 duos
2072 4255 2294 4305 tantum
2324 4259 2663 4325 agnoscunt,

246 4324 524 4382 Notitiam
568 4331 626 4380 et
673 4323 1018 4381 Assensum,
1104 4324 1229 4382 Alii
1279 4326 1509 4383 tertium
1540 4325 1777 4398 addunt,
1820 4325 2089 4384 nimirum
2136 4327 2456 4386 Fiduciam.
2542 4330 2668 4387 Alii

242 4403 421 4460 etiam
459 4411 746 4478 quartum,
774 4402 1184 4462 confidentiam
1215 4404 1436 4463 scilicet
1466 4424 1569 4462 seu
1589 4404 2072 4480 acquiescentiam
2104 4407 2437 4465 voluntatis.
2524 4409 2667 4483 Quae

245 4481 493 4539 diversae
525 4483 825 4541 sententiae
855 4504 969 4540 non
1000 4492 1120 4542 tam
1149 4492 1376 4543 mutant
1418 4492 1682 4542 naturam
1712 4484 1864 4558 fidei,
1897 4505 2067 4561 quam
2092 4486 2251 4543 illam
2281 4486 2668 4546 diversimode

247 4561 556 4636 explicant.
642 4561 811 4634 Quod
848 4563 1079 4639 quidem
1123 4564 1258 4621 inde
1302 4563 1384 4638 fit,
1431 4563 1587 4640 quod
1632 4563 1729 4621 alii
1773 4564 1943 4623 fidem
2009 4566 2294 4624 collocant
2355 4567 2568 4643 pariter
2609 4569 2670 4625 in

246 4639 543 4699 intellectu
566 4648 623 4698 et
654 4642 948 4700 voluntate
973 4665 988 4717 3
1034 4643 1132 4701 alii
1158 4664 1296 4701 vero
1320 4651 1542 4701 tantum
1563 4644 1622 4701 in
1652 4644 1950 4703 intellectu
1994 4645 2324 4714 formaliter,
2355 4654 2413 4705 et
2461 4648 2667 4707 volun-
