3221 5200
509 353 626 412 514
1266 369 1451 410 Locus
1480 369 1739 410 nscmus
1767 368 2038 418 omarus.
2514 350 2766 433 [qus‘r.
2798 371 2926 414 nv.

514 510 910 590 promissionis
949 510 1085 570 filiis
1111 517 1237 569 rata
1257 516 1363 583 est,
1394 529 1512 567 ver.
1544 511 1600 568 8.
1674 508 1888 585 Agitur
1932 529 2071 586 ergo
2098 508 2193 568 hic
2233 509 2527 570 indefinite
2572 512 2644 571 de
2675 514 2936 592 cujusvis

517 591 735 650 ordinis
764 612 830 650 ac
860 590 1204 649 conditionis
1242 588 1572 662 infantibus,
1604 588 1706 664 qui
1755 588 1831 646 ad
1880 589 2238 649 Electionem
2287 590 2398 648 Dei
2426 592 2732 668 pertinent,
2785 614 2933 670 quos

520 671 842 730 discernere
865 691 983 730 non
1004 679 1092 729 est
1117 669 1352 727 humani
1372 667 1599 745 judicii.

1125 748 1244 806 III.
1293 747 1649 805 Sententiam
1676 754 1931 805 nostram
1975 747 2199 807 duabus
2240 748 2738 826 Propositionibus
2780 772 2933 810 com-

520 829 744 876 Infantes
782 844 879 875 11011
914 830 997 874 ha„
1037 828 1356 905 plectimur.
1441 824 1638 884 Prima
1666 827 1973 904 opponitur
2001 829 2387 888 Lutheranis:
2429 832 2503 887 In
2541 833 2794 905 Infantes
2822 853 2932 890 non

570 888 1010 991 Ἑζζῗὲξιῇτζοῇῒ,
1050 908 1201 966 cadit
1224 908 1375 986 fides
1414 907 1670 965 actualis.
1756 906 2033 966 Rationes
2076 917 2243 967 sunt:
2290 909 2501 984 Primo,
2548 909 2697 983 Quia
2733 910 2791 967 in
2835 931 2936 970 eos

585 979 813 1049 ther-oinos
900 1016 1010 1060 pro-
1050 987 1266 1045 nullius
1294 985 1378 1045 rei
1433 985 1675 1052 actualis
1704 986 1909 1044 notitia
1937 988 2107 1060 cadit,
2147 987 2300 1046 unde
2330 989 2600 1047 dicuntur
2633 1009 2750 1047 non
2796 1011 2930 1067 cog-

527 1126 548 1165 1
583 1065 757 1169 mam?
884 1120 1002 1163 mm
1042 1086 1277 1125 noscere
1306 1066 1521 1124 bonum
1551 1074 1652 1124 aut
1679 1065 1911 1141 malum,
1942 1088 2048 1127 nec
2071 1067 2393 1126 discernere
2424 1087 2591 1144 posse
2613 1068 2764 1126 inter
2792 1069 2932 1128 dex·

555 1133 1007 1222 'reidssduassglnoti-
1047 1155 1194 1205 tram
1223 1154 1281 1205 et
1309 1146 1616 1221 sinistram,
1651 1146 1823 1204 Deut.
1854 1146 1892 1204 i.
1924 1150 2019 1222 39,
2080 1147 2195 1205 Isa.
2246 1147 2345 1206 vii.
2398 1149 2488 1223 16,
2532 1147 2675 1207 Jon.
2725 1149 2804 1206 iv.
2839 1153 2931 1207 11.

581 1237 711 1281 tiain
724 1237 856 1293 ipsos
869 1236 1014 1287 eadm
1056 1226 1177 1284 Nec
1207 1226 1397 1302 excipi
1419 1224 1609 1299 debet,
1646 1228 1696 1283 1.
1720 1225 1943 1284 “Nasci
1973 1234 2164 1285 tamen
2193 1226 2493 1286 nobiscum
2515 1228 2821 1288 multarum
2845 1250 2932 1287 re·

1047 1325 1171 1365 rum
1200 1305 1490 1363 notitias.’'
1544 1305 1693 1378 Quia
1739 1304 1897 1363 aliud
1946 1315 2034 1365 est
2081 1307 2291 1365 habere
2319 1306 2599 1384 principia
2627 1315 2687 1365 et
2715 1309 2935 1366 semina

525 1387 856 1448 notitiarum
886 1385 945 1443 in
1001 1384 1400 1443 communibus
1455 1384 1787 1443 notionibus
1842 1385 2009 1443 nobis
2063 1386 2269 1459 insitis,
2328 1387 2484 1463 quod
2525 1388 2891 1447 concedimus
2917 1411 2932 1447 ι

527 1467 712 1527 Aliud
740 1467 950 1526 habere
979 1464 1261 1523 actualem
1278 1463 1560 1538 notitiam,
1593 1463 1749 1539 quod
1769 1483 2068 1540 negamus.
2112 1470 2168 1525 2.
2187 1466 2435 1524 “Fidem
2457 1486 2573 1525 non
2591 1467 2837 1543 pendere
2860 1469 2934 1527 ab

526 1568 638 1607 usu
664 1546 920 1619 rationis,
952 1546 1067 1602 imo
1092 1542 1300 1602 debere
1325 1543 1636 1620 subjugare
1659 1543 1718 1599 in
1742 1543 1830 1601 sui
1852 1543 2193 1621 obsequium
2215 1546 2555 1622 rationem,''
2580 1550 2616 1604 2
2642 1547 2770 1605 Cor.
2796 1569 2853 1606 x.
2875 1552 2930 1607 5.

529 1627 677 1701 Quia
697 1625 855 1685 aliud
878 1633 966 1684 est
994 1623 1163 1682 fidem
1192 1622 1442 1700 pendere
1464 1622 1537 1680 ab
1566 1642 1674 1680 usu
1718 1623 1958 1682 rationis
1987 1633 2259 1702 tanquam
2301 1644 2336 1682 a
2357 1625 2668 1703 principio:
2750 1627 2936 1686 Aliud

525 1707 699 1766 fidem
722 1724 1041 1783 supponere
1069 1704 1348 1761 rationem
1370 1711 1645 1778 tanquam
1667 1703 2008 1779 subjectum.
2094 1703 2264 1763 Prius
2282 1724 2561 1781 negamus
2579 1725 2708 1765 cum
2731 1707 2933 1784 Paulo,

528 1788 628 1864 qui
670 1787 800 1845 ideo
829 1785 957 1843 vult
979 1782 1258 1860 captivari
1297 1782 1577 1841 rationem
1599 1781 1661 1839 in
1690 1783 2029 1860 obsequium
2058 1783 2210 1842 fidei.
2283 1784 2578 1843 Posterius
2627 1786 2935 1846 statuimus

529 1886 661 1927 cum
690 1866 910 1939 eodem,
940 1864 1041 1941 qui
1084 1862 1213 1920 vult
1255 1862 1472 1920 cultum
1521 1870 1779 1920 nostrum
1811 1863 2163 1939 spiritualem
2219 1882 2345 1921 esse
2375 1873 2574 1932 λογικὰ,
2626 1863 2795 1923 Rom.
2827 1867 2931 1926 xii.

534 1951 588 2007 1.
632 1946 752 2006 Ubi
780 1964 920 2022 ergo
967 1963 1084 2003 non
1138 1941 1309 2001 datur
1360 1961 1501 2000 usus
1529 1942 1786 2017 rationis,
1836 1942 1919 2000 ibi
1959 1963 2067 2001 nec
2111 1963 2252 2002 usus
2281 1962 2383 2001 seu
2412 1942 2750 2001 exercitium
2797 1945 2935 2005 fidei

534 2025 660 2085 dari
687 2032 895 2103 potest.
1485 2100 1522 2157 d
1718 2098 1732 2113 ·
1800 2100 1903 2157 Ins

530 2145 575 2191 ²·
590 2142 1013 2248 ssffiaffffffissffi
1053 2099 1793 2257 Ηαξῖὶιὲῗᾶῑὲὲὲζέῗ.
1832 2107 2162 2240 ..³:1²5ssssss
2165 2120 2318 2241 ¹211?ss
2321 2108 2577 2241 ‘2253ss
2579 2109 2937 2258 23231053331

590 2263 747 2314 dunt:
1052 2281 1160 2320 nec
1202 2281 1489 2334 assensus,
1535 2260 1636 2336 qui
1677 2259 1850 2319 debet
1890 2260 2023 2319 ferri
2063 2260 2125 2318 in
2167 2262 2455 2339 objectum
2486 2262 2798 2339 cognitum,
2830 2282 2938 2320 nec

526 2347 771 2423 fiduciae,
803 2365 932 2422 quae
962 2343 1225 2401 versatur
1250 2340 1311 2397 in
1346 2340 1580 2416 speciali
1624 2340 2005 2417 applicatione
2055 2342 2448 2418 promissionis
2489 2342 2730 2419 gratiae:
2776 2342 2937 2417 Ergo

532 2448 639 2486 nec
666 2426 820 2500 fidei,
840 2445 969 2501 quae
987 2422 1173 2481 tribus
1200 2420 1328 2478 istis
1356 2420 1582 2479 actibus
1610 2428 1852 2479 constat.
1899 2422 2026 2479 Imo
2055 2430 2317 2477 deame-0·
2344 2431 2433 2481 est
2450 2422 2574 2480 dari
2601 2431 2820 2480 motum
2849 2421 2939 2477 in-

531 2507 814 2580 tellectus,
843 2504 940 2562 vel
967 2499 1284 2560 voluntatis
1313 2499 1436 2557 sine
1480 2500 1825 2575 cognitione,
1856 2520 1985 2576 quae
2014 2501 2088 2558 ad
2106 2502 2238 2559 illos
2266 2521 2490 2576 semper
2518 2501 2875 2578 supponitur.

1133 2579 1210 2638 V.
1254 2578 1468 2654 Tertio,
1514 2579 1663 2654 Quia
1696 2599 1810 2637 non
1841 2587 1975 2638 sunt
2003 2599 2242 2655 capaces
2269 2579 2580 2638 auditionis
2608 2589 2666 2638 et
2694 2579 2938 2638 medita·

1055 2658 1229 2717 tionis
1264 2658 1462 2732 Verbi,
1507 2679 1580 2716 ex
1631 2678 1746 2733 quo
1785 2657 1929 2715 fides
1974 2659 2310 2734 concipitur,
2341 2660 2513 2715 Fides
2556 2659 2698 2715 enim
2741 2668 2821 2715 est
2860 2679 2940 2716 ex

1054 2738 1269 2809 auditu,
1317 2737 1484 2794 Rom.
1528 2758 1587 2794 x.
1638 2740 1729 2794 17.
1834 2736 1956 2793 Nec
2004 2735 2311 2794 dicendum
2354 2755 2484 2794 cum
2528 2737 2938 2796 Brochmanno

535 2822 725 2880 Deum
753 2817 1070 2876 destinasse
1101 2816 1479 2892 Baptismum,
1510 2824 1574 2873 ut
1591 2815 1887 2872 lavacrum
1904 2833 2068 2890 aquae
2096 2816 2157 2872 in
2185 2815 2383 2874 Verbo
2410 2815 2818 2891 regenerandis
2846 2817 2939 2874 in-

533 2899 804 2973 fantibus,
851 2906 917 2956 ut
960 2915 1063 2973 pro
1110 2894 1348 2953 Adultis
1393 2893 1708 2952 destinavit
1751 2893 2099 2952 auditionem
2147 2894 2347 2953 Verbi.
2453 2894 2618 2969 Quia,
2668 2897 2939 2972 quamvis

534 2979 870 3056 Baptismus
899 2977 975 3036 sit
1018 2975 1248 3052 signum
1293 2981 1594 3033 externum
1640 2973 1840 3050 gratiae
1884 2974 2363 3051 regenerationis,
2382 2975 2458 3033 ad
2486 2975 2654 3053 cujus
2690 2996 2939 3053 praesen-

534 3061 674 3120 tiam
705 3060 866 3118 Deus
893 3055 1207 3115 infantibus
1235 3073 1361 3114 eam
1389 3061 1580 3130 potest
1607 3053 1745 3112 dare
1786 3074 1889 3131 per
1916 3054 2180 3133 spiritum
2209 3055 2332 3114 sine
2361 3056 2523 3114 verbi
2553 3055 2770 3131 auditu,
2804 3057 2938 3114 Non

533 3148 726 3220 potest
753 3148 945 3198 tamen
974 3136 1087 3194 dici
1114 3134 1231 3193 illis
1258 3132 1384 3191 dari
1424 3132 1595 3192 fidem
1639 3135 1939 3210 actualem,
1970 3154 2099 3213 quae
2127 3135 2262 3194 talis
2290 3155 2417 3195 esse
2444 3156 2560 3194 non
2586 3143 2795 3214 potest,
2826 3136 2940 3194 nisi

536 3230 820 3299 quatenus
848 3227 981 3277 actu
1009 3235 1070 3274 se
1099 3214 1283 3273 exerit
1311 3211 1463 3271 circa
1489 3213 1750 3273 auditum
1780 3215 1979 3274 Verbi.
2820 3224 2825 3228 ’

1144 3294 1255 3352 VI.
1302 3293 1556 3369 Parvuli,
1579 3294 1652 3353 de
1673 3294 1884 3371 quibus
1912 3294 2105 3373 agitur
2126 3296 2337 3354 Matth.
2357 3295 2521 3354 xviii.
2544 3297 2597 3370 6,
2617 3295 2717 3371 qui
2735 3294 2935 3353 dicun-

1062 3382 1156 3432 tur
1182 3373 1242 3430 in
1273 3372 1564 3432 Christum
1583 3375 1832 3450 credere,
1853 3395 1969 3433 non
1999 3383 2133 3435 sunt
2154 3376 2401 3433 inflantes
2429 3375 2490 3432 in
2516 3374 2729 3433 tenella
2751 3383 2937 3449 aetate,

1063 3452 1165 3511 sed
1193 3453 1373 3529 pueri,
1403 3454 1502 3529 qui
1532 3454 1781 3530 aliquem
1811 3455 2049 3513 rationis
2075 3475 2243 3514 usum
2266 3455 2389 3531 jam
2411 3454 2658 3529 habent;
2703 3455 2838 3530 quia
2867 3453 2940 3512 de

535 3534 608 3592 iis
636 3534 843 3610 agitur,
874 3531 972 3607 qui
1017 3541 1258 3609 possunt
1304 3534 1500 3591 vocari
1539 3542 1598 3592 et
1638 3534 2033 3608 scandalizari,
2064 3534 2219 3610 quod
2253 3535 2311 3591 in
2341 3532 2588 3590 infantes
2615 3552 2731 3589 non
2762 3534 2935 3609 cadit,

537 3613 699 3671 nulla
743 3611 881 3669 dum
918 3610 1054 3669 boni
1084 3612 1179 3670 vel
1207 3612 1343 3669 mali
1384 3612 1590 3670 notitia
1629 3613 1920 3689 praeditos.
2004 3613 2127 3671 Nec
2160 3613 2350 3671 obstat
2380 3612 2476 3669 vel
2502 3630 2709 3669 nomen
2739 3618 2941 3688 ‹aaz-2,

537 3692 694 3770 quod
721 3691 838 3750 illis
865 3691 1152 3764 tribuitur,
1183 3690 1319 3767 quia
1359 3692 1628 3767 generale
1670 3702 1775 3766 est,
1806 3711 1921 3749 non
1950 3692 2140 3750 minus
2168 3691 2467 3750 adultioris
2495 3690 2681 3749 aetatis
2707 3711 2935 3769 pueros,

534 3793 708 3852 quam
737 3771 984 3831 infantes
1012 3771 1360 3847 significans.
1405 3770 1522 3828 Vel
1538 3790 1655 3829 vox
1674 3780 1871 3844 βρέφους,
1903 3791 2031 3847 quae
2048 3771 2293 3829 habetur
2311 3771 2451 3829 Luc.
2470 3771 2636 3829 xviii.
2662 3775 2751 3847 15,
2783 3772 2937 3849 quia,

538 3861 920 3932 praeterquam
937 3850 1090 3929 quod
1121 3872 1235 3909 non
1254 3850 1502 3909 occurrit
1519 3850 1731 3908 Matth.
1755 3850 1938 3925 xviii„
1962 3851 2063 3909 ubi
2085 3851 2277 3929 agitur
2293 3850 2365 3909 de
2383 3851 2639 3928 parvulis
2657 3852 2938 3911 credenti-

537 3935 665 4008 bus,
696 3940 887 4011 potest
913 3932 1088 3991 etiam
1125 3932 1199 3989 ad
1244 3939 1468 3989 aetatem
1515 3950 1783 4007 capacem
1818 3931 2195 3990 institutionis
2224 3931 2477 4007 extendi,
2508 3939 2573 3991 ut
2600 3931 2939 3991 Timotheus

538 4015 750 4073 dicitur
778 4020 872 4068 oza-3
894 4020 1073 4084 βρέφους
1104 4011 1356 4069 didicisse
1382 4011 1594 4069 Sacras
1634 4011 1877 4086 Literas,
1908 4015 1944 4069 2
1974 4011 2122 4070 Tim.
2153 4011 2233 4070 iii.
2268 4014 2359 4070 15.
2446 4011 2617 4070 Adde
2648 4012 2940 4070 Christum

537 4095 632 4153 hic
661 4113 764 4171 per
792 4097 967 4167 raaia,
999 4111 1128 4167 quae
1158 4091 1217 4149 in
1246 4091 1433 4168 ipsum
1462 4090 1720 4165 credunt,
1750 4110 1919 4167 posse
1962 4091 2285 4168 intelligere
2317 4091 2562 4167 adultOS,
2608 4092 2707 4167 qui
2749 4092 2937 4149 humi-

539 4175 720 4248 litate,
752 4171 1095 4245 innocentia,
1127 4179 1186 4229 et
1213 4170 1494 4229 modestia
1520 4190 1688 4248 pares
1717 4179 1851 4230 sunt
1891 4171 2223 4231 infantibus.
2308 4172 2430 4230 Nec
2459 4170 2722 4228 concludi
2749 4179 2945 4245 potest

540 4255 789 4313 infantes
817 4259 876 4310 et
902 4270 1110 4327 pueros
1134 4250 1417 4327 spirituali
1433 4250 1818 4327 intelligentia
1838 4271 2004 4328 pares
2026 4272 2170 4327 esse,
2192 4271 2321 4311 cum
2345 4259 2483 4309 aetas
2510 4249 2655 4307 nihil
2684 4249 2942 4310 conferat

539 4334 614 4393 ad
642 4332 834 4390 fidem.
919 4330 1067 4404 Quia
1090 4329 1228 4388 licet
1257 4338 1397 4389 aetas
1440 4330 1586 4388 nihil
1635 4329 1890 4389 conferat
1930 4330 2005 4388 ad
2044 4331 2235 4407 fidem,
2266 4339 2331 4389 ut
2358 4349 2531 4388 causa
2558 4328 2810 4387 efficiens
2836 4351 2942 4408 per

541 4434 623 4489 se,
653 4410 963 4488 requiritur
1001 4418 1195 4468 tamen
1236 4411 1311 4468 ad
1353 4430 1496 4484 eam,
1527 4418 1593 4468 ut
1634 4409 1957 4487 subjectum
1999 4410 2297 4488 recipiens,
2327 4410 2463 4487 quia
2489 4409 2942 4487 unumquodque

539 4492 811 4568 recipitur
839 4490 912 4548 ad
940 4488 1174 4547 modum
1202 4490 1549 4566 recipientis.

619 4572 768 4631 VII.
813 4569 1002 4643 Quum
1048 4568 1369 4645 Apostolus
1417 4570 1514 4643 ait,
1550 4572 1584 4602 “
1604 4568 1726 4628 sine
1770 4568 1885 4626 fide
1930 4567 2281 4646 impossibile
2324 4588 2451 4628 esse
2493 4569 2720 4647 placere
2751 4569 2940 4644 De0‚”

542 4651 698 4710 Heb.
727 4649 808 4707 xi.
842 4648 1174 4725 6,10quitur
1190 4647 1263 4708 de
1282 4648 1537 4725 Adultis,
1563 4668 1807 4725 quorum
1831 4648 2098 4728 exempla
2114 4649 2276 4709 varia
2297 4649 2511 4709 ibidem
2532 4658 2955 4740 commemorat.

533 2646 578 2691 3.
598 2646 728 2696 Quia
761 2658 856 2688 non
894 2648 1013 2687 sunt

589 2716 787 2761 capaces
807 2700 973 2746 Verbi.

594 3359 779 3405 Fontes
811 3358 952 3402 Solu-

674 3419 881 3461 tionum.
