3221 5200
313 358 533 408 oum.
564 337 724 418 xm]
1336 359 1415 399 ne
1444 359 1598 400 neae
1628 359 1749 401 nur.
2216 427 2228 440 .
2652 345 2727 400 87

307 499 676 576 corporisque
703 495 1176 572 relaxatiom'bus,
1207 497 1379 557 modo
1408 505 1577 558 extra
1600 501 1774 558 horas
1803 497 1985 558 cultui
1997 497 2207 557 ‘divino
2229 497 2544 558 destinatas
2560 518 2725 559 usur-

308 587 535 655 pentur,
569 596 631 635 se
659 596 935 651 recreare,
965 596 1073 635 nec
1101 577 1284 635 ullum
1311 587 1769 655 avocamentum,
1800 578 2067 655 quamvis
2109 578 2485 652 levissimum,
2517 577 2593 635 ad
2633 599 2726 639 res

305 658 474 733 ullas,
505 677 637 735 quse
666 657 932 714 humanae
958 656 1135 732 hujus
1160 656 1297 715 vitoe
1326 658 1628 716 commoda
1654 667 1755 718 aut
1781 658 2169 717 emolumenta
2200 665 2479 734 spectent,
2511 657 2722 718 habere

304 736 493 795 liceat.
581 736 748 794 Licet
774 735 929 793 enim
958 736 1243 794 sententia
1269 737 1392 795 haec
1420 737 1720 813 pulchram
1748 737 1960 796 habeat
1985 736 2218 813 pietatis
2247 737 2496 814 speeiem
2535 736 2723 814 prima

304 815 508 891 fronte,
541 824 599 873 et
627 834 662 872 a
688 814 832 873 viris
860 814 972 890 piis
999 813 1153 872 bono
1181 815 1371 873 animo
1400 816 1781 892 proculdubio
1809 824 2162 894 proponatur
2188 816 2264 874 ad
2290 817 2566 892 majorem
2587 816 2721 874 Diei

301 894 487 970 istius,
519 894 621 970 qui
647 902 766 952 tam
794 892 946 951 foede
973 892 1261 969 profanari
1291 894 1455 969 solet,
1488 895 2001 955 sanctificationem
2028 895 2479 972 procurandam3
2524 896 2716 972 gravi-

300 974 411 1032 bus
454 982 647 1032 tamen
695 973 921 1031 laborat
965 971 1362 1047 incommodis,
1394 993 1502 1032 nec
1547 983 1742 1051 potest
1783 974 2035 1050 retineri,
2066 975 2208 1052 quin
2252 974 2563 1033 reducatur
2604 974 2715 1033 hoc

300 1061 471 1129 pacto
519 1053 579 1109 in
625 1052 965 1126 Ecclesiam,
995 1051 1364 1129 humerisque
1411 1053 1865 1113 Christianorum
1910 1053 2099 1112 denuo
2142 1054 2467 1131 imponatur
2501 1054 2714 1130 jugum

299 1133 642 1204 asina-mv,
676 1131 1014 1189 Christianae
1057 1131 1311 1190 libertati
1354 1151 1701 1209 repugnans,
1747 1142 1807 1192 et
1850 1133 2077 1192 lenitati
2106 1132 2336 1206 Christi,
2383 1140 2442 1191 et
2482 1133 2714 1192 foederis

297 1212 502 1288 gratiae
530 1210 804 1269 suavitati
832 1209 1157 1285 adversum,
1188 1210 1347 1288 quod
1373 1211 1614 1271 infinitis
1640 1212 1927 1289 scrupulis
1949 1220 2007 1271 et
2029 1211 2527 1271 inextricabilibus
2543 1212 2712 1271 nodis

295 1291 680 1428 ῗὲιιεοίοηιίαε
704 1289 1003 1349 hominum
1029 1290 1215 1367 agitat
1241 1299 1301 1349 et
1328 1298 1595 1368 torquet3
1640 1300 1700 1351 et
1725 1299 1951 1351 tantum
1991 1311 2109 1350 non
2135 1291 2211 1349 ad
2253 1290 2710 1368 desperationem

380 1371 399 1427 i
446 1371 506 1428 't.

375 1391 663 1508 {IXVIL
707 1447 914 1507 Altera
938 1467 1073 1524 pars
1100 1447 1523 1507 observationis
1565 1449 1700 1508 Diei
1728 1448 2021 1508 Dominici
2060 1449 2311 1527 pertinet
2336 1448 2412 1508 ad
2457 1448 2705 1509 sanctifi·

293 1529 580 1587 cationem
606 1527 834 1605 quietis,
865 1547 995 1604 quae
1024 1527 1083 1585 in
1112 1527 1290 1586 sacris
1317 1529 1716 1604 conventibus,
1736 1538 1797 1588 et
1823 1528 2046 1588 solenni
2074 1549 2140 1588 ac
2157 1529 2390 1606 publico
2414 1529 2524 1588 Dei
2547 1529 2707 1588 cultu

293 1616 616 1666 exercetur.
702 1607 980 1681 Quamvis
1027 1606 1181 1665 enim
1210 1607 1358 1665 sacri
1386 1617 1569 1667 coetus
1597 1608 1673 1666 ad
1713 1608 1946 1685 publica
1984 1609 2216 1684 pietatis
2254 1608 2545 1683 exercitia,
2577 1608 2707 1667 aliis

334 1706 525 1764 noque
552 1685 758 1745 diebus
784 1686 1008 1762 possint
1048 1695 1108 1745 et
1135 1685 1382 1745 debeant
1408 1687 1483 1745 ab
1520 1707 1888 1764 unoquoque,
1918 1695 2197 1764 quantum
2225 1707 2319 1745 res
2348 1707 2466 1745 suae
2495 1687 2701 1762 ferunt,

293 1706 662 1843 aequentari,
692 1773 753 1824 et
777 1765 1022 1841 quilibet
1048 1765 1178 1842 pius
1206 1766 1281 1823 ad
1297 1766 1634 1842 quotidiana
1651 1785 1769 1825 suae
1798 1767 2122 1825 devotionis
2144 1766 2419 1825 exercitia
2434 1765 2703 1842 privatim

293 1844 561 1903 habenda
588 1865 664 1903 ex
692 1845 1058 1903 conscientiae
1084 1843 1272 1903 officio
1299 1845 1590 1921 obligetur
1614 1868 1627 1904 ε
1669 1846 1779 1903 hoe
1819 1854 2014 1904 tamen
2040 1845 2134 1904 die
2171 1865 2288 1921 prae
2317 1845 2541 1903 caeteris
2567 1863 2703 1902 con·

292 1924 523 1983 vocatio
553 1932 753 1982 sancta
781 1924 904 1982 fieri
933 1922 1121 1998 debet,
1152 1931 1220 1982 ut
1243 1924 1370 1982 fieri
1399 1925 1623 1984 solebat
1655 1925 1967 1998 Sabbatho,
2015 1924 2178 1982 Levi.
2213 1924 2380 1981 xxiii.
2412 1926 2468 1998 3,
2498 1923 2559 1981 in
2587 1943 2703 2000 qua

295 2002 505 2061 devote
534 2012 593 2062 et
620 2011 836 2061 attente
865 2011 1102 2061 vacetur
1129 2002 1313 2061 Verbi
1353 2003 1540 2061 divini
1579 2004 1816 2062 lectioni
1856 2012 1915 2062 et
1955 2002 2253 2076 auditioni,
2287 2002 2469 2060 Hebr.
2499 2022 2558 2061 x.
2590 2005 2698 2079 253

299 2081 800 2141 Sacramentorum
848 2081 1236 2157 celebrationi,
1269 2081 1407 2142 Act.
1436 2103 1539 2142 xx.
1565 2086 1598 2140 7
1626 2104 1641 2158 ;
1689 2081 2035 2141 Psalmodiae
2076 2091 2135 2141 et
2176 2081 2439 2156 orationi,
2472 2080 2596 2139 Col.
2621 2082 2700 2141 iii.

299 2163 390 2236 16,
423 2161 559 2222 Act.
589 2162 628 2220 i.
663 2164 774 2236 143
819 2161 1222 2237 Eleemosynis
1249 2170 1308 2220 et
1335 2181 1649 2239 pauperum
1678 2161 2063 2235 subventioni,
2098 2165 2127 2219 1
2152 2162 2283 2220 Cor.
2312 2161 2433 2217 xvi.
2452 2164 2518 2235 23
2564 2169 2624 2219 et
2643 2162 2703 2219 in

294 2259 504 2316 genere
533 2241 692 2299 omni
718 2240 805 2298 illi
834 2240 1206 2316 Hierologiae,
1226 2260 1357 2317 quse
1374 2240 1450 2298 ad
1478 2241 1694 2299 cultum
1713 2249 2019 2299 externum
2047 2248 2106 2299 et
2123 2240 2418 2299 solennem
2434 2240 2701 2316 pertinet.

372 2320 696 2378 XXVIII.
739 2319 939 2395 Atque
965 2319 1028 2377 in
1053 2320 1118 2377 id
1143 2320 1504 2396 potissimum
1545 2319 1995 2378 incumbendum
2033 2338 2159 2378 esse
2187 2319 2553 2394 consentiunt
2580 2339 2700 2377 om·

297 2418 418 2472 nes,
447 2399 685 2458 remotis
713 2407 800 2458 tot
827 2398 958 2456 aliis
984 2398 1408 2473 controversiis,
1439 2418 1570 2475 qnae
1596 2398 1694 2456 hic
1721 2398 1941 2456 moveri
1968 2398 2170 2473 solent,
2201 2398 2297 2456 vel
2325 2397 2583 2472 curiosis,
2607 2399 2703 2457 vel

291 2478 484 2537 minus
509 2478 850 2537 necessariis
877 2486 935 2537 et
961 2478 1221 2537 utilibus.
1305 2478 1394 2535 Eo
1421 2478 1658 2555 respicit
1689 2476 1959 2554 Synodus
1984 2477 2355 2535 Dordracena
2381 2477 2441 2534 in
2464 2477 2700 2535 Postac-

289 2557 384 2632 tis,
419 2558 629 2618 Sectio.
665 2560 798 2631 164,
828 2557 968 2617 dum
1006 2557 1223 2633 statuit,
1268 2558 1501 2617 “Diem
1542 2557 1720 2617 istum
1762 2557 1845 2617 sic
1890 2556 2073 2617 cultui
2112 2556 2312 2615 divino
2346 2556 2700 2634 appropriari

290 2636 517 2713 debere,
546 2648 614 2698 nt
641 2658 710 2697 eo
739 2638 834 2695 die
862 2638 936 2696 ab
963 2637 1231 2697 omnibus
1259 2638 1528 2715 operibus
1556 2638 1867 2697 servilibus
1892 2636 2304 2715 quiescendum
2338 2636 2428 2709 sit,
2464 2633 2697 2713 (excep-

289 2716 365 2773 tis
392 2718 465 2775 iis
493 2737 622 2793 quae
650 2718 900 2775 charitas
928 2725 985 2775 et
1012 2736 1264 2792 praesens
1304 2718 1619 2776 necessitas
1662 2717 2002 2795 postulant,)
2033 2725 2092 2774 et
2132 2716 2206 2774 ab
2249 2714 2517 2772 omnibus
2545 2716 2696 2791 ejus-

290 2795 448 2854 modi
475 2797 927 2869 oblectamentis,
958 2815 1088 2872 quae
1117 2796 1334 2854 cultum
1363 2796 1624 2854 divinum
1652 2796 1929 2872 impedire
1957 2796 2251 2872 possent.”
2338 2794 2415 2853 Et
2446 2797 2481 2828 “
2503 2814 2575 2851 ne
2597 2814 2696 2870 po-

289 2875 461 2949 pulus
488 2875 693 2934 diebus
724 2874 1043 2933 Dominicis
1070 2881 1202 2951 post
1229 2874 1542 2949 meridiem,
1567 2875 1698 2933 aliis
1724 2875 2018 2933 laboribus
2040 2883 2140 2932 aut
2160 2872 2421 2931 exercitii
2443 2871 2696 2949 profanis

290 2952 591 3028 distentus,
622 2974 658 3011 a
684 2953 1091 3029 pomeridianis
1118 2953 1491 3011 concionibus
1517 2954 1899 3026 abstrahatur,
1920 2953 2110 3029 rogari
2138 2952 2267 3010 vult
2296 2952 2693 3028 Magistratus,

289 3040 359 3088 ut
386 3052 560 3107 opera
575 3033 765 3090 omnia
792 3032 1026 3090 servilia
1042 3052 1144 3090 seu
1166 3032 1517 3107 quotidiana,
1539 3040 1712 3107 atque
1733 3031 1994 3107 inprimis
2020 3032 2199 3104 lusus,
2225 3030 2694 3106 compotationes,

290 3109 552 3185 aliasque
585 3110 859 3169 Sabbathi
884 3110 1326 3186 profanationes,
1358 3110 1569 3185 quibus
1596 3118 1822 3185 tempus
1849 3108 2320 3183 pomeridianum,
2352 3109 2601 3166 maxime
2635 3110 2696 3166 in

288 3188 478 3264 pagis,
509 3189 822 3265 plerunque
848 3190 1091 3265 transigi
1121 3189 1284 3263 solet,
1317 3187 1702 3246 severioribus
1729 3185 1934 3245 edictis
1960 3186 2321 3262 prohibeant,
2339 3194 2404 3244 ut
2424 3187 2532 3243 hae
2552 3202 2693 3261 quo-

284 3286 403 3343 que
431 3268 652 3327 ratione
680 3267 755 3325 ad
781 3269 1083 3327 conciones
1110 3268 1242 3326 illas
1268 3266 1692 3343 pomeridianas
1718 3265 1930 3323 adduci
1955 3264 2161 3323 melius
2187 3264 2389 3340 possit,
2419 3271 2591 3340 atque
2614 3265 2695 3324 ita

288 3346 577 3424 integrum
612 3347 890 3406 Sabbathi
916 3348 1070 3406 diem
1098 3346 1454 3406 sanctificare
1495 3345 1739 3403 discat.''
1824 3344 1946 3402 Nec
1987 3344 2102 3402 alia
2128 3344 2200 3401 de
2228 3358 2403 3402 causa
2432 3344 2593 3402 Deus
2634 3344 2695 3401 in

289 3424 448 3503 Lege
477 3436 536 3485 et
556 3427 859 3503 Prophetis
875 3435 1171 3503 tantopere
1200 3434 1370 3502 urget
1396 3433 1454 3484 et
1476 3423 1838 3483 commendat
1864 3423 2143 3482 Sabbathi
2166 3423 2691 3499 sanctificationem,

286 3505 525 3582 ejusque
555 3506 923 3563 violationem
967 3514 1027 3564 et
1064 3505 1517 3582 profanationem
1558 3511 1678 3563 tam
1721 3523 1920 3562 severe
1965 3523 2026 3561 se
2056 3502 2479 3561 vindicaturum
2520 3504 2692 3562 inter-

287 3584 553 3644 minatur.
639 3583 918 3659 Quamvis
945 3585 1098 3642 enim
1124 3585 1238 3643 ista
1263 3584 1305 3644 J
1309 3583 1505 3642 udaeos
1526 3584 1712 3660 primo
1733 3582 2059 3660 spectarint,
2085 3582 2323 3642 dubium
2344 3591 2537 3641 tamen
2566 3602 2693 3640 esse

288 3681 402 3720 non
429 3671 638 3740 potest,
670 3664 811 3740 quin
840 3683 944 3721 suo
972 3663 1144 3722 modo
1175 3663 1531 3722 Christianos
1559 3663 1731 3721 etiam
1758 3662 2133 3740 respexerint,
2165 3670 2449 3739 quatenus
2477 3663 2693 3720 morale

286 3741 537 3801 officium
563 3752 623 3801 et
648 3751 940 3819 perpetuae
968 3742 1387 3802 observationis
1414 3741 1803 3800 includebant.

893 3822 1152 3880 XXIX.
1199 3821 1476 3895 Quamvis
1504 3819 1734 3879 sublata
1775 3819 1851 3878 sit
1877 3839 1981 3896 per
2021 3819 2094 3876 N.
2138 3819 2297 3876 Test.
2338 3819 2692 3878 conscientia

325 3885 735 3987 Fontffuffiolutio-
812 3908 871 3959 et
898 3900 1204 3959 discrimen
1222 3900 1461 3974 dierum,
1482 3900 1838 3975 aliorumque
1864 3907 2186 3974 temporum
2208 3897 2688 3955 caeremonialium

808 3980 1133 4056 typicorum
1183 3979 1318 4038 Vct.
1362 3978 1734 4052 Testamenti,
1778 3985 1845 4035 ut
1885 3977 2058 4035 etiam
2100 3994 2335 4051 prorsus
2379 3975 2561 4032 vetita
2601 3985 2690 4035 est

288 4056 689 4134 superstitiosa
716 4057 940 4117 dierum
967 4079 1035 4117 ac
1063 4067 1385 4135 temporum
1427 4058 1715 4132 discretio,
1760 4076 1889 4131 quse
1920 4054 2250 4116 Gentilibus
2291 4053 2401 4111 fuit
2439 4053 2690 4114 usitata:

291 4136 420 4194 Non
448 4137 709 4213 sequitur
740 4138 1097 4198 Sabbathum
1134 4138 1369 4197 Domini
1395 4156 1431 4195 a
1458 4136 1702 4212 septimo
1732 4135 1825 4192 die
1852 4135 1913 4192 in
1940 4133 2186 4209 primum
2228 4131 2587 4205 translatum,
2631 4142 2690 4193 et

286 4216 363 4353 αξ
388 4235 500 4275 usu
525 4216 724 4293 typico
752 4225 812 4276 et
857 4217 1048 4295 rigore
1076 4217 1429 4276 oeeonomieo
1456 4214 1691 4275 Veteris
1719 4212 2075 4273 Testamenti
2100 4210 2424 4286 liberatum,
2456 4230 2525 4270 eo
2564 4211 2688 4290 ipso

285 4314 327 4352 a
365 4315 427 4353 ro
472 4304 631 4355 atum
659 4314 805 4355 esse.

368 4374 433 4431 X
509 4375 591 4432 X.
637 4375 749 4449 Qui
783 4374 1076 4433 Sabbatho
1104 4374 1242 4433 facit
1269 4393 1443 4451 opera
1478 4371 1816 4431 necessariae
1844 4368 2141 4429 charitatis
2169 4387 2235 4426 ac
2263 4367 2687 4443 misericordiae,

285 4460 400 4511 non
428 4453 694 4530 profanat
717 4454 1084 4514 ‘Sabbathum
1109 4477 1124 4513 ε
1166 4454 1283 4512 imo
1309 4460 1575 4530 peccaret
1600 4450 1935 4528 turpissima
1975 4447 2380 4524 superstitione
2407 4456 2465 4507 et
2504 4448 2687 4525 hypo·
2712 4466 2719 4473 ‘

284 4532 435 4605 crisi,
467 4533 569 4609 qui
597 4534 725 4609 ejus
752 4541 1041 4610 praetextu
1067 4534 1394 4610 proximum
1421 4531 1842 4610 periclitantem
1870 4529 2199 4602 desereret;
2242 4527 2303 4585 in
2330 4528 2495 4604 cujus
2523 4528 2688 4587 auxi-

282 4609 364 4668 lio
394 4610 522 4670 Deo
552 4612 770 4672 servire
817 4620 1014 4690 posset
1040 4632 1108 4671 ae
1136 4612 1388 4688 deberet,
1432 4613 1608 4689 juxta
1649 4610 1833 4689 ipsius
1873 4606 2309 4683 ordinationem,
2351 4608 2689 4669 Sabbathum
