3221 5200
498 336 615 392 504
1307 352 1488 394 Locus
1536 351 1794 395 „scmus
1840 348 2111 402 Qum‘rus.
2548 329 2799 413 [QuAEsr.
2833 349 2938 392 n.

455 530 460 536 -
503 493 708 551 falsum
754 494 1102 552 credendum
1131 494 1262 552 illos
1292 495 1622 570 obligandO,
1669 496 1771 554 sed
1809 495 2162 573 permissive,
2198 492 2511 572 (quomodo
2556 513 2706 570 saepe
2735 496 2937 552 verba

501 594 644 630 sono
672 574 879 647 activa,
912 594 1083 633 sensu
1114 581 1248 631 sunt
1274 575 1632 650 permissiva,
1666 576 1757 633 vel
1797 574 2194 651 declarativa,)
2232 574 2472 631 sinendo
2502 589 2611 631 eos·
2631 574 2826 632 seduci
2856 586 2933 634 et

502 652 689 729 decipi
716 673 818 730 per
846 674 911 712 os
940 654 1214 712 falsorum
1258 653 1692 730 Prophetarum,
1723 656 1819 713 vel
1855 654 2209 732 judicialiter
2236 673 2336 711 eos
2363 653 2644 711 tradendo
2687 654 2928 730 spiritui

501 733 725 791 erroriS.
833 733 1084 792 Possunt
1133 733 1304 791 etiam
1355 734 1533 792 verba
1581 735 1829 811 intelligi
1873 734 2303 811 interrogative,
2354 733 2491 792 licet
2536 734 2925 808 interrogatio

502 811 668 888 desit,
700 823 766 871 ut
795 813 934 871 alibi
961 834 1078 871 non
1107 813 1319 871 semel:
1353 833 1409 890 q.
1441 812 1516 888 d.,
1549 814 1713 873 Tune
1744 814 2021 892 decepisti
2064 814 2386 891 populum?
2468 814 2619 871 Num
2657 813 2778 870 fieri
2808 835 2920 890 po·

502 900 615 949 test
657 902 720 951 ut
760 894 1035 970 populum
1080 892 1260 950 lactes
1302 913 1454 950 vana
1496 914 1595 971 spe
1639 903 1696 952 et
1736 894 2114 971 promissione
2158 894 2335 970 pacis,
2383 913 2561 969 quum
2605 893 2750 949 nihil
2793 894 2924 952 tale

498 992 531 1028 0
691 1017 694 1018 1

502 981 727 1150 ΘΣΞΞΪ
746 976 876 1149 Ppm
912 1119 982 1149 os.
1106 1053 1224 1110 IX.
1280 1052 1546 1112 Secunda
1590 1054 1948 1131 Propositio:
1995 1054 2165 1112 Fidei
2202 1055 2464 1129 objectum
2506 1071 2616 1110 non
2644 1055 2808 1110 aliud
2831 1065 2925 1112 est

559 1163 672 1208 Non
689 1164 822 1208 aliud
836 1120 983 1207 ἀξίω,
1023 1151 1192 1207 quam
1235 1134 1353 1190 Dei
1386 1135 1625 1192 Verbum
1664 1135 1932 1210 scriptum
1958 1137 2136 1208 juxta
2179 1152 2497 1190 mensuram
2538 1134 2913 1192 revelationis.

559 1222 804 1276 objectum
855 1221 980 1274 fidei,
1025 1211 1209 1271 Aliud
1250 1212 1470 1271 scilicet
1510 1223 1599 1274 est
1629 1225 1797 1277 ‹fea-15,
1835 1214 2018 1271 Aliud
2050 1222 2222 1281 yvzns.
2304 1211 2426 1270 Ista
2463 1212 2709 1270 habetur
2737 1213 2916 1271 etiam

560 1293 705 1334 quam
743 1280 833 1350 ⁰⁰}
862 1279 981 1324 Vm·-
1023 1311 1098 1349 ex
1126 1301 1331 1350 natura
1358 1313 1461 1368 per
1490 1294 1759 1352 intuitum
1796 1294 2044 1370 Operum
2079 1292 2207 1366 Dei,
2270 1292 2382 1349 Illa
2409 1311 2548 1349 vero
2577 1301 2799 1350 tantum
2829 1314 2912 1351 ex

559 1338 672 1381 bum
729 1342 983 1395 scnptnm.
1023 1372 1210 1447 gratia
1257 1381 1316 1429 et
1363 1374 1714 1432 revelatione
1772 1371 2189 1449 supernaturali
2245 1391 2347 1448 per
2393 1371 2650 1429 auditum
2709 1373 2909 1446 Verbi,

500 1448 656 1525 quod
685 1449 870 1507 solum
899 1459 987 1508 est
1022 1459 1193 1506 meva„
1232 1451 1403 1509 Unde
1432 1452 1577 1510 fides
1606 1453 1816 1511 dicitur
1836 1473 1949 1511 esse
1970 1473 2043 1510 ex
2063 1452 2277 1525 auditu,
2312 1453 2479 1509 Rom.
2504 1472 2563 1509 X.
2590 1455 2679 1509 17.
2739 1451 2914 1525 Quod

503 1530 720 1586 Paulus
764 1538 1023 1604 testatur,
1046 1533 1072 1586 1
1091 1530 1219 1593 Cor.
1249 1530 1287 1587 i.
1312 1535 1408 1605 21,
1430 1533 1582 1598 Quia
1613 1536 1864 1606 mundus,
1897 1533 1974 1591 id.
1990 1551 2173 1608 genus
2192 1532 2523 1604 humanum,
2548 1532 2604 1588 in
2618 1532 2735 1589 Dei
2750 1534 2883 1607 sapi
2892 1561 2910 1574 —

500 1608 666 1682 entia,
699 1608 776 1666 id.
807 1629 909 1685 per
937 1610 1472 1686 contemplationem
1505 1611 1717 1689 opificii
1745 1612 1962 1685 mundi,
1995 1612 2054 1668 in
2083 1631 2197 1687 quo
2226 1612 2369 1667 mira
2402 1611 2510 1668 Dei
2539 1611 2727 1670 clucet
2756 1613 2911 1688 sapi·

500 1688 674 1759 entia,
717 1709 828 1746 non
850 1691 1101 1764 coqnovit
1126 1692 1312 1747 Deum
1335 1711 1446 1766 per
1470 1692 1822 1767 sapientiam,
1869 1692 2088 1749 scilicet
2116 1690 2188 1747 ad
2219 1691 2480 1763 salutem,
2515 1693 2737 1766 placuit
2776 1694 2910 1749 Deo

504 1768 807 1826 Credentes
848 1789 1077 1827 servare
1112 1790 1224 1844 per
1265 1771 1553 1828 stultitiam
1589 1773 2030 1847 praedicatiom'S,
2062 1770 2139 1828 id.
2170 1790 2272 1846 per
2302 1770 2702 1845 Evangelium,
2748 1771 2912 1847 quod

499 1847 792 1906 hominum
814 1849 1036 1925 judicio
1066 1849 1296 1920 videtur
1324 1851 1582 1924 stultum,
1616 1852 1796 1909 solam
1825 1851 2015 1925 fidem,
2047 1871 2148 1927 per
2176 1870 2348 1927 quam
2371 1849 2568 1907 Verbo
2597 1850 2904 1926 credimuS,

501 1927 902 1986 substituendo
932 1929 1266 2005 cognitioni,
1311 1950 1440 2006 quae
1470 1952 1544 1989 ex
1576 1931 1858 2007 Operibus
1888 1932 2014 2007 ejus
2044 1930 2240 1988 oritur.

581 2007 664 2064 X.
723 2008 984 2065 Verbum
1026 2017 1216 2066 autem
1246 2009 1402 2067 istud
1430 2019 1493 2068 ut
1523 2011 1799 2086 scriptum
1835 2011 2078 2068 dicimus
2107 2030 2232 2068 esse
2262 2009 2553 2086 objectum
2583 2008 2735 2076 fidei,
2768 2029 2905 2067 con-

499 2095 588 2144 tra
618 2087 969 2164 Pontificios,
1011 2088 1111 2164 qui
1139 2089 1380 2146 verbum
1408 2090 1643 2166 aliquod
1676 2099 1881 2163 inape·
1914 2090 2038 2148 dari
2068 2089 2412 2166 pertendunt
2440 2089 2497 2146 in
2527 2109 2668 2146 voce
2700 2089 2904 2148 Eccle-

499 2168 617 2240 siae,
664 2166 819 2243 quod
859 2168 1043 2244 possit
1083 2167 1322 2227 fundare
1361 2168 1533 2226 fidem
1562 2179 1855 2245 nostram;
1900 2170 2037 2247 quia
2063 2170 2286 2227 nullum
2314 2167 2472 2226 aliud
2501 2168 2759 2226 Verbum
2792 2170 2909 2228 Dei

497 2254 789 2302 sdan-nvem
824 2248 1206 2324 agnoscimuS,
1252 2268 1421 2325 quam
1458 2257 1689 2321 ἵγγμφμ
1722 2260 1780 2309 et
1829 2251 2120 2326 scriptum,
2165 2250 2255 2306 cui
2302 2248 2540 2325 proinde
2569 2248 2665 2305 vel
2693 2247 2909 2307 addere

498 2326 594 2384 vel
623 2326 921 2385 detrahere
950 2328 1254 2404 quicquam
1301 2349 1500 2387 severe
1539 2329 1922 2405 prohibemur.
2010 2329 2174 2387 Licet
2202 2338 2391 2386 autem
2423 2327 2681 2385 Verbum
2711 2329 2906 2404 quoad

498 2406 878 2464 substantiam
927 2408 1080 2466 idem
1129 2427 1354 2485 semper
1395 2409 1469 2467 sit
1506 2408 1663 2485 quod
1692 2429 1726 2467 a
1754 2410 1867 2468 fide
1916 2409 2268 2486 apprehendi
2316 2407 2504 2481 debet,
2549 2428 2664 2465 non
2710 2419 2905 2466 tamen

495 2486 713 2561 pariter
749 2487 1067 2546 secundum
1107 2488 1338 2564 graduS,
1384 2488 1522 2564 quia
1553 2489 1712 2546 Deus
1747 2498 2006 2561 αολυμιςῦς
2041 2499 2100 2547 et
2135 2495 2434 2560 «πολυτρόπως
2470 2488 2726 2546 revelare
2755 2488 2936 2546 illud*

498 2565 699 2640 voluit,
725 2567 897 2625 modo
920 2567 1236 2643 obscurius,
1263 2578 1327 2627 ut
1349 2568 1455 2626 sub
1475 2567 1609 2627 Vet.
1635 2568 1812 2642 Test.,
1837 2567 2009 2626 modo
2032 2567 2260 2643 clarius,
2291 2574 2356 2625 ut
2379 2567 2486 2625 sub
2511 2567 2697 2627 Novo.
2732 2568 2904 2628 Unde

497 2644 632 2703 fidei
680 2646 972 2722 objectum
999 2667 1115 2705 non
1144 2656 1233 2705 est
1260 2648 1597 2724 simpliciter
1616 2648 1907 2722 Verbum,
1926 2648 2028 2705 sed
2050 2649 2309 2706 Verbum
2337 2648 2446 2705 hoc
2475 2648 2571 2705 vel
2598 2647 2700 2706 illo
2730 2648 2906 2706 modo

495 2725 854 2799 revelatum;
900 2726 982 2784 Ut
1023 2746 1292 2784 mensura
1341 2724 1710 2786 revelationis
1749 2727 1824 2785 sit
1866 2728 2036 2786 etiam
2087 2746 2354 2785 mensura
2396 2726 2548 2799 fidei,
2582 2727 2899 2803 etquidem

494 2822 611 2861 non
640 2823 708 2861 eo
738 2823 926 2879 sensu,
959 2814 1024 2877 ut
1051 2805 1194 2863 fides
1225 2826 1450 2882 semper
1475 2806 1792 2883 pervideat,
1824 2827 1953 2883 quae
1984 2816 2117 2865 sunt
2145 2808 2204 2863 in
2234 2807 2460 2882 objecto
2504 2807 2808 2882 declarata,
2842 2818 2903 2866 et

495 2892 667 2959 prout
714 2883 1003 2942 declarata
1041 2894 1191 2960 sunt,
1238 2886 1339 2944 sed
1371 2895 1434 2945 ut
1462 2907 1576 2944 non
1604 2886 1736 2963 plus
1768 2886 1962 2945 videat
1990 2887 2085 2945 vel
2113 2886 2308 2945 videre
2352 2895 2614 2945 teneatur
2641 2897 2741 2945 aut
2767 2907 2899 2964 pos-

497 2963 588 3036 sit,
622 2982 794 3040 quam
823 2963 980 3039 quod
1008 2965 1325 3025 revelatum
1355 2976 1460 3027 est.

497 3087 536 3131 '1'
540 3090 664 3134 ertia
685 3090 781 3134 Pro
848 3092 961 3136 sitio
1102 3046 1220 3103 XI.
1272 3047 1468 3105 Tertia
1499 3046 1853 3124 Propositio:
1890 3047 2340 3124 Objectumfidei,
2371 3048 2459 3104 vel
2484 3055 2562 3104 est
2587 3047 2899 3119 materiale,

553 3104 845 3205 objectuxiio
899 3122 975 3195 vei
1019 3129 1104 3184 vel
1127 3130 1398 3200 formale.
1482 3128 1788 3185 Materiale
1830 3136 1965 3185 sunt
1992 3148 2083 3185 res
2125 3126 2374 3199 creditae,
2406 3125 2542 3183 nim.
2572 3133 2757 3184 totum
2790 3125 2902 3184 Dei

552 3212 631 3251 ost.
709 3209 975 3261 materiale,
1019 3206 1295 3280 Verbum,
1321 3216 1379 3265 et
1401 3226 1600 3265 omnes
1629 3208 1756 3282 ejus
1783 3207 2219 3283 propositiones,
2253 3206 2376 3263 sive
2405 3205 2480 3263 ad
2510 3205 2743 3281 Legem,
2775 3206 2901 3263 sive

555 3266 628 3310 ⁷⁰¹
682 3265 897 3312 formale.
1017 3285 1092 3344 ad
1123 3287 1508 3364 Evangelium
1551 3287 1911 3362 pertineant3
1957 3306 2085 3363 quae
2114 3286 2463 3344 revelatione
2493 3284 2691 3342 divina
2719 3295 2777 3343 et
2804 3305 2899 3344 su·

491 3365 842 3443 pernaturali
865 3366 1032 3424 nobis
1053 3366 1436 3440 innotescunt,
1463 3367 1648 3423 sinon
1671 3365 1862 3443 quoad
1898 3376 1951 3420 en*
1973 3372 2096 3432 zaza-1,
2134 3385 2235 3423 seu
2256 3365 2489 3422 modum
2513 3373 2571 3422 et
2601 3365 2901 3440 rationem,

495 3445 696 3503 saltem
764 3444 956 3520 quoad
991 3454 1043 3499 «ra
1067 3453 1176 3510 tw,
1212 3446 1308 3503 vel
1348 3444 1621 3521 explicite
1674 3445 1913 3504 totidem
1961 3444 2172 3518 verbis,
2220 3446 2315 3502 vel
2361 3444 2653 3521 implicite,
2695 3454 2753 3503 et
2796 3465 2902 3521 per

491 3522 873 3581 necessariam
902 3543 970 3581 ac
998 3522 1323 3582 evidentem
1376 3525 1863 3600 consequentiam,
1909 3544 2038 3601 quae
2067 3524 2142 3581 ad
2170 3524 2429 3583 Verbum
2462 3524 2571 3581 Dei
2613 3525 2899 3601 pertinere

498 3602 874 3680 probavimus
906 3602 1042 3659 Loc.
1075 3601 1124 3659 Ι.
1158 3603 1225 3675 Q.
1259 3603 1412 3661 XII.

575 3680 728 3738 XII.
780 3682 1056 3757 Objectum
1062 3684 1318 3756 formale
1328 3682 1515 3741 innuit
1525 3684 1805 3743 rationem
1828 3704 1930 3742 seu
1942 3684 2302 3757 causam,sub
2325 3704 2440 3760 qua
2460 3702 2552 3741 res
2570 3683 2902 3757 creduntur,

491 3760 761 3819 nimirum
791 3761 1130 3837 principium
1162 3762 1350 3839 ipsum
1380 3762 1669 3839 credendi,
1700 3764 1855 3841 quod
1884 3773 1988 3835 est,
2021 3784 2133 3821 non
2165 3764 2482 3821 authoritas
2507 3763 2801 3835 Eeclesiae,
2834 3773 2903 3821 ut

491 3841 712 3899 vellent
729 3841 1035 3915 Pontificii,
1063 3840 1225 3919 (quia
1242 3843 1378 3903 licet
1398 3843 1662 3901 Ecclesia
1674 3844 1857 3920 possit
1876 3864 2000 3901 esse
2014 3844 2315 3902 credituris
2328 3844 2609 3902 motivum
2622 3843 2694 3900 ad
2706 3842 2899 3917 fidem,

489 3931 547 3981 et
570 3922 1010 3979 instrumentum
1030 3942 1097 3979 ac
1119 3922 1372 3981 medium
1388 3924 1702 3983 humanum
1725 3924 1899 3999 illius,
1920 3943 2211 3999 nunquam
2231 3932 2422 3999 potest
2442 3931 2634 3981 tamen
2646 3922 2758 3979 dici
2772 3922 2904 3999 ejus

488 4001 849 4079 principium,
874 4012 940 4060 ut
962 4021 1065 4059 suo
1087 4002 1215 4060 loco
1238 4004 1474 4083 visum,)
1501 4002 1602 4061 sed
1620 4004 1938 4062 authoritas
1958 4004 2066 4062 Dei
2087 4004 2268 4080 ipsius
2291 4003 2469 4075 solius
2487 4009 2905 4068 ahena-lenmceu

487 4082 685 4159 primae
715 4090 773 4139 et
801 4081 1119 4140 infallibilis
1150 4079 1450 4157 Veritatis,
1484 4102 1545 4141 se
1572 4084 1885 4142 revelantis
1907 4084 1966 4140 in
1991 4081 2209 4158 Verbo,
2233 4085 2292 4140 in
2315 4102 2486 4159 quam
2509 4081 2680 4139 datur
2697 4080 2905 4140 ultima

486 4161 622 4219 fidei
651 4160 923 4236 analysiS,
954 4170 1227 4238 tanquam
1257 4163 1314 4219 in
1345 4164 1633 4240 objectum
1668 4183 1835 4222 suum
1864 4163 2117 4237 formale,
2148 4163 2303 4239 quod
2333 4162 2517 4220 solum
2545 4161 2720 4218 fidem
2748 4160 2900 4218 divi-

488 4261 618 4299 nam
649 4240 889 4299 fundare
917 4249 1123 4318 potest,
1149 4243 1284 4317 quia
1306 4243 1362 4300 in
1387 4243 1547 4301 nullo
1576 4242 1688 4300 uisi
1712 4243 1769 4301 in
1793 4243 1915 4300 solo
1941 4242 2065 4300 Deo
2088 4243 2418 4319 acquiescit,
2443 4243 2484 4300 J
2489 4260 2567 4299 er.
2591 4240 2734 4298 xvii.
2759 4243 2813 4315 5,
2842 4244 2900 4300 7.

489 4361 681 4411 Quarta
733 4355 968 4417 ‘Proposi-
1093 4321 1282 4380 XIII.
1328 4323 1545 4397 Quarta
1575 4323 1940 4399 Propositio:
1996 4324 2273 4398 Objectum
2313 4322 2463 4395 fidei,
2498 4320 2592 4378 vel
2622 4328 2710 4378 est
2732 4340 2901 4395 qene-

545 4422 629 4464 tio.
709 4418 968 4473 obJectum
1013 4404 1138 4458 rate
1165 4410 1218 4457 et
1243 4423 1543 4474 commune,
1580 4401 1697 4460 Vel
1726 4411 1814 4460 est
1830 4403 2137 4477 proprium
2180 4413 2231 4460 et
2270 4403 2525 4478 speciale.
2612 4400 2901 4459 Generale

545 4479 620 4521 *Ἧι
691 4484 768 4521 ⁰⁸2
840 4491 968 4521 eom·
1008 4490 1097 4538 est
1125 4488 1308 4538 totum
1343 4482 1450 4539 Dei
1482 4482 1759 4555 Verbum,
1791 4482 1946 4557 quod
1968 4482 2097 4539 ideo
2119 4483 2457 4558 proponitur
2484 4480 2650 4537 nobis
2679 4488 2745 4536 ut
2772 4499 2898 4538 cre-

543 4539 808 4653 ffrssffiffiffl
855 4549 964 4591 pro-
1007 4559 1190 4628 datur,
1224 4560 1347 4617 sive
1377 4570 1640 4637 respectu
1671 4563 2075 4636 Historiarum,
2124 4582 2253 4639 quae
2283 4562 2433 4619 facta
2475 4567 2726 4632 narrant,
2773 4559 2903 4618 sive

1006 4647 1265 4713 respectu
1309 4641 1724 4715 Vaticim'orum,
1757 4662 1885 4717 quae
1904 4642 2095 4700 futura
2117 4642 2452 4719 praedicunt,
2479 4640 2601 4697 sive
2630 4647 2903 4715 respectu
