3221 5200
702 1177 1048 1254 LOCUS
1129 1176 1631 1253 DECIMUS
1717 1173 2308 1250 SEPTIMUS.

424 1449 546 1537 DE
630 1446 1460 1540 SANCTIFICATIONE
1548 1447 1662 1534 ET
1743 1443 2014 1538 BONIS
2099 1440 2580 1535 OPERIBUS.

1150 1933 1537 2007 QUAEs'rlo
1583 1934 1872 1992 PRIMA.

356 2095 515 2159 Quid
536 2093 607 2150 sit
636 2092 1032 2168 Sanctificatio,
1066 2093 1148 2147 Et
1180 2093 1472 2156 Quomodo
1502 2095 1882 2168 destinyuatur
1909 2114 1947 2149 a
1974 2089 2397 2168 Justzficatione,
2432 2099 2483 2146 et
2510 2089 2580 2146 ab
2609 2108 2677 2144 ea

1142 2180 1325 2228 tamen
1353 2173 1423 2228 sit
1451 2173 1841 2248 inseparabilis
1863 2174 1890 2228 ,ἲ

391 2331 439 2388 Ι.
488 2330 571 2389 Ut
613 2329 876 2388 Christus
917 2328 1084 2385 nobis
1126 2327 1310 2385 factus
1353 2339 1440 2388 est
1482 2350 1516 2387 a
1548 2331 1673 2387 Deo
1702 2329 1960 2403 Justitia,
1993 2337 2050 2386 et
2082 2327 2488 2400 SanctificatiO,
2525 2330 2553 2384 1
2589 2325 2717 2384 Cor.

309 2411 344 2467 i.
378 2413 473 2484 30,
505 2429 621 2466 non
650 2408 899 2480 divisim,
933 2407 1034 2465 sed
1064 2409 1431 2483 conjunctim,
1478 2429 1582 2466 nec
1614 2409 1866 2483 confuse,
1900 2407 1999 2466 sed
2030 2407 2338 2480 distincte;
2387 2407 2478 2464 Ita
2506 2405 2716 2464 benefi-

302 2489 455 2547 cium
498 2487 965 2546 sanctificationis
1007 2487 1490 2546 Justificationem
1534 2488 1862 2546 immediate
1906 2488 2179 2564 sequitur,
2221 2495 2286 2544 ut
2314 2506 2445 2544 eum
2473 2505 2542 2544 ea
2568 2486 2716 2543 inse-

308 2567 643 2646 parabiliter
670 2586 1013 2640 connexum,
1048 2567 1149 2624 sed
1177 2576 1369 2626 tamen
1400 2568 1631 2627 realiter
1658 2569 1731 2627 ab
1761 2588 1829 2627 ea
1858 2568 2210 2626 distinctum.

915 2647 999 2704 II.
1044 2648 1505 2719 Sanctificationis
1532 2669 1653 2707 vox
1681 2669 1797 2706 non
1823 2648 1918 2706 hic
1948 2656 2255 2724 usurpatur
2282 2646 2396 2704 late
2426 2666 2527 2723 pro
2558 2665 2718 2722 sepa-

833 2727 1052 2785 ratione
1101 2726 1359 2803 qualibet
1403 2729 1475 2786 ab
1526 2749 1631 2786 usu
1690 2728 1995 2802 communi,
2054 2736 2112 2786 et
2167 2727 2592 2785 consecratione
2648 2725 2722 2783 ad

834 2826 1001 2864 usum
1025 2826 1266 2881 sacrum,
1289 2817 1353 2865 ut
1371 2828 1521 2885 saepe
1540 2808 1784 2867 sumitur
1802 2809 1858 2865 in
1884 2808 2177 2884 Scriptura
2194 2806 2385 2882 quoad
2402 2826 2493 2863 res
2512 2824 2720 2878 sacrm,

310 2902 441 2958 quae
483 2883 549 2940 fit
590 2884 686 2940 vel
728 2904 830 2959 per
869 2887 1275 2959 institutionem,
1312 2888 1501 2963 qualis
1530 2897 1619 2946 est
1662 2888 2035 2947 sanctificatio
2064 2886 2178 2943 diei
2209 2885 2453 2961 septimi,
2484 2885 2581 2941 vel
2623 2904 2723 2959 per

309 2962 636 3017 relationem
656 2963 816 3035 siqni,
837 2963 1024 3037 qualis
1047 2973 1134 3022 est
1153 2966 1527 3023 sanctificatio
1548 2967 1980 3024 Elementorum
2000 2966 2057 3022 in
2081 2964 2479 3037 Sacramentis,
2505 2962 2598 3018 vel
2621 2981 2724 3037 per

312 3040 823 3113 manifestationem,
870 3042 1157 3116 quomodo
1202 3044 1363 3099 Deus
1405 3042 1616 3101 dieitur
1658 3046 1730 3100 ab
1774 3045 2102 3102 hominibus
2133 3042 2491 3115 sanctificari,
2529 3044 2557 3098 1
2595 3041 2721 3099 Pet.

311 3119 391 3176 iii.
428 3120 539 3191 15;
608 3118 718 3175 Vel
762 3139 863 3194 pro
904 3121 1193 3177 sanctitate
1217 3123 1493 3194 soederali
1529 3142 1632 3197 per
1673 3132 1969 3179 externam
2013 3121 2389 3193 vocationem,
2434 3119 2723 3197 quomodo

315 3197 495 3255 Israel
526 3197 736 3255 dicitur
764 3197 1037 3255 sanctitas
1066 3199 1107 3255 J
1112 3200 1329 3273 ebovae,
1361 3201 1404 3258 J
1408 3220 1486 3257 er.
1517 3200 1575 3258 ii.
1607 3204 1663 3258 3.
1753 3200 1867 3257 Sed
1897 3199 2093 3257 stricte
2120 3218 2223 3275 pro
2246 3200 2387 3256 reali
2416 3208 2472 3257 et
2499 3200 2724 3256 interna

312 3276 561 3334 hominis
604 3277 991 3349 renovatione,
1036 3298 1138 3353 per
1179 3298 1347 3353 quarn
1393 3280 1552 3336 Deus
1579 3279 1868 3336 hominem
1898 3298 2001 3355 per
2028 3277 2199 3335 fidem
2230 3277 2457 3335 Christo
2486 3277 2723 3336 insitum

314 3364 372 3414 et
405 3354 805 3428 justificatum,
852 3356 1167 3415 ministerio
1216 3357 1403 3415 Verbi
1445 3366 1503 3415 et
1551 3357 1804 3416 efficacia
1851 3357 2114 3435 Spiritus,
2147 3357 2332 3433 magis
2361 3358 2659 3434 magisque
2689 3378 2724 3415 a

314 3436 512 3491 nativa
540 3434 853 3492 vitiositate
882 3435 1104 3510 liberat,
1146 3444 1205 3495 et
1242 3436 1314 3494 ad
1359 3457 1519 3495 suam
1552 3437 1874 3513 Imaginem
1903 3437 2190 3495 reformat.
2281 3437 2374 3495 Ita
2401 3442 2722 3513 cum‘sepa-

310 3513 531 3571 ratione
562 3533 595 3570 a
621 3514 836 3572 mundo
866 3524 923 3573 et
951 3525 1203 3591 peccatO,
1249 3525 1307 3574 et
1349 3516 1775 3576 consecratione
1819 3516 1893 3574 ad
1923 3517 2036 3575 Dei
2063 3518 2299 3591 cultum,
2330 3517 2518 3576 innuit
2544 3517 2726 3594 ipsius

315 3601 534 3651 naturae
564 3593 1012 3652 renovationem.

399 3673 519 3730 III.
564 3673 712 3746 Quia
739 3694 878 3732 vero
907 3674 1078 3732 realis
1108 3674 1218 3732 ista
1245 3674 1495 3733 hominis
1522 3676 1765 3735 mutatio
1806 3677 1873 3734 fit
1901 3675 2148 3734 diversis
2177 3677 2468 3753 gradibUS,
2500 3675 2594 3732 vel
2625 3695 2727 3750 per

328 3752 678 3809 Vocationem
708 3755 996 3827 efficacem,
1029 3774 1158 3829 quae
1189 3755 1457 3830 importat
1486 3754 1852 3813 donationem
1891 3756 2042 3828 fidei,
2090 3764 2147 3813 et
2190 3755 2595 3830 resipiscentiae
2623 3774 2726 3828 per

316 3829 508 3902 fidem,
541 3839 599 3888 et
627 3834 1058 3890 translationem
1102 3852 1137 3888 a
1180 3842 1331 3890 statu
1369 3835 1591 3909 peceati
1621 3834 1693 3890 ad
1724 3842 1933 3891 statum
1964 3835 2162 3908 gratiae
2189 3854 2202 3904 ;
2247 3834 2342 3889 vel
2371 3852 2472 3908 per
2499 3852 2720 3905 φερεπο-

317 3908 609 3981 rationem,
658 3928 787 3987 quse
817 3910 1245 3968 renovationem
1295 3921 1513 3970 naturae
1564 3920 1844 3987 corruptae
1900 3911 2077 3985 dieit3
2123 3910 2217 3967 vel
2273 3930 2376 3986 per
2416 3911 2725 3968 sanctitatis

320 3987 643 4061 infusionem
675 3997 732 4044 et
750 3990 1030 4062 prassini:
1075 3990 1231 4046 Hinc
1277 3991 1653 4049 sanctificatio
1701 3990 1872 4046 modo
1917 3990 2030 4047 late
2061 3987 2390 4047 extenditur
2417 3989 2491 4046 ad
2539 3998 2722 4047 totum

320 4076 532 4124 statum
562 4066 766 4139 fidelis,
792 4075 850 4124 et
871 4067 1269 4142 complectitur
1290 4068 1458 4126 etiam
1483 4069 1667 4146 ipsam
1687 4068 2080 4142 Vocationem,
2102 4087 2217 4143 quo
2238 4088 2407 4126 sensu
2429 4069 2643 4126 Paulus
2666 4070 2725 4125 in

323 4145 508 4221 Epist.
541 4144 615 4202 ad
663 4146 813 4203 Heb.
839 4144 1106 4221 designat
1148 4167 1298 4223 saepe
1321 4147 1521 4205 fideles
1542 4168 1645 4224 per
1668 4155 1765 4206 ente
1791 4155 2126 4220 ἁγιαζομίηυς,
2149 4167 2239 4204 eos
2261 4148 2361 4223 qui
2376 4149 2722 4219 sanctifican-

322 4234 430 4299 tur,
458 4225 608 4283 Heb.
640 4224 698 4281 ii.
727 4228 817 4298 11,
842 4233 901 4283 et
922 4246 980 4282 x.
1009 4228 1108 4301 14;
1132 4226 1304 4283 modo
1327 4227 1580 4284 strictius
1602 4235 1661 4284 et
1681 4225 1867 4300 magis
1884 4226 2109 4302 proprie
2128 4246 2232 4302 pro
2254 4228 2623 4285 renovatione
2652 4227 2726 4285 ad

325 4304 646 4379 Imaginem
695 4305 822 4379 Dei,
864 4324 992 4381 quae
1036 4306 1294 4382 sequitur
1329 4306 1819 4382 justificationem,
1855 4324 1985 4380 quae
2023 4306 2117 4362 hie
2166 4307 2468 4365 inchoatur
2515 4307 2572 4362 in
2618 4307 2726 4365 hac

322 4384 447 4439 vita
475 4403 576 4458 per
604 4385 1110 4460 regenerationem,
1137 4393 1195 4442 et
1222 4395 1591 4460 promovetur
1619 4404 1721 4461 per
1749 4385 2068 4442 sanctitatis
2097 4393 2155 4443 et
2183 4385 2460 4443 bonorum
2492 4406 2727 4463 operum

324 4462 682 4537 exercitium,
715 4463 895 4522 donec
940 4473 1365 4523 consummetur
1406 4465 1465 4521 in
1508 4464 1686 4522 altera
1715 4484 1816 4539 per
1844 4464 2105 4540 gloriam.
2193 4466 2323 4523 Hoc
2353 4485 2524 4523 sensu
2555 4466 2725 4523 modo

315 4541 543 4617 passive
572 4543 831 4617 sumitur,
864 4551 1147 4620 quatenus
1188 4543 1253 4602 fit
1296 4564 1329 4600 a
1372 4545 1498 4601 Deo
1541 4544 1598 4600 in
1629 4544 1813 4616 nobis,
1844 4543 2016 4601 modo
2044 4545 2221 4602 active
2248 4553 2530 4622 quatenus
2559 4546 2731 4604 debet

327 4619 450 4677 fieri
479 4639 514 4676 a
541 4621 724 4694 nobis,
760 4623 886 4679 Deo
914 4624 974 4679 in
1003 4623 1170 4680 nobis
1198 4632 1256 4681 et
1283 4644 1385 4700 per
1412 4644 1519 4681 nos
1546 4624 1657 4682 hoe
1687 4643 1831 4699 opus
1858 4634 2184 4700 peragente.

412 4717 559 4757 mas
589 4719 650 4757 11.
2312 4707 2347 4759 2
2377 4723 2413 4768 Q

350 2706 762 2753 Sanctificationis

393 2766 567 2810 bomon
574 2768 712 2822 ymia.
