3221 5200
499 369 613 424 372
1301 384 1483 425 Locus
1514 384 1772 426 nscmus
1801 382 2092 432 QUARTUS.
2567 362 2818 443 [omzsr.
2853 384 2913 421 x.

505 544 622 583 non
645 540 878 580 necesse
901 520 1072 581 fuerit
1089 525 1321 584 omnino
1352 527 1644 586 Christum
1665 525 1993 585 satisfacere
2015 545 2118 602 pro
2139 524 2324 599 nobiS,
2350 525 2474 582 Deo
2497 526 2677 602 gratis
2698 525 2921 600 absque

510 605 630 663 ulla
660 601 1048 660 satisfactione
1076 614 1312 679 peccata
1340 608 1631 666 remittere
1661 608 1909 680 valente,
1956 606 2051 663 vel
2092 625 2327 663 necesse
2357 605 2529 663 fucrit
2556 616 2780 663 tantum
2811 606 2918 679 hy-

511 683 798 761 pothetice
827 692 1058 758 propter
1090 684 1198 741 Dei
1229 685 1523 746 decretum
1544 690 1573 745 Ῥ
1659 685 1950 745 Sociniani
1978 684 2210 761 quidem
2239 685 2456 742 nullam
2486 686 2579 743 hic
2609 685 2921 743 necessita-

513 774 626 823 tem
672 772 1010 839 agnoscunt.
1097 764 1344 837 Quidam
1387 788 1460 825 ex
1503 767 1816 825 Veteribus
1857 776 1915 823 et
1959 765 2203 839 NostriS,
2250 764 2648 823 necessitatem
2698 774 2924 822 tantum

512 844 945 921 hypotheticam
973 852 1199 919 urgent,
1232 854 1289 904 et
1311 847 1569 905 sufficere
1591 848 1943 906 arbitrantur
1962 846 2232 903 haeretieo
2249 845 2582 904 refellendo,
2672 844 2789 903 Sed
2817 864 2925 901 nos

514 945 644 983 cum
673 923 962 1000 plerisque
1011 934 1311 1001 utramque
1354 927 1683 1002 retinemuS,
1716 934 1773 985 et
1817 926 2029 984 Christi
2078 925 2523 983 satisfactionem
2555 933 2672 982 tam
2702 946 2736 981 a
2765 932 2926 1001 parte

507 1005 751 1082 justitiae
786 1003 912 1075 Dei,
938 1023 1109 1078 quam
1133 1006 1465 1081 voluntatiS,
1490 1007 1871 1065 necessariam
1896 1006 2073 1063 fuisse
2097 1005 2506 1082 pertendimus
2580 1006 2710 1062 Non
2734 1016 2928 1061 tamen

515 1103 789 1161 urgemus
808 1083 1209 1142 necessitatem
1229 1087 1565 1163 simpliciter
1582 1088 1920 1160 naturalem,
1947 1086 2134 1162 qualis
2159 1095 2246 1143 est
2274 1086 2333 1141 in
2365 1086 2497 1160 igne
2520 1085 2592 1142 ad
2612 1085 2925 1157 urendum3

517 1186 646 1241 quae
675 1183 781 1221 nee
811 1171 900 1219 est
927 1162 1269 1240 voluntaria,
1316 1187 1421 1225 nec
1465 1168 1642 1224 ullam
1686 1166 2169 1224 modificationem
2198 1166 2258 1222 in
2287 1165 2376 1223 sui
2406 1164 2680 1223 exercitio
2719 1164 2927 1221 admit-

517 1247 607 1304 tit.
697 1242 812 1301 Sed
834 1246 1104 1301 moralem
1134 1254 1191 1303 et
1219 1247 1571 1321 rationalem,
1622 1268 1750 1323 quae
1781 1255 1844 1304 ut
1865 1266 1900 1303 a
1929 1245 2231 1304 sanctitate
2282 1254 2340 1303 et
2379 1245 2609 1322 justitia
2640 1245 2749 1302 Dei
2781 1244 2925 1317 fluit,

522 1345 627 1383 nec
656 1323 767 1381 nisi
798 1321 979 1379 libera
1008 1322 1395 1384 intercedente
1426 1327 1726 1385 voluntate
1757 1327 2014 1384 exerceri
2043 1334 2248 1402 potest,
2288 1325 2368 1382 ita
2396 1326 2614 1381 variam
2646 1346 2748 1401 pro
2779 1324 2931 1399 sapi-

521 1405 677 1462 entia
699 1414 758 1461 et
786 1403 1010 1480 iaecuxu'qe
1054 1405 1181 1479 Dei,
1228 1416 1418 1481 potest
1461 1407 1948 1465 modificationem
2004 1405 2344 1480 admittere;
2389 1405 2560 1463 modo
2591 1406 2813 1463 salvum
2844 1404 2934 1460 illi

521 1494 749 1542 maneat
770 1485 870 1560 jus
900 1503 1067 1541 suum
1096 1487 1374 1544 naturale.

524 1605 768 1649 Probatur
858 1604 999 1646 satis·
1126 1565 1340 1623 XVII.
1399 1566 1599 1624 Talem
1644 1575 1835 1626 autem
1866 1586 1991 1624 esse
2020 1565 2415 1640 satisfactiones
2446 1565 2659 1624 Christi
2703 1565 2931 1622 necesse·-

581 1663 807 1706 factionis
836 1676 998 1705 neces-
1040 1655 1206 1703 tatem
1230 1647 1411 1703 multa
1433 1648 1693 1722 probant.
1743 1646 1954 1721 PrimO,
1979 1648 2212 1704 Justitia
2241 1647 2359 1702 Dee·
2381 1645 2755 1716 vindicatrix,-
2787 1644 2934 1701 Cum

584 1724 717 1791 sitas,
742 1720 995 1803 Izajusti-
1037 1725 1189 1782 enim
1240 1726 1314 1783 sit
1374 1727 1498 1784 Deo
1546 1727 1826 1785 naturalis
1875 1736 1934 1784 et
1981 1726 2330 1800 essentialis,
2363 1734 2427 1782 ut
2474 1725 2776 1802 probatum
2828 1725 2938 1781 fuit

583 1786 653 1823 ‘¹²²
675 1780 795 1832 Dm,
1051 1805 1115 1863 P.
1143 1806 1190 1864 I.
1216 1807 1350 1865 Loc.
1376 1808 1493 1864 ΙΙΙ.
1527 1807 1636 1881 Qu.
1672 1810 1762 1881 19,
1812 1807 1870 1863 in
1900 1826 2016 1882 qua
2043 1807 2084 1865 J
2091 1826 2158 1864 us
2190 1806 2299 1863 Dei
2329 1806 2371 1863 J
2377 1805 2560 1863 udicis
2584 1814 2855 1862 aeternum
2878 1816 2940 1861 et

523 1887 784 1946 naturale
828 1884 1114 1957 fundatur,
1142 1885 1212 1943 de
1256 1907 1369 1963 quo
1414 1907 1527 1944 non
1556 1888 1744 1963 magis
1793 1887 2124 1963 dispensare
2154 1894 2345 1962 potest
2377 1886 2552 1958 DeuS,
2585 1905 2757 1961 quarn
2788 1885 2937 1961 seip-

525 1988 653 2026 sum
695 1968 1026 2042 abnegare;
1073 1967 1410 2024 exercitium
1453 1967 1578 2042 ejus
1620 1987 1736 2025 non
1778 1974 1971 2043 potest
2012 1986 2128 2024 non
2158 1986 2282 2023 esse
2312 1966 2714 2040 necessarium,
2746 1965 2939 2040 posito

525 2056 779 2126 peccatO,
811 2047 948 2104 licet
975 2045 1158 2102 libera
1187 2046 1286 2104 fiat
1315 2047 1705 2105 intercedente
1762 2048 2060 2104 voluntate
2093 2068 2106 2104 ε
2138 2047 2385 2104 maxime
2416 2067 2546 2103 cum
2575 2066 2689 2102 non
2720 2045 2937 2102 consis-

526 2137 612 2186 tat
653 2128 711 2185 in
754 2137 886 2185 actu
936 2146 1089 2183 mere
1135 2127 1386 2201 gratuito
1429 2136 1486 2185 et
1531 2126 1806 2199 indebite,
1839 2147 1966 2202 quae
2023 2136 2112 2184 est
2159 2126 2304 2183 ratio
2354 2125 2776 2197 misericordias,
2809 2144 2940 2201 quae

528 2208 653 2266 sive
681 2215 949 2265 exeratur
978 2206 1099 2263 sive
1130 2227 1265 2281 uon,
1295 2206 1509 2264 nemini
1557 2207 1623 2265 fit
1652 2207 1877 2283 injuria,
1911 2206 2010 2263 sed
2041 2206 2100 2262 in
2128 2214 2260 2263 actu
2289 2206 2484 2264 debito
2513 2204 2790 2263 reddendi
2820 2205 2940 2263 cui·

526 2308 637 2364 que
667 2286 823 2362 quod
852 2306 1017 2345 suum
1048 2295 1152 2362 est,
1212 2308 1245 2344 a
1274 2306 1388 2363 quo
1417 2306 1530 2345 non
1575 2296 1766 2364 potest
1797 2284 1957 2344 Deus
1987 2285 2291 2360 abstinere,
2325 2288 2448 2343 sine
2478 2286 2672 2361 aliquo
2695 2285 2942 2361 justitiae

527 2368 888 2426 detrimentO.
975 2366 1119 2424 Cum
1176 2376 1364 2424 autem
1409 2368 1639 2444 justitia
1683 2368 1794 2425 ista
1834 2367 1979 2423 nihil
2027 2364 2184 2423 aliud
2214 2366 2288 2423 sit
2310 2386 2482 2443 quam
2511 2366 2779 2423 voluntas
2810 2385 2945 2422 con·

529 2458 688 2507 stans
736 2446 1028 2523 puniendi,
1062 2455 1119 2504 et
1147 2448 1417 2505 voluntas
1466 2448 1577 2507 ista
1626 2468 1742 2505 non
1777 2446 1960 2523 possit
1987 2446 2146 2504 irrita
2174 2465 2298 2503 esse
2328 2448 2388 2503 in
2421 2446 2563 2519 Deo,
2596 2445 2761 2520 cujus
2792 2465 2946 2501 sum·

526 2549 621 2586 ma
663 2536 751 2585 est
777 2527 1068 2603 majestas,
1100 2535 1159 2584 et
1185 2526 1409 2585 infinita
1450 2528 1723 2604 potentia,
1757 2526 2077 2585 necessario
2118 2546 2303 2603 poenae
2343 2525 2712 2584 inflictionem
2743 2525 2948 2599 exigit,

528 2609 626 2667 vel
655 2609 713 2665 in
743 2616 1039 2683 peccatore
1070 2606 1210 2682 ipso,
1244 2607 1338 2664 vel
1368 2608 1426 2663 in
1455 2608 1602 2665 vade
1633 2608 1789 2664 illius
1817 2608 1945 2664 loeo
1974 2606 2303 2665 substituto.
2390 2608 2510 2664 Nec
2539 2607 2672 2664 huic
2713 2606 2833 2682 juri
2861 2606 2949 2662 in-

531 2687 821 2747 tercedere
852 2694 1055 2761 potest,
1087 2687 1185 2743 vel
1207 2687 1352 2743 ratio
1380 2686 1665 2744 libertatis
1697 2687 1823 2761 Dei,
1856 2688 1952 2764 qui
1985 2705 2108 2744 sese
2138 2687 2324 2746 exerit
2352 2695 2574 2744 tantum
2602 2687 2661 2743 in
2684 2687 2815 2761 jure
2845 2706 2948 2762 po·

531 2768 721 2838 sitiv0,
753 2785 868 2822 non
910 2765 1173 2836 naturali,
1199 2765 1293 2822 vel
1335 2765 1480 2822 ratio
1523 2766 1945 2840 misericordiae,
1977 2767 2112 2843 quia
2152 2767 2213 2824 in
2256 2788 2322 2826 eo
2361 2766 2593 2844 quidem
2621 2765 2810 2842 posita
2839 2775 2948 2840 est,

532 2856 598 2906 ut
626 2854 892 2922 peccator
920 2844 1272 2902 subducatur
1300 2865 1501 2921 poenae,
1534 2845 1637 2902 sed
1666 2866 1780 2902 non
1802 2855 1865 2904 ut
1894 2855 2189 2923 peccatum
2219 2847 2406 2925 ipsum
2431 2847 2676 2905 inultum
2699 2857 2950 2903 maneat.

538 2925 945 3001 ExceptioneS,
979 2945 1106 3000 quae
1136 2925 1467 2998 afferuntur,
1501 2945 1762 2984 exeussae
1793 2936 1927 2984 sunt
1953 2928 2082 2984 loco
2112 2927 2303 2986 citato,

890 3067 900 3077 ,
1123 3005 1370 3063 XVIII.
1420 3005 1703 3081 Secundo,
1736 3008 1964 3065 Peccati
2001 3016 2229 3066 natura.
2276 3009 2420 3065 Cum
2448 3006 2599 3065 enim
2631 3005 2704 3063 sit
2732 3005 2953 3062 malum

535 3068 581 3113 ²·
621 3069 665 3112 A
715 3071 902 3169 ξἰῗξζῖῗω
936 3079 1018 3109 ⁰²²⁶
1060 3087 1291 3160 morale,
1323 3086 1478 3162 quod
1524 3087 1830 3145 intrinsece
1877 3098 1935 3146 et
1963 3108 1996 3143 a
2025 3096 2185 3164 parte
2214 3088 2297 3146 rei
2326 3086 2517 3145 differt
2546 3107 2579 3143 a
2612 3085 2951 3160 Sanctitate,

846 3159 856 3176 ’
1060 3176 1124 3225 ut
1147 3187 1318 3243 supra
1343 3168 1478 3225 Loe.
1505 3167 1625 3225 XI.
1651 3167 1721 3225 de
1754 3168 1928 3243 Lege,
1956 3166 2064 3240 Qu.
2089 3172 2144 3239 2,
2177 3176 2469 3225 ostensum
2501 3166 2642 3238 fuit;
2671 3166 2951 3223 Necessa-

537 3254 622 3312 ria
650 3253 821 3312 etiam
852 3260 909 3309 et
936 3248 1215 3307 naturalis
1253 3248 1425 3307 debet
1465 3247 1589 3305 dari
1633 3248 1916 3306 connexio
1946 3247 2096 3306 inter
2123 3247 2267 3305 illud
2296 3256 2353 3305 et
2381 3247 2593 3304 malum
2624 3246 2950 3321 physicum,

538 3343 602 3392 ut
652 3354 711 3390 sc
760 3330 1084 3389 necessario
1133 3338 1572 3403 consequantur,
1605 3337 1664 3385 et
1701 3327 2184 3405 quemadmodum
2221 3347 2334 3384 non
2365 3335 2554 3404 potest
2584 3325 2704 3382 dari
2736 3326 2954 3382 malum

539 3413 843 3490 physicum
874 3419 932 3468 et
959 3408 1202 3484 poenale,
1236 3407 1357 3464 sine
1386 3408 1538 3465 malo
1567 3408 1788 3482 morali,
1821 3408 1913 3465 vel
1943 3408 2191 3484 proprio,
2222 3407 2315 3465 vel
2345 3407 2664 3483 imputat03
2711 3405 2803 3462 Ita
2837 3425 2955 3462 non

540 3492 724 3569 possit
762 3489 881 3546 dari
935 3488 1148 3543 malum
1189 3486 1418 3559 morale,
1451 3487 1605 3563 quod
1635 3497 1766 3563 post
1795 3507 1854 3544 se
1884 3507 2000 3544 non
2030 3489 2217 3545 trahat
2243 3487 2456 3545 malum
2489 3486 2809 3563 physicum.
2872 3484 2957 3543 Ut

540 3573 756 3629 bonum
800 3568 1052 3625 ethicum
1081 3585 1209 3622 cum
1238 3566 1497 3641 physico,
1531 3568 1805 3626 sanctitas
1848 3587 1976 3624 cum
2006 3566 2277 3625 felicitate
2308 3566 2692 3624 indissolubili
2724 3565 2958 3623 vinculo

543 3648 920 3720 consociatur,
954 3645 1241 3702 nonmodo
1284 3646 1501 3703 ratione
1545 3646 1840 3722 sapientiae
1879 3647 2110 3721 divinae,
2156 3647 2249 3705 cui
2297 3656 2742 3704 consentaneum
2773 3654 2862 3703 est
2888 3665 2960 3702 ea

544 3729 716 3789 simul
744 3726 1025 3803 componi,
1058 3744 1185 3801 quae
1216 3726 1565 3784 conveniunt
1593 3727 1651 3783 in
1682 3747 1891 3801 genere
1930 3727 2066 3784 boni
2096 3727 2190 3785 vel
2218 3727 2371 3801 mali,
2405 3726 2507 3785 sed
2535 3727 2708 3784 etiam
2736 3725 2957 3783 ratione

542 3809 817 3869 bonitatis
860 3817 918 3865 et
952 3805 1195 3883 justitiae
1220 3826 1233 3878 ;
1284 3825 1413 3862 nam
1444 3813 1508 3862 ut
1536 3826 1639 3882 per
1666 3807 1820 3864 illam
1853 3827 1967 3864 non
1995 3816 2186 3883 potest
2214 3828 2248 3864 a
2277 3827 2336 3864 se
2366 3808 2670 3883 impetrare
2693 3805 2832 3881 quin
2855 3805 2958 3863 bo·-

543 3892 634 3950 nis
673 3891 817 3948 bene
849 3887 939 3962 sit,
986 3886 1121 3963 quia
1156 3886 1344 3943 bonus
1373 3894 1460 3944 est
1489 3894 1546 3944 et
1575 3886 1868 3945 beneficus
1900 3887 2137 3964 imagini
2167 3907 2284 3945 suae
2316 3909 2329 3960 ;
2391 3887 2483 3944 Ita
2511 3907 2625 3943 non
2657 3894 2842 3961 potest
2873 3885 2958 3942 fa-

545 3991 690 4045 eere,
723 3970 863 4047 quin
891 3967 1058 4025 malis
1085 3966 1232 4023 male
1265 3965 1355 4040 sit,
1414 3966 1549 4042 quia
1590 3967 1787 4043 justus
1820 3989 1833 4026 ε
1877 3975 2048 4043 atque
2077 3987 2145 4025 eo
2168 3967 2370 4043 magis,
2396 3966 2551 4044 quod
2574 3966 2620 4023 si
2652 3965 2792 4042 quid
2819 3965 2960 4023 boni

543 4050 807 4128 rependit
856 4046 1146 4107 sanctitati
1195 4055 1486 4119 creaturae,
1539 4045 1677 4104 facit
1721 4046 1782 4103 id
1826 4066 1899 4104 ex
1928 4067 2085 4104 mera
2128 4047 2429 4122 liberalite,
2462 4047 2586 4104 sine
2627 4046 2748 4103 ullo
2779 4046 2962 4122 ipsius

545 4131 750 4190 merito
774 4151 788 4204 3
830 4128 931 4187 sed
975 4128 1023 4186 si
1052 4125 1252 4202 plectit
1277 4134 1654 4203 peccatorem,
1685 4126 1875 4184 reddit
1903 4126 1985 4183 illi
2016 4127 2171 4204 quod
2200 4127 2388 4200 debet,
2410 4137 2466 4185 et
2496 4125 2653 4203 quod
2680 4126 2824 4183 vitio
2854 4145 2974 4183 suo·

547 4211 914 4271 commeritus
943 4216 1048 4266 est.

820 4351 829 4361 ,
1154 4286 1342 4344 XIX.
1389 4284 1601 4360 Terti0,
1633 4287 1802 4362 Leqis
1839 4288 2085 4345 Sanctio.
2173 4287 2320 4362 Quia
2351 4286 2475 4345 Lex
2499 4306 2728 4363 poenam
2757 4285 2963 4343 mortis

546 4351 590 4396 3.
625 4351 670 4395 Α
714 4349 859 4452 ἓξὲξ
886 4362 1032 4432 ,⁵⁸⁸⁹
1074 4366 1455 4424 comminatur
1499 4367 1804 4442 peccatori,
1838 4368 1986 4426 Gen.
2018 4367 2075 4424 ii.
2113 4370 2202 4425 17.
2237 4368 2409 4425 Deut.
2440 4366 2626 4424 xxvii.
2658 4369 2754 4424 26.
2788 4366 2962 4424 Ezec.

886 4440 897 4459 '
1074 4445 1236 4502 xviii.
1268 4448 1364 4503 20.
1398 4447 1565 4504 Rom.
1596 4446 1635 4503 i.
1671 4449 1761 4521 18,
1795 4451 1890 4520 32,
1923 4456 1981 4504 et
2008 4448 2086 4505 vi.
2118 4451 2213 4506 23.
2321 4448 2465 4506 Cum
2509 4466 2650 4505 vero
2686 4447 2847 4504 Deus
2888 4446 2964 4503 sit

547 4546 728 4584 verax
757 4533 815 4582 et
843 4523 1071 4582 mentiri
1100 4525 1343 4598 nescius,
1376 4545 1609 4584 necesse
1640 4536 1728 4583 est
1755 4536 1820 4585 ut
1848 4527 2153 4603 impleatur
2180 4527 2429 4598 tandem,
2461 4527 2554 4584 vel
2586 4527 2647 4584 in
2675 4527 2802 4603 ipso
2830 4546 2963 4602 pec·

548 4615 759 4679 catore,
790 4605 884 4662 vel
915 4605 971 4661 in
1004 4603 1169 4661 vade.
1216 4605 1456 4664 Frustra
1484 4606 1766 4682 regeritur
1807 4607 2305 4666 comminationem
2338 4608 2492 4664 illam
2523 4627 2649 4664 esse
2679 4606 2964 4683 hypothe-

548 4685 760 4757 ticam„
791 4703 906 4741 non
951 4683 1291 4758 absolutam,
1324 4684 1383 4741 id
1418 4695 1523 4759 est,
1554 4705 1683 4761 quae
1713 4687 1960 4744 relaxari
1991 4689 2171 4764 possit
2200 4688 2388 4765 posita
2408 4687 2764 4765 poenitentia.
2816 4685 2970 4760 Quia
