3221 5200
285 359 508 409 QUAEST.
539 337 658 422 ms}
1166 358 1243 400 m:
1272 355 1778 401 Jus'mmcs'rross.
2587 347 2704 405 573

284 507 457 565 nobis
486 524 554 563 eo
582 501 771 576 mod0,
803 519 917 577 quo
947 501 1354 560 communicari
1382 510 1572 579 potest
1612 499 1769 577 quod
1817 498 2038 576 transit,
2091 500 2359 559 nimirum
2389 521 2492 579 per
2519 502 2704 582 impu-

286 588 567 646 tationem
591 606 605 659 ;
638 581 903 640 omnibus
932 583 1085 639 enim
1114 580 1428 659 imputatur
1456 581 1556 658 qui
1585 600 1661 639 ex
1691 579 1920 637 Adamo
1949 583 2321 639 nascuntur.’'
2389 583 2511 641 Nec
2542 585 2591 642 si
2620 585 2707 642 in-

279 666 432 743 justi
460 674 518 723 et
573 664 656 721 rei
685 661 1085 720 constituimur
1132 682 1234 739 per
1274 669 1574 738 peccatum
1640 660 1714 718 ab
1773 658 2004 718 Adamo
2040 671 2441 738 propagatum,
2503 664 2699 722 statim

276 744 590 823 justificari
634 742 910 799 debemus
965 762 1067 818 per
1113 742 1400 818 justitiam
1457 741 1829 798 inhaerentem
1853 740 2019 797 nobis
2075 760 2176 816 per
2203 742 2701 816 regenerationem

285 846 323 883 a
354 826 582 884 Christo
611 820 1104 895 communicatam,
1137 822 1273 898 quia
1301 820 1695 879 diversissima
1723 827 1811 878 est
1838 820 2136 896 utriusque
2177 822 2342 879 rati0.
2429 823 2507 879 Et
2552 824 2704 882 Pau-

284 905 381 964 lus
422 904 517 961 hic
560 901 921 961 collationem
966 900 1216 960 instituit
1256 901 1406 959 inter
1449 900 1742 957 Adamum
1785 900 2032 976 primum
2074 908 2133 958 et
2175 901 2488 959 secundum
2534 902 2593 959 in
2621 923 2700 978 re,

288 985 395 1044 sed
423 1003 539 1042 non
565 983 627 1040 in
655 981 826 1038 modo
854 981 955 1038 rei.

285 1103 331 1148 2·
363 1104 439 1149 Ex
463 1103 605 1147 m-
718 1099 762 1144 ³.
812 1059 1017 1198 ,1313
1024 1060 1075 1172 {2
1090 1057 2564 1215 5352333033335301³02ffi{zfflgazffsztnzt
2577 1063 2696 1200 ιε·

287 1221 536 1296 titiam,'’
564 1221 732 1278 Rom.
755 1219 832 1277 iv.
849 1221 913 1294 33
952 1219 1006 1276 Ν
1009 1240 1083 1277 on
1102 1219 1228 1297 ipsa
1244 1219 1389 1277 fides
1412 1238 1514 1276 seu
1535 1226 1698 1276 actus
1722 1217 1992 1275 credendi
2010 1217 2342 1292 formaliter,
2365 1220 2529 1295 quasi
2552 1163 2706 1279 erset

276 1302 510 1377 justitia
521 1320 711 1358 coram
730 1299 869 1373 De0,
884 1307 949 1358 ut
959 1299 1177 1358 vellent
1196 1300 1521 1358 Remonstr.
1535 1306 1734 1356 contra
1745 1316 1890 1374 quos
1901 1305 2102 1373 postea
2113 1298 2552 1374 disputabimus,
2568 1301 2704 1376 quia

285 1381 371 1439 sic
389 1401 506 1438 non
527 1379 1101 1455 dareturjustificatio
1126 1379 1248 1438 sine
1270 1379 1556 1456 operibus,
1573 1397 1702 1435 cum
1717 1377 1840 1453 ipsa
1857 1376 2002 1434 fides
2017 1376 2091 1435 sit
2102 1398 2273 1454 opus;
2300 1379 2402 1436 sed
2415 1379 2510 1455 obj
2517 1380 2703 1439 ective

285 1469 345 1519 et
367 1462 607 1519 relative
626 1459 991 1536 adjustitiam
1012 1460 1242 1533 Christi,
1268 1479 1440 1536 quam
1451 1458 1597 1516 fides
1628 1456 2023 1534 apprehendit,
2040 1466 2097 1515 et
2110 1458 2220 1515 sibi
2242 1458 2508 1535 applicat,
2531 1479 2703 1535 quam

289 1540 614 1618 Apostolus
652 1546 825 1597 vocat
853 1540 1136 1614 justitiam
1153 1541 1315 1618 fidei,
1347 1558 1473 1616 quoe
1494 1547 1573 1597 cst
1593 1558 1667 1596 ex
1686 1540 1810 1617 fide
1835 1537 2078 1611 Christi,
2113 1537 2262 1595 Phil.
2294 1538 2375 1596 iii.
2408 1541 2461 1613 9,
2494 1539 2551 1595 in
2593 1561 2708 1616 qua

283 1624 408 1678 sola
424 1624 542 1679 vult
568 1619 819 1692 inveniri,
847 1619 1136 1678 scilicetin
1153 1619 1375 1696 judicio
1401 1619 1529 1692 Dei,
1556 1617 1692 1694 quia
1713 1637 1828 1676 non
1842 1617 1980 1675 alibi
2000 1618 2309 1692 quaerenda
2338 1627 2426 1676 est
2448 1638 2619 1694 quam
2645 1619 2705 1678 in

286 1701 534 1775 Christ0,
567 1701 667 1776 qui
695 1707 782 1757 est
810 1699 854 1758 J
857 1698 1044 1757 ehova
1056 1700 1286 1776 justitia
1306 1706 1517 1772 nostra,
1550 1706 1607 1756 et
1636 1697 1736 1773 qui
1758 1697 1942 1755 sactus
1961 1706 2049 1754 est
2066 1697 2234 1754 nobis
2252 1717 2285 1753 a
2306 1697 2431 1755 Deo
2452 1699 2699 1772 justitia.

287 1780 673 1837 Confirmatur
701 1799 775 1837 ex
804 1799 872 1837 eo
901 1779 1057 1855 quod
1088 1779 1304 1836 Paulus
1334 1777 1547 1835 ibidem
1569 1776 2006 1853 imputationem
2024 1774 2160 1832 fidei
2188 1775 2261 1831 ad
2282 1775 2571 1851 justitiam
2600 1798 2701 1834 ex-

284 1859 464 1936 plicat
480 1880 584 1937 per
598 1863 652 1917 τὶ
672 1859 951 1933 imputare
953 1861 989 1932 j
993 1859 1234 1915 ustitiam
1252 1859 1457 1932 absque
1474 1856 1747 1930 operibus,
1771 1855 1938 1912 Rom.
1961 1853 2036 1928 iv.
2059 1857 2113 1912 6.
2163 1854 2316 1912 Hinc
2335 1855 2545 1931 quippe
2566 1876 2701 1914 con-

287 1948 418 2014 stat,
470 1944 520 1999 1.
565 1941 609 2000 J
612 1937 1051 1997 ustificationem
1083 1936 1394 1994 consistere
1423 1937 1483 1992 in
1513 1934 1889 2011 imputatione
1914 1933 2174 2010 justitiae,
2197 1954 2269 1992 ne
2292 1935 2422 2010 quis
2447 1935 2700 2011 phrasim

237 2025 244 2030 ’
282 2027 448 2095 putet
477 2040 511 2076 a
539 2017 705 2076 nobis
734 2015 1055 2074 confictam.
1140 2020 1195 2073 2.
1239 2015 1541 2075 Justitiam
1581 2014 1750 2071 istam
1780 2033 1895 2071 non
1924 2032 2092 2090 posse
2139 2033 2264 2071 esse
2308 2013 2699 2092 inhaerentem,

284 2117 415 2173 quae
445 2098 614 2155 datur
640 2096 808 2153 nobis
837 2115 940 2172 per
966 2095 1328 2170 infusionem,
1360 2103 1482 2153 tum
1532 2093 1670 2169 quia
1711 2093 1924 2150 dicitnr
1951 2112 2076 2150 esse
2107 2093 2229 2150 sine
2260 2094 2545 2170 operibuS,
2578 2104 2701 2153 tum

284 2178 422 2252 quia
449 2177 606 2253 quod
634 2184 722 2234 est
750 2175 1034 2232 inhaerens
1064 2175 1372 2252 opponitur
1399 2174 1699 2250 imputato.
1787 2172 1927 2230 Ideo
1957 2173 2265 2248 opponitur
2293 2194 2327 2230 a
2357 2174 2540 2231 Paulo
2570 2175 2700 2233 loco

284 2257 477 2329 citatO,
539 2255 690 2313 Phil.
723 2254 821 2328 iii.,
846 2255 1090 2330 justitiae
1120 2274 1238 2313 suae
1267 2273 1396 2330 quae
1418 2262 1507 2312 est
1525 2273 1599 2311 ex
1631 2253 1807 2328 Lege,
1829 2260 1886 2310 et
1908 2252 2045 2308 alibi
2078 2262 2316 2311 vocatur
2329 2253 2555 2324 justitia
2583 2256 2701 2313 Dei

285 2355 415 2411 quae
445 2335 567 2394 sine
599 2335 757 2410 Lege
786 2333 1199 2408 manifestatur,
1254 2334 1423 2392 Rom.
1471 2333 1550 2390 iii.
1596 2335 1692 2407 21,
1725 2336 1820 2406 22,
1852 2340 1972 2390 tum
2004 2331 2140 2407 quia
2190 2341 2277 2390 est
2324 2335 2611 2407 subjective
2639 2335 2700 2391 in

285 2415 540 2472 Persona
568 2414 782 2488 divina,
814 2413 1073 2490 adeoque
1111 2413 1321 2472 infiniti
1367 2413 1554 2491 pretii,
1601 2419 1726 2469 tum
1770 2412 2137 2487 om'qz'naliter,
2189 2412 2326 2488 quia
2368 2421 2455 2470 est
2484 2433 2518 2470 a
2549 2415 2691 2489 De0,

281 2494 451 2552 nobis
489 2495 701 2572 quippe
739 2494 918 2570 gratis
947 2513 982 2550 a
1012 2495 1137 2551 Deo
1184 2494 1334 2568 data,
1387 2501 1510 2551 tum
1557 2492 1901 2550 terminative
1943 2491 2079 2567 quia
2107 2491 2182 2548 ad
2212 2493 2399 2549 Deum
2431 2492 2606 2564 ducit,
2639 2504 2697 2552 et

289 2575 415 2634 Deo
443 2576 735 2653 probatur,
767 2583 824 2633 et
854 2573 976 2633 sola
998 2573 1279 2633 sustinere
1316 2581 1508 2651 potest
1535 2591 1781 2631 examen
1801 2571 2008 2649 judicii
2037 2572 2180 2648 ejus.
2269 2572 2410 2631 Ideo
2439 2573 2702 2650 quisquis

280 2676 384 2733 per
409 2656 583 2715 fidem
606 2655 894 2733 justitiam
923 2654 1081 2712 illam
1112 2655 1224 2713 sibi
1252 2654 1518 2732 applicat,
1566 2653 1778 2712 dicitur
1806 2673 1920 2710 non
1949 2651 2145 2710 venire
2176 2652 2236 2709 in
2256 2653 2560 2729 judicium,
2595 2654 2700 2713 sed

272 2735 396 2813 jam
426 2737 722 2795 transiisse
750 2756 786 2793 a
812 2742 994 2793 morte
1017 2735 1093 2792 ad
1119 2735 1317 2809 vitam,
1349 2736 1393 2795 J
1395 2735 1488 2793 oh.
1510 2754 1566 2791 v.
1598 2736 1694 2809 24,
1726 2732 1786 2791 id
1816 2740 1919 2807 est,
1942 2731 2268 2803 justificari.

636 2879 647 2890 ‚
890 2815 1103 2875 XVII.
1149 2816 1361 2890 Terti0‚
1410 2815 1557 2889 Quia
1597 2813 1862 2873 Christus
1905 2821 1992 2871 est
2044 2812 2273 2889 justitia
2331 2833 2445 2890 qua
2487 2814 2699 2891 justifi-

280 2874 427 2976 ³013}
449 2875 611 2977 (133,οξ
634 2875 764 2978 ’ἐξα
806 2915 1019 2953 camur.
1078 2895 1221 2954 Ideo
1277 2895 1427 2954 enim
1486 2893 1698 2953 dicitur
1751 2895 1904 2952 nobis
1941 2897 2138 2967 sactus
2192 2915 2230 2951 α
2285 2896 2414 2952 Deo
2454 2896 2696 2969 justitia,

547 2966 560 2979 ⁶
615 2966 626 2977 ⁶
810 2976 839 3030 1
902 2974 1031 3031 Cor.
1091 2975 1129 3032 i.
1188 2978 1265 3033 30
1291 2997 1304 3050 ;
1377 2985 1435 3033 et
1491 2979 1527 3031 2
1587 2974 1716 3031 Cor.
1788 2995 1845 3031 v.
1904 2977 1999 3048 21,
2073 2972 2195 3031 Nos
2263 2973 2508 3031 dicimur
2574 2974 2699 3031 fieri

276 3049 507 3126 justitia
557 3050 668 3108 Dei
717 3051 776 3106 in
821 3052 947 3126 ipso
972 3073 985 3109 ε
1041 3055 1075 3083 “
1100 3053 1265 3111 Fecit
1308 3054 1469 3111 Deus
1517 3073 1667 3125 eum,
1720 3052 1818 3128 qui
1857 3072 1971 3108 non
2022 3053 2185 3108 novit
2229 3061 2542 3127 peccatum,
2596 3073 2700 3129 pro

283 3128 451 3187 nobis
498 3136 815 3205 peccatum,
861 3138 926 3187 ut
967 3130 1233 3188 fieremus
1268 3130 1499 3207 justitia
1548 3131 1660 3187 Dei
1705 3131 1765 3186 in
1807 3130 1990 3206 ips0.”
2078 3131 2172 3186 Ex
2215 3130 2426 3205 quibus
2455 3140 2695 3207 constat,

285 3212 335 3266 1.
382 3209 673 3266 Christum
722 3228 847 3266 esse
876 3217 1130 3267 nostram
1153 3210 1437 3285 justitiam
1489 3228 1682 3266 coram
1735 3209 1876 3283 Dec,
1928 3228 2043 3265 non
2088 3209 2286 3284 utique
2333 3210 2693 3285 inhaerenter,

279 3287 415 3364 quia
437 3288 667 3363 justitia
693 3288 865 3346 unius
907 3287 983 3345 ad
1024 3289 1200 3347 alium
1249 3309 1362 3347 non
1392 3295 1583 3365 potest
1627 3288 1885 3361 transire,
1935 3288 2038 3345 sed
2076 3287 2432 3365 imputative.
2505 3295 2561 3347 2.
2609 3291 2696 3349 Eo

279 3367 450 3425 modo
480 3387 585 3425 nos
614 3367 760 3425 effici
780 3368 1067 3444 justitiam
1099 3369 1209 3427 Dei
1238 3368 1296 3426 in
1326 3369 1469 3445 ips0‚
1502 3366 1790 3444 quomodo
1820 3366 2005 3425 sactus
2047 3376 2135 3426 est
2163 3387 2265 3444 pro
2294 3369 2462 3428 nobis
2489 3390 2691 3447 pecca-

278 3455 419 3506 tum.
507 3447 591 3506 At
620 3447 882 3507 Christus
910 3448 1096 3507 sactus
1124 3457 1212 3507 est
1239 3469 1342 3526 pro
1370 3448 1538 3507 nobis
1566 3454 1883 3524 peccatum,
1914 3467 2029 3505 non
2060 3447 2404 3506 inhaerenter
2430 3458 2530 3508 aut
2559 3450 2692 3508 sub·

272 3527 507 3604 jective,
540 3528 676 3605 quia
704 3548 820 3586 non
847 3529 1012 3587 novit
1037 3537 1354 3606 peccatum,
1388 3528 1491 3587 sed
1518 3527 1877 3604 imputative,
1908 3528 2045 3604 quia
2089 3529 2248 3587 Deus
2292 3529 2345 3586 ei
2387 3530 2694 3607 imputavit

278 3617 514 3684 peccata
540 3617 754 3683 nostra,
786 3617 844 3667 et
866 3610 1002 3668 fecit
1029 3616 1094 3668 ut
1120 3608 1477 3668 incurrerent
1505 3608 1564 3665 in
1594 3628 1725 3666 eum
1764 3608 2096 3685 iniquitates
2125 3608 2379 3667 omnium
2409 3619 2688 3686 nostrum,

282 3688 395 3745 Isa.
426 3689 529 3747 liii.
555 3690 622 3764 63
670 3689 828 3767 Ergo
858 3697 916 3749 et
941 3710 1050 3749 nos
1071 3690 1302 3768 justitia
1328 3689 1481 3764 facti,
1513 3709 1631 3747 non
1659 3688 1961 3764 infusione,
1988 3689 2090 3747 sed
2120 3689 2510 3767 imputatione,
2536 3691 2693 3767 quod

281 3766 457 3843 Aug„
492 3769 726 3827 Euchir.
759 3790 807 3828 c.
838 3770 960 3845 xli„
993 3771 1138 3829 bene
1169 3770 1457 3848 exprimit.
1522 3772 1558 3802 “
1584 3770 1718 3847 Ipse
1738 3789 1876 3845 ergo
1897 3777 2213 3846 peccatum,
2234 3777 2299 3827 ut
2316 3789 2422 3827 nos
2443 3770 2687 3845 justitia,

279 3865 384 3903 nec
413 3855 625 3921 nostra,
658 3848 762 3906 sed
791 3849 902 3908 Dei
931 3851 1127 3921 simus,
1160 3871 1265 3909 nec
1294 3852 1353 3907 in
1381 3850 1566 3923 nobis,
1600 3849 1703 3907 sed
1732 3850 1792 3906 in
1819 3849 1962 3925 ipso,
2009 3849 2157 3906 sicut
2198 3849 2321 3923 ipse
2369 3857 2685 3924 peccatum,

277 3945 391 3982 non
442 3946 625 4001 suum,
676 3928 777 3984 sed
821 3937 1098 4004 nostrum,
1129 3931 1322 3987 necin
1353 3950 1431 4004 se,
1463 3928 1567 3988 sed
1594 3928 1656 3985 in
1683 3928 1851 3985 nobis
1899 3927 2273 3985 constitutum
2315 3927 2689 3987 similitudine

279 4005 464 4063 carnis
508 4006 746 4082 peccati,
792 4006 852 4064 in
895 4028 1010 4084 quo
1059 4008 1369 4067 crucifixus
1416 4018 1506 4068 est
1553 4006 2028 4067 demonstravit.”
2115 4007 2356 4064 Frustra
2384 4007 2684 4084 excipitur,

283 4087 317 4117 “
342 4084 633 4143 Christum
661 4084 775 4144 dici
805 4086 1019 4145 factum
1040 4088 1346 4165 justitiam,
1371 4088 1662 4167 quomodo
1691 4087 1875 4146 factus
1904 4094 1993 4144 est
2021 4086 2318 4163 sapientia,
2350 4096 2408 4145 et
2437 4088 2688 4146 sanctifi·-

278 4166 442 4241 catio,
474 4186 592 4224 non
618 4165 816 4242 utique
844 4167 1202 4244 imputative,
1251 4169 1355 4227 sed
1402 4168 1724 4227 effective.”
1808 4167 1956 4222 Nam
1996 4165 2105 4224 etsi
2146 4167 2359 4243 pariter
2402 4166 2587 4226 sactus
2616 4168 2692 4227 sit

277 4247 443 4305 nobis
472 4267 506 4304 a
538 4248 663 4305 Deo
708 4246 821 4304 ista
864 4247 1057 4305 omnia
1103 4248 1296 4325 quoad
1342 4249 1628 4322 meritum,
1673 4247 1809 4324 quia
1835 4245 1948 4304 ista
1975 4246 2167 4304 omnia
2194 4246 2473 4305 beneficia
2520 4247 2688 4306 nobis

277 4327 614 4403 acquisivit;
660 4327 880 4385 Tamen
908 4348 1025 4386 non
1063 4328 1265 4387 eodem
1291 4329 1464 4388 modo
1494 4328 1680 4385 factus
1708 4335 1797 4385 est
1823 4326 2015 4403 quoad
2057 4326 2438 4401 collationem,
2471 4326 2575 4386 sed
2603 4327 2690 4385 di-

278 4426 442 4464 verse
470 4427 573 4484 pro
603 4407 936 4466 diversitate
980 4407 1278 4483 donorum,
1310 4418 1369 4468 et
1410 4410 1520 4467 hoc
1564 4407 1650 4465 rei
1698 4415 1904 4466 natura
1949 4406 2219 4484 postulat.
2305 4407 2455 4464 Nam
2484 4408 2534 4465 si
2574 4427 2691 4465 non

279 4485 443 4543 aliter
470 4487 657 4545 factus
679 4497 833 4547 esset
845 4488 1077 4564 justitia
1094 4508 1263 4565 quam
1286 4488 1681 4561 sanctificatiO,
1707 4486 1785 4545 id.
1806 4486 2087 4560 effective,
2111 4486 2432 4564 tautologia
2453 4506 2487 4543 a
2511 4488 2693 4546 Paulo

281 4565 747 4643 committeretur,
781 4568 1064 4644 siquidem
1093 4589 1161 4628 eo
1190 4577 1360 4647 pacto
1380 4567 1724 4644 justificatio
1749 4576 1807 4626 et
1831 4566 2206 4626 sanctificatio
2235 4587 2353 4625 non
2382 4565 2693 4626 differrent.

288 4646 446 4722 Ergo
486 4646 768 4723 sapientia
795 4656 854 4706 et
883 4649 1261 4709 sanctificatio
1309 4649 1376 4709 fit
1420 4649 1589 4707 nobis
1618 4649 1876 4724 effic-live,
1907 4668 2014 4707 nos
2042 4647 2420 4706 illuminando
2450 4655 2508 4707 et
2535 4668 2699 4725 rege-

285 4726 576 4803 nerand03
627 4726 742 4786 Sed
781 4726 1013 4802 justitia
1042 4730 1379 4806 imputative,
1411 4728 1578 4789 nobis
1598 4728 1890 4803 justitiam
1921 4749 2080 4788 suam
2111 4728 2466 4807 imputanda
2532 4727 2702 4803 Quod
