3221 5200
332 358 561 406 QUAEST.
593 337 704 418 nn]
1074 357 1151 395 1)ss
1181 357 1413 397 orricio
1444 355 1679 395 cunisri
1712 355 2102 395 anxromo.
2640 341 2757 399 343

327 501 471 559 colae
505 501 750 558 Sanctos
779 497 1050 575 imperiis,
1083 498 1338 574 urbibus,
1397 497 1636 564 artibuS,
1683 497 1917 572 morbis,
1974 497 2311 575 praeficiunt,
2370 506 2430 556 et
2478 506 2750 576 tanquam

326 592 619 658 patronos,
653 589 711 638 et
740 579 879 638 deos
907 577 1184 638 tutelares
1212 578 1289 636 ad
1315 597 1461 654 quos
1490 577 1735 636 subinde
1764 577 2116 655 confugiant,
2142 577 2449 636 asciscunt.

943 657 1133 717 XIII.
1180 659 1239 717 A
1280 659 1659 717 communione
1699 660 2053 733 Sanctorum,
2085 658 2158 715 ad
2201 657 2751 718 communicationem

383 720 762 823 Γωὲῗωὲἰω·
861 738 1167 809 officiorum
1210 739 1360 797 inter
1406 758 1523 813 eos,
1567 758 1683 796 non
1728 738 1885 797 valet
1930 739 2358 815 consequentia.
2447 739 2643 797 Sancti
2689 741 2748 797 in

860 818 1070 876 coelum
1098 819 1353 893 admissi,
1386 819 1844 877 communionem
1875 819 2109 895 quidem
2139 818 2352 876 habent
2382 838 2513 876 cum
2542 820 2744 878 viven-

325 899 498 972 tibus,
531 906 817 975 quatenus
845 907 981 958 sunt
1007 899 1267 976 ejusdem
1293 899 1561 975 Corporis
1589 899 1821 974 mystici
1843 899 2116 957 membra.
2165 899 2282 958 Sed
2303 919 2419 959 nou
2442 908 2747 976 propterea

325 978 496 1038 datur
516 977 830 1037 officiorum
861 979 1320 1053 communicati0‚
1354 999 1483 1037 cum
1503 979 1716 1037 necilli
1734 979 2175 1038 necessitatibus
2213 979 2427 1037 nostris
2456 980 2741 1056 intersint,

324 1079 431 1118 nec
481 1059 863 1136 cogitationes
917 1068 1145 1119 nostras
1174 1080 1241 1117 ac
1268 1078 1469 1136 preces
1516 1059 1716 1117 audire
1756 1068 1815 1118 et
1842 1060 2118 1118 exaudire
2149 1059 2391 1136 possint,
2421 1079 2530 1117 nec
2559 1060 2744 1118 ullum

321 1139 638 1198 habeamus
687 1139 934 1217 amplius
983 1160 1115 1198 cum
1143 1139 1261 1197 illis
1290 1140 1713 1214 commercium,
1746 1141 1911 1218 cujus
1932 1139 2212 1199 beneficio
2236 1159 2433 1198 eorum
2464 1139 2745 1218 suffragia

332 1219 638 1295 implorare
675 1239 973 1296 queamus.

406 1299 585 1358 XIV.
631 1299 762 1356 Non
792 1300 1120 1376 quicunque
1149 1308 1275 1358 orat
1304 1299 1493 1358 Deum
1515 1319 1621 1377 pro
1641 1299 1826 1375 nobis,
1859 1298 1908 1357 is
1939 1297 2132 1358 statim
2161 1306 2252 1358 est
2274 1299 2566 1358 Mediator
2586 1300 2743 1377 apud

325 1379 514 1438 Deum
548 1401 562 1454 ;
607 1379 750 1438 alias
806 1388 891 1439 tot
930 1380 1275 1439 haberemus
1327 1380 1743 1456 propemodum
1786 1379 2155 1455 Mediatores,
2203 1388 2345 1456 quot
2400 1379 2604 1439 fratres
2629 1402 2642 1438 ε
2685 1389 2747 1439 et

323 1479 453 1518 cum
502 1459 798 1536 Scriptura
838 1460 1157 1537 saepissime
1199 1468 1429 1518 mutuas
1469 1460 1766 1518 hominum
1812 1480 2011 1537 preces
2053 1468 2504 1535 commemoret;
2550 1469 2743 1519 tamen

323 1559 618 1616 nunquam
658 1539 826 1599 docet
873 1540 1136 1599 homines
1166 1539 1520 1598 Mediatores
1556 1560 1684 1599 esse
1713 1540 1868 1618 apud
1898 1540 2104 1599 Deum.
2193 1539 2255 1598 Is
2283 1559 2423 1617 ergo
2455 1540 2746 1598 Mediator

326 1618 623 1695 dicenduS,
648 1620 832 1697 primo
861 1621 963 1698 qui
989 1640 1105 1679 non
1133 1628 1357 1679 tantum
1387 1629 1513 1679 orat
1541 1621 1599 1678 in
1631 1641 1859 1698 genere,
1893 1620 1995 1679 sed
2023 1629 2082 1679 et
2109 1640 2212 1697 pro
2243 1619 2507 1696 singulis,
2540 1640 2741 1678 secun·

333 1699 409 1757 do
437 1699 537 1777 qui
565 1708 690 1758 orat
718 1721 793 1758 ex
822 1701 883 1758 vi
910 1701 1244 1759 meritorum
1264 1720 1514 1775 suorum,
1546 1701 1830 1778 nobisque
1879 1701 2150 1777 impetrat
2186 1700 2579 1758 remissionem
2611 1721 2743 1777 pec-

323 1788 580 1838 catorum
610 1790 667 1838 ct
690 1781 936 1839 salutem
966 1803 980 1856 3
1041 1780 1210 1854 Quod
1238 1781 1310 1839 de
1340 1781 1464 1839 solo
1496 1781 1725 1839 Christo
1748 1781 1861 1838 dici
1890 1788 2098 1858 potest.

404 1859 548 1918 XV.
603 1860 785 1918 Aliud
814 1869 903 1919 est
960 1861 1185 1919 Mosem
1215 1869 1274 1919 et
1327 1861 1653 1919 Samuelem
1683 1861 1950 1919 viventes
1978 1879 2140 1918 orare
2168 1879 2273 1937 pro
2295 1858 2525 1936 populo,
2559 1858 2744 1917 Aliud

321 1939 554 1998 eosdem
597 1939 900 2000 defunctos
927 1941 1038 1999 hoc
1068 1940 1255 1999 officio
1282 1960 1386 2016 pro
1415 1940 1542 2017 ipso
1571 1940 1829 2018 defungi.
1873 1941 1999 1999 Jer.
2031 1961 2131 1998 xv.
2167 1944 2218 2013 1,
2249 1958 2365 1996 non
2394 1948 2744 2015 provocatur

320 2020 395 2077 ad
423 2020 892 2079 intercessionem
920 2020 1320 2080 defunctorum
1352 2042 1365 2096 ;
1420 2020 1523 2078 sed
1551 2020 1923 2098 hypothetice
1953 2019 2277 2079 ostenditur
2303 2019 2586 2078 inutilitas
2614 2039 2741 2077 ora-

316 2100 539 2159 tionum
573 2100 846 2177 ipsorum,
878 2100 929 2159 si
955 2100 1144 2159 adhuc
1173 2108 1368 2160 essent
1394 2099 1454 2157 in
1483 2101 1655 2176 viviS,
1688 2109 1747 2159 et
1782 2108 2153 2177 precarentur
2179 2118 2284 2176 pro
2311 2099 2544 2176 popu10,
2575 2108 2640 2158 ut
2668 2099 2741 2157 ab

323 2179 464 2257 ipsis
493 2200 609 2239 non
654 2181 832 2239 semel
870 2180 1085 2239 factum
1128 2181 1346 2255 fuerat3
1398 2182 1434 2214 ‘⁴
1461 2180 1521 2240 Si
1552 2189 1773 2240 starent
1817 2200 2007 2239 eoram
2047 2199 2140 2238 me
2170 2180 2369 2237 Moses
2397 2187 2457 2238 et
2489 2179 2739 2254 Samuel,

318 2269 377 2319 et
405 2268 633 2319 orarent
660 2280 764 2337 pro
792 2260 1023 2339 popu10,
1056 2261 1247 2318 anima
1264 2279 1393 2318 mea
1420 2280 1536 2318 non
1564 2261 1674 2319 erit
1701 2261 1777 2318 ad
1804 2260 2081 2337 populum
2111 2259 2351 2318 istum:’'
2402 2278 2606 2317 sensus
2635 2268 2740 2334 est,

323 2339 387 2397 Si
416 2340 614 2398 Moses
642 2350 700 2399 et
732 2341 964 2401 Samuel
1013 2340 1203 2400 adhuc
1232 2349 1427 2400 essent
1455 2340 1811 2418 superstites,
1843 2348 1901 2398 ct
1928 2360 2032 2417 pro
2059 2340 2170 2397 hoc
2200 2339 2416 2416 populo
2447 2339 2731 2416 supplica-

320 2428 468 2495 rent,
498 2420 642 2478 nihil
674 2421 977 2480 effecturos
1006 2440 1112 2480 sua
1138 2421 1547 2479 intercessione
1576 2429 1644 2480 ut
1671 2420 1808 2479 olim
1839 2420 2212 2497 placaverant
2244 2419 2434 2477 Deum
2465 2419 2585 2478 suis
2610 2439 2733 2496 pre·

321 2500 502 2574 cibus,
537 2501 726 2559 Exod.
777 2502 964 2561 xxxii.
1000 2504 1091 2578 14,
1123 2505 1152 2559 1
1189 2501 1344 2560 Sam.
1388 2500 1488 2559 vii.
1540 2503 1595 2560 9.
1683 2501 1884 2560 Innuit
1910 2520 2051 2577 ergo
2080 2500 2321 2558 salutem
2347 2499 2514 2557 istius
2542 2499 2743 2577 populi

318 2600 445 2641 csse
464 2580 841 2659 desperatam,
862 2592 920 2642 et
941 2581 1185 2642 exitium
1207 2581 1334 2659 ejus
1354 2591 1571 2653 certum
1592 2588 1651 2640 et
1669 2581 2130 2641 determinatum.
2173 2579 2399 2640 Confer.
2426 2580 2597 2639 Ezec.
2617 2580 2740 2639 xiv.

326 2664 418 2736 13,
477 2666 567 2737 14,
617 2663 750 2721 “Et
795 2663 844 2721 si
893 2663 1106 2723 fuerint
1142 2672 1260 2722 tres
1289 2662 1399 2720 viri
1429 2662 1522 2721 isti
1553 2662 1614 2720 in
1661 2662 1853 2722 medio
1882 2664 2028 2739 ejus,
2062 2662 2205 2737 Noe,
2240 2661 2468 2736 Daniel,
2500 2669 2559 2720 et
2600 2661 2642 2720 J
2647 2661 2739 2735 ob,

318 2742 429 2819 ipsi
449 2742 678 2820 justitia
717 2763 823 2802 sua
849 2744 1178 2803 liberabunt
1204 2743 1425 2802 animas
1483 2762 1618 2802 suas
1647 2744 1703 2817 ;''
1764 2743 1857 2802 Ita
1878 2743 1973 2801 hic
2015 2742 2225 2818 agitur,
2255 2762 2370 2799 non
2402 2740 2473 2799 de
2503 2740 2741 2800 defune-

317 2831 508 2881 torum
529 2823 814 2899 precibus,
847 2824 951 2882 sed
971 2824 1255 2898 vivorum,
1287 2823 1336 2882 si
1365 2823 1619 2883 redirent
1646 2823 1722 2881 ad
1748 2824 2044 2901 populum.

405 2903 584 2960 XVI.
631 2903 800 2976 Quod
822 2903 893 2961 de
907 2903 1142 2962 citharis
1154 2911 1212 2962 et
1228 2903 1439 2980 phialis
1456 2903 1905 2962 aureisinmanu
1925 2902 2135 2979 viginti
2149 2910 2397 2980 quatuor
2419 2901 2740 2975 Saniorum,

324 2980 572 3057 Apoc.v.
587 2982 642 3055 8,
665 2984 720 3055 9,
741 2982 966 3057 dicitur,
994 3002 1109 3039 non
1123 2982 1279 3041 favet
1291 2983 1688 3041 intercessioni
1705 2984 2066 3042 Sanctorum.
2082 2981 2230 3055 Quia
2243 2981 2378 3039 siad
2391 2991 2621 3040 sanctos
2642 2982 2740 3039 de·

322 3059 551 3119 functos
600 3061 712 3118 hoc
764 3060 1059 3133 referatur,
1090 3081 1205 3118 non
1234 3061 1585 3136 significabit
1612 3081 1829 3138 preces,
1862 3081 2008 3138 quas
2035 3061 2147 3137 ipsi
2175 3080 2279 3137 pro
2302 3061 2456 3118 vivis
2478 3061 2737 3136 offerant,

324 3138 430 3199 sed
465 3142 546 3201 τὸν
575 3144 637 3203 εἰς
655 3141 765 3196 θιὶν
790 3136 1095 3213 inhaesio,
1126 3149 1192 3198 ut
1232 3139 1461 3214 Aretas,
1493 3148 1552 3198 et
1571 3139 1841 3199 Andreas
1870 3139 2241 3197 Caesariensis
2263 3140 2591 3214 observant,
2625 3140 2736 3197 Dei

324 3219 546 3278 scilicet
590 3218 795 3277 laudes
824 3228 882 3277 et
911 3218 1135 3277 suffitus
1180 3218 1493 3296 gratiarum
1524 3219 1785 3294 actioniS,
1816 3238 1963 3295 quos
2012 3217 2285 3275 continuo
2318 3219 2443 3275 Deo
2474 3217 2736 3293 offerunt,

322 3299 479 3377 quod
509 3300 704 3359 statim
733 3298 1043 3377 exponitur
1063 3319 1183 3358 ver.
1215 3319 1334 3376 seq.
1358 3319 1461 3375 per
1486 3298 1780 3358 Canticum
1806 3319 2024 3357 novum.
2058 3298 2151 3355 Ita
2173 3296 2326 3374 quod
2351 3297 2561 3355 dicitur
2576 3297 2738 3374 phia-

321 3380 409 3438 las
432 3380 573 3438 istas
592 3399 795 3439 aureas
814 3380 1015 3458 plenas
1033 3379 1348 3455 suffituum,
1379 3378 1556 3437 fuisse
1575 3398 1774 3456 preces
1790 3379 2148 3452 Sanctorum,
2172 3378 2229 3435 ai
2250 3384 2358 3436 εἰσιν
2378 3379 2435 3435 αἱ
2461 3382 2741 3457 vrgao-toxa)

318 3464 410 3518 τόυ
426 3461 580 3532 ἐγὼ,
598 3481 722 3537 quae
742 3469 884 3535 sunt,
907 3460 983 3519 id.
1005 3460 1321 3536 symbolice
1345 3458 1669 3536 designant,
1680 3480 1879 3535 preces
1896 3459 2251 3533 Sanctorum,
2267 3458 2495 3517 illorum
2519 3458 2739 3517 scilicet

321 3542 420 3618 qui
450 3542 700 3600 citharas
728 3549 788 3599 et
814 3541 1039 3618 phialas
1067 3560 1269 3599 aureas
1298 3540 1605 3614 habebant,
1636 3540 1735 3598 vel
1761 3538 2058 3598 indefinite
2092 3538 2433 3597 Sanctorum
2463 3539 2736 3613 omnium,

321 3641 564 3698 quorum
592 3641 791 3698 preces
814 3620 1009 3680 suffitu
1037 3620 1457 3680 describuntur.
1533 3620 1597 3679 Si
1626 3640 1762 3679 vero
1782 3619 1857 3678 ad
1873 3618 2075 3678 laudes
2097 3628 2154 3677 et
2175 3640 2373 3697 preces
2415 3619 2739 3678 viventium

330 3700 672 3759 Sanctorum
699 3701 959 3775 refertur,
991 3710 1057 3761 ut
1082 3700 1456 3760 verisimilius
1483 3707 1588 3776 est,
1620 3720 1728 3759 nec
1749 3699 2029 3759 diffitetur
2050 3699 2269 3775 Estius,
2300 3699 2446 3759 nihil
2475 3700 2606 3759 inde
2635 3721 2740 3778 pro

324 3778 721 3839 defunctorum
778 3782 1132 3840 orationibus
1160 3781 1437 3839 elicietur.
1524 3781 1618 3839 Ita
1646 3780 1866 3840 scilicet
1894 3780 2238 3839 describitur
2266 3781 2455 3839 cultus
2484 3800 2736 3856 evange-

325 3857 472 3916 licus
528 3859 763 3918 laudum
813 3871 870 3920 et
905 3881 1157 3938 precum,
1190 3860 1432 3920 vocibus
1460 3881 1491 3919 e
1534 3861 1694 3920 cultu
1721 3860 1900 3938 legali
1928 3859 2266 3935 desumptis,
2290 3868 2358 3918 ut
2386 3860 2620 3918 citharae
2649 3860 2731 3917 in·

326 3946 645 3997 strumenta
695 3939 934 3999 laudum
981 3941 1201 4015 laudes,
1233 3949 1292 3999 et
1338 3940 1548 4018 phialas
1577 3961 1766 4000 aureae
1793 3959 1994 4017 preces
2021 3938 2281 3998 fidelium
2335 3939 2396 3997 in
2425 3938 2596 3997 corde
2624 3938 2735 3997 fide

323 4018 627 4095 purificato
656 4018 879 4078 oblatas
899 4029 1117 4081 notent.
1201 4021 1297 4080 Sic
1326 4021 1639 4080 ostendunt
1669 4041 1729 4079 se
1752 4039 1880 4079 esse
1907 4039 2044 4077 vere
2076 4019 2271 4094 Reges
2301 4026 2358 4076 et
2388 4017 2733 4093 sacerdotes,

323 4107 391 4158 ut
417 4098 620 4237 diiount
638 4108 857 4177 postea,
888 4119 1056 4177 reges
1084 4101 1238 4159 enim
1265 4100 1501 4159 citharae
1530 4099 1755 4175 decent,
1799 4108 1865 4158 ut
1894 4097 2201 4171 Davidem,
2231 4097 2443 4176 phialae
2470 4117 2610 4156 vero
2639 4117 2729 4155 sa-

326 4199 424 4239 cer
465 4188 608 4239 otes-

407 4260 623 4319 XVII.
670 4260 836 4319 Licet
862 4259 1018 4338 apud
1047 4261 1242 4338 Reges
1270 4268 1528 4320 terrenos
1551 4258 1805 4318 Parariis
1833 4265 1893 4316 et
1921 4256 2342 4316 Mediatoribus
2371 4277 2517 4335 opus
2546 4257 2637 4332 sit,
2669 4267 2736 4318 ut

318 4340 395 4398 ad
422 4340 678 4417 ipsorum
707 4349 1078 4419 conspectum
1106 4340 1514 4415 admittamur;
1558 4359 1677 4399 non
1717 4339 1915 4397 eadem
1957 4344 2047 4396 est
2073 4336 2220 4395 ratio
2252 4336 2434 4414 Regis
2464 4337 2732 4413 coelestia,

321 4420 424 4497 qui
451 4421 779 4481 immediate
807 4421 884 4480 ad
911 4442 973 4481 se
1000 4440 1109 4480 nos
1136 4430 1324 4495 vocat,
1356 4440 1463 4479 nec
1504 4437 1761 4496 unquam
1803 4418 1877 4476 ad
1924 4418 2167 4478 Sanctos
2201 4427 2504 4495 propterea
2530 4416 2732 4476 fideles

322 4499 559 4578 dimisit.
647 4502 708 4560 Si
738 4502 870 4561 Rex
911 4511 1173 4561 terrenus
1217 4500 1480 4559 subditos
1522 4498 1597 4557 ad
1640 4519 1702 4559 se
1744 4498 1959 4558 directe
1993 4504 2278 4573 evocaret,
2311 4498 2441 4576 quis
2468 4498 2647 4556 libere
2676 4506 2736 4557 et

321 4600 454 4638 cum
481 4579 695 4639 fiducia
720 4581 795 4640 ad
823 4602 955 4641 eum
983 4602 1101 4640 non
1129 4580 1476 4639 accederet?
1517 4580 1650 4655 quis
1690 4579 1871 4639 vellet
1914 4578 2160 4639 Aulicos
2187 4587 2460 4655 patronos
2490 4578 2600 4638 sibi
2630 4580 2731 4638 eli-

319 4679 476 4736 gere,
508 4660 607 4736 qui
637 4660 711 4719 ad
741 4661 928 4739 ipsum
958 4662 1178 4722 aditum
1208 4661 1512 4720 facerent?
