3221 5200
578 345 697 401 442
1457 371 1640 412 Locus
1669 373 1927 414 naeuius
1956 372 2226 421 Qum-rus.
2662 349 2938 430 [Quam-r.
2971 376 3014 416 1.

566 502 790 578 tendos,
831 525 1034 566 vocem
1077 509 1297 569 scilicet
1327 512 1655 589 Evangelii,
1687 521 1745 571 et
1774 513 1958 571 Verbi
1984 512 2352 590 praeconium,
2397 530 2513 586 quo
2541 509 2768 569 nullum
2798 514 3008 589 aptius

565 589 622 637 et
667 586 1103 647 convenientius
1148 591 1438 649 Creaturae
1481 592 1748 650 rationali
1797 592 1920 651 dari
1962 594 2167 669 potuit,
2198 600 2263 650 ut
2312 592 2482 648 homo
2522 588 2621 665 qui
2651 600 2843 659 λογικὸς
2879 604 3001 668 est,

568 668 696 729 2672-
731 667 1150 727 conveniretur.
1235 674 1290 728 3.
1339 670 1436 728 Ad
1479 671 1839 730 exhibendas
1867 672 2059 730 varias
2108 681 2304 740 σχίσεις,
2330 670 2438 728 sub
2487 668 2699 744 quibus
2753 674 3003 731 vocatio

561 750 753 815 potest
795 748 1039 821 spectari
1066 770 1079 806 :
1124 749 1219 806 vel
1268 758 1332 808 ut
1378 769 1532 808 nova
1558 752 1825 826 quaedam
1857 752 2104 827 creatio,
2129 751 2189 808 in
2218 769 2333 825 qua
2364 750 2524 807 Deus
2557 757 2729 807 vocat
2756 768 2830 807 ea
2856 771 3002 827 quae

565 838 680 877 non
711 832 845 882 sunt
893 844 960 883 ac
1000 826 1049 883 si
1091 836 1300 900 essent,
1338 830 1504 888 Rom.
1535 830 1614 888 iv.
1652 833 1742 905 17,
1775 850 1805 888 e
1836 831 2017 888 nihilo
2059 829 2280 907 peccati
2308 828 2381 886 ad
2412 828 2590 887 vitam
2619 847 2727 885 nos
2771 830 2985 888 tradu-

562 900 745 959 cendo
773 911 832 961 et
873 904 1230 980 splendendo
1281 908 1340 964 in
1388 908 1660 967 cordibus
1714 910 1945 984 nostriS,
1977 910 2180 968 eodem
2234 907 2407 966 modo
2451 925 2567 982 quo
2622 906 2761 964 olim
2795 909 2996 985 jussit

559 997 591 1035 e
621 981 872 1039 tenebris
900 983 1089 1041 lucem
1118 986 1536 1062 splendescere,
1568 992 1604 1046 2
1637 989 1766 1048 Cor.
1798 989 1877 1047 iv.
1910 993 1982 1064 6;
2012 989 2108 1047 vel
2137 996 2201 1047 ut
2228 986 2508 1045 mirabilis
2536 989 2895 1061 resurrectio,
2929 990 2996 1046 in

563 1076 681 1132 qua
704 1080 847 1117 voce
890 1063 1268 1140 omnipotenti
1299 1067 1513 1126 Christi
1541 1088 1836 1143 vocamur,
1878 1076 1945 1127 ut
1973 1086 2341 1144 resurgamus
2368 1085 2404 1123 a
2442 1066 2711 1141 peccatis,
2757 1065 2918 1143 Eph.
2954 1070 2996 1127 i.

560 1139 656 1210 20,
689 1146 747 1195 et
775 1138 833 1196 ii.
866 1142 919 1214 5,
952 1161 1067 1198 non
1096 1144 1347 1202 absimili
1375 1147 1615 1221 ratione,
1647 1153 2030 1224 quaquuum
2057 1166 2200 1205 voce
2244 1165 2349 1203 sua
2378 1144 2641 1203 Christus
2688 1144 2991 1205 Lazarum

559 1234 635 1272 ex
664 1218 967 1307 sepulchro
996 1222 1290 1299 excitavit,
1340 1228 1375 1258 “
1400 1226 1617 1284 Lazare
1646 1227 1745 1284 exi
1774 1227 1985 1302 foras,'’
2016 1234 2075 1285 et
2115 1225 2431 1283 novissimo
2461 1223 2554 1280 die
2585 1224 2798 1281 mortui
2829 1245 2987 1285 voce

562 1294 775 1386 Christi
804 1298 1003 1356 audita
1031 1310 1166 1360 sunt
1195 1304 1531 1379 suscitandi,
1572 1306 1617 1364 J
1621 1305 1714 1364 oh.
1747 1326 1805 1363 v.
1829 1310 1941 1381 253
1972 1306 2076 1363 vel·
2097 1313 2161 1364 ut
2190 1305 2430 1380 dignitas
2472 1322 2696 1361 summa
2722 1303 2988 1363 filiorum

561 1373 687 1446 Del,
720 1382 778 1433 et
818 1377 1134 1452 gloriosum
1163 1402 1388 1457 munus,
1434 1384 1509 1442 ad
1537 1385 1695 1460 quod
1723 1404 2014 1459 vocamur,
2051 1384 2112 1441 in
2139 1383 2540 1442 communione
2572 1380 2805 1455 Christi,
2830 1404 2984 1459 quo-

557 1452 730 1511 modo
778 1475 882 1531 per
908 1460 1271 1519 vocationem
1321 1463 1636 1539 dignitates
1664 1472 1723 1522 et
1771 1484 2009 1522 munera
2048 1463 2378 1522 hominibus
2405 1462 2467 1519 in
2507 1459 2723 1518 mundo
2761 1461 2987 1523 deferri

557 1531 744 1623 solent
767 1555 781 1606 3
827 1535 923 1592 vel
950 1545 1015 1595 ut
1054 1541 1300 1599 stadium
1328 1551 1386 1599 et
1414 1542 1779 1616 curriculum,
1813 1543 1970 1620 quod
1997 1543 2164 1600 nobis
2203 1540 2588 1600 emetiendum
2616 1541 2983 1617 proponitur,

559 1611 709 1703 Phll.
742 1612 822 1672 iii.
859 1616 951 1690 14,
1000 1616 1153 1677 Heb.
1184 1620 1286 1679 xii.
1321 1624 1371 1695 l,
1418 1622 1707 1698 quomodo
1739 1622 2014 1681 Cursores
2043 1622 2103 1680 in
2130 1621 2284 1680 ludis
2307 1618 2626 1696 Olympicis
2655 1638 2797 1677 voce
2826 1640 2986 1698 prae-

555 1708 717 1749 coms
760 1692 835 1750 ad
863 1713 1093 1754 cursum
1123 1700 1318 1758 vocari
1361 1701 1642 1775 solebant,
1674 1709 1738 1759 ut
1767 1722 1797 1760 e
1828 1701 2154 1759 carceribus
2188 1699 2263 1758 ad
2290 1708 2501 1757 metam
2524 1697 2847 1758 tenderent.

1159 1779 1234 1837 V.
1280 1780 1525 1839 Vocatio
1555 1787 1748 1839 autem
1770 1781 1883 1839 ista
1910 1779 2296 1838 diversimode
2320 1776 2696 1854 distinguitur
2714 1797 2750 1834 a
2769 1779 2980 1839 variis.

1078 1858 1437 1932 Quibusdam
1466 1858 1682 1935 triplex
1712 1859 1938 1935 dicitur,
1970 1860 2167 1916 Realis
2194 1877 2296 1934 per
2325 1857 2530 1933 Opera,
2586 1856 2840 1914 Verbalis
2865 1878 2980 1934 per

1078 1938 1485 2014 Evangelium,
1515 1938 1844 2014 Spiritualt's
1870 1958 1973 2015 per
2005 1938 2317 2014 Spiritum:
2360 1936 2474 1993 Illa
2500 1954 2629 2011 quae
2657 1934 2732 1995 ad
2758 1955 2970 1996 omnes

548 2020 608 2071 et
629 2014 890 2091 singulos
935 2017 1282 2076 extendatur
1308 2017 1368 2074 in
1410 2017 1627 2075 mundo
1656 2039 1671 2092 ;
1759 2018 1883 2077 Ista
1935 2037 2064 2094 quse
2092 2016 2474 2091 restringatur
2501 2013 2576 2071 ad
2604 2013 2861 2073 Vocatos
2905 2018 2974 2074 in

550 2093 851 2170 Ecclesia;
939 2096 1085 2155 Haec
1114 2116 1242 2172 quae
1297 2096 1499 2173 popria
1526 2096 1602 2154 sit
1643 2097 1895 2155 solorum
1927 2097 2256 2155 Electorum
2299 2103 2357 2152 et
2384 2092 2658 2151 fidelium.
2744 2093 2973 2153 Verum

547 2174 891 2250 supponitur
939 2176 1122 2251 gratis
1163 2175 1289 2233 dari
1333 2175 1713 2234 Vocationem
1754 2176 1830 2234 ad
1872 2176 2117 2234 salutem
2158 2195 2263 2251 per
2311 2173 2501 2250 Opera
2536 2180 2773 2247 naturae,
2805 2174 2971 2250 quod

545 2271 720 2328 supra
747 2254 1191 2314 confutavimus.

1145 2335 1256 2393 VI.
1304 2335 1540 2410 Duplex
1561 2354 1701 2411 ergo
1731 2355 1767 2393 a
1787 2334 1956 2393 nobis
1995 2334 2221 2393 Vocatio
2250 2331 2583 2409 agnoscitur
2608 2350 2713 2407 pro
2741 2329 2964 2408 duplici

540 2387 602 2432 In
649 2387 923 2491 fissffi'fflff
970 2396 1021 2434 α
1063 2422 1218 2473 statu
1262 2414 1557 2489 Ecclesiae,
1588 2414 1807 2474 visibili
1847 2423 1906 2473 et
1954 2412 2250 2485 invisibili,
2281 2414 2551 2469 Externa
2576 2418 2635 2467 et
2681 2412 2962 2471 Inter-na:

1073 2493 1187 2551 Illa
1215 2513 1345 2569 quae
1387 2493 1454 2551 fit
1494 2501 1720 2553 tantum
1764 2492 2085 2553 ministerio
2113 2491 2297 2550 Verbi
2338 2500 2397 2549 et
2439 2489 2959 2563 sacramentorum,

546 2590 677 2647 quae
719 2578 855 2630 sunt
883 2577 1126 2631 externa
1151 2571 1343 2630 media
1370 2572 1771 2648 applicationis
1794 2594 1809 2649 3
1896 2574 2020 2632 Ista
2047 2591 2187 2631 vero
2227 2571 2461 2647 insuper
2487 2568 2701 2629 virtute
2728 2567 2962 2630 interna

537 2658 597 2708 et
619 2651 1011 2725 omnipotente
1033 2651 1282 2727 Spiritus
1308 2651 1542 2710 Sancti:
1567 2652 1682 2709 Illa
1694 2672 1823 2728 quse
1834 2671 2002 2711 aures
2014 2651 2268 2729 corporis
2280 2651 2563 2709 duntaxat
2578 2649 2796 2725 pulsat;
2832 2649 2961 2709 Ista

535 2748 666 2804 quse
696 2748 796 2785 cor
823 2729 996 2785 etiam
1028 2730 1230 2805 aperit.
1320 2729 1434 2786 Illa
1461 2729 1751 2806 objective
1779 2739 2003 2790 tantum
2031 2751 2093 2790 se
2121 2731 2341 2805 exerit3
2427 2730 2552 2787 Ista
2572 2728 2745 2787 etiam
2774 2727 2950 2786 effec-

534 2808 654 2865 tive
673 2814 960 2882 operatur.
995 2807 1107 2865 Illa
1126 2808 1331 2866 suadet
1343 2808 1667 2883 moraliter;
1692 2809 1816 2868 Ista
1837 2810 2008 2867 etiam
2026 2810 2332 2869 efficaciter
2351 2807 2657 2884 persuadet
2678 2815 2735 2865 et
2755 2807 2957 2867 trahit.

522 2933 530 2940 .
614 2885 760 2943 VII.
806 2885 972 2944 Licet
1000 2906 1138 2944 vero
1175 2887 1237 2943 in
1282 2886 1458 2944 variis
1500 2889 1863 2962 conveniant,
1908 2889 2058 2947 Tum
2086 2909 2121 2947 a
2147 2897 2307 2965 parte
2348 2887 2467 2946 Dei
2498 2887 2758 2962 vocantis,
2809 2887 2956 2962 quia

530 2973 774 3041 utraque
806 2964 996 3023 Deum
1026 2967 1327 3025 authorem
1355 2966 1547 3040 habet,
1580 2967 1681 3043 qui
1709 2967 1974 3027 homines
2001 2979 2174 3026 vocat
2189 2968 2266 3026 ad
2291 2985 2532 3043 regnum
2563 2985 2759 3041 suum;
2790 2965 2949 3025 Tum

529 3065 565 3103 a
585 3053 746 3121 parte
769 3045 1051 3104 hominum
1076 3055 1419 3121 vocatorum,
1451 3047 1552 3123 qui
1580 3055 1717 3106 sunt
1743 3056 1802 3107 et
1828 3048 2020 3124 quoad
2048 3049 2344 3123 qualitates
2373 3047 2619 3106 internas
2647 3045 2707 3102 in
2735 3064 2946 3121 pecca-

528 3125 604 3184 tis
644 3125 856 3183 mortui
898 3134 956 3184 et
996 3126 1224 3203 perditi,
1269 3133 1329 3185 et
1369 3126 1561 3203 quoad
1617 3136 1898 3204 externas,
1949 3127 2178 3200 infirmi,
2222 3125 2558 3202 insipientes
2611 3144 2824 3201 magna
2866 3144 2950 3184 ex

525 3213 705 3282 parte,
737 3212 796 3263 et
823 3205 1127 3281 ignobiles,
1163 3209 1194 3265 1
1228 3206 1358 3264 Cor.
1388 3206 1426 3263 i.
1458 3209 1533 3265 26
1565 3229 1579 3281 ;
1626 3207 1774 3266 Tum
1803 3227 1839 3265 a
1864 3214 2027 3283 parte
2055 3205 2418 3276 ime-umenti,
2448 3203 2605 3280 quod
2631 3203 2948 3280 utrobique

526 3293 616 3344 est
658 3284 944 3343 ordinarie
975 3285 1275 3361 Verbum;
1319 3286 1470 3344 Tum
1497 3306 1533 3343 a
1558 3294 1721 3362 parte
1745 3287 1903 3364 finis,
1943 3286 2045 3362 qui
2072 3292 2162 3344 est
2207 3284 2320 3343 Dei
2363 3282 2564 3361 gloria,
2596 3292 2655 3342 et
2681 3283 2942 3342 Vocato-

522 3384 650 3424 rum
679 3363 875 3422 salus:
960 3365 1033 3421 In
1074 3365 1339 3441 pluribus
1379 3372 1573 3423 tamen
1625 3364 1913 3439 differunt,
1978 3368 2027 3423 1.
2074 3365 2366 3441 Respectu
2392 3362 2676 3431 Authomh,
2707 3361 2846 3438 quia
2873 3362 2942 3421 in

522 3452 761 3502 externa
806 3442 967 3500 Deus
995 3442 1334 3519 imperative
1376 3451 1600 3502 tantum
1643 3444 1782 3520 agit,
1827 3444 2116 3520 exigendo
2145 3444 2218 3501 ab
2244 3442 2477 3501 homine
2519 3441 2785 3516 officium,
2830 3441 2944 3500 sed

521 3541 639 3579 non
681 3519 872 3578 dando
901 3520 1056 3579 vires
1083 3522 1159 3578 ad
1186 3521 1334 3579 illud
1360 3522 1438 3578 im
1479 3521 1715 3580 lendum
1740 3545 1754 3596 ;
1814 3522 1918 3582 sed
1945 3523 2005 3580 in
2034 3523 2257 3581 interna
2283 3523 2456 3582 etiam
2486 3522 2768 3596 operative
2796 3541 2936 3580 cum

521 3598 792 3658 mandato
843 3597 1031 3674 officii,
1083 3599 1428 3677 suppeditan
1473 3620 1507 3658 o
1551 3601 1673 3659 vim
1721 3601 1867 3660 illud
1914 3602 2256 3678 exequendi,
2308 3610 2367 3660 et
2413 3600 2702 3677 operando
2750 3600 2931 3674 intus,

520 3678 680 3756 quod
744 3677 988 3754 imperat
1041 3677 1199 3737 foris.
1295 3683 1350 3737 2.
1410 3679 1658 3739 Ratione
1707 3682 1876 3741 Medi
1898 3704 1912 3741 ι
1963 3682 2078 3739 Illa
2122 3681 2188 3738 fit
2245 3701 2347 3758 per
2393 3679 2654 3739 Verbum
2683 3685 2931 3753 tantum,

520 3760 646 3818 Ista
686 3755 862 3815 etiam
901 3776 1004 3833 per
1049 3757 1346 3834 Spiritum.
1430 3761 1487 3818 3.
1545 3760 1793 3819 Ratione
1833 3761 2266 3836 Amplitudim's:
2312 3760 2425 3818 Illa
2463 3759 2775 3817 multorum
2816 3767 2928 3831 est,

520 3839 668 3898 Haec
694 3856 1025 3914 paucorum,
1069 3838 1247 3895 Multi
1268 3838 1465 3914 vocati,
1489 3840 1668 3915 pauci
1692 3841 1886 3899 electi„
1947 3840 2061 3897 Illa
2086 3839 2257 3897 latior
2283 3845 2388 3912 est,
2432 3858 2562 3914 quse
2591 3837 2929 3896 extenditur

513 3919 688 3978 etiam
715 3916 791 3976 ad
817 3916 1093 3994 reprobos
1121 3917 1181 3974 in
1213 3917 1476 3977 Ecclesia
1502 3927 1819 3994 versantes,
1848 3938 1964 3995 quo
1993 3937 2167 3977 sensu
2206 3917 2593 3994 Evangelium
2634 3916 2928 3976 confertur

512 4019 678 4073 areae,
718 3986 851 4073 quse
890 3997 1117 4073 paleam
1159 4017 1292 4057 cum
1331 3998 1522 4057 tritico
1564 3999 1836 4074 continet,
1882 4006 1941 4057 et
1980 4016 2229 4073 sagenae,
2274 4017 2404 4073 quae
2441 3996 2625 4055 bonos
2652 4005 2710 4055 et
2738 3995 2925 4053 malos

511 4079 700 4156 pisces
728 4076 968 4152 colligit,
1002 4077 1213 4136 Matth.
1242 4077 1366 4135 xiii.
1396 4081 1494 4136 47.
1579 4077 1705 4138 Ista
1730 4078 2067 4154 adaequatur
2099 4076 2384 4150 electioni,
2415 4083 2479 4135 ut
2506 4077 2634 4152 ejus
2662 4075 2920 4144 effectae,

510 4158 610 4235 qui
638 4156 768 4215 ideo
791 4155 1039 4214 Vocatio
1072 4165 1201 4211 σας-ὲ
1233 4164 1425 4230 reum,
1455 4156 1682 4231 dicitur,
1717 4158 1883 4216 Rom.
1906 4156 2028 4214 viii.
2053 4159 2147 4230 28,
2172 4175 2274 4233 per
2301 4175 2474 4233 quam
2503 4175 2703 4213 omnes
2729 4161 2787 4213 et
2808 4153 2924 4211 soli

514 4236 702 4294 Electi
731 4242 1028 4294 vocantur.
1112 4238 1169 4293 4.
1228 4236 1475 4295 Ratione
1516 4238 1804 4296 Eventus:
1849 4236 1963 4295 Illa
1987 4244 2182 4294 manet
2210 4255 2435 4313 semper
2461 4234 2745 4307 inefficax,
2790 4232 2918 4291 Ista

512 4315 716 4374 efficax
745 4322 834 4373 est
861 4322 921 4373 et
960 4314 1134 4372 finem
1179 4333 1348 4373 suum
1392 4323 1548 4373 certo
1593 4316 1935 4392 assequitur,
1985 4316 2249 4391 Quisquis
2291 4315 2507 4374 audivit
2545 4335 2584 4372 a
2623 4316 2818 4386 Patre,
2862 4320 2920 4369 et

510 4396 719 4468 didicit,
762 4394 911 4452 venit
934 4396 1019 4451 ad
1043 4414 1146 4468 me,
1188 4393 1328 4452 Joh.
1359 4394 1437 4451 vi.
1477 4397 1573 4454 45.
1660 4398 1715 4454 5.
1761 4395 2007 4454 Ratione
2049 4395 2426 4454 Duratiom‘s:
2471 4393 2585 4451 Illa
2625 4402 2911 4469 tempora-

507 4475 583 4533 lis
624 4481 684 4532 et
723 4472 1083 4548 revocabilis,
1127 4480 1193 4530 ut
1233 4479 1393 4548 patet
1434 4473 1495 4530 in
1525 4481 1820 4548 προσμίξας,
1863 4474 2008 4532 etin
2039 4474 2358 4552 Apostatis,
2405 4473 2507 4550 qui
2550 4472 2792 4531 redeunt
2835 4469 2914 4528 ad

422 4587 433 4602 ι
507 4553 827 4627 vomitum;
913 4552 1038 4609 Ista
1064 4570 1204 4610 vero
1242 4550 1620 4611 immutabilis
1647 4560 1708 4612 et
1734 4561 2102 4621 ἀμισιμίλησσς,
2136 4554 2304 4613 Rom.
2334 4553 2414 4612 xi.
2446 4555 2542 4612 29.
2627 4551 2743 4609 Illa
2769 4550 2911 4608 visi-

508 4631 686 4689 bilem
732 4638 791 4689 et
818 4637 1117 4689 externam
1145 4631 1604 4691 communionem
1646 4632 1925 4691 Ecclesiae
1953 4633 2250 4693 constituit
2276 4633 2335 4691 in
2364 4631 2718 4710 professione
2748 4629 2912 4688 Reli·

552 1831 809 1880 Quomodo
863 1836 1035 1880 dIstin·

692 1897 889 1947 guatur.
