3221 5200
216 386 456 437 <ons-zv.
489 368 651 449 vnn]
1282 384 1361 427 ns
1392 384 1544 427 ates
1574 387 1695 428 nm.
2573 377 2650 434 43

230 529 413 589 Unde
440 545 595 587 vers.
626 536 907 606 sequente
934 525 1006 585 de
1048 524 1253 586 iisdem
1281 527 1483 588 amicis
1510 529 1897 607 conqueritur,
1940 536 2058 588 non
2085 534 2394 607 questurus
2421 530 2495 590 de
2525 533 2651 592 An·

228 610 402 686 gelis.
486 610 737 685 Angelus
763 610 1069 666 advocatus
1094 628 1237 665 unus
1265 629 1339 665 ex
1364 610 1619 682 millibus,
1652 609 1724 667 de
1766 629 1882 685 quo
1922 609 2116 687 agitur
2157 629 2281 685 cap.
2311 612 2521 671 xxxiii.
2553 618 2649 689 23,

229 709 352 747 non
380 687 563 747 alium
605 697 786 761 notat,
831 707 1005 765 quam
1047 685 1347 763 Angelum
1387 687 1638 764 foederiS,
1686 688 1995 763 Christum,
2040 688 2134 747 cui
2176 688 2285 747 soli
2329 701 2652 769 competere

231 777 483 846 possunt
525 767 840 845 praedicata
882 787 1011 844 quae
1065 767 1153 824 illi
1200 767 1547 842 tribuuntur,
1605 768 1932 842 miserendi,
1984 766 2186 828 orandi
2231 769 2649 848 liberationem,

232 848 535 906 indicandi
554 846 774 906 homini
802 846 1221 921 rectitudinem,
1246 847 1640 906 intercedendi
1657 868 1787 906 cum
1816 849 2143 908 ostensione
2170 867 2271 923 τε,
2303 849 2501 931 aereae,
2531 850 2648 928 ν’»,

231 926 396 1005 apud
438 947 569 986 eum
599 926 677 985 id.
711 928 959 1002 Patrem,
992 946 1122 984 cum
1153 926 1310 984 solus
1353 927 1617 985 Christus
1662 927 1851 986 dicere
1894 928 2092 1006 possit,
2137 945 2221 986 Ὦ
2261 949 2438 1005 ψη»,
2470 933 2657 992 inveni

231 1010 466 1083 lya-um.
556 1008 653 1066 Sic
685 1007 880 1065 Gloss.
910 1006 1054 1065 ordi.
1085 1014 1312 1065 textum
1339 1008 1595 1083 exponit.

322 1086 552 1145 XXII.
599 1086 739 1144 Alia
779 1093 869 1145 est
909 1087 1199 1161 invocatio,
1225 1083 1366 1143 Alia
1404 1087 1872 1145 commemoratio.
1957 1087 2156 1147 Moses
2183 1109 2300 1147 non
2338 1090 2652 1167 alloquitur

232 1166 663 1240 Abrahamum,
706 1185 815 1223 nec
854 1164 930 1222 ad
971 1165 1351 1242 patrocinium
1394 1168 1521 1242 ejus
1551 1165 1828 1243 confugit,
1875 1166 2066 1225 Exod.
2097 1168 2284 1227 xxxii.
2320 1172 2411 1243 13,
2443 1170 2547 1228 sed
2575 1172 2652 1230 ad

234 1246 436 1303 Deum
462 1265 664 1322 preces
690 1244 907 1321 dirigit,
939 1254 1003 1303 ut
1030 1245 1186 1321 pacti
1213 1245 1305 1303 sui
1331 1265 1566 1321 memor,
1597 1246 1757 1322 quod
1783 1265 1915 1304 cum
1940 1246 2209 1306 Patribus
2235 1248 2379 1324 iniit,
2403 1252 2651 1326 posteris

232 1325 645 1384 moscholatris
670 1324 1117 1383 misericorditer
1143 1324 1424 1401 ignoscat.

323 1405 588 1462 XXIII.
632 1404 893 1463 Concilia
918 1424 1047 1482 quae
1075 1403 1368 1463 adduntur
1394 1424 1429 1462 a
1458 1404 1813 1464 Bellarmino
1834 1414 1965 1482 post
1986 1409 2106 1465 400
2127 1426 2310 1467 annos
2331 1429 2366 1466 a
2392 1418 2649 1487 tempore

234 1484 660 1562 Apostolorum
682 1483 970 1543 celebrata
990 1482 1352 1543 introducere
1373 1503 1488 1542 non
1509 1493 1822 1561 potuerunt
1836 1504 2050 1544 novum
2070 1487 2306 1562 aliquod
2328 1488 2653 1565 Religionis

234 1564 457 1641 dogma
482 1564 545 1621 in
576 1562 888 1641 Scripturis
915 1572 1086 1622 antea
1111 1584 1228 1622 non
1255 1564 1573 1638 inventum,
1603 1574 1706 1624 aut
1733 1566 1792 1623 in
1819 1565 2115 1641 primitiva
2143 1567 2407 1626 Ecclesia
2432 1587 2538 1646 per
2562 1577 2652 1628 tot

226 1663 425 1703 ¹annos
454 1663 571 1701 non
597 1644 1028 1721 promulgatum
1052 1665 1068 1703 ι
1111 1644 1192 1701 Et
1217 1643 1531 1702 ostendunt
1555 1645 1748 1720 potius
1776 1645 1917 1722 quid
1938 1644 2153 1705 factum
2180 1646 2368 1722 fuerit,
2399 1647 2648 1707 invales-

237 1722 510 1783 centibus
539 1723 963 1800 superstitionis
991 1722 1259 1797 tenebris‚
1291 1743 1464 1799 quam
1493 1723 1636 1801 quid
1662 1723 2007 1783 faciendum.
2261 1779 2271 1789 ,

322 1803 576 1862 XXIV.
621 1803 864 1862 Constat
906 1802 1091 1862 tribus
1137 1803 1340 1880 primis
1384 1803 1595 1863 seculis
1642 1804 1865 1863 nullum
1910 1804 2157 1862 inveniri
2201 1804 2431 1863 Patrem
2473 1805 2650 1883 hujus

240 1883 640 1942 Invocationis
667 1891 1005 1959 patronum3
1051 1884 1158 1941 sub
1182 1882 1448 1959 Origene,
1469 1892 1536 1943 ut
1556 1882 1804 1957 videtur,
1835 1884 1987 1942 bono
2015 1883 2341 1960 interprete,
2368 1884 2470 1944 sed
2498 1886 2651 1943 malo

237 1963 609 2040 dogmatista,
641 1972 708 2020 ut
734 1963 807 2020 de
835 1963 937 2021 illo
965 1962 1221 2038 loquitur
1249 1962 1469 2037 Hiero„
1501 1963 1748 2039 irrepere
1778 1963 1952 2039 coepit
1973 1963 2123 2022 inter
2152 1964 2433 2023 Doctores
2465 1965 2650 2023 Inter-

239 2042 521 2102 cessionis
563 2042 792 2119 opiuio;
838 2062 952 2100 non
994 2050 1187 2100 tamen
1235 2042 1370 2100 inde
1413 2042 1702 2119 quispiam
1750 2042 1993 2101 Sanctos
2036 2044 2288 2115 invocat,
2332 2052 2434 2101 aut
2477 2044 2654 2103 tradit

228 2122 617 2195 ,invocandos
649 2121 833 2180 donec
860 2121 1136 2198 paulatim
1166 2122 1373 2198 partim
1400 2142 1476 2180 ex
1500 2122 1876 2199 Philosophia
1899 2122 2214 2197 Platonica,
2247 2131 2305 2181 et
2329 2122 2654 2180 Helenismi

238 2202 520 2278 reliquiis,
551 2202 761 2279 partim
790 2221 866 2259 ex
892 2201 1127 2259 licentia
1156 2201 1393 2260 Poetica
1418 2210 1478 2260 et
1504 2202 1770 2275 oratoria,
1801 2211 1859 2261 et
1885 2201 2277 2277 hyperbolicis
2308 2200 2650 2260 laudationi·

236 2281 357 2339 bus
382 2290 444 2339 et
471 2281 873 2358 Apostrophis,
907 2280 1177 2354 Basilius,
1224 2280 1542 2356 Nyssenus,
1587 2288 1648 2339 et
1690 2281 2090 2338 Nazianzenus
2131 2281 2281 2339 inter
2309 2281 2562 2357 Graecos,
2594 2290 2653 2341 et

239 2360 597 2418 Ambrosius
644 2360 790 2420 inter
839 2360 1095 2433 Latinos,
1146 2359 1457 2418 fenestram
1498 2359 1835 2435 ampliorem
1877 2358 2012 2417 huic
2060 2360 2238 2417 errori
2286 2370 2651 2437 aperuerunt.

241 2440 387 2498 Huc
416 2439 556 2497 facit
582 2439 732 2515 quod
758 2440 1019 2517 apposite
1045 2439 1249 2498 Sixtus
1275 2437 1563 2513 Senensis,
1596 2437 1810 2497 Biblio.
1839 2438 1940 2497 lib.
1972 2438 2049 2496 vi.
2073 2447 2268 2498 annot.
2296 2443 2427 2515 152,
2453 2449 2652 2500 notatt

242 2521 279 2553 “
303 2518 644 2578 Meminisse
672 2528 913 2596 oportet,
937 2539 1055 2577 non
1082 2538 1209 2577 esse
1240 2517 1722 2577 concionatorum
1750 2517 1931 2577 verba
1970 2537 2039 2577 eo
2079 2519 2271 2595 rigore
2299 2519 2650 2596 accipienda,

237 2620 355 2677 quo
397 2599 646 2676 primum
674 2598 751 2658 ad
793 2620 962 2659 aures
1003 2598 1332 2658 auditorum
1370 2597 1734 2675 perveniunt.
1819 2598 2010 2658 Multa
2036 2599 2190 2657 enim
2221 2598 2654 2659 Declamatores

236 2700 341 2757 per
382 2678 764 2756 hyperbolem
805 2699 958 2758 saepe
986 2678 1352 2752 denunciant,
1383 2678 1481 2736 vel
1522 2679 1823 2738 occasione
1864 2680 2139 2752 locorum,
2183 2687 2524 2758 temporum,
2555 2680 2653 2738 vel

236 2779 612 2837 personarum
662 2758 914 2835 adducti,
968 2759 1065 2816 vel
1119 2757 1426 2817 affectuum
1482 2757 1718 2835 impetu,
1777 2767 1836 2817 et
1890 2759 2166 2817 orationis
2221 2779 2393 2819 cursu
2441 2759 2651 2836 rapti.’'

241 2840 465 2916 Saepius
493 2839 670 2898 etiam
702 2839 905 2897 Patres
925 2838 1221 2896 declarant
1246 2838 1439 2914 potius
1470 2839 1714 2896 Sanctos
1735 2837 1914 2897 fuisse
1943 2839 2258 2913 invocatos,
2284 2859 2457 2916 quam
2485 2840 2651 2898 invo-

236 2918 485 2993 candos3
531 2917 650 2977 Vel
691 2918 1065 2994 hypothetica
1092 2925 1333 2976 utuntur
1361 2918 1754 2991 Invocatione,
1787 2918 2120 2977 haesitanter
2147 2927 2370 2977 tantum
2398 2927 2460 2975 et
2501 2919 2650 2976 limi-

240 3006 353 3057 tste
383 2998 492 3056 sub
521 2998 616 3055 his
647 2997 924 3073 terminiS,
956 3006 1019 3055 ut
1043 2997 1259 3072 opinor,
1292 2997 1353 3054 ni
1361 3000 1566 3072 fallor,
1595 2997 1650 3054 si
1673 2997 1795 3072 quis
1823 2998 2056 3055 mortuis
2082 3017 2287 3070 sensus,
2317 2998 2370 3055 si
2392 3000 2462 3055 de
2490 3000 2653 3055 rebus

238 3079 439 3136 nostris
488 3098 651 3152 cura,
696 3097 872 3153 quam
914 3097 1092 3154 quum
1134 3095 1250 3137 non
1291 3077 1624 3153 exprimunt
1664 3076 1989 3152 intelligere
2027 3076 2429 3152 concipiuntur
2455 3077 2652 3134 condi·

239 3158 473 3216 tionem.

1155 3392 1542 3471 QUAESTIO
1584 3393 1767 3453 VIII.

1091 3571 1172 3612 DF.
1199 3572 1609 3621 RELIQUIARUM
1637 3571 1849 3612 CULTU.

233 3699 325 3774 Aa
353 3715 700 3773 Sanctorum
733 3713 1000 3790 Corpora
1041 3720 1095 3771 ct
1119 3713 1398 3788 Reliquiae
1424 3712 1686 3787 religioso
1714 3715 1864 3770 cultu
1903 3709 2016 3769 sint
2038 3713 2373 3770 venerandoe
2389 3713 2417 3770 ,2
2502 3713 2650 3788 Neg.

1151 3801 1351 3851 contra
1380 3792 1733 3850 Pontificios.

850 3952 899 4009 I.
943 3951 1338 4027 Reliquiarum
1370 3950 1580 4022 Cultus,
1613 3948 1905 4026 appendix
1933 3956 2022 4007 est
2051 3948 2256 4007 Cultus
2289 3946 2649 4006 Sanctorum.

770 4030 843 4088 Id
871 4031 1025 4089 enim
1052 4031 1129 4088 ad
1159 4031 1500 4088 Sanctorum
1529 4030 1803 4088 honorem
1831 4047 1947 4086 non
1975 4045 2177 4104 parum
2203 4025 2489 4102 pertinere
2530 4045 2652 4082 cre-

769 4109 941 4184 ditur,
973 4110 1129 4186 quod
1150 4129 1346 4167 eorum
1365 4128 1603 4186 corpora
1623 4107 1720 4165 vel
1739 4106 1940 4165 saltem
1964 4126 2110 4180 ossa,
2137 4105 2373 4176 cinereS,
2398 4103 2650 4178 cingula,

232 4201 444 4266 vestes,
478 4199 538 4250 et
566 4189 787 4249 similes
814 4190 1089 4265 reliquiae,
1120 4188 1388 4263 religiose
1417 4187 1695 4246 colantur.
1769 4186 1932 4245 Licet
1955 4204 2092 4246 vero
2121 4183 2383 4241 hodierni
2416 4182 2650 4258 Sophis-

232 4279 305 4329 tae
333 4270 759 4348 turpitudinem
787 4269 954 4327 istius
983 4267 1436 4348 λαψωοοςηααίις
1463 4275 1661 4342 tegere
1689 4274 1748 4324 et
1775 4265 2088 4323 incrustare
2118 4269 2407 4335 conantes,
2438 4269 2655 4338 negent

234 4350 635 4410 adorationem
668 4349 795 4407 Deo
823 4347 1075 4406 debitam
1106 4348 1221 4406 illis
1250 4347 1474 4420 deferri,
1521 4345 1624 4404 sed
1662 4352 1885 4404 tantum
1914 4343 2341 4402 venerationem
2370 4348 2429 4398 et
2469 4340 2651 4399 hono·

235 4449 354 4488 rem
378 4452 394 4503 ;
440 4430 680 4488 Certum
710 4437 800 4487 est
827 4436 1019 4487 tamen
1048 4428 1326 4486 sancitam
1354 4446 1482 4484 eam
1509 4444 1636 4484 esse
1679 4423 2026 4482 authoritate
2055 4419 2300 4479 Concilii
2342 4418 2426 4479 ΙΙ.
2469 4419 2652 4480 Nicae.

235 4510 405 4585 cujus
448 4509 579 4567 haec·
622 4516 759 4566 sunt
786 4507 983 4581 verba,
1014 4505 1264 4566 Actione
1296 4506 1404 4563 IV.
1429 4528 1442 4565 :
1491 4507 1525 4537 “
1555 4505 1720 4579 Ossa,
1751 4503 1990 4574 cineres,
2020 4518 2259 4577 pannos,
2291 4499 2649 4575 sanguinem,

232 4588 546 4665 sepulchra
574 4586 827 4665 denique
869 4587 1174 4645 adorantes
1218 4586 1334 4643 illis
1374 4594 1567 4644 tamen
1595 4603 1713 4641 non
1741 4579 2186 4640 sacrificamus.''
2273 4577 2442 4638 Baro.
2475 4579 2567 4637 ad.
2598 4600 2650 4639 a.

235 4669 298 4727 C.
331 4672 473 4742 821,
504 4666 546 4726 l.
583 4670 676 4741 14,
708 4667 850 4725 dicit
877 4686 939 4724 se
968 4686 1004 4725 a
1033 4667 1327 4724 Clemente
1356 4664 1538 4724 VIII.
1568 4663 1809 4721 missum
1855 4663 1890 4696 ‘⁴
1919 4669 1984 4719 ut
2009 4656 2339 4736 exploraret
2365 4669 2424 4720 et
2451 4658 2651 4717 adora·

293 4015 465 4061 Status
500 4015 666 4066 Quas·

388 4074 558 4118 tionis.

1859 4909 1882 4939 Ο
