3221 5200
534 375 611 432 42
1404 382 1587 427 Locus
1615 378 1976 427 nauseatus.
2546 360 2803 447 [QUAEST.
2836 381 2946 428 vn.

534 530 720 590 servis
747 537 806 587 et
840 526 1176 587 concivibus
1217 526 1476 603 debetur,
1507 547 1625 586 non
1665 527 1963 604 reliyiom’s,
1994 525 2183 603 qualis
2212 525 2339 585 Deo
2369 526 2656 603 convenit,
2687 534 2840 586 cont.
2875 528 2945 588 F.

538 609 795 669 Manieh.
824 609 927 666 lib.
957 628 1059 666 xx.
1090 627 1213 683 cap.
1245 610 1341 666 21.

1142 686 1393 745 XVIII.
1441 687 1715 764 SeptimO,
1762 686 1895 745 Non
1935 683 2106 763 pauci
2146 704 2222 743 ex
2251 684 2624 744 Adversariis
2650 685 2820 745 nobis
2847 686 2948 745 hic

535 755 581 801 ⁷·
609 755 687 856 ἓξ
711 753 1021 822 'testimoniis
1059 765 1497 843 adstipulantur,
1550 767 1891 842 Cassander,
1937 764 2183 824 consult.
2230 774 2337 823 art.
2383 767 2462 823 20
2506 774 2564 824 et
2608 769 2705 842 21,
2748 766 2947 825 varios

569 815 616 860 A
653 826 990 857 serem-mrum.
1062 865 1281 904 errores
1323 846 1383 902 in
1423 846 1533 903 hoc
1576 846 1764 923 capite
1805 855 1985 904 notat.
2068 846 2225 903 Vives
2253 845 2311 901 in
2344 844 2503 922 Aug.
2533 844 2605 903 de
2636 846 2701 905 C.
2734 846 2808 904 D.
2836 846 2944 905 lib.

536 927 661 985 viii.
692 949 741 986 c.
772 930 869 1002 27,
901 925 1150 1002 ingenue
1178 924 1405 1000 fatetur,
1437 926 1592 1002 quod
1620 925 1789 984 multi
1820 928 1854 957 “
1878 924 2189 983 Christiani
2222 925 2282 981 in
2310 944 2370 983 re
2413 924 2564 983 bona
2603 926 2947 1002 plerumque

536 1015 796 1086 peceant,
843 1006 1001 1082 quod
1047 1005 1232 1063 Divos
1273 1004 1553 1081 divasque
1593 1024 1711 1063 non
1756 1004 1925 1063 aliter
1950 1012 2299 1063 venerantur
2338 1022 2512 1081 quam
2560 1005 2784 1080 Deum;
2834 1024 2948 1063 nec

536 1087 736 1145 videre
766 1105 826 1144 se
855 1086 916 1143 in
945 1084 1141 1143 multis
1168 1084 1324 1161 quod
1368 1085 1446 1143 sit
1482 1084 1790 1144 discrimen
1831 1085 1981 1142 inter
2007 1104 2204 1142 eorum
2233 1084 2560 1160 opinionem
2589 1083 2661 1142 de
2694 1084 2948 1159 Sanctis,

536 1176 596 1227 et
636 1165 793 1243 quod
836 1165 1100 1224 Gentiles
1142 1162 1423 1241 putabant
1466 1164 1537 1223 de
1583 1164 1713 1222 Diis
1758 1163 1935 1222 suiS.’'
2021 1162 2343 1222 Cardinalis
2371 1164 2670 1238 Richelius,
2710 1163 2813 1221 lib.
2859 1164 2946 1222 iii.

539 1254 664 1323 cap.
696 1248 734 1302 4
763 1244 1019 1303 methodi
1048 1264 1184 1318 suae,
1218 1244 1482 1320 agnoscit
1510 1243 1831 1303 Ecclesiam
1874 1243 2224 1320 primitivam
2266 1252 2400 1302 ante
2427 1243 2506 1301 iv.
2537 1244 2796 1302 seculum
2821 1262 2947 1302 non

537 1327 840 1384 invocasse
868 1325 1128 1398 Sanctos,
1149 1333 1207 1382 et
1228 1323 1516 1400 pertendit
1539 1323 1860 1389 Ecclesiam
1883 1322 2241 1381 Catholieam
2261 1342 2376 1381 non
2399 1323 2657 1400 obligare
2679 1323 2948 1383 absolute

540 1404 898 1464 Christianos
925 1403 1000 1461 ad
1041 1403 1322 1461 orandum
1362 1403 1665 1462 actualiter
1709 1402 1967 1479 Sanct08‚
2012 1423 2069 1479 p.
2100 1404 2241 1461 410.
2328 1402 2425 1462 Sic
2453 1403 2674 1461 scilicet
2701 1412 2951 1461 conatur

537 1484 818 1543 invidiam
860 1482 1199 1542 idololatriae
1241 1483 1314 1540 ab
1358 1483 1622 1541 Ecclesia
1663 1501 1768 1541 sua
1811 1483 2068 1557 amoliri;
2118 1481 2235 1542 Sed
2278 1481 2505 1558 frustra,
2552 1502 2681 1541 cum
2727 1483 2840 1541 hoc
2869 1503 2950 1540 ex

538 1564 833 1623 sanctione
862 1561 1183 1639 multiplici,
1215 1571 1273 1621 et
1298 1563 1466 1639 praxi
1495 1564 1767 1622 continua
1793 1562 2178 1622 confirmetur.

1143 1641 1332 1700 XIX.
1377 1641 1435 1699 A
1468 1642 1807 1701 Sanctorum
1830 1641 2152 1701 viventium
2180 1641 2638 1719 interpellatione
2660 1641 2839 1718 civili,
2871 1640 2952 1700 ad

558 1708 990 1811 Fontogugolutio-
1059 1721 1479 1781 invocationem
1535 1722 1865 1799 religiosam
1920 1721 2319 1782 defunctorum
2373 1740 2490 1781 non
2537 1722 2696 1780 valet
2743 1741 2948 1781 conse·

832 1800 845 1813 “
1061 1801 1314 1879 quentia.
1400 1801 1548 1877 Quia
1573 1803 1726 1861 inter
1744 1803 1915 1861 vivos
1941 1809 2142 1861 mutua
2170 1811 2259 1860 est
2286 1801 2600 1860 officiorum
2622 1802 2947 1860 eommuni-

538 1882 723 1958 cati03
769 1881 931 1940 Inter
956 1881 1127 1940 vivos
1171 1890 1230 1940 et
1272 1890 1530 1940 mortuos
1573 1881 1753 1957 nulla,
1800 1882 1898 1940 Isa
1937 1881 2084 1940 lxiii.
2119 1884 2227 1957 163
2274 1880 2433 1940 Eccl.
2476 1882 2558 1940 ix.
2599 1884 2654 1955 6,
2688 1885 2743 1940 7.
2832 1882 2951 1940 Illa

534 1962 809 2020 mandato
850 1969 909 2020 et
948 1961 1325 2037 promissione
1370 1962 1497 2035 Dei,
1543 1969 1601 2019 et
1647 1961 1899 2020 laudatis
1943 1962 2285 2021 Sanctorum
2313 1960 2450 2020 Vct.
2479 1970 2538 2020 et
2579 1961 2752 2019 Novi.
2782 1962 2946 2021 Test.

536 2041 819 2119 exemplis
865 2040 1106 2114 nititur;
1161 2041 1306 2097 Haec
1346 2058 1486 2098 vero
1527 2040 1645 2098 illis
1686 2040 2035 2100 destituitur.
2121 2040 2234 2098 Illa
2275 2048 2365 2099 est
2408 2060 2563 2099 mere
2609 2040 2841 2099 socialis
2887 2050 2950 2100 et

534 2129 749 2181 mutuae
778 2119 1106 2178 dilectionis
1133 2118 1404 2194 effectus;
1451 2118 1575 2177 Ista
1600 2119 1873 2197 religiosa
1901 2122 2091 2179 cultus
2121 2121 2247 2178 Deo
2277 2119 2385 2178 soli
2426 2119 2606 2179 debiti
2646 2139 2780 2198 pars
2823 2122 2944 2197 pri-

534 2200 733 2258 maria.
818 2199 932 2257 Illa
973 2200 1096 2258 sola
1123 2199 1401 2258 charitate
1430 2198 1753 2258 viventium
1797 2200 2032 2274 nititur;
2081 2200 2204 2258 Ista
2240 2219 2436 2258 eorum
2483 2200 2655 2258 etiam
2699 2200 2946 2260 meritiS.

537 2281 660 2338 Nec
690 2279 739 2336 si
772 2279 968 2338 Sancti
990 2278 1247 2337 defuncti
1274 2278 1478 2355 majori
1502 2287 1638 2337 sunt
1659 2299 1815 2338 nunc
1834 2280 2112 2338 charitate
2140 2278 2383 2356 praediti,
2416 2279 2688 2338 continuo
2710 2299 2745 2337 a
2771 2280 2947 2339 nobis

533 2359 793 2417 invocari
813 2358 1052 2433 volunt3
1098 2358 1227 2416 Imo
1255 2378 1359 2435 per
1384 2360 1756 2418 retorsionem
1786 2359 1970 2417 multo
2007 2359 2199 2417 minus
2240 2377 2413 2435 quam
2442 2357 2503 2415 in
2544 2359 2653 2417 hac
2681 2358 2805 2417 vita
2830 2359 2947 2418 hoc

532 2439 931 2516 permiserunt,
965 2437 1100 2496 Act.
1144 2457 1204 2496 x.
1248 2447 1307 2496 et
1347 2439 1488 2512 xiv„
1525 2446 1591 2497 ut
1632 2439 1733 2516 qui
1771 2439 1945 2515 longe
1987 2458 2140 2497 nunc
2181 2436 2489 2514 perfectius
2536 2446 2749 2496 norunt
2788 2437 2948 2500 hunc

527 2519 809 2576 honorem
840 2516 947 2575 soli
978 2517 1104 2575 Deo
1134 2516 1348 2575 deberi.
1433 2517 1513 2576 Et
1561 2518 1612 2575 si
1649 2517 1980 2595 compellari
2022 2525 2333 2596 potuerunt
2373 2537 2408 2574 a
2448 2517 2617 2576 nobis
2645 2517 2769 2576 sive
2797 2537 2947 2578 voce

535 2598 659 2657 sive
689 2597 948 2674 epistola,
981 2595 1116 2672 quia
1156 2594 1426 2673 inquilini
1467 2596 1766 2655 nobiscum
1796 2606 1960 2657 erant
2001 2598 2059 2655 in
2101 2597 2287 2676 patria
2314 2605 2557 2672 terrena,
2600 2617 2718 2656 non
2746 2599 2946 2657 statim

533 2676 792 2734 invocari
821 2675 1033 2734 debent
1061 2676 1120 2732 in
1148 2676 1334 2751 patria
1356 2676 1593 2750 coelesti,
1626 2696 1755 2752 quae
1775 2677 2113 2752 longissime
2135 2698 2170 2735 a
2190 2677 2358 2736 nobis
2380 2677 2573 2737 distat.
2649 2677 2713 2737 Si
2740 2678 2948 2738 eadem

533 2764 624 2813 est
650 2755 797 2813 ratio
827 2754 1208 2812 invocationis
1241 2754 1578 2813 Sanctorum
1603 2775 1671 2813 ac
1692 2756 2147 2833 compellationis
2167 2757 2524 2832 viventium3
2566 2758 2684 2816 Cur
2706 2758 2946 2835 Paulus,

535 2835 637 2911 qui
664 2834 837 2893 toties
876 2834 1046 2909 jubet
1073 2833 1217 2891 alios
1258 2853 1362 2910 pro
1391 2834 1520 2892 aliis
1560 2835 1798 2911 precari,
1830 2855 2120 2914 nunquam
2166 2837 2336 2912 jubet
2380 2837 2624 2895 Sanctos
2651 2836 2943 2914 invocare,

534 2934 644 2972 nec
691 2913 815 2990 ipse
862 2913 961 2970 vel
1013 2912 1385 2989 Stephanum,
1430 2913 1531 2971 vel
1579 2914 1650 2973 B.
1698 2914 2019 2992 Virginem,
2066 2917 2160 2974 vel
2210 2916 2386 2973 alium
2434 2917 2650 2993 legitur
2696 2937 2894 2977 orasse
2916 2922 2947 2978 P

537 2994 779 3052 Frustra
807 3011 946 3069 ergo
974 2994 1218 3050 Fratres
1248 2993 1665 3071 Wallenburqii,
1690 2994 1872 3053 Meth.
1898 2994 2056 3073 Aug.
2088 3016 2138 3054 c.
2169 2998 2264 3070 32,
2286 3004 2345 3055 et
2363 2997 2683 3073 Episcopus
2715 2997 2942 3057 Condo·

532 3073 750 3148 mensis,
778 3072 1019 3150 Exposi.
1039 3071 1137 3131 fid.
1168 3071 1413 3146 Cathol„
1437 3073 1658 3133 vellent
1684 3073 1853 3133 nobis
1880 3074 2240 3152 persuadere,
2263 3094 2381 3132 non
2408 3075 2577 3133 aliter
2606 3075 2946 3137 Pontificios

533 3153 804 3212 invocare
837 3152 1081 3212 Sanctos
1118 3152 1465 3228 demortuos,
1509 3173 1683 3231 quam
1729 3154 2045 3214 Reformati
2094 3155 2338 3213 Sanctos
2364 3154 2647 3229 viventes,
2684 3164 2749 3214 ut
2775 3168 2946 3216 orent

533 3254 638 3310 pro
679 3233 881 3309 nobis3
928 3233 1073 3291 Cum
1117 3234 1453 3310 protestatio
1496 3235 1572 3293 sit
1613 3234 1898 3293 contraria
1940 3234 2110 3309 fact0,
2155 3243 2214 3293 et
2256 3254 2350 3292 res
2392 3233 2518 3311 ipsa
2546 3235 2755 3293 elamet
2781 3236 2947 3295 aliud

535 3332 661 3371 esse
705 3322 900 3389 petere
927 3314 1176 3386 veniam,
1220 3314 1650 3388 protectionem,
1696 3314 1956 3387 salutem,
2000 3313 2398 3372 liberationem
2436 3333 2471 3371 a
2507 3313 2676 3373 malis
2703 3323 2762 3373 et
2789 3316 2941 3390 sim.,

535 3391 695 3449 aliud
722 3411 862 3449 vero
889 3398 1085 3467 petere
1112 3409 1310 3448 eorum
1338 3392 1826 3450 intercessionem.
1899 3392 2020 3451 Nec
2047 3393 2143 3450 hic
2171 3392 2412 3452 intentio
2443 3392 2720 3451 Ecclesiae
2749 3404 2947 3470 potest

534 3469 792 3540 obtendi,
821 3468 923 3526 ubi
953 3468 1131 3525 verba
1157 3469 1284 3544 ipsa
1312 3470 1658 3527 contrarium
1691 3471 1981 3545 evincunt,
2012 3471 2125 3529 nisi
2152 3472 2400 3530 velimus
2426 3492 2555 3531 eam
2594 3473 2765 3531 nobis
2803 3473 2944 3533 illu·

534 3547 671 3604 dere
700 3546 869 3618 velle,
901 3545 1059 3603 aliud
1089 3545 1387 3604 sentiendo
1415 3554 1473 3606 et
1501 3546 1659 3610 aliud
1687 3549 1994 3626 loquendo,
2025 3549 2182 3626 quod
2209 3570 2377 3609 nemo
2407 3551 2636 3610 dixerit.

618 3624 773 3682 XX.
819 3624 1001 3682 Aliud
1043 3632 1132 3683 est
1168 3624 1458 3684 Jacobum
1486 3635 1702 3703 optare,
1745 3635 1811 3687 ut
1850 3628 1955 3686 filii
1993 3629 2241 3706 Josephi
2271 3630 2549 3707 Ephraim
2579 3640 2638 3690 et
2667 3631 2945 3692 Manasse

533 3711 816 3762 vocentur
855 3703 927 3761 de
971 3703 1201 3762 nomine
1245 3722 1369 3779 su0,
1418 3715 1476 3764 et
1521 3706 1637 3765 sint
1678 3707 1792 3765 duo
1827 3708 2017 3785 capita
2041 3708 2295 3767 tribuum
2337 3710 2488 3768 inter
2527 3710 2678 3768 filios
2704 3712 2748 3770 J
2752 3711 2939 3787 acobi,

537 3803 714 3860 quum
752 3782 834 3841 ait
871 3803 933 3841 se
976 3790 1167 3859 petere
1195 3803 1393 3841 nomen
1419 3805 1579 3843 suum
1604 3806 1776 3863 super
1802 3797 2022 3864 nepotes
2049 3788 2317 3862 invocari,
2351 3790 2499 3848 Gen.
2527 3790 2714 3847 xlviii.
2751 3793 2844 3866 16,
2874 3800 2945 3852 ut

534 3871 859 3940 agnoscunt
895 3862 1186 3936 Tostatus,
1230 3862 1461 3939 Ribera,
1494 3865 1822 3942 Cajetanus,
1861 3867 2161 3927 Cornelius
2201 3887 2237 3925 a
2279 3867 2516 3960 Lepide,
2549 3868 2724 3927 Arias
2768 3871 2941 3928 Mon·

534 3952 722 4017 tanus,
754 3951 813 4001 et
840 3942 956 4017 alii,
988 3949 1053 4000 ut
1079 3941 1218 3999 alibi
1260 3942 1556 4021 Scriptura
1581 3945 1853 4022 loquitur,
1888 3946 2002 4005 Isa.
2033 3946 2112 4006 iv.
2148 3951 2177 4004 1
2203 3967 2216 4017 ς
2282 3946 2466 4006 Almd
2494 3948 2645 4006 velle
2674 3967 2735 4008 se
2765 3950 2839 4007 ab
2867 3949 2943 4009 iis

532 4022 790 4081 invocari
818 4031 951 4099 post
978 4021 1214 4093 obitum,
1246 4022 1401 4097 quod
1429 4043 1729 4102 negamuS.

1137 4100 1328 4160 XXI.
1372 4103 1561 4178 Quum
1587 4103 1832 4181 Eliphaz
1862 4104 2065 4165 suadet
2086 4106 2129 4165 J
2134 4105 2261 4181 obo,
2287 4113 2352 4166 ut
2374 4106 2448 4164 ad
2477 4107 2727 4184 aliquem
2761 4106 2939 4166 Sanc·

656 4154 768 4199 ³⁰¹²·
789 4168 834 4200 v.
855 4151 899 4198 ¹·
1055 4185 1243 4237 torum
1272 4200 1335 4239 se
1363 4192 1678 4257 convertat,
1709 4204 1826 4242 non
1853 4184 2111 4262 loquitur
2138 4185 2210 4244 de
2243 4185 2470 4245 Sanctis
2498 4184 2802 4260 defunctis,
2833 4184 2940 4245 sed

531 4259 780 4318 advocat
807 4258 977 4316 vivos
1007 4257 1405 4335 suffragantes,
1437 4281 1468 4320 e
1497 4262 1709 4340 quibus
1736 4272 1912 4341 negat
1939 4264 2123 4322 ullum
2168 4264 2442 4324 Sanctum
2473 4285 2666 4324 secum
2697 4284 2939 4323 consen·-

530 4338 771 4397 tientem
798 4338 1113 4416 producere
1142 4358 1329 4415 posse,
1361 4341 1460 4417 qui
1490 4341 1731 4400 affirmet
1763 4343 1951 4401 Deum
1979 4342 2315 4403 innocentes
2343 4353 2402 4402 et
2443 4345 2636 4421 justos
2664 4342 2937 4420 affligere,

531 4426 598 4474 ut
624 4416 928 4476 antithesis
969 4417 1154 4491 docet,
1200 4426 1257 4476 et
1299 4427 1607 4479 contextus
1650 4422 1844 4479 series,
1930 4420 2117 4497 Quum
2165 4424 2439 4482 inclamat
2481 4424 2698 4483 amicos
2726 4423 2936 4499 Jobus‚

530 4514 656 4571 cap.
686 4496 809 4553 xix.
854 4500 950 4570 21,
992 4516 1096 4572 per
1133 4515 1250 4572 πῆ,
1279 4499 1469 4570 socios,
1502 4518 1743 4575 quorum
1786 4500 2235 4561 misericordiam
2279 4503 2564 4579 implorat,
2597 4503 2814 4579 Angeli
2843 4502 2940 4561 vel

532 4572 766 4631 Coclites
805 4593 923 4631 non
958 4574 1378 4653 intelliguntur,
1410 4585 1607 4654 utpote
1637 4579 1735 4655 qui
1781 4580 1909 4656 ejus
1938 4581 2078 4639 socii
2107 4591 2165 4640 et
2205 4581 2515 4656 familiares
2543 4602 2660 4641 non
2687 4582 2935 4657 fuerunt,

529 4651 632 4709 sed
682 4651 766 4709 illi
809 4672 955 4728 quos
1010 4653 1147 4712 olim
1190 4657 1378 4715 socios
1419 4665 1479 4716 et
1520 4658 1736 4717 amicos
1778 4659 1998 4735 habuit,
2044 4680 2191 4738 quos
2232 4661 2308 4720 ad
2357 4663 2666 4738 συμπείθων
2707 4660 2934 4720 invitat.
