3221 5200
246 356 472 405 QuAEsr.
505 337 643 419 xia]
1264 361 1340 401 υε
1372 362 1522 401 Laui:
1554 362 1674 401 nm.
2586 352 2662 408 63

244 497 430 573 xvii.;
477 498 551 555 In
582 498 887 559 Uladislao
919 500 1172 559 Poloniae
1202 502 1366 577 Rege
1408 502 1688 561 adversus
1718 502 2099 561 Amurathem
2128 503 2395 580 Turcam,
2439 504 2501 563 in
2541 507 2660 566 Ro-

246 578 462 655 dolpho
496 578 691 637 Suevo
719 588 921 638 contra
951 581 1263 639 Henricum
1296 582 1406 640 IV.
1438 583 1869 659 Imperatorem.

331 657 488 716 XII.
534 658 772 734 Quarto,
806 660 954 733 Quia
981 661 1268 719 connubia
1296 681 1425 719 cum
1455 662 1786 721 infidelibus
1816 661 2094 720 solvenda
2122 683 2238 722 non
2268 672 2403 723 sunt
2429 675 2664 743 propter

247 736 647 796 infidelitatem
675 748 734 797 et
761 740 1042 813 haeresim,
1073 761 1179 799 nec
1206 740 1352 799 fides
1384 742 1578 818 jurata
1605 752 1839 819 propter
1867 761 1992 801 eam
2023 743 2294 802 violanda
2321 753 2426 820 est,
2463 749 2492 804 l
2528 750 2658 806 Cor.
2723 793 2735 802 .

250 817 476 953 l³1:11⁰3l3,
512 820 605 876 14.
666 819 853 910 ’Ergo
875 840 981 877 nec
1008 820 1124 879 alia
1142 829 1310 898 pacta
1338 841 1712 899 quaecunque,
1744 823 1880 900 quia
1908 823 2211 900 utrobique
2241 825 2552 884 intervenit
2573 848 2659 885 re·

293 917 459 974 glosa
486 916 739 975 sponsio.

331 977 522 1035 XIII.
568 976 801 1054 Quinto,
848 977 996 1053 Quia
1037 978 1181 1038 fides
1229 981 1424 1057 jurata
1464 980 1606 1057 ipsis
1648 982 1911 1041 hostibus
1954 983 2238 1042 servanda
2280 992 2385 1058 est,
2436 993 2656 1044 naturae

251 1057 624 1133 gentiumque
648 1058 799 1134 jure,
824 1067 883 1117 et
910 1067 1136 1117 constat
1163 1061 1393 1119 eximiis
1421 1061 1705 1137 exemplis
1735 1062 1966 1139 Reguli,
1992 1062 2274 1138 Agesilai,
2306 1072 2364 1122 et
2392 1064 2658 1124 aliorum.

251 1137 336 1194 At
378 1136 486 1194 snb
522 1137 655 1213 jure
683 1138 786 1197 illo
816 1158 931 1196 non
971 1138 1161 1198 minus
1204 1139 1465 1198 infideles
1493 1149 1552 1199 et
1578 1142 1852 1217 haeretici,
1883 1161 2055 1218 quam
2097 1143 2206 1220 ipsi
2235 1144 2432 1202 hostes
2474 1145 2655 1204 conti·

251 1226 475 1274 nentur.

1163 1456 1550 1531 QUAESTIO
1594 1458 1750 1516 XII.

250 1613 341 1671 An
370 1613 427 1672 in
447 1615 502 1671 J
496 1614 802 1672 uramentis
830 1616 915 1673 uti
937 1615 1101 1674 liceat
1118 1616 1674 1693 AEquivocatiom‘bus
1701 1619 2166 1694 ampltiboloyiceb,
2196 1630 2250 1678 et
2269 1622 2658 1680 reservationi-

448 1695 548 1752 bus
575 1695 946 1753 mentalibus!
1029 1696 1196 1773 Neg.,
1229 1704 1382 1755 cont.
1414 1695 1766 1772 pontificios,
1798 1708 1856 1756 et
1883 1698 2144 1774 inprimis
2171 1700 2214 1758 J
2218 1708 2453 1759 esuitas.

854 1853 904 1911 1.
938 1853 1037 1911 Ad
1066 1854 1414 1928 Quaestionis
1442 1863 1655 1915 statum
1684 1855 2142 1932 intelligendum,
2174 1856 2418 1917 observa
2450 1861 2501 1917 1.
2524 1859 2577 1915 N
2581 1878 2657 1916 on

772 1933 952 2009 quaeri
994 1934 1066 1992 de
1095 1935 1651 2011 AEquivocationnm
1692 1956 1797 1994 usu
1837 1938 2138 1995 Rhetorico
2154 1962 2179 2009 ,·
2223 1938 2462 1996 Constat
2503 1939 2655 1996 enim

773 2013 1098 2089 frequenter
1124 2014 1211 2073 uti
1237 2015 1355 2072 illis
1386 2015 1670 2074 Rhetores
1702 2016 1764 2073 in
1792 2016 1979 2092 figura
2020 2017 2375 2076 antanaclasi
2402 2027 2461 2076 et
2488 2022 2658 2097 πλοκῇ·

248 2093 416 2171 dicta,
448 2101 508 2153 et
535 2093 597 2151 in
623 2101 790 2170 tropo
821 2092 1047 2168 Ironiae,
1079 2102 1144 2152 ut
1171 2094 1230 2151 in
1259 2094 1499 2170 vulgato
1529 2095 1962 2173 Epigrammate
1987 2119 2001 2155 :

309 1916 479 1962 Status
503 1916 663 1966 Quos-

402 1976 570 2020 tionis.

736 2252 876 2317 Quis
904 2261 1061 2327 neyet
1086 2255 1291 2311 AEneoe
1317 2234 1510 2311 natum
1538 2255 1608 2311 de
1633 2254 1810 2328 stirpe
1833 2257 2124 2312 Neronem
2139 2257 2168 2313 ‚²

807 2332 1039 2390 Sustulit
1065 2332 1152 2390 hic
1180 2334 1448 2407 Matrem,
1478 2333 1698 2390 sustulit
1721 2334 1820 2405 ille,
1839 2335 2074 2391 Patrem
2085 2357 2110 2404 ,-

248 2490 540 2567 quomodo
568 2490 628 2547 in
661 2488 957 2566 Scriptura
984 2490 1186 2549 eadem
1214 2510 1334 2549 vox
1362 2490 1593 2548 diverso
1633 2509 1804 2549 sensu
1834 2510 1984 2568 saepe
2013 2492 2073 2548 in
2102 2492 2304 2550 eodem
2333 2492 2461 2551 loco
2489 2494 2651 2569 poni-

247 2580 353 2646 tur,
386 2571 429 2630 J
434 2571 606 2630 ohan.
644 2570 683 2628 i.
720 2572 811 2646 10,
843 2570 1026 2630 Marc.
1055 2571 1177 2629 viii.
1210 2572 1321 2647 353
1368 2571 1490 2630 Nec
1518 2570 1590 2629 de
1619 2590 1723 2628 usu
1749 2572 1977 2648 LoyicO,
2009 2573 2110 2649 qui
2137 2591 2289 2649 saepe
2332 2572 2551 2632 obtinet
2593 2572 2655 2631 in

248 2650 752 2728 disputationibus,
784 2659 842 2709 et
869 2650 998 2708 aliis
1026 2652 1385 2709 sermonibus
1413 2657 1759 2732 waganon-33,
1803 2652 1905 2728 qui
1953 2652 2401 2711 exercendorum
2431 2661 2490 2711 et
2518 2672 2653 2711 con-

248 2739 334 2788 tra
360 2731 720 2808 sophismata
747 2730 1186 2789 muniendorum
1214 2731 1575 2808 ingeniorum
1618 2751 1792 2789 causa
1835 2732 2245 2807 instituuntur;
2295 2732 2410 2790 Sed
2439 2732 2510 2790 de
2549 2753 2655 2791 usu

253 2812 583 2883 Theoloyico
610 2817 669 2868 et
695 2811 898 2868 Ethico
926 2810 985 2868 in
1016 2810 1344 2869 testimonio
1365 2811 1627 2886 dicend0‚
1652 2819 1753 2869 aut
1780 2811 1840 2868 in
1861 2812 1903 2870 J
1908 2812 2118 2886 udicio,
2141 2812 2238 2871 vel
2263 2812 2655 2871 Confessionis

251 2909 426 2950 casu:
474 2890 575 2948 An
615 2899 824 2966 praeter
864 2890 1300 2967 ambiguitatem
1341 2891 1794 2966 grammaticam,
1825 2892 1921 2949 vel
1962 2892 2228 2966 logicam,
2262 2912 2391 2968 quae
2437 2893 2533 2950 vel
2575 2913 2652 2954 ex

250 2970 485 3047 ancipiti
503 2970 812 3027 verborum
830 2989 1020 3044 sensu,
1045 2971 1236 3028 velex
1259 2971 1532 3029 orationis
1555 2979 1857 3043 structura,
1883 2970 1979 3028 vel
2001 2990 2075 3028 ex
2097 2972 2653 3030 circumstantiarum

250 3050 409 3107 varia
436 3049 814 3126 dispositione
858 3069 1008 3126 saepe
1037 3050 1227 3108 locum
1255 3050 1447 3124 habet,
1492 3051 1605 3107 alia
1643 3049 1999 3107 admittenda
2027 3050 2102 3108 sit
2130 3050 2499 3125 Theologica,
2545 3051 2656 3108 sub

252 3129 443 3205 aliquo
470 3129 831 3187 limitationis
859 3138 1162 3206 praetextu,
1201 3149 1304 3205 per
1331 3149 1503 3204 quam
1532 3128 1692 3185 aliud
1720 3147 1817 3185 ore
1845 3128 2193 3204 profitemur,
2238 3128 2398 3185 aliud
2423 3137 2657 3204 pectore

250 3210 506 3268 clausum
536 3218 818 3282 tenemus,
849 3219 913 3268 ut
940 3209 1247 3268 eludantur
1274 3209 1518 3285 quaesita
1544 3208 1586 3266 J
1591 3206 1846 3279 udicum,
1877 3214 1936 3264 et
1962 3206 2178 3263 veritas
2206 3208 2527 3264 occultetur
2546 3210 2574 3265 Ρ

330 3289 414 3348 ΙΙ.
462 3289 596 3347 Non
624 3289 899 3364 quaeritur
926 3288 998 3347 de
1026 3289 1386 3346 Limitatione
1415 3287 1733 3363 proposita,
1763 3286 1860 3343 vel
1888 3284 2178 3361 explicite,
2219 3286 2315 3343 vel
2355 3286 2652 3362 implicite,

251 3388 354 3426 nec
383 3369 457 3426 de
484 3369 775 3443 supposita
802 3389 930 3445 quae
958 3369 1054 3426 vel
1083 3388 1157 3426 ex
1186 3367 1475 3426 communi
1503 3365 1955 3442 colloquentium
1984 3384 2283 3439 consensu,
2305 3365 2399 3423 vel
2423 3386 2498 3424 ex
2526 3366 2656 3423 aliis

252 3447 697 3506 circumstantiis
718 3448 779 3504 in
798 3447 988 3506 medio
1005 3447 1210 3523 positis
1237 3448 1406 3505 facile
1434 3455 1625 3523 potest
1653 3445 1850 3522 colligi
1873 3467 1886 3521 ;
1932 3445 2078 3504 tales
2100 3445 2254 3503 enim
2280 3445 2656 3504 limitationes

253 3529 371 3586 sive
398 3527 795 3586 restrictiones
822 3527 1058 3603 logicas,
1103 3547 1232 3603 quae
1260 3548 1335 3586 ex
1376 3527 1686 3604 propositis
1728 3526 2046 3599 eliciantur,
2076 3526 2173 3584 vel
2207 3526 2475 3603 utrinque
2519 3546 2653 3603 sup·

252 3615 536 3683 ponantur
565 3615 624 3666 et
653 3607 1174 3683 subintelligantur,
1206 3607 1394 3666 licitas
1423 3627 1566 3680 esse,
1597 3614 1656 3665 et
1684 3626 2004 3665 sermonem
2031 3625 2066 3663 a
2092 3606 2391 3664 mendacio
2440 3614 2499 3664 et
2524 3626 2653 3682 per-

246 3687 398 3763 jurio
426 3687 674 3746 liberare
722 3706 892 3744 nemo
920 3694 1112 3763 negat.
1201 3686 1316 3744 Sed
1357 3687 1548 3763 agitur
1589 3685 1663 3744 de
1704 3687 2062 3744 Limitatione
2100 3687 2387 3761 supposita
2427 3694 2653 3743 tantum

252 3776 307 3826 et
333 3766 740 3825 subintellecta
768 3766 841 3824 ab
870 3786 939 3823 eo
968 3767 1067 3842 qui
1106 3765 1378 3842 loquitur,
1424 3786 1552 3842 quae
1593 3765 1746 3842 parit
1786 3765 2297 3842 aequivocationem
2338 3765 2651 3838 verbalem,

252 3847 344 3905 vel
370 3847 605 3905 realem.
700 3847 953 3904 Verbalis
981 3855 1083 3920 est,
1116 3865 1293 3922 quum
1322 3845 1501 3904 verba
1527 3846 1654 3922 ipsa
1681 3865 1810 3922 quae
1839 3852 2202 3920 usurpantur,
2233 3851 2369 3901 sunt
2396 3842 2654 3918 ambigui

256 3945 473 4000 sensus,
504 3932 565 3983 et
591 3925 693 3984 illo
723 3945 897 3984 sensu
923 3925 1277 4002 recipiuntur
1303 3945 1338 3984 a
1359 3926 1608 4002 jurante,
1641 3945 1810 4001 quem
1840 3923 2140 3982 audientes
2168 3921 2325 3998 cupit
2353 3921 2555 3995 celare,
2588 3929 2656 3979 ut

255 4005 362 4063 alio
391 4025 569 4065 sensu
598 4005 672 4062 ab
700 4005 843 4081 ipsis
871 4005 1225 4081 accipiantur
1249 4026 1264 4063 ε
1305 4013 1371 4063 ut
1399 4005 1447 4062 si
1475 4005 1606 4081 quis
1635 4011 1888 4080 rogatus,
1921 4002 2021 4059 An
2052 4002 2259 4059 Petrus
2296 4007 2449 4057 esset
2476 3999 2653 4073 domi,

254 4085 641 4161 responderet,
664 4086 795 4143 Non
825 4093 931 4159 est,
952 4084 1014 4142 id
1041 4093 1144 4159 est,
1168 4085 1221 4141 N
1226 4105 1299 4142 on
1328 4084 1606 4143 comedit:
1649 4083 1934 4156 Mentalis,
1965 4101 2143 4156 quum
2164 4079 2343 4138 verba
2371 4079 2496 4155 ipsa
2522 4098 2654 4154 quae

258 4164 602 4222 adhibentur
628 4184 808 4222 unum
838 4164 1157 4242 simplicem
1184 4164 1400 4223 habent
1429 4183 1678 4237 sensum,
1710 4163 1813 4220 sed
1840 4181 1943 4238 per
1970 4161 2202 4219 tacitam
2235 4158 2654 4217 restrictionem

256 4253 348 4302 aut
374 4244 925 4320 interpretationem,
957 4263 1130 4321 quam
1159 4244 1270 4302 sibi
1296 4244 1357 4301 in
1385 4252 1576 4302 mente
1603 4249 1877 4316 reservat,
1908 4241 1968 4297 in
1996 4240 2172 4297 alium
2194 4245 2654 4297 commutantur:

257 4343 362 4399 quo
406 4323 660 4400 pertinet
704 4324 1003 4382 Francisci
1048 4323 1263 4382 Assisii
1307 4342 1662 4401 responsum,
1702 4322 1803 4398 qui
1847 4328 2100 4396 rogatus,
2147 4338 2262 4394 qua
2305 4316 2658 4393 perrexisset

257 4403 486 4478 qnidam
514 4403 822 4477 homicida,
853 4404 954 4480 qui
975 4405 1150 4481 juxta
1177 4423 1308 4462 eum
1336 4403 1658 4474 transierat,
1704 4419 1908 4460 manus
1934 4400 1996 4457 in
2023 4399 2277 4456 manicas
2318 4396 2652 4472 immittens,

258 4482 566 4559 respondit,
596 4502 714 4541 non
741 4484 1015 4541 transisse
1045 4483 1195 4558 illac,
1227 4482 1575 4558 intelligens,
1607 4500 1725 4539 non
1753 4479 2028 4539 transisse
2057 4497 2160 4554 per
2186 4477 2317 4535 illas
2357 4476 2612 4536 manicas
2637 4499 2653 4537 t

259 4559 383 4620 Hoc
409 4562 586 4621 modo
614 4563 656 4621 J
659 4570 862 4621 esui'tae
890 4563 1150 4639 plerique
1193 4570 1470 4635 statuunt,
1506 4560 1874 4620 Sacerdotem
1901 4567 2185 4634 rogam,
2217 4556 2317 4615 An
2346 4557 2422 4616 sit
2454 4557 2652 4616 Sacer·

259 4639 374 4718 dos,
408 4642 457 4700 si
486 4643 583 4701 vel
612 4663 647 4700 a
676 4662 794 4701 non
822 4644 865 4702 J
871 4641 1090 4702 uridico
1131 4651 1385 4720 rogetur,
1416 4642 1512 4700 vel
1554 4639 1952 4699 rationabilem
1993 4637 2203 4697 habeat
2243 4658 2474 4698 causam
2505 4637 2654 4696 veri-
