3221 5200
519 344 636 401 394
1314 357 1497 400 Locus
1526 355 1786 399 nscmus
1816 356 2101 406 Quas-rus.
2217 378 2226 383 -
2515 337 2760 419 [Quaesr.
2791 354 2919 398 xm.

512 522 551 559 a
572 510 754 559 morte
783 499 951 558 nobis
979 498 1191 574 debita,
1217 518 1333 556 non
1370 496 1568 556 differe
1598 499 1672 556 ab
1702 498 2081 577 acquisitione
2105 497 2323 574 gloriae.
2410 499 2562 574 Quia
2588 499 2757 557 multi
2785 507 2920 557 sunt

515 581 731 658 gradus
759 582 912 654 vitae,
943 589 1008 638 ut
1049 588 1107 637 et
1140 578 1402 656 justitiae.
1454 578 1879 637 Liberationem
1924 578 2155 654 quidem
2185 598 2219 635 a
2246 586 2429 637 morte
2476 579 2736 656 sequitur
2782 579 2918 636 vitae

513 661 804 738 possessio
829 682 843 734 3
889 659 992 717 sed
1019 679 1136 716 non
1185 659 1378 717 statim
1407 657 1541 716 vitae
1570 659 1756 717 beatae
1784 667 1842 715 et
1883 658 2167 733 gloriosae,
2198 667 2264 717 ut
2306 658 2701 719 liberationem
2734 679 2769 716 a
2796 678 2916 716 car-

513 761 641 799 cere
688 740 948 816 sequitur
974 739 1207 816 quidem
1252 738 1504 812 libertae,
1552 738 1657 796 sed
1703 758 1818 796 non
1865 738 2057 796 statim
2101 737 2367 796 diadema
2410 747 2473 798 et
2524 740 2765 797 thronus
2791 760 2805 796 ι
2854 746 2918 796 ut

514 822 558 879 J
561 820 810 896 osephus
838 820 1027 896 potuit
1052 818 1286 896 quidem
1315 838 1389 875 ex
1418 818 1667 876 vinculis
1697 818 1864 888 solvi,
1895 818 1998 875 sed
2026 838 2142 875 non
2171 818 2363 876 statim
2387 820 2600 895 praefici
2631 819 2916 895 AEgyptO.

517 901 680 959 Inter
707 909 945 958 mortem
976 908 1034 958 et
1061 899 1239 957 vitam
1271 897 1622 974 simpliciter,
1654 898 1877 956 nullum
1905 897 2134 974 quidem
2161 897 2329 956 datur
2356 899 2609 957 medium
2639 920 2654 972 3
2700 896 2801 955 sed
2831 897 2916 955 in-

512 990 603 1039 ter
629 988 870 1038 mortem
895 987 1183 1052 aeternam,
1215 986 1273 1036 et
1300 977 1480 1036 vitam
1508 978 1739 1035 beatam
1767 986 1826 1035 et
1864 977 2190 1053 gloriosam,
2223 977 2392 1035 datur
2418 979 2539 1037 vita
2566 976 2810 1050 servilis,
2857 977 2917 1033 in

514 1068 669 1119 statu
697 1060 807 1117 viae
835 1079 951 1116 non
995 1058 1212 1136 patriae,
1258 1058 1319 1115 in
1347 1077 1462 1133 qua
1502 1057 1676 1115 homo
1716 1057 1790 1114 ad
1818 1056 1988 1116 officii
2017 1057 2407 1134 impletionem
2436 1058 2624 1116 adhuc
2668 1055 2915 1115 obstrin-

559 1148 765 1197 eretur.

516 1161 557 1217 g
592 1219 747 1276 XII.
793 1218 958 1276 Licet
1008 1238 1147 1276 vero
1176 1217 1291 1275 duo
1320 1217 1433 1275 ista
1459 1216 1738 1275 beneficia
1775 1215 2183 1293 distinguenda
2211 1236 2336 1275 esse
2366 1235 2738 1291 censeamus;
2784 1215 2916 1273 Non

510 1307 779 1377 putamus
807 1306 1001 1356 tamen
1029 1297 1200 1355 anxie
1229 1296 1618 1373 quaerendum,
1650 1295 1861 1373 quibus
1902 1297 2126 1355 actibus
2155 1296 2510 1372 satisfecerit,
2555 1297 2652 1355 vel
2679 1295 2917 1354 meritus

512 1380 602 1453 sit,
627 1388 692 1437 ut
720 1378 937 1436 faciunt
964 1377 1243 1452 nonnulli,
1276 1377 1372 1453 qui
1417 1376 1865 1434 satisfactionem
1894 1376 2275 1452 passionibus,
2307 1377 2574 1435 meritum
2608 1395 2747 1434 vero
2777 1375 2917 1433 solis

509 1458 832 1517 actionibus
860 1457 1136 1531 tribuunt,
1168 1465 1233 1515 ut
1261 1476 1363 1532 per
1391 1455 1519 1513 illas
1548 1475 1654 1513 nos
1695 1455 1953 1513 liberarit
1990 1476 2024 1513 a
2051 1464 2250 1531 morte,
2282 1477 2386 1533 per
2412 1456 2552 1514 istas
2581 1475 2719 1514 vero
2746 1455 2916 1513 nobis

509 1536 882 1614 acquisiverit
907 1539 1007 1615 jus
1035 1535 1110 1593 ad
1139 1536 1315 1594 vitam
1338 1557 1352 1611 ς
1384 1535 1520 1611 quia
1546 1534 1842 1611 Scriptura
1869 1555 2153 1612 nusquam
2183 1536 2566 1595 obedientiam
2598 1534 2812 1594 Christi
2833 1535 2917 1593 ita

508 1617 741 1675 videtur
778 1617 1132 1692 distinguere
1161 1615 1218 1672 in
1259 1622 1467 1691 parteS,
1521 1614 1624 1672 sed
1671 1615 1830 1672 illam
1879 1624 2151 1691 tanquam
2198 1615 2426 1674 unicam
2468 1615 2753 1693 proponit,
2801 1633 2919 1691 qua

509 1697 772 1756 Christus
802 1696 993 1754 omnia
1021 1696 1122 1753 illa
1149 1694 1493 1772 praestiterit,
1526 1713 1656 1769 quae
1685 1714 1720 1751 a
1747 1694 1915 1752 nobis
1941 1695 2129 1771 potuit
2161 1694 2286 1752 Lex
2313 1696 2620 1772 requirere.
2667 1694 2910 1767 Rursus,

507 1797 637 1835 cum
670 1777 933 1835 Christus
960 1795 1063 1852 per
1091 1774 1475 1832 obedientiam
1505 1774 1640 1831 vitae
1663 1775 1994 1850 praestiterit
2015 1774 2171 1852 quod
2213 1795 2248 1832 a
2283 1775 2452 1833 nobis
2481 1775 2815 1848 debebatur,
2856 1782 2915 1833 et

505 1857 581 1915 ad
622 1856 778 1933 quod
806 1856 948 1913 alias
985 1854 1360 1932 personaliter
1388 1853 1742 1928 tenebamur,
1783 1874 1851 1911 eo
1901 1853 2026 1930 ipso
2068 1874 2171 1930 pro
2200 1854 2368 1912 nobis
2414 1854 2692 1913 satisfecit
2737 1854 2913 1930 Legis

505 1937 831 2013 postulato:
864 1936 939 1993 Et
970 1954 1098 1992 cum
1130 1933 1458 1991 obedientia
1493 1934 1730 2010 passiva
1757 1934 2099 2009 processerit
2148 1953 2222 1991 ex
2253 1953 2476 1992 summa
2504 1935 2564 1992 in
2592 1954 2700 1992 nos
2729 1933 2911 1992 chari·

502 2025 637 2089 tate,
670 2036 799 2092 quae
828 2024 916 2073 est
960 2013 1137 2089 Legis
1186 2013 1686 2089 complementum,
1729 2032 1845 2071 non
1887 2022 2077 2089 potest
2117 2014 2383 2072 meritum
2414 2014 2500 2072 illi
2527 2014 2817 2090 denegari,
2847 2021 2914 2070 ut

503 2096 707 2153 habuit
735 2095 1013 2153 rationem
1044 2091 1226 2174 λῦτςου
1254 2102 1312 2151 et
1352 2098 1497 2168 τιμῖς
1546 2112 1648 2151 seu
1691 2092 1878 2169 pretii,
1909 2113 2022 2169 quo
2046 2094 2145 2170 jus
2174 2093 2249 2150 ad
2277 2094 2457 2151 vitam
2485 2093 2654 2151 nobis
2682 2102 2770 2151 est
2817 2112 2910 2150 ac-

501 2176 795 2253 quisitum.
845 2174 1189 2250 Scrupulose
1235 2192 1374 2249 ergo
1403 2173 1514 2232 ista
1541 2171 1952 2248 distinguenda
1978 2192 2094 2230 non
2124 2182 2274 2247 sunt,
2306 2173 2443 2249 quia
2468 2181 2775 2249 utrumque
2802 2172 2913 2231 hoc

502 2254 845 2313 beneficium
885 2252 1239 2330 conjunctim
1268 2252 1481 2329 pendet
1508 2252 1582 2309 ab
1613 2252 1838 2328 integra
1882 2272 2069 2310 causae
2099 2252 2331 2327 virtute,
2362 2261 2504 2329 puta
2532 2252 2748 2311 Christi
2775 2251 2908 2310 obe-

502 2334 758 2392 dientia:
803 2333 925 2391 Nec
955 2333 1107 2391 enim
1136 2339 1434 2409 peccatum
1465 2340 1596 2390 ante
1628 2331 1848 2408 expiari
1891 2332 2096 2409 potuit,
2145 2352 2317 2409 quam
2350 2333 2475 2391 Lex
2504 2331 2755 2410 perfecte
2803 2332 2911 2388 im·

503 2416 657 2491 pleta
703 2421 870 2486 esset,
902 2432 1007 2470 nec
1043 2412 1145 2489 jus
1188 2412 1262 2469 ad
1290 2412 1468 2469 vitam
1498 2411 1734 2487 acquiri,
1767 2431 1939 2488 quam
1981 2411 2201 2487 peccati
2230 2421 2422 2471 reatus
2452 2419 2604 2470 esset
2651 2410 2908 2485 deletus3

503 2494 721 2552 Metuit
749 2513 887 2569 ergo
932 2490 1352 2564 satisfaciendO,
1385 2499 1444 2549 et
1481 2489 1753 2549 merendo
1796 2489 2089 2548 satisfecit.
2157 2491 2244 2549 Eo
2274 2492 2425 2549 enim
2454 2491 2763 2568 plurimum
2792 2510 2909 2549 me·

504 2574 635 2647 ruit,
663 2571 819 2650 quod
849 2570 1087 2630 arduum
1110 2580 1168 2629 et
1196 2569 1616 2643 difficillimum,
1649 2569 1805 2645 quod
1827 2570 2181 2647 impossibile
2205 2572 2488 2647 omnibus,
2521 2570 2596 2629 ad
2623 2569 2779 2648 quod
2805 2570 2910 2628 mi·

498 2654 651 2710 nime
682 2652 998 2724 tenebatur,
1031 2649 1447 2727 perfectissima
1474 2649 1817 2723 obedientia,
1850 2650 1910 2707 in
1938 2670 2053 2727 qua
2072 2660 2129 2709 et
2157 2652 2368 2710 amoris
2397 2671 2537 2728 erga
2562 2671 2670 2710 nos
2712 2650 2914 2710 effudit

498 2732 705 2806 ingens
747 2738 1166 2806 argumentum,
1198 2736 1256 2786 et
1284 2748 1399 2804 qua
1443 2728 1599 2786 Patri
1632 2748 1692 2786 se
1721 2729 2068 2805 morigerum
2098 2730 2359 2807 praebuit,
2393 2740 2451 2789 et
2481 2732 2628 2808 Legi
2657 2731 2909 2808 speciali,

502 2810 926 2885 Vocationique
957 2828 1074 2866 suae
1104 2827 1206 2884 per
1249 2808 1442 2865 omnia
1471 2807 1765 2882 satisfecit,
1797 2828 1925 2884 quae
1954 2808 2097 2867 alias
2125 2809 2342 2868 nullius
2358 2830 2499 2869 usus
2525 2812 2696 2870 nobis
2723 2810 2915 2870 futura

500 2889 718 2963 fuisset,
743 2888 853 2945 nisi
885 2896 1066 2946 morte
1097 2887 1402 2963 obsignata
1429 2897 1487 2946 et
1515 2896 1911 2945 consummata
1936 2887 2156 2948 fuisset.
2217 2890 2294 2947 Et
2323 2891 2638 2950 satisfactio
2664 2910 2781 2949 non
2810 2911 2910 2949 ex·

500 2978 678 3029 ternae
734 2976 958 3028 tantum
1004 2967 1302 3044 sanguinis
1351 2967 1632 3026 oblationi
1699 2967 2080 3026 adscribenda
2135 2978 2238 3044 est,
2286 2970 2388 3029 sed
2430 2971 2717 3048 praecipue
2758 2971 2912 3029 actui

502 3049 744 3124 interno,
769 3049 1038 3114 nimirum
1070 3056 1399 3125 spontaneae
1429 3048 1556 3126 ejus
1586 3056 1645 3106 et
1673 3048 2152 3107 constantissimae
2183 3050 2486 3124 voluntati,
2517 3071 2633 3127 qua
2662 3049 2911 3108 sanctifi-

502 3130 621 3188 cari
663 3129 923 3203 dicimur,
971 3129 1123 3187 Heb.
1170 3149 1229 3186 x.
1267 3131 1373 3204 143
1422 3149 1539 3186 non
1566 3136 1789 3187 tantum
1846 3126 2027 3210 λίντςου
2083 3130 2353 3188 solutioni
2404 3130 2504 3189 sed
2560 3138 2683 3189 toto
2732 3129 2910 3211 λέπρᾳ,

501 3209 658 3287 quod
688 3218 776 3268 est
804 3210 926 3286 ipse
957 3208 1220 3267 Christus
1250 3228 1310 3266 se
1338 3208 1573 3267 tradens
1602 3218 1661 3267 ct
1679 3209 1990 3285 subjiciens
2031 3230 2134 3286 pro
2162 3210 2348 3267 nobis,

587 3290 777 3347 XIII.
824 3289 944 3347 Nec
985 3289 1080 3345 hic
1126 3288 1448 3346 audiendus
1491 3289 1752 3363 Socinus,
1784 3289 1883 3365 qui
1915 3289 2362 3347 satisfactionem
2391 3297 2449 3347 et
2477 3289 2741 3347 meritum
2785 3289 2914 3349 vult

503 3389 629 3427 esse
658 3368 940 3441 ἀσΰπιτι,
987 3368 1122 3443 quia
1165 3366 1479 3425 satisfactio
1508 3377 1595 3425 est
1626 3368 1835 3426 solutio
1878 3367 2057 3425 debiti
2099 3368 2170 3424 de
2207 3370 2356 3445 Jure‚
2389 3377 2447 3425 et
2474 3368 2739 3425 meritum
2769 3386 2914 3442 opus

502 3447 841 3505 indebitum.
887 3444 1164 3519 Quamvis
1193 3445 1344 3502 enim
1364 3446 1472 3503 hoc
1490 3455 1644 3503 recte
1674 3446 1899 3503 dicatur
1924 3454 2187 3521 respectu
2217 3445 2622 3503 satisfactionis
2650 3445 2910 3519 propriae,

503 3545 618 3582 non
649 3526 785 3582 item
806 3525 998 3581 locum
1027 3522 1202 3580 habet
1230 3531 1491 3598 respectu
1522 3523 1928 3582 satisfactionis
1957 3524 2202 3596 vicariae,
2235 3525 2295 3580 in
2316 3542 2433 3598 qua
2464 3525 2717 3599 Sponsor
2745 3523 2912 3581 satis-

504 3603 720 3661 faciens
741 3610 931 3679 potest
960 3602 1131 3657 etiam
1160 3601 1382 3673 mereri,
1415 3609 1537 3659 tum
1565 3611 1829 3678 respectu
1875 3601 2183 3674 Debitoris,
2215 3600 2470 3659 indebite
2500 3600 2779 3660 solvendo
2807 3621 2912 3678 pro

506 3702 574 3739 eo
623 3681 901 3755 debitum,
952 3687 1010 3736 et
1056 3698 1224 3754 opere
1274 3679 1531 3738 indebito
1574 3679 1922 3757 acquirendo
1973 3680 2024 3737 ei
2080 3679 2497 3739 immunitatem
2541 3701 2576 3738 a
2603 3680 2817 3757 debito,
2855 3691 2913 3740 et

507 3761 723 3819 faciens
746 3761 799 3818 ei
827 3780 903 3818 ex
931 3756 1188 3815 indebita
1216 3757 1468 3816 debitam
1499 3759 1571 3817 de
1594 3761 1726 3836 jure
1751 3782 1764 3834 3
1810 3768 1933 3817 tum
1954 3768 2221 3836 respectu
2251 3759 2579 3821 Creditoris.
2626 3761 2912 3840 praeeipue

510 3842 558 3899 si
587 3849 819 3918 pactum
862 3837 1097 3915 aliquod
1139 3837 1479 3913 intercessit,
1525 3840 1713 3916 posita
1753 3839 1856 3898 tali
1897 3840 2197 3914 solutione,
2251 3839 2592 3899 admittendi
2620 3861 2765 3916 eam,
2796 3861 2914 3900 non

508 3930 731 3980 tantum
760 3921 820 3978 in
850 3917 1297 3979 satisfactionem
1326 3928 1707 3995 peccatorum,
1755 3919 1857 3977 sed
1884 3919 2057 3978 etiam
2087 3919 2144 3975 in
2187 3920 2623 3996 acquisitionem
2648 3921 2799 3997 juris
2827 3921 2912 3979 in-

509 4001 706 4075 debiti,
738 4000 894 4078 quod
948 3999 1043 4057 hic
1084 3998 1275 4056 locum
1302 3998 1574 4057 habuisse
1601 3999 1785 4075 liquet
1813 4019 1888 4056 ex
1937 4000 2050 4057 Isa.
2081 4019 2205 4076 cap.
2245 3999 2350 4058 liii.
2385 4002 2476 4075 10,
2511 4001 2663 4059 Heb.
2703 4001 2784 4059 ix.
2820 4003 2910 4074 15,

513 4081 635 4140 Col.
666 4081 703 4138 i.
740 4083 830 4155 19,
863 4082 958 4152 20,
991 4087 1048 4136 et
1078 4077 1362 4136 similibus
1383 4079 1545 4137 locis.
2881 4117 2888 4124 ·

590 4160 770 4218 XIV.
815 4159 1048 4234 QuartO,
1087 4157 1474 4234 Supponimus
1503 4159 1562 4215 in
1593 4158 1751 4235 Lege
1792 4158 1907 4217 duo
1950 4178 2110 4233 esse;
2162 4160 2475 4235 Proecepta,
2508 4180 2637 4236 quae
2666 4159 2912 4219 officium

507 4240 903 4319 praescribunt,
929 4246 987 4297 et
1014 4237 1355 4312 Sanctiones,
1381 4258 1509 4315 quse
1538 4259 1768 4315 poenam
1790 4240 1886 4297 vel
1907 4238 2204 4316 praemium
2234 4240 2591 4297 observator-i
2615 4239 2713 4297 vel
2729 4247 2913 4298 trans·

510 4319 759 4397 gressori
784 4319 1133 4376 decernunt:
1164 4325 1222 4374 et
1253 4317 1580 4392 Hominem,
1615 4318 1714 4394 qui
1743 4319 1942 4377 subest
1973 4318 2135 4394 Legi,
2165 4337 2334 4394 posse
2366 4318 2536 4376 simul
2558 4319 2804 4395 obligari
2841 4318 2916 4376 ad

510 4398 895 4457 obedientiam
924 4405 982 4454 et
1022 4416 1262 4472 poenam,
1295 4417 1410 4455 non
1439 4397 1671 4474 quidem
1701 4398 1760 4454 in
1789 4407 1940 4456 statu
1989 4407 2209 4455 natura}
2240 4398 2495 4474 integrae,
2545 4397 2647 4456 sed
2675 4398 2734 4455 in
2764 4405 2917 4456 statu

508 4478 745 4555 peccati,
776 4485 842 4536 ut
869 4477 1169 4554 probatum
1200 4475 1308 4534 fuit
1338 4477 1494 4535 Loco
1537 4478 1656 4551 XI,
1689 4476 1761 4535 de
1807 4477 1980 4554 Lege,
2014 4476 2122 4550 Qu.
2147 4480 2242 4552 22,
2274 4477 2383 4535 Th.
2433 4480 2523 4551 12,
2560 4480 2650 4550 13,
2683 4476 2790 4535 810.
2834 4478 2918 4537 Ut

509 4557 662 4615 enim
693 4557 979 4632 duplicem
1008 4555 1175 4628 σχίσιν
1215 4555 1404 4614 induit
1443 4566 1708 4634 respectu
1753 4557 1879 4631 Dei,
1928 4564 2053 4615 tum
2105 4557 2410 4631 Creaturae,
2457 4565 2577 4615 tum
2628 4558 2916 4615 Creaturae

505 4635 844 4710 peccatricis
885 4643 944 4693 et
971 4655 1099 4709 reae,
1137 4635 1356 4693 ratione
1384 4635 1590 4712 prioris
1619 4635 2004 4695 obedientiam
2035 4654 2259 4712 semper
2292 4636 2416 4694 Deo
2444 4636 2632 4710 debet,
2678 4656 2783 4695 nee
2811 4655 2916 4695 un-
