3221 5200
240 405 458 453 QUAEs'r.
491 388 648 468 vnn]
781 435 794 446 =.
949 408 1025 446 DE
1055 407 1320 447 PEBSONA
1352 408 1425 446 ET
1456 407 1644 446 STATL·
1676 407 1925 446 CHRISTI.
2532 388 2646 446 289

305 547 518 613 XXV.
566 549 756 622 Quum
782 549 1092 624 plenitudo
1115 549 1360 607 Deitatis
1407 549 1618 607 dicitur
1660 548 1914 606 habitare
1962 547 2020 606 in
2061 547 2287 606 Christo·
2332 553 2642 624 σωματικός,

229 627 351 684 Col.
383 628 440 684 ii.
473 630 527 702 9,
558 648 676 685 non
702 635 893 704 potest
934 629 1066 686 inde
1095 629 1291 686 inferri
1321 628 1763 687 communicatio
1791 627 2201 705 proprietatum
2231 627 2289 684 in
2333 628 2639 687 abstracto.

231 709 283 764 l.
330 706 478 780 Quia
506 708 699 784 agitur
726 708 797 765 de
828 709 1056 766 Christo
1084 708 1142 765 in
1173 718 1456 782 concret0,
1488 728 1604 766 non
1647 707 1719 765 de
1761 717 1967 766 natura
1992 707 2053 764 in
2081 707 2387 765 abstracto·
2472 713 2527 766 2.
2576 708 2642 767 Si

227 796 495 862 ageretur
527 787 599 845 de
629 795 833 846 natura
860 788 1111 845 humana
1151 797 1424 864 tanquam
1454 786 1697 864 Templo
1729 787 1994 860 Deitatis,
2046 786 2089 845 J
2093 787 2185 845 oh.
2236 787 2296 844 ii.
2351 789 2444 862 19,
2494 787 2641 846 nihil

225 865 359 924 inde
389 866 689 925 eliceretur
715 887 817 944 pro
846 867 1361 926 communicatione
1403 868 1850 945 proprietatum;
1896 866 2044 940 Quia
2071 866 2231 925 aliud
2258 875 2347 924 est
2386 869 2643 928 habitare

226 965 400 1004 sensu
428 945 786 1023 Apostolico,
819 947 976 1005 aliud
1005 946 1424 1005 communicare
1455 967 1628 1005 sensu
1652 947 1999 1005 LutheranO.
2056 946 2338 1004 Habitare
2365 968 2637 1023 corpora-

225 1026 352 1084 liter
370 1026 655 1102 Apostolo
679 1027 982 1103 significat,
1015 1036 1192 1085 totam
1214 1026 1630 1103 plenitudinem
1656 1026 1919 1099 Deitatis,
1945 1026 2022 1084 id.
2046 1026 2354 1085 essentiam
2384 1027 2641 1086 divinam

229 1125 358 1164 cum
377 1115 500 1164 tota
517 1106 873 1183 plenitudine
896 1106 1310 1182 perfectionum
1333 1126 1562 1164 suarum
1585 1106 1804 1164 unitam
1827 1125 1955 1164 esse
1977 1115 2194 1164 naturae
2216 1107 2499 1182 humanae,
2525 1128 2641 1166 non

227 1185 560 1257 umbratice,
605 1185 699 1243 vel
741 1206 846 1262 per
885 1185 1193 1243 efficaciam
1223 1194 1445 1244 tantum
1490 1194 1589 1243 aut
1630 1185 2053 1260 assistentiam;
2098 1186 2250 1244 utin
2280 1187 2436 1263 typis
2465 1187 2540 1246 V.
2571 1188 2640 1246 T.

227 1273 285 1322 et
312 1264 372 1321 in
394 1264 678 1338 fidelibus,
710 1285 777 1322 ac
806 1265 866 1322 in
894 1265 1023 1323 aliis
1051 1265 1313 1323 obscuris
1334 1285 1401 1323 ac
1429 1265 1777 1342 imperfectis
1805 1265 2272 1339 revelationibuS,
2305 1266 2408 1324 sed
2428 1287 2556 1325 vere
2585 1275 2643 1326 et

213 1345 611 1419 personaliter,
625 1344 1107 1420 quemadmodum
1119 1365 1321 1420 corpus
1341 1347 1552 1403 umbroe
1573 1345 1893 1422 opponitur,
1910 1363 2029 1402 ver.
2054 1348 2145 1418 17,
2171 1353 2230 1404 et
2250 1349 2398 1420 espa
2422 1347 2644 1405 Graecis

229 1444 380 1500 saepe
398 1444 708 1499 personam
745 1424 1050 1500 significat.
1139 1425 1255 1483 Sed
1284 1425 1705 1483 communicare
1734 1444 1906 1482 sensu
1938 1424 2266 1483 Lutherano
2295 1433 2474 1501 notat,
2506 1426 2644 1485 dare

229 1514 287 1562 et
314 1503 712 1562 transfundere
741 1501 971 1562 realiter
990 1505 1050 1562 in
1078 1504 1491 1563 humanitatem
1513 1513 1694 1563 totam
1726 1503 1974 1563 Deitatis
2002 1504 2418 1580 plenitudinem
2442 1527 2456 1580 ;
2487 1505 2645 1582 quod

229 1583 323 1641 hic
351 1583 541 1642 locum
570 1584 780 1642 habere
810 1604 925 1641 non
954 1604 1123 1660 posse
1152 1592 1326 1661 patet,
1359 1585 1496 1660 quia
1538 1604 1669 1642 cum
1704 1583 2002 1660 plenitudo
2034 1583 2283 1642 Deitatis
2311 1584 2457 1642 nihil
2484 1585 2644 1644 aliud

229 1663 305 1720 sit
332 1683 504 1738 quam
534 1663 659 1739 ipsa
690 1663 799 1721 Dei
828 1665 1077 1722 essentia
1104 1684 1234 1722 cum
1264 1664 1531 1721 omnibus
1560 1663 1681 1721 suis
1709 1663 2016 1736 attributiS,
2043 1663 2093 1720 si
2111 1664 2531 1722 communicata
2558 1673 2647 1723 est

228 1742 526 1818 plenitudo
571 1742 819 1801 Deitatis
849 1743 1036 1816 Carni,
1084 1743 1230 1802 Caro
1259 1744 1367 1801 erit
1394 1744 1520 1819 ipsa
1568 1742 1774 1800 Deitas
1822 1751 1881 1800 et
1922 1762 2121 1800 omnes
2161 1743 2539 1819 proprietates
2568 1764 2642 1801 ex

230 1821 976 1961 aeq3¹<⁰22¹¹v³1fi²⁰3¹¹²⁰¹¹22⁰⁸t3³⁸
1005 1789 1421 1966 trabem.
1448 1822 1818 1958 ωῬὲὼὲῗῑῗ
1846 1822 2118 1975 3533?
2130 1910 2154 1959 t
2201 1901 2414 1960 abien„
2457 1922 2529 1960 ιω
2558 1922 2588 1960 e
2623 1912 2647 1961 t

229 2001 406 2039 unum
432 1904 1152 2056 unitorussffibilziiziia‘in
1174 1903 1566 2057 al‘t‘eTuoihtcnrisci
1588 1922 1687 2039 ubi
1710 1922 1902 2057 sigitur
1922 1980 1994 2038 de
2018 1922 2238 2058 iisuquae
2261 1981 2409 2039 inter
2418 1922 2491 2040 (sie
2515 1923 2649 2040 suxit

231 2061 489 2136 aequalia,
515 2070 573 2119 et
594 2081 836 2137 quorum
858 2081 1035 2119 unum
1054 2081 1170 2119 non
1193 2062 1423 2120 excedit
1443 2061 1705 2134 alterum,
1726 2060 1883 2136 quod
1900 2060 1972 2118 de
1991 2060 2293 2119 divinitate
2311 2069 2370 2119 et
2386 2062 2647 2120 humani-

230 2148 348 2197 tate
379 2140 593 2198 Christi
621 2140 735 2197 dici
764 2161 880 2198 non
907 2147 1114 2217 potest.
1201 2142 1295 2200 Ita
1314 2141 1507 2217 quod'
1491 2161 1553 2198 m
1574 2160 1644 2198 eo
1664 2149 1789 2198 toto
1811 2148 1915 2214 est,
1939 2140 2095 2216 quod
2116 2139 2330 2217 ubique
2348 2150 2453 2215 est,
2479 2140 2653 2200 debet

230 2219 463 2295 quidem
493 2239 618 2277 esse
647 2219 878 2295 ubique,
904 2220 952 2278 si
975 2229 1064 2278 est
1091 2220 1151 2277 in
1179 2221 1326 2279 Toto
1348 2220 1786 2297 omnipraesente
1808 2240 1910 2297 per
1929 2220 2405 2296 exaequationem,
2431 2221 2554 2279 sive
2577 2220 2650 2280 de

230 2298 441 2356 unione
471 2298 589 2370 tali,
623 2318 751 2374 quae
779 2308 868 2357 est
895 2319 1084 2357 rerum
1112 2300 1325 2375 pariter
1350 2299 1720 2374 infinitarum,
1751 2319 1868 2358 non
1896 2307 2087 2358 autem
2130 2300 2229 2358 ubi
2257 2308 2461 2358 natura
2487 2300 2652 2358 finita

233 2377 431 2435 unitur
457 2377 694 2436 infinitae
723 2386 946 2437 retenta
974 2398 1078 2436 sua
1103 2378 1424 2437 finitudine.

315 2456 602 2514 XXVII.
652 2457 712 2515 Si
741 2456 900 2529 Λόγος
928 2458 1140 2516 alicubi
1179 2467 1268 2516 est
1311 2466 1477 2517 extra
1517 2458 1935 2518 humanitatem
1976 2480 2079 2537 per
2123 2461 2554 2535 separationem,
2586 2467 2652 2518 ut

235 2536 310 2595 sit
339 2545 636 2614 separatus
666 2537 739 2595 ab
768 2558 852 2613 ea,
878 2558 1013 2595 vere
1042 2546 1232 2616 potest
1259 2537 1391 2613 diei,
1439 2538 1596 2615 quod
1637 2538 1852 2597 alicubi
1888 2559 2005 2597 non
2034 2549 2187 2599 esset
2215 2539 2386 2597 homo
2410 2561 2423 2615 ;
2470 2539 2573 2598 sed
2602 2539 2653 2597 si

233 2618 447 2676 alicubi
489 2626 579 2676 cst
617 2626 783 2677 extra
828 2619 1242 2677 humanitatem
1287 2638 1390 2695 per
1430 2639 1542 2677 non
1573 2619 1946 2694 inclusionem,
1978 2640 2094 2679 non
2122 2622 2268 2678 bene
2298 2629 2489 2696 potest
2518 2619 2650 2694 dici,

233 2698 390 2773 quod
434 2698 647 2756 alicubi
690 2719 807 2756 non
852 2708 940 2758 est
988 2699 1177 2774 home,
1208 2699 1345 2775 quia
1396 2698 1583 2757 Filius
1630 2698 1742 2756 Dei
1781 2707 1870 2758 est
1914 2700 2103 2774 homo,
2135 2720 2251 2757 non
2280 2720 2382 2776 per
2408 2700 2653 2758 localem

234 2778 674 2837 coexistentiam
701 2778 1076 2837 humanitatis
1105 2799 1235 2837 cum
1265 2778 1587 2853 divinitate,
1634 2778 1737 2837 sed
1763 2798 1867 2854 per
1897 2779 2185 2838 Unionem
2227 2779 2653 2856 hypostaticam

232 2856 498 2915 humanae
525 2867 745 2916 naturae
775 2858 984 2917 factam
1012 2879 1128 2917 non
1158 2878 1289 2917 cum
1316 2859 1463 2932 loce,
1495 2858 1597 2916 sed
1629 2878 1758 2916 cum
1788 2858 1952 2934 Λόγῳ.
2038 2859 2181 2917 Ideo
2208 2860 2368 2930 Λόγος
2396 2859 2456 2916 in
2484 2859 2653 2917 terris

232 2935 490 2993 existens
517 2936 814 2994 verissime
844 2946 932 2995 est
961 2938 1148 3011 homo,
1194 2945 1253 2995 et
1293 2937 1670 3013 personaliter
1707 2956 1773 2994 ac
1821 2938 2264 3013 praesentissime
2295 2939 2405 2995 sibi
2432 2938 2653 2996 unitam

232 3014 410 3072 habet
436 3023 699 3071 naturam
728 3016 1056 3089 humanam,
1087 3016 1198 3073 etsi
1225 3036 1294 3073 ea
1321 3016 1381 3071 in
1409 3016 1576 3073 terris
1604 3034 1858 3091 praesens
1885 3036 2001 3073 non
2031 3025 2136 3074 est.
2225 3016 2344 3074 Ubi
2371 3036 2510 3091 ergo
2539 3037 2657 3075 non

233 3103 323 3152 est
351 3094 677 3151 humanitas
708 3093 938 3167 Christi,
970 3094 1051 3151 ibi
1079 3102 1271 3151 tamen
1299 3093 1446 3151 bene
1477 3094 1742 3150 Christus
1770 3094 1941 3151 homo
1964 3094 2174 3151 dicitur
2195 3114 2338 3167 esse,
2370 3103 2656 3169 quatenus

232 3172 397 3245 Λόγος
425 3173 508 3230 ibi
536 3173 809 3246 existens,
831 3181 1116 3231 sustentat
1137 3171 1569 3244 humanitatem,
1600 3171 1711 3229 etsi
1739 3191 1855 3229 non
1877 3172 1974 3245 ibi,
2001 3171 2103 3229 sed
2125 3172 2263 3228 alibi
2292 3172 2656 3231 existentem.

319 3251 640 3331 XXVIII.
683 3254 915 3328 Neqata
941 3254 1187 3310 Naturae
1213 3253 1471 3309 humanoe
1507 3216 1841 3327 U’biquitate,
1873 3272 1985 3308 non
2011 3252 2197 3308 statim
2225 3252 2473 3326 sequitur
2492 3272 2654 3327 sepa-

232 3324 400 3406 rai-1⁸0,
431 3352 527 3390 seu
556 3332 752 3390 divisio
793 3334 1038 3389 duarum
1066 3341 1407 3389 naturarum
1435 3331 1492 3387 in
1525 3329 1764 3389 Christe.
1826 3330 2010 3388 Aliud
2039 3339 2127 3388 est
2153 3330 2312 3401 Λόγοι
2341 3350 2466 3388 esse
2490 3340 2656 3389 extra

233 3432 465 3471 carnem
505 3432 609 3488 per
649 3432 765 3469 non
806 3411 1202 3486 inclusionem,
1256 3418 1314 3468 et
1356 3410 1466 3467 hoc
1515 3428 1688 3467 sensu
1732 3410 2081 3485 conceditur,
2127 3410 2277 3503 quia·
2292 3430 2408 3467 non
2436 3419 2525 3469 est
2566 3410 2653 3469 in-

233 3492 466 3550 clusus
451 3512 511 3550 ιιι
532 3512 601 3550 ea
622 3500 820 3568 utpote
840 3491 1114 3549 infinitus.
1201 3489 1383 3548 Aliud
1406 3509 1530 3547 esse
1553 3498 1719 3547 extra
1746 3509 1873 3547 eam
1902 3511 2004 3567 per
2031 3491 2466 3567 separationem,
2497 3493 2655 3568 quod

233 3580 494 3647 negatur,
516 3571 652 3648 quia
662 3572 771 3629 etsi
793 3592 909 3629 non
927 3571 1003 3629 sit
1018 3570 1275 3629 inclusus
1288 3589 1574 3645 nusquam
1587 3578 1781 3628 tamen
1802 3579 1891 3629 est
1908 3590 1943 3627 a
1963 3590 2134 3629 carne
2157 3578 2472 3646 separatus.
2514 3571 2654 3631 Pro-

231 3651 443 3727 positio
470 3652 583 3709 ista
620 3653 855 3709 Verbum
885 3650 1092 3709 alieubi
1127 3671 1239 3709 non
1280 3658 1361 3707 est
1398 3651 1576 3723 homa,
1608 3649 1897 3726 duplicem
1927 3670 2159 3709 sensum
2186 3650 2399 3708 habere
2427 3659 2653 3728 potest:

234 3738 334 3788 aut
352 3730 639 3806 significat
667 3733 904 3789 Verbum
925 3730 1227 3789 deseruisse
1247 3730 1454 3788 alicubi
1469 3738 1737 3787 naturam
1764 3731 2086 3805 humanam,
2112 3739 2170 3788 et
2188 3730 2299 3788 hoc
2319 3749 2492 3789 sensu
2512 3731 2657 3791 falsa

236 3817 341 3882 est,
373 3809 509 3883 quia
535 3808 691 3884 quod
719 3810 979 3868 Verbum
1022 3810 1198 3867 semel
1240 3810 1567 3885 assumpsit,
1614 3828 1907 3885 nunquam
1936 3810 2192 3883 dimisit;
2238 3816 2339 3867 aut
2366 3810 2656 3886 significat

247 3889 486 3944 Verbum
514 3906 628 3945 esse
654 3889 859 3946 alicubi
882 3889 977 3947 ubi
1000 3910 1113 3946 non
1147 3890 1220 3946 sit
1245 3909 1383 3947 caro
1422 3889 1604 3947 Verbi.
1689 3888 1769 3946 Et
1796 3889 1877 3947 ita
1905 3908 2042 3946 vera
2070 3896 2158 3946 est
2176 3889 2352 3965 juxta
2393 3888 2655 3947 Verbum

238 3965 469 4040 Christi,
501 3986 587 4024 me
613 3987 725 4024 non
750 3987 969 4042 semper
995 3968 1270 4043 habebitis,
1301 3968 1380 4025 id.
1411 3967 1728 4025 secundum
1754 3966 2188 4040 humanitatem,
2220 3974 2279 4024 et
2304 3975 2497 4024 tamen
2516 3968 2655 4026 alibi

234 4067 332 4185 go
359 4046 650 4121 vobiscum,
695 4046 897 4121 inquit,
942 4067 1114 4122 usque
1140 4050 1224 4105 ad
1246 4047 1768 4105 consummationem
1793 4049 2122 4120 seculorum,
2157 4045 2294 4102 nim.
2337 4046 2653 4106 secundum

278 4126 616 4185 'vinitatem.

318 4205 577 4265 XXIX.
624 4205 789 4263 Licet
817 4205 1080 4264 Christus
1108 4205 1306 4264 sedeat
1332 4206 1407 4263 ad
1434 4205 1699 4264 dextram
1743 4205 1856 4262 Dei
1883 4224 2012 4280 quse
2041 4211 2130 4262 est
2157 4203 2388 4281 ubique,
2418 4224 2535 4261 non
2565 4225 2652 4264 se-

236 4286 433 4361 quitur
460 4286 752 4344 Christum
781 4285 1096 4344 secundum
1137 4304 1366 4342 carnem
1396 4304 1521 4342 esse
1549 4284 1784 4359 ubique.
1873 4286 1924 4341 1.
1971 4283 2120 4358 Quia
2146 4282 2306 4341 aliud
2333 4290 2423 4341 est
2450 4283 2657 4344 dextra

241 4365 369 4438 Dei,
401 4364 560 4422 aliud
588 4365 768 4424 sessio
791 4365 864 4423 ad
887 4365 1169 4423 dextram.
1255 4364 1369 4420 Illa
1390 4373 1478 4422 est
1498 4363 1608 4421 Dei
1632 4362 2046 4438 omnipotentia
2074 4369 2132 4420 et
2159 4363 2447 4438 majestas
2534 4364 2659 4423 Ista

237 4462 378 4500 vero
397 4442 657 4517 Officium
689 4445 939 4520 Regium
970 4442 1342 4517 Mediatoris;
1372 4463 1489 4500 non
1517 4442 1675 4500 illico
1704 4440 1819 4498 dici
1846 4450 2036 4517 potest
2064 4441 2135 4499 de
2164 4461 2233 4499 eo
2261 4441 2361 4516 qui
2390 4442 2554 4500 sedet
2581 4444 2657 4502 ad

238 4521 520 4594 dextram,
551 4523 825 4599 quicquid
853 4523 1063 4582 dicitur
1083 4523 1155 4581 de
1177 4523 1416 4596 dextra3
1461 4522 1621 4593 aliae,
1653 4530 1719 4579 ut
1745 4520 1952 4578 dextra
1976 4521 2087 4578 Dei
2108 4529 2196 4579 est
2224 4530 2437 4579 aeterna
2465 4531 2522 4580 et
2550 4522 2654 4580 im-

242 4619 459 4673 mensa,
505 4601 585 4658 ita
624 4602 724 4677 qui
766 4603 928 4661 sedet
955 4602 1030 4660 ad
1057 4602 1321 4661 dextram
1351 4601 1586 4659 deberet
1614 4620 1741 4658 esse
1769 4601 1920 4672 talis,
1952 4610 2011 4658 et
2037 4601 2164 4676 ipsa
2214 4600 2491 4673 Ecclesia,
2527 4623 2656 4678 quae

244 4679 444 4738 sedere
464 4678 1031 4741 dieituraddextram
1064 4682 1276 4759 Sponsi
1305 4681 1410 4753 sui,
1439 4680 1592 4737 Psal.
1617 4680 1739 4738 xlv,
1772 4682 1826 4755 9,
1849 4681 1959 4737 hoc
1982 4687 2177 4756 posset
2199 4678 2311 4737 sibi
2332 4680 2653 4742 vendicare.

2301 4777 2336 4814 'r
