3221 5200
520 307 634 361 374
1279 328 1460 369 Locus
1490 330 1748 371 naeuius
1778 332 2067 380 QUARTUS.
2582 318 2841 402 [Quffisr.
2871 343 2936 382 x.

517 470 747 536 nostras,
780 463 966 539 gratia
1010 465 1244 541 quidem
1270 466 1470 528 fuisset
1518 470 1744 547 ingens,
1797 473 1844 530 si
1894 473 2053 531 Deus
2102 473 2427 534 condonare
2456 478 2739 540 voluisset
2765 483 2936 542 nobis

521 551 795 618 peccata3
842 543 943 601 sed
972 543 1143 621 longe
1173 555 1365 605 tamen
1396 550 1740 610 subsidisset
1781 552 1928 610 infra
1979 557 2245 634 ὑπιςβολὸν
2274 556 2586 633 charitatiS,
2617 579 2721 635 per
2763 583 2934 639 quam

525 621 759 696 factum,
792 630 857 680 ut
898 625 1129 700 justitia
1158 647 1386 701 poenam
1416 631 1636 706 peccati
1667 632 2101 692 inexorabiliter
2129 635 2475 712 postulante,
2509 639 2715 698 vicerit
2743 651 2936 701 tamen

525 702 728 759 salutis
758 712 967 761 nostrae
997 704 1362 781 desiderium,
1412 722 1635 785 reperto
1681 712 1738 769 in
1768 732 1895 769 eam
1941 734 2058 771 rem
2089 714 2150 771 in
2192 715 2461 773 thesauro
2491 719 2787 795 sapientiae
2834 722 2935 781 ad·

523 781 771 839 mirabili
808 782 1053 859 justitiae
1102 806 1231 843 curn
1282 788 1674 848 misericordia
1716 802 2184 869 temperamento.
2271 795 2392 852 Nec
2450 796 2713 858 Christus
2741 814 2938 877 posset

524 861 638 918 dici
668 861 811 919 iram
839 863 1116 939 placasse,
1150 866 1197 923 si
1228 867 1460 942 quidem
1513 871 1673 929 Deus
1725 871 1848 948 ipse
1880 873 2328 932 satisfactionem
2374 876 2590 935 nullam
2622 879 2934 957 exigendO,

527 941 670 998 iram
701 962 805 1018 per
833 962 894 1000 se
924 942 1091 1002 facile
1135 946 1440 1021 posuisset.

791 1079 800 1090 ,
1128 1025 1388 1086 XXIII.
1435 1028 1716 1105 Denique,
1744 1034 1795 1089 1.
1831 1032 2128 1090 Sententia
2145 1032 2217 1091 de
2240 1034 2645 1095 satisfactionis
2689 1042 2940 1099 necessi·

521 1074 1005 1181 Gffixmcgssffigffss'
1047 1112 1162 1161 tate
1183 1125 1295 1163 non
1327 1106 1567 1184 derogat
1591 1110 1693 1167 ulli
1715 1111 2129 1187 perfectionum
2143 1112 2487 1173 divinarum.
2520 1117 2650 1175 Non
2672 1121 2940 1179 absoluta

1047 1185 1320 1243 Potestatz'
1336 1211 1359 1259 ,·
1403 1187 1550 1261 Quia
1597 1190 1757 1248 Deus
1788 1212 1901 1248 non
1930 1200 2120 1267 potest
2149 1212 2210 1251 se
2239 1204 2297 1252 et
2325 1194 2570 1254 virtutes
2600 1217 2732 1256 suas
2761 1201 2936 1259 abne-

526 1280 662 1336 gare
688 1283 702 1332 3
734 1280 839 1319 nec
867 1261 950 1320 ita
980 1282 1040 1321 se
1070 1283 1286 1340 gerere,
1319 1268 1486 1342 quasi
1514 1279 1750 1344 peccato
1780 1270 2111 1345 delectetur,
2162 1272 2517 1349 indulgendo
2539 1281 2826 1353 peccatori
2848 1282 2935 1339 sui

525 1342 1001 1399 communionem.
1088 1343 1219 1402 Non
1249 1344 1553 1405 liberrimae
1594 1350 1893 1426 Voluntati,
1927 1351 2064 1427 quia
2104 1352 2249 1409 nihil
2273 1354 2400 1411 vult
2438 1367 2537 1413 aut
2568 1357 2718 1416 velle
2747 1370 2937 1436 potest

526 1428 726 1478 contra
755 1440 917 1478 suam
937 1421 1226 1498 justitiam
1256 1433 1313 1483 ct
1342 1428 1722 1504 sanctitatem,
1755 1451 1883 1507 quae
1913 1451 2028 1487 non
2074 1451 2272 1507 parum
2303 1433 2623 1511 laederetur,
2657 1439 2705 1495 si
2734 1460 2933 1516 pecca·

526 1508 650 1556 tum
680 1510 937 1558 maneret
965 1501 1230 1561 inultum.
1304 1506 1433 1563 Non
1464 1508 1877 1567 rllzlsaricorde'ae
1896 1511 2206 1586 immensae,
2240 1513 2375 1589 quia
2404 1513 2489 1572 illi
2519 1516 2680 1576 locus
2710 1539 2938 1595 semper

527 1577 698 1637 datur
740 1599 879 1656 erga
913 1590 1289 1657 peccatorem,
1322 1586 1457 1643 licet
1507 1588 1820 1648 satisfactio
1871 1611 1904 1647 a
1955 1590 2120 1648 Vade
2163 1592 2449 1668 exigatur.
2538 1597 2650 1654 Sed
2695 1599 2831 1657 facit
2860 1600 2935 1658 ad

525 1658 967 1717 illustrationem
1016 1662 1216 1737 gloriae
1259 1668 1858 1741 praestantissimarum
1921 1670 2029 1727 Dei
2081 1670 2408 1732 virtutum:
2456 1675 2797 1752 Sanctitatis,
2831 1700 2938 1756 per

524 1757 698 1814 quam
725 1739 944 1797 nullam
974 1761 1103 1798 cum
1133 1754 1431 1818 peccatore
1452 1749 1907 1807 communionem
1933 1751 2119 1808 colere
2150 1760 2340 1827 potest
2369 1753 2491 1812 sine
2522 1759 2736 1832 praevia
2766 1761 2931 1818 satis·

524 1817 789 1893 factione,
821 1840 935 1896 qua
964 1828 1021 1878 et
1065 1832 1255 1880 reatus
1286 1826 1410 1901 ejus
1441 1826 1714 1903 deleatur,
1749 1837 1806 1887 et
1835 1830 2073 1887 maculae
2124 1831 2343 1890 ablutio
2371 1846 2744 1913 procuretur;
2792 1842 2935 1898 Jus-

526 1899 672 1971 tz’tz'ae,
698 1919 826 1975 quae
856 1899 937 1957 ita
964 1900 1396 1961 inexorabiliter
1424 1907 1646 1981 peccati
1695 1929 1923 1985 poenam
1975 1910 2245 1985 postulat,
2279 1921 2343 1970 ut
2385 1913 2559 1971 etiam
2601 1917 2660 1974 in
2702 1919 2936 1996 proprio

530 1977 678 2034 Filio
710 1998 815 2037 suo
845 1979 1005 2036 Deus
1035 1980 1178 2038 illud
1206 1984 1408 2059 punire
1436 1986 1699 2060 voluerit,
1745 2008 1817 2046 ne
1842 1989 2085 2047 inultum
2117 2001 2406 2065 maneret;
2451 1985 2771 2072 ffipientiae,
2803 2020 2934 2076 quae

525 2056 682 2131 quod
710 2058 867 2115 omni
897 2068 1087 2116 creato
1118 2060 1432 2121 intellectui
1466 2064 1820 2142 impossibile
1852 2067 1975 2142 fuit,
2009 2069 2347 2128 admirabile
2390 2073 2634 2149 justitiae
2677 2087 2735 2136 et
2763 2080 2933 2137 mise-

524 2136 786 2195 ricordiae
836 2148 1345 2215 temperamentum
1385 2144 1626 2219 invenit,
1678 2167 1793 2223 quo
1821 2148 2230 2207 misericordiae
2257 2150 2421 2209 locus
2471 2174 2610 2231 erga
2654 2178 2759 2216 nos
2807 2159 2934 2217 dari

521 2217 725 2290 potuit,
780 2217 902 2275 sine
949 2219 1069 2277 ullo
1116 2220 1352 2296 justitiae
1382 2225 1754 2302 praejudici03
1804 2230 2133 2303 Char-itatis,
2179 2250 2294 2306 qua
2338 2235 2569 2310 proprio
2621 2238 2772 2297 Filio
2816 2259 2931 2296 non

522 2296 792 2371 pepercit,
826 2307 889 2354 ut
919 2298 1086 2356 nobis
1115 2312 1391 2376 parceret.
1476 2309 1531 2363 2.
1579 2306 1747 2365 Facit
1795 2306 1869 2365 ad
1911 2308 2325 2368 incrementum
2368 2312 2616 2391 pictatia,
2663 2320 2934 2394 augendo

519 2375 741 2450 peccati
768 2376 1078 2452 horrorem,
1124 2382 1280 2456 quod
1322 2390 1496 2441 tantae
1542 2386 1859 2446 atrocitatis
1893 2388 2017 2461 fuit,
2049 2396 2114 2446 ut
2156 2409 2270 2447 non
2313 2395 2564 2467 potuerit
2593 2398 2724 2469 alio,
2757 2419 2930 2474 quam

522 2455 802 2529 sanguine
830 2456 959 2512 Filii
996 2458 1106 2514 Dei
1135 2460 1267 2535 elui,
1300 2469 1358 2520 et
1399 2463 1807 2524 inflammando
1853 2468 2026 2526 corda
2071 2477 2266 2527 nostra
2309 2481 2510 2532 mutuo
2552 2496 2744 2536 amore
2793 2500 2935 2556 erga

525 2531 734 2609 Deum,
766 2542 831 2593 ut
859 2554 989 2593 eum
1012 2556 1114 2613 pro
1144 2538 1297 2596 virili
1327 2541 1688 2604 redamemus
1716 2547 1815 2623 qui
1845 2556 2140 2625 tantopere
2170 2568 2276 2607 nos
2319 2550 2540 2614 dilexit.

578 2667 618 2711 F
687 2672 734 2711 te
796 2668 828 2713 S
863 2670 879 2711 1
1132 2618 1380 2681 XXIV.
1427 2621 1590 2682 Licet
1620 2625 1781 2683 Deus
1824 2629 2145 2686 necessario
2175 2630 2619 2714 satisfactionem
2651 2640 2932 2715 exegerit,

621 2680 935 2770 miiohuxss.u⁸
1052 2695 1184 2752 Non
1213 2699 1486 2775 sequitur,
1518 2721 1635 2761 non
1677 2705 1854 2764 libere
1898 2709 2006 2766 hoc
2036 2710 2257 2768 fecisse.
2304 2715 2452 2784 Quia
2479 2719 2790 2776 necessitas
2820 2720 2936 2778 ista

1046 2793 1160 2831 non
1189 2775 1298 2837 fuit
1324 2780 1582 2859 physica,
1617 2784 1718 2842 sed
1764 2786 1952 2846 ethica
1980 2796 2037 2846 et
2065 2790 2377 2864 rationaliS‚
2409 2804 2474 2853 ut
2502 2796 2715 2855 dictum
2739 2821 2753 2870 3
2798 2820 2931 2875 quae

519 2856 656 2906 nata
705 2858 793 2907 est
837 2870 910 2908 ex
960 2852 1285 2932 hypothesi,
1312 2867 1434 2916 tum
1462 2864 1699 2939 peccati,
1733 2867 1888 2941 quod
1933 2868 2120 2927 voluit
2169 2874 2515 2948 permittere,
2548 2887 2669 2934 tum
2712 2878 2928 2938 decreti

521 2928 631 2986 Dei
662 2928 733 2986 de
774 2930 957 2990 salute
986 2934 1298 3012 hominum,
1343 2959 1459 3016 quo
1500 2943 1690 3018 posito
1719 2965 1834 3003 non
1863 2950 2050 3024 potuit
2080 2968 2194 3006 non
2237 2956 2648 3014 convenienter
2681 2959 2928 3034 justitias

519 3027 637 3088 suae
667 3028 866 3086 agere;
912 3021 976 3070 ut
1005 3013 1052 3072 si
1087 3015 1246 3074 Deus
1275 3019 1418 3078 velit
1444 3021 1708 3082 homines
1737 3026 1970 3104 alloqui,
1993 3050 2108 3087 non
2138 3038 2329 3105 potest
2358 3034 2504 3093 illud
2532 3037 2701 3095 aliter
2750 3060 2927 3116 quam

519 3108 654 3147 vere
677 3088 879 3166 facere,
907 3093 1062 3169 quod
1085 3103 1277 3155 tamen
1306 3099 1443 3159 facit
1465 3103 1806 3163 voluntarie.

600 3168 814 3228 XXV.
861 3173 1041 3231 Aliud
1061 3184 1148 3233 est
1175 3179 1464 3239 remittere
1493 3181 1565 3240 de
1606 3186 1756 3242 Jure
1797 3205 1918 3260 su0,
1953 3187 2135 3249 Aliud
2165 3193 2235 3251 de
2264 3195 2515 3253 Justitia.
2549 3197 2708 3255 Deus
2737 3209 2929 3275 potest

518 3247 589 3305 de
657 3249 789 3323 jure
846 3271 949 3310 suo
1014 3256 1320 3332 remittere,
1380 3261 1483 3318 sed
1546 3283 1662 3321 non
1725 3265 2003 3342 absolute,
2084 3272 2186 3330 sed
2241 3282 2523 3350 quatenus
2572 3276 2630 3334 id
2712 3280 2930 3354 patitur

517 3327 776 3384 ,Iustitiae
817 3331 979 3405 ratio,
1024 3353 1099 3390 ne
1141 3336 1361 3395 scilicet
1388 3340 1527 3415 quid
1546 3343 1822 3419 injustum
1855 3346 1970 3405 fiat.
2036 3350 2167 3409 Non
2210 3354 2426 3429 patitur
2466 3364 2655 3414 autem
2697 3359 2928 3434 justitia

517 3406 732 3463 remitti
776 3419 1074 3483 peccatum
1118 3414 1240 3472 sine
1280 3418 1685 3497 satisfactione,
1737 3426 1872 3500 quia
1921 3427 2003 3486 sic
2054 3432 2334 3508 Majestas
2385 3434 2609 3511 Legum
2658 3438 2925 3514 violatur,

519 3491 577 3540 et
647 3494 883 3559 peccato
948 3507 1062 3545 non
1118 3492 1377 3552 redditur
1430 3516 1616 3559 suum.
1743 3509 1798 3561 2.
1858 3506 1990 3565 Non
2044 3511 2179 3570 licet
2235 3533 2460 3589 semper
2514 3515 2586 3574 de
2632 3518 2764 3593 jure
2823 3539 2928 3577 suo

518 3563 823 3638 remittere,
857 3566 906 3622 si
948 3568 1047 3642 jus
1077 3570 1151 3627 sit
1181 3573 1490 3649 publicum,
1521 3599 1639 3637 non
1692 3584 1997 3660 privatum,
2031 3590 2340 3666 Judiciale,
2372 3614 2488 3651 non
2535 3596 2923 3670 Dominicum,

517 3642 795 3718 naturale,
829 3664 942 3702 non
991 3647 1252 3723 liberum,
1284 3653 1619 3734 honestatis,
1652 3681 1766 3720 non
1796 3664 2079 3727 utilitatis,
2167 3671 2250 3730 At
2298 3674 2412 3732 «Ius
2461 3694 2646 3751 poenae
2694 3678 2751 3734 in
2801 3679 2926 3736 Deo

515 3741 632 3779 non
662 3730 750 3780 est
778 3724 891 3782 Jus
921 3727 1205 3801 privatum
1239 3733 1471 3811 Crediti,
1504 3748 1604 3798 aut
1636 3741 1908 3818 Dominii,
1941 3767 2055 3805 non
2086 3750 2330 3808 liberum
2360 3761 2417 3811 et
2444 3756 2776 3831 positivum,
2809 3779 2925 3815 non

514 3801 782 3861 utilitatis
812 3806 1065 3881 privatae,
1100 3811 1201 3867 sed
1231 3812 1546 3876 honestatis
1574 3821 1838 3897 publicae,
1871 3825 1913 3883 J
1918 3846 1985 3884 us
2017 3828 2282 3889 Rectoris
2311 3841 2370 3891 et
2396 3833 2646 3910 Judicis‚
2679 3839 2834 3912 quod
2865 3840 2923 3895 in

516 3881 642 3956 ipsa
688 3891 893 3942 natura
914 3886 1201 3965 fundatur,
1234 3901 1489 3971 utsupra
1518 3899 1726 3958 visum.
1775 3903 2029 3982 Ideoque
2052 3909 2212 3968 Dens
2230 3931 2343 3969 non
2373 3916 2561 3989 potuit
2580 3916 2651 3973 de
2673 3917 2774 3974 illo
2789 3918 2923 3993 jure

516 3960 863 4038 dispensare,
880 3968 1145 4042 quamvis
1163 3991 1279 4029 non
1299 3973 1373 4032 sit
1396 3975 1542 4053 Legi
1561 3979 1864 4059 obnoxiuS,
1882 3986 2016 4061 quia
2035 3997 2123 4046 est
2142 3991 2251 4049 sibi
2271 3992 2382 4068 ipsi
2402 3992 2555 4068 Lex3
2587 3996 2730 4053 alias
2748 3998 2922 4055 etiam

514 4040 1007 4117 impoenitentibus
1030 4058 1313 4124 quatenus
1331 4054 1476 4113 tales
1498 4069 1747 4134 manent,
1768 4073 1964 4138 posset
1985 4079 2222 4143 peccata
2240 4073 2546 4148 remittere,
2569 4076 2725 4150 quod
2745 4086 2924 4154 negat

512 4128 705 4178 tamen
724 4123 1045 4185 haereticus.
1099 4129 1219 4189 Nec
1243 4133 1413 4209 siper
1431 4136 1601 4194 talem
1627 4139 2111 4217 dispensationem
2137 4151 2350 4208 nemini
2374 4152 2522 4211 facta
2540 4154 2744 4214 fuisset
2771 4156 2920 4234 inju-

512 4199 612 4272 ria,
636 4203 916 4276 potuisset
944 4205 1053 4264 hoc
1088 4208 1261 4287 Deus,
1294 4213 1429 4288 quia
1457 4216 1501 4273 J
1504 4218 1702 4277 ustitia
1732 4221 1840 4279 Dei
1865 4233 1922 4282 et
1952 4227 2231 4304 Majestas
2263 4231 2483 4309 Legum
2515 4235 2837 4294 laederetur.

597 4279 844 4339 XXVI.
892 4286 1211 4360 Satis-factio
1260 4301 1318 4350 et
1372 4296 1623 4355 remissio
1669 4311 1803 4360 sunt
1854 4303 2328 4386 incompatibiles,
2389 4332 2566 4389 quum
2597 4316 2791 4392 agitur
2845 4316 2917 4376 de

513 4357 797 4449 solutione
823 4361 1004 4452 debiti
1037 4370 1366 4445 pecuniarii,
1414 4376 1537 4434 sive
1567 4377 1668 4436 fiat
1694 4401 1797 4456 per
1844 4383 2033 4459 ipsum
2063 4387 2397 4465 debitorem,
2438 4393 2560 4452 sive
2590 4416 2693 4472 per
2720 4396 2917 4469 alium,

510 4455 647 4527 qum
676 4459 789 4497 non
822 4461 878 4498 m
908 4464 976 4500 ea
1004 4447 1308 4522 respicitur
1334 4454 1464 4528 quis
1508 4456 1711 4532 solvat,
1747 4462 1848 4519 sed
1888 4466 2026 4540 quid
2058 4469 2331 4546 solvatur,
2358 4474 2404 4529 si
2434 4475 2772 4533 tantundem
2804 4478 2916 4534 sol·

510 4525 678 4608 vitu-r·
714 4530 990 4592 qnantum
1034 4525 1292 4587 debetur.
1381 4534 1496 4591 Sed
1540 4536 1650 4595 hoc
1701 4540 1889 4599 locum
1938 4548 2152 4621 pariter
2197 4571 2308 4607 non
2340 4553 2514 4612 habet
2543 4556 2601 4612 in
2647 4558 2921 4616 solutione

510 4595 671 4650 debut
690 4602 948 4669 poenale‘s,
981 4605 1116 4677 quia
1143 4608 1235 4664 hic
1285 4629 1396 4667 non
1426 4616 1729 4690 respicitur
1757 4629 1978 4681 tantum
2023 4647 2112 4684 res
2142 4650 2268 4704 qum
2320 4632 2579 4708 solvitur,
2615 4637 2714 4693 sed
2744 4637 2916 4695 etiarn
