3221 5200
564 319 681 376 620
1304 334 1495 373 Locus
1523 333 1789 374 m-:cmus
1809 336 2110 376 ssr‘rmns.
2599 319 2851 391 [QUAEST.
2878 332 2965 370 ιιι.

640 474 899 532 XXIII.
945 474 1054 547 Qui
1086 484 1317 534 servant
1346 474 1614 531 mandata
1642 474 1902 533 absolute
1951 485 2009 534 et
2052 477 2318 554 perfecte,
2351 476 2422 533 iis
2465 476 2590 532 Lex
2619 473 2878 531 absolute
2908 480 2966 529 et

554 554 804 633 perfecte
831 554 1126 630 possibilis
1154 565 1278 630 est;
1327 555 1403 612 Et
1431 555 1528 630 qui
1578 553 1828 628 diligunt
1873 556 2073 613 eodem
2117 557 2305 630 mode,
2336 556 2481 614 bene
2511 554 2779 613 dicuntur
2806 572 2965 609 man·

559 635 695 692 data
741 634 998 710 implere.
1088 635 1203 692 Sed
1232 655 1361 692 cum
1391 653 1558 690 nemo
1589 632 1664 689 sit
1692 633 1790 708 qui
1819 632 1900 691 ita
1945 634 2165 711 diligat,
2199 646 2256 693 et
2299 634 2569 692 mandata
2591 640 2797 704 servet,
2828 632 2966 707 quia

560 734 635 772 ex
664 722 823 789 parte
852 722 1074 772 tantum
1105 713 1521 790 cognoscimus,
1558 711 1585 767 1
1631 712 1758 769 Cor.
1800 714 1922 772 xiii.
1971 717 2025 788 9,
2080 723 2137 772 et
2179 735 2253 772 ex
2302 723 2463 792 parte
2514 731 2788 785 amamuS,
2819 711 2968 768 etin

559 792 756 851 multis
785 792 1156 870 impingimus
1185 812 1399 865 omnes,
1431 792 1472 849 J
1478 811 1560 848 ac.
1593 790 1672 848 iii.
1705 795 1758 867 2,
1807 793 1989 851 Nemo
2019 794 2188 852 etiam
2220 802 2410 870 potest
2437 794 2546 851 hoc
2587 792 2694 850 sibi
2734 789 2964 867 privile·

564 873 726 949 gium
768 873 1080 929 vindicare.
1186 872 1263 930 Et
1291 871 1447 947 quod
1475 871 1613 929 Joh.
1647 871 1766 929 xiv.
1799 877 1893 947 23,
1927 883 1984 931 et
2015 874 2181 931 Rom.
2213 873 2334 931 xiii.
2367 876 2421 946 8,
2454 871 2679 945 dicitur,
2711 889 2824 927 non
2853 869 2968 926 alia

555 952 774 1010 ratione
804 950 1239 1025 intelligendum
1269 959 1374 1025 est,
1406 970 1578 1027 quam
1608 950 1679 1008 de
1710 951 2039 1028 impletione
2069 953 2290 1012 sincera
2315 954 2376 1010 in
2404 954 2512 1009 hac
2542 951 2679 1025 vita,
2711 957 2768 1008 et
2795 949 2967 1026 plena

560 1052 626 1090 ac
656 1030 982 1088 omnimoda
1004 1032 1061 1086 in
1084 1030 1281 1088 altera.

641 1110 888 1166 XXIV.
936 1108 1102 1181 Quod
1133 1109 1490 1186 impossibile
1522 1117 1610 1168 est
1630 1117 1793 1182 ἁπλῆς
1814 1121 1870 1170 et
1893 1133 1998 1171 sua
2013 1120 2235 1186 natura,
2259 1111 2543 1170 neminem
2564 1108 2802 1185 obligat.
2850 1105 2968 1164 Sed

561 1188 829 1246 mandata
861 1187 1036 1263 Legis
1065 1188 1445 1265 impossibilia
1474 1199 1607 1247 sunt
1636 1200 1858 1250 tantum
1883 1201 2010 1246 naa-22
2038 1202 2088 1246 τί
2113 1193 2173 1249 in
2201 1201 2353 1250 statu
2385 1191 2705 1262 Viatorum,
2737 1195 2970 1265 propter

556 1267 944 1325 interveniens
974 1277 1192 1326 naturae
1222 1269 1446 1326 vitium.
1534 1270 1616 1327 Ut
1648 1271 1909 1328 Creditor
1937 1291 2052 1328 non
2082 1271 2293 1330 amittit
2330 1271 2431 1347 jus
2480 1268 2775 1345 repetendi
2806 1265 2967 1323 debi-

557 1354 678 1404 tum
709 1366 743 1401 a
764 1345 1038 1418 debitore,
1071 1348 1243 1405 etiam
1274 1349 1321 1404 si
1352 1368 1467 1404 non
1498 1349 1572 1405 sit
1601 1350 1880 1406 solvendo
1905 1371 1918 1422 3
1969 1351 2059 1407 Ita
2094 1352 2229 1426 jura
2261 1350 2370 1407 Dei
2399 1368 2514 1406 non
2533 1347 2968 1417 imminuuntur,

554 1425 663 1482 etsi
689 1425 861 1482 homo
889 1426 1117 1501 propria
1145 1427 1315 1502 culpa
1343 1446 1456 1482 non
1486 1429 1732 1502 amplius
1762 1428 1837 1485 sit
1867 1428 2161 1485 solvendo,
2251 1428 2473 1485 Deinde
2504 1427 2664 1482 Deus
2688 1444 2802 1482 non
2823 1443 2975 1499 prae-

556 1505 695 1581 cipit
719 1505 934 1580 Legem
966 1504 1247 1576 fidelibus,
1281 1505 1443 1579 quasi
1474 1504 1587 1562 illis
1619 1506 1878 1563 absolute
1908 1507 2199 1582 possibilis
2238 1515 2406 1579 esset,
2455 1504 2556 1562 sed
2585 1513 2706 1560 tum
2735 1512 2799 1559 ut
2829 1522 2976 1576 cog-

558 1584 848 1666 noscendo
868 1583 1131 1656 officium,
1164 1593 1221 1641 et
1248 1583 1642 1659 impotentiam
1688 1604 1847 1641 suam
1898 1584 1972 1641 ad
2014 1584 2157 1641 illud
2207 1583 2625 1659 exequendum,
2671 1579 2976 1638 ardentius

561 1663 874 1722 remedium
906 1663 1105 1738 gratiae
1135 1672 1411 1739 quaerant.
1457 1666 1491 1695 ‘⁴
1517 1663 1646 1720 Non
1667 1664 1837 1740 jubet
1858 1664 2016 1721 Deus
2040 1663 2471 1740 impossibilia,''
2494 1660 2682 1736 inquit
2712 1660 2974 1735 August.

564 1747 599 1776 ‘⁴
619 1743 720 1801 sed
736 1743 997 1820 jubendo
1015 1743 1300 1815 admonet,
1332 1751 1390 1800 et
1419 1743 1602 1801 facere
1632 1743 1789 1819 quod
1816 1743 2018 1819 possis,
2051 1751 2109 1800 et
2152 1752 2341 1819 petere
2392 1741 2548 1818 quod
2576 1760 2693 1798 non
2721 1739 2974 1816 possisl'

564 1823 642 1881 Et
681 1822 957 1881 Bernard.
1021 1822 1200 1880 Serm.
1253 1825 1347 1896 50,
1396 1822 1451 1878 in
1511 1823 1673 1880 Cant.
1699 1844 1712 1880 ε
1774 1827 1809 1855 “
1833 1823 1884 1880 N
1890 1842 1964 1879 on
2019 1823 2189 1880 latuit
2246 1823 2664 1898 Praeceptorem
2720 1838 2976 1895 praecep-

562 1903 606 1960 ti
635 1902 861 1979 pondus
889 1901 1168 1960 excedere
1201 1902 1367 1975 vitea,
1402 1901 1502 1959 sed
1523 1902 1816 1975 judicavit
1842 1902 1982 1959 utile
2012 1922 2087 1959 ex
2116 1901 2224 1960 hoc
2274 1901 2400 1978 ipso
2447 1920 2564 1958 suae
2593 1900 2724 1958 illos
2752 1898 2972 1955 insuffi-

559 1982 782 2039 cientiae
812 1981 1124 2055 admoueri,
1157 1991 1213 2039 et
1236 1989 1299 2039 ut
1318 1981 1529 2039 scirent
1550 1981 1624 2038 ad
1648 2001 1821 2057 quem
1837 1981 2083 2054 justitiae
2112 1981 2283 2039 finem
2302 1981 2408 2039 niti
2431 1999 2533 2056 pro
2552 1979 2773 2037 viribus
2802 1997 2972 2053 opor·

565 2070 727 2120 teret.
814 2061 971 2136 Ergo
1001 2060 1326 2118 mandando
1345 2060 1739 2136 impossibilia,
1763 2082 1877 2118 non
1908 2061 2375 2137 praevaricatores
2397 2059 2550 2132 facit,
2578 2058 2682 2117 sed
2700 2057 2971 2131 humileS,

560 2149 625 2198 ut
654 2160 821 2196 omne
853 2159 917 2197 os
947 2140 1291 2211 obstruatur,
1324 2150 1381 2197 et
1411 2140 1676 2198 subditus
1698 2140 1799 2198 fiat
1829 2140 2015 2197 omnis
2045 2140 2292 2198 mundus
2325 2139 2510 2197 Deos

645 2219 859 2276 XXV.
905 2219 1072 2292 Quod
1100 2219 1289 2295 placet
1322 2220 1447 2276 Deo
1476 2220 1534 2276 in
1566 2239 1626 2277 se
1656 2229 1713 2277 et
1741 2239 1843 2295 per
1871 2239 1948 2292 se,
1981 2229 2212 2296 propter
2260 2217 2645 2276 omnimodam
2668 2215 2974 2273 conformi—

565 2307 740 2357 tatem
771 2318 901 2356 eum
934 2299 1106 2373 Lege,
1140 2307 1228 2355 est
1256 2298 1500 2374 perfecte
1522 2298 1768 2371 justum.
1858 2299 1972 2356 Sed
2001 2319 2114 2356 non
2145 2299 2281 2357 item
2327 2297 2482 2374 quod
2524 2297 2609 2353 illi
2638 2294 2826 2372 placet
2847 2304 2978 2352 tan-

566 2386 687 2435 tum
716 2397 817 2452 per
846 2386 903 2434 et
929 2385 1161 2453 propter
1190 2378 1496 2450 Christum,
1529 2379 1817 2454 quomodo
1845 2379 1998 2436 bona
2026 2398 2197 2454 opera
2224 2378 2452 2454 placent
2489 2377 2631 2450 Dee,
2665 2375 2795 2431 Non
2817 2375 2979 2449 quod

565 2457 680 2514 sint
703 2456 949 2532 perfecte
980 2465 1036 2514 et
1065 2457 1324 2514 absolute
1356 2458 1537 2531 bona3
1585 2458 1687 2515 sed
1731 2458 1868 2534 quia
1911 2458 1969 2514 in
2021 2458 2132 2515 fide
2184 2457 2396 2516 Christi
2441 2456 2592 2513 facta
2622 2463 2770 2528 sunt,
2804 2455 2976 2528 cujus

568 2535 894 2592 obedientia
923 2555 1121 2593 omnes
1150 2536 1330 2593 nostri
1358 2536 1508 2593 naevi
1538 2545 1595 2594 et
1625 2536 1882 2595 defectus
1911 2545 2186 2614 teguntur
2212 2546 2269 2594 et
2299 2536 2709 2594 condonantur.

650 2614 899 2671 XXVI.
946 2615 1133 2687 Quum
1169 2615 1382 2673 Paulus
1412 2616 1551 2673 dicit
1578 2636 1637 2674 se
1682 2618 1870 2674 omnia
1889 2638 2055 2692 posse
2097 2618 2154 2674 in
2204 2638 2266 2674 eo
2313 2618 2411 2692 qui
2452 2637 2574 2674 eum
2624 2615 2975 2687 corroborat,

570 2692 718 2748 Phil.
752 2693 827 2748 iv,
866 2696 953 2764 13,
988 2713 1101 2749 non
1124 2694 1384 2750 absolute
1415 2694 1828 2770 intelligendus
1851 2705 1954 2769 est,
1989 2695 2090 2752 sed
2107 2716 2210 2771 pro
2241 2695 2502 2768 subjecta
2531 2694 2785 2766 materia,
2818 2713 2980 2750 nem-

563 2790 635 2847 pe
664 2789 792 2846 quae
823 2778 1082 2845 spectant
1111 2770 1183 2827 ad
1211 2773 1509 2846 praesentis
1538 2774 1675 2830 vitae
1697 2774 2150 2849 qualemcunque
2198 2775 2581 2833 conditionem
2612 2773 2895 2849 patienter
2924 2783 2986 2833 et

566 2849 858 2907 moderate
887 2848 1197 2907 ferendam.
1244 2849 1335 2906 Ibi
1355 2850 1507 2907 enim
1527 2850 1847 2926 Apostolus
1870 2872 1983 2909 non
2002 2853 2255 2927 loquitur
2272 2854 2342 2912 de
2386 2853 2730 2930 perfectione
2754 2871 2982 2911 morum

570 2930 666 2988 vel
694 2928 765 2987 de
798 2929 1019 3006 Pelagii
1050 2929 1460 3005 impeccantia3
1507 2930 1609 2988 sed
1639 2930 1710 2988 de
1740 2932 2060 2990 constantia
2088 2933 2262 2989 animi
2292 2933 2371 3010 pii
2391 2933 2465 2990 ad
2482 2951 2753 3009 prospera
2781 2931 2982 2990 mode·

570 3020 691 3068 rate
723 3018 779 3068 et
808 3009 1051 3067 adversa
1080 3009 1302 3068 fortiter
1329 3017 1388 3067 et
1417 3009 1700 3086 patienter
1728 3010 1980 3069 ferenda.
2045 3014 2249 3071 Omnia
2275 3023 2405 3070 sunt
2430 3012 2721 3087 possibilia
2749 3014 2982 3068 creden·

573 3091 628 3164 ti,
664 3091 845 3148 Marc.
877 3091 955 3147 ix.
988 3093 1082 3163 23,
1114 3110 1230 3147 non
1254 3090 1588 3167 simpliciter
1616 3100 1679 3149 ut
1708 3091 1891 3167 possit
1939 3112 2064 3151 esse
2110 3092 2326 3168 absque
2356 3100 2606 3168 peccate,
2633 3091 2735 3148 sed
2776 3110 2984 3147 seeun-

575 3170 711 3227 dum
741 3170 882 3245 quid
911 3170 984 3227 ad
1016 3170 1293 3227 beneficia
1321 3171 1542 3246 quaevis
1567 3171 1661 3229 vel
1691 3171 1993 3247 ordinaria,
2022 3172 2115 3229 vel
2145 3171 2613 3243 extraordinaria,
2640 3190 2673 3226 a
2698 3170 2821 3227 Deo
2844 3191 2985 3228 con·

576 3250 883 3325 sequenda.

1546 3488 1932 3561 QUAESTIO
1978 3489 2095 3547 III.

1220 3660 1297 3698 DE
1342 3660 1735 3701 Necessira‘rr:
1768 3664 2047 3703 sonorum
2078 3665 2335 3704 ornauit.

938 3803 1030 3859 An
1058 3802 1202 3859 bona
1237 3804 1429 3877 Opera
1455 3803 1564 3860 sint
1590 3804 1904 3861 necessaria
1932 3807 2014 3861 acl
2035 3807 2267 3863 salutem
2289 3810 2317 3864 t>
2401 3805 2621 3863 Affirm.

666 3961 712 4018 I.
760 3961 902 4020 Cum
934 3962 1008 4019 ad
1043 3962 1567 4020 Sanctificationem
1616 3963 1899 4039 pertineat
1927 3964 2122 4040 praxis
2152 3972 2209 4021 et
2238 3964 2488 4022 studium
2521 3965 2799 4023 bonorum
2832 3963 2990 4040 Ope·

582 4061 724 4112 rum,
751 4061 864 4098 non
894 4042 1098 4098 melius
1128 4062 1195 4098 ea
1222 4042 1436 4118 percipi
1467 4050 1672 4118 potest,
1698 4063 1869 4119 quam
1900 4045 1948 4100 si
1978 4064 2169 4101 corum
2202 4054 2406 4102 natura
2434 4044 2539 4102 rite
2586 4054 2995 4120 cognoscatur.

580 4121 837 4193 Quatuor
864 4131 1054 4178 antem
1084 4130 1324 4197 possunt
1353 4122 1713 4197 potissimum
1742 4123 1812 4180 de
1843 4123 1957 4181 illis
1986 4124 2181 4198 quaeri,
2212 4123 2542 4194 Necessitas
2579 4125 2811 4197 Veritas,
2847 4125 2995 4181 Per-

565 4200 759 4275 fectic),
792 4208 849 4256 et
879 4201 1162 4257 Mmeum.
1252 4201 1338 4258 De
1368 4201 1578 4276 quibus
1625 4201 1892 4259 distincte
1939 4202 2244 4278 agendum.
2333 4203 2420 4259 De
2465 4203 2822 4262 Perfectione
2858 4204 2995 4278 jam

578 4279 794 4336 dictum
826 4288 913 4337 est
942 4279 1268 4352 Quaestione
1298 4281 1662 4355 praecedenti.
1745 4281 1789 4339 J
1792 4301 1882 4338 am
1913 4281 1983 4338 de
2013 4283 2350 4339 Necessitate
2377 4282 2585 4358 agitur.

579 4382 701 4425 Tres
724 4386 1057 4427 sententioede
1182 4358 1264 4415 II.
1310 4359 1452 4416 Tres
1482 4368 1617 4418 sunt
1643 4361 1944 4437 praecipuae
1984 4361 2279 4419 sententiae
2329 4361 2480 4419 circa
2528 4362 2804 4419 bonorum
2839 4361 3002 4439 Ope·

636 4439 943 4507 Necessitate
976 4443 1058 4485 bo·
1100 4455 1224 4492 rum
1254 4438 1671 4497 necessitatem.
1761 4440 1951 4497 Prima
1980 4459 2192 4514 eorum,
2224 4440 2320 4515 qui
2351 4450 2654 4517 peccantes
2683 4439 2742 4497 in
2764 4440 3007 4500 defectu

634 4510 806 4541 norum
826 4499 1055 4554 Operum.
1100 4535 1226 4571 eam
1255 4526 1506 4591 negant;
1553 4518 1753 4593 quales
1775 4519 2004 4576 fuerunt
2033 4519 2170 4576 olim
2209 4521 2528 4578 Simoniani
2569 4529 2626 4579 et
2674 4539 2828 4577 nunc
2859 4531 3009 4581 sunt

580 4589 859 4661 Epicurei
884 4600 939 4648 et
972 4594 1261 4667 Libertini,
1294 4595 1391 4669 qui
1444 4597 1593 4653 bona
1623 4618 1796 4675 opera
1837 4597 2138 4656 arbitraria
2180 4608 2237 4657 et
2259 4598 2571 4677 adiaphora
2595 4599 2828 4675 faciunt,
2859 4619 3006 4677 quae
