3221 5200
259 403 488 454 QuAEs'r.
520 382 639 463 111.]
1039 394 1056 411 ⁰
1312 402 1390 442 m:
1422 402 1574 443 nme
1605 401 1727 442 nm.
2609 390 2685 446 25

263 546 392 605 tivis
446 544 799 603 illustratum
854 552 914 602 et
958 543 1260 615 sancitum,
1308 543 1504 621 qualia
1549 550 1686 602 sunt
1729 549 1852 601 tum
1897 542 2229 621 exemplum
2279 544 2511 621 Christi,
2563 554 2687 606 tum

262 625 525 684 maxima
550 624 703 682 illius
730 623 1057 700 beneficia3
1099 624 1311 702 quippe
1340 624 1391 684 si
1430 643 1537 682 nos
1565 632 1863 700 tantopere
1910 623 2133 700 dilexit,
2187 623 2465 685 debemus
2514 626 2686 684 vicis-

267 706 398 780 sim,
429 715 495 763 ut
521 723 678 763 amor
706 723 901 762 amore
930 714 1352 781 compensatur,
1385 704 1445 761 in
1486 703 1783 763 charitatis
1824 703 2342 763 redhostimentum
2392 715 2452 764 et
2498 707 2687 782 ipsum

263 794 327 844 at
354 785 561 843 fratres
587 792 816 843 nostros
844 793 1079 862 propter
1104 785 1293 861 ipsum
1336 784 1597 860 diligere,
1634 787 1663 840 1
1696 784 1738 843 J
1743 783 1836 842 oh.
1867 783 1946 843 iv.
1981 786 2090 861 113
2135 804 2352 844 novum
2395 786 2568 844 etiam
2596 806 2686 845 ra·-

262 866 424 923 tione
451 864 787 939 duratiomb,
819 865 957 941 quia
982 874 1320 941 perpetuum
1351 872 1440 923 est
1467 873 1526 923 et
1554 872 1850 922 aeternum.

346 945 602 1002 XXIV.
647 944 776 1003 Non
801 953 995 1021 potest
1022 945 1137 1003 dici
1165 945 1473 1022 quicquam
1502 943 1762 1002 additum
1802 964 1836 1002 a
1866 944 2095 1003 Christo
2123 944 2316 1020 quoad
2358 945 2689 1004 essentialia

264 1025 575 1103 praeceptis
605 1024 782 1101 Legis
809 1024 1063 1083 moralis.
1148 1025 1280 1082 Non
1312 1024 1522 1098 Prim0,
1553 1023 1652 1082 vel
1677 1044 1849 1083 novus
1893 1027 2090 1082 modus
2138 1025 2360 1099 orandi,
2412 1025 2511 1102 qui
2561 1046 2690 1083 ora·

264 1106 423 1164 tione
460 1104 771 1162 Dominica
813 1104 1118 1179 definitur;
1185 1104 1335 1178 Quia
1368 1111 1721 1180 praeceptum
1766 1103 1993 1162 colendi
2043 1113 2101 1162 et
2148 1103 2426 1162 adorandi
2478 1106 2684 1180 Deum,

266 1186 590 1243 orationem
617 1184 942 1243 necessario
970 1184 1243 1258 continet,
1275 1193 1334 1242 et
1360 1183 1629 1260 quamvis
1658 1184 1841 1242 oratio
1874 1184 2178 1242 Dominica
2205 1184 2395 1261 quoad
2445 1184 2686 1243 formam

265 1284 302 1321 a
331 1265 567 1323 Christo
595 1264 671 1322 sit
698 1264 981 1338 instituta,
1012 1264 1155 1321 nihil
1185 1264 1359 1323 habet
1401 1263 1594 1340 quoad
1643 1264 1942 1322 materiam
1979 1272 2037 1323 et
2062 1284 2154 1321 res
2193 1267 2483 1340 petendas,
2529 1265 2686 1342 quod

264 1344 539 1421 precibus
571 1343 915 1403 Sanctorum
958 1344 1020 1401 in
1048 1344 1250 1403 Veteri
1278 1345 1437 1403 Test.
1467 1364 1583 1402 non
1613 1344 1689 1402 sit
1713 1363 2053 1420 expressum
2076 1366 2090 1418 3
2136 1344 2251 1401 Vel
2277 1366 2450 1403 novus
2476 1345 2692 1405 Christi

267 1427 447 1483 cultus
476 1433 537 1482 et
568 1423 759 1481 Patris
804 1424 864 1481 ‘m
893 1424 1058 1501 ipso3
1104 1423 1252 1497 Quia
1280 1424 1538 1482 adoratio
1569 1423 1782 1481 Christi
1804 1432 1871 1482 et
1910 1424 2182 1482 mandata
2223 1424 2331 1483 fuit
2373 1425 2582 1502 saepius
2624 1426 2686 1483 in

267 1504 404 1563 vet.
436 1504 616 1577 Test.,
651 1503 866 1561 Psalm.
896 1504 955 1561 ii.
992 1507 1082 1577 12,
1115 1513 1173 1563 et
1200 1504 1322 1562 xlv.
1356 1507 1448 1579 11,
1480 1513 1538 1562 et
1576 1504 1753 1561 xcvii.
1775 1508 1829 1579 7,
1863 1504 2052 1561 Exod.
2085 1504 2270 1579 xxiii.,
2302 1513 2361 1564 et
2402 1506 2687 1583 exemplis

270 1584 448 1641 variis
477 1584 832 1659 confirmata,
864 1583 1203 1658 Abrahami,
1236 1585 1385 1643 Gen.
1415 1583 1580 1642 xviii.
1612 1588 1706 1657 23,
1734 1582 1878 1659 &c.;
1910 1583 2140 1657 Jacobi,
2174 1584 2322 1643 Gen.
2354 1584 2539 1643 xlviii.
2575 1589 2685 1660 163

272 1663 554 1736 Danielis,
585 1664 665 1722 ix.
703 1667 795 1738 17,
828 1661 937 1721 ἃς.
1022 1664 1150 1722 Imo
1178 1664 1339 1722 nulla
1368 1664 1549 1722 oratio
1578 1683 1615 1720 a
1645 1663 1914 1721 Patribus
1943 1664 2054 1721 nisi
2103 1663 2162 1720 in
2212 1665 2441 1722 nomine
2472 1665 2688 1724 Christi

271 1744 475 1802 saltem
505 1742 783 1820 implicite
812 1742 1004 1818 fiebat,
1035 1752 1318 1820 quatenus
1347 1743 1638 1802 nitebatur
1674 1742 2151 1820 promissionibus
2179 1742 2412 1817 divinis,
2443 1764 2685 1819 quarum

268 1822 708 1881 fundamentum
737 1830 860 1881 erat
890 1823 1155 1897 Messias,
1186 1827 1222 1881 2
1255 1824 1383 1882 Cor.
1415 1823 1452 1880 i.
1483 1825 1580 1881 20.

350 1903 569 1960 XXV.
616 1903 747 1961 Non
781 1902 1064 1977 Secund0,
1096 1923 1199 1980 per
1224 1903 1545 1978 Imayinum
1574 1912 1628 1961 et
1652 1904 1964 1975 Idolorum,
1996 1921 2114 1959 non
2141 1900 2313 1960 modo
2343 1902 2549 1975 cultus,
2583 1902 2689 1962 sed

269 1983 442 2040 etiam
455 1983 875 2057 fabr-statione,
907 1992 965 2041 et
996 1982 1253 2041 locorum
1284 1983 1467 2040 Idolis
1496 2002 1788 2041 sacrorum
1820 1982 2317 2058 frequentationis,
2352 1984 2685 2058 prohibitio-

269 2083 411 2120 nem.
498 2061 649 2136 Quia
676 2063 785 2120 hoc
814 2062 1003 2139 ipsum
1026 2063 1149 2138 jam
1179 2063 1286 2120 sub
1315 2062 1518 2121 Veteri
1547 2063 1705 2121 Test.
1735 2070 2085 2140 praeceptum
2114 2061 2316 2134 fuerat,
2347 2082 2523 2138 quum
2551 2062 2685 2120 Ido-

269 2141 325 2200 la
354 2142 634 2201 Gentium
662 2142 939 2217 comburi,
972 2142 1175 2200 altar-ia
1194 2141 1439 2216 destrui,
1472 2150 1531 2200 ct
1557 2142 1676 2200 luci
1705 2142 1923 2201 succidi
1946 2141 2242 2219 jubentur,
2297 2140 2486 2199 Exod.
2517 2141 2683 2198 xxiii.

272 2225 368 2295 24,
415 2222 731 2280 Deuteron.
781 2222 884 2279 xii.
915 2226 970 2295 2,
1004 2224 1059 2279 3.
1145 2221 1272 2279 Imo
1300 2221 1688 2294 interdictum,
1729 2241 1802 2279 ne
1845 2221 2078 2279 nomina
2121 2220 2416 2279 Idolorum
2458 2219 2520 2277 in
2568 2240 2685 2279 ser—

270 2301 540 2358 monibus
566 2311 928 2377 usurpentur,
963 2299 1153 2359 Exod.
1184 2301 1350 2358 xxiii.
1386 2304 1477 2374 13,
1510 2309 1570 2358 et
1598 2301 1755 2358 Psal.
1785 2301 1908 2359 xvi.
1938 2304 1994 2373 4,
2025 2300 2121 2357 vel
2152 2300 2503 2358 consortium
2553 2321 2684 2359 cum

274 2379 611 2437 Idololatria
637 2381 906 2457 religioni
933 2380 1270 2439 damnosum
1303 2380 1542 2454 celatur,
1578 2381 1853 2439 Deutero.
1882 2380 1983 2437 vii.
2016 2383 2069 2453 2,
2103 2382 2159 2437 3.

359 2458 611 2517 XXVI.
654 2460 783 2519 Non
812 2460 1027 2535 Tertio,
1060 2460 1173 2519 Vel
1204 2479 1306 2536 per
1335 2458 1799 2518 Advocationem
1831 2458 2046 2517 Christi
2084 2459 2144 2515 in
2172 2454 2564 2518 testimonium
2592 2468 2683 2518 ut-

270 2547 406 2617 pote
428 2539 692 2597 cordium
715 2540 1067 2616 scrutatoris,
1100 2539 1346 2617 Apocal.
1377 2538 1436 2597 ii.
1468 2542 1563 2598 23.
1650 2538 1801 2613 Quia
1834 2546 1897 2597 ut
1926 2537 2190 2597 Christus
2228 2547 2507 2616 tanquam
2538 2558 2682 2596 coee-

270 2629 468 2678 temus
498 2628 556 2678 et
584 2621 978 2679 coessentialis
1009 2622 1167 2680 Patri
1186 2619 1468 2679 adoratus
1496 2628 1585 2679 est
1609 2619 1674 2676 in
1704 2620 1780 2678 V.
1811 2620 1988 2694 Test.,
2020 2619 2102 2677 ita
2137 2619 2397 2696 juratum
2446 2628 2536 2678 est
2579 2639 2686 2696 per

271 2719 480 2758 nomen
504 2700 651 2777 ejus,
686 2700 799 2758 Isa.
828 2700 953 2758 xIV.
984 2704 1080 2774 23,
1112 2710 1171 2760 et
1200 2700 1368 2758 Rom.
1399 2700 1520 2759 xiv.
1556 2702 1648 2758 11.
1714 2700 1829 2758 Vel
1865 2717 1970 2776 per
1996 2699 2038 2758 J
2043 2699 2329 2757 uramenti
2356 2699 2682 2758 absolutam

266 2779 729 2857 prohibitionem,
760 2780 860 2856 qui
900 2787 1001 2838 aut
1029 2787 1200 2838 antea
1225 2779 1461 2853 dictum,
1512 2799 1630 2838 non
1672 2780 1934 2839 absolute
1984 2787 2041 2838 et
2090 2778 2427 2855 simpliciter
2469 2778 2683 2838 intelli-

271 2859 496 2935 gendus
526 2868 615 2918 est
644 2879 831 2918 sermo
861 2859 1092 2934 Christi,
1126 2860 1335 2918 Matth.
1378 2879 1457 2934 v.,
1490 2858 1593 2917 sed
1633 2859 1876 2918 limitato
1905 2858 2098 2936 quoad
2139 2858 2462 2935 subjectam
2502 2869 2683 2918 mate-

268 2939 428 3012 riam,
455 2939 535 2997 id.
566 2939 898 2997 temerarias
916 2939 1046 2997 illas
1074 2947 1134 2997 et
1159 2958 1478 3016 perversaS,
1500 2959 1629 3015 quae
1659 2938 1718 2996 in
1747 2938 2098 3015 quotidianis
2128 2938 2490 2996 sermonibus
2517 2958 2681 2996 usur-

269 3018 569 3094 pabantur‚
595 3019 827 3095 jurandi
858 3019 1133 3077 formulas
1160 3039 1263 3096 per
1301 3027 1609 3077 creaturae.
1694 3017 1824 3076 Non
1856 3017 2091 3091 Quarto,
2122 3036 2225 3094 per
2265 3019 2685 3093 abroqationem

271 3098 550 3173 Sabbathi,
575 3098 741 3173 Quia,
772 3107 836 3157 ut
862 3107 1065 3176 postea
1083 3098 1437 3175 probabitur,
1458 3097 1800 3173 abrogatum
1828 3104 2053 3155 tantum
2083 3105 2171 3154 est
2199 3095 2390 3171 quoad
2418 3116 2687 3155 caeremo-

272 3176 440 3249 niale,
470 3198 584 3236 non
612 3178 804 3255 quoad
832 3179 1066 3236 morale.

355 3256 640 3316 XXVII..
685 3257 816 3316 Non
845 3257 1078 3331 Quint0,
1119 3276 1223 3334 per
1267 3255 1736 3330 Magistratuum,
1789 3253 2187 3326 Dominorum,
2235 3260 2293 3310 et
2343 3251 2686 3311 Maritorum

273 3335 506 3410 cultum,
530 3337 630 3414 qui
659 3336 840 3395 instar
871 3339 1106 3395 Patrum
1126 3336 1424 3394 observari
1453 3333 1721 3392 debeant.
1780 3332 1930 3407 Quia
1947 3341 2164 3390 certum
2188 3331 2295 3389 sub
2313 3331 2545 3389 nomine
2564 3335 2681 3391 Pa-

272 3425 420 3474 rrum
447 3419 623 3475 etiam
652 3416 713 3474 in
743 3417 875 3475 Vct.
906 3417 1064 3474 Test.
1095 3425 1154 3474 et
1183 3416 1565 3492 Magistratus
1593 3423 1653 3472 et
1683 3413 1965 3470 Dominos
1996 3431 2098 3469 seu
2145 3411 2315 3469 heros
2344 3420 2402 3469 et
2445 3410 2684 3472 maritos

270 3495 539 3572 intelligi,
573 3496 785 3555 GencS.
815 3496 919 3554 xli.
949 3498 1045 3569 43,
1077 3504 1137 3554 ct
1164 3496 1286 3553 xlv.
1318 3497 1373 3569 8,
1418 3493 1557 3553 Job.
1603 3493 1771 3552 xxix.
1819 3495 1911 3566 16,
1957 3497 1992 3549 2
2026 3491 2173 3567 Reg.
2197 3511 2255 3549 v.
2290 3493 2383 3566 13,
2432 3492 2530 3568 qui
2579 3513 2683 3570 po-

260 3582 478 3634 testate
508 3595 612 3634 sua
640 3575 931 3634 moderate
960 3584 1019 3634 et
1044 3583 1296 3651 paterne,
1329 3594 1444 3633 non
1474 3573 1784 3650 despotice,
1816 3572 2030 3630 debent
2056 3572 2159 3645 uti,
2194 3571 2367 3630 Deut.
2388 3591 2445 3629 v,
2465 3573 2560 3646 20,
2584 3577 2678 3648 21,

268 3663 327 3712 et
354 3656 501 3713 xvii.
537 3658 629 3729 15,
662 3663 720 3714 et
746 3655 911 3712 xxiv.
946 3658 1015 3729 13
1061 3653 1238 3712 Mala.
1284 3654 1344 3712 ii.
1393 3657 1484 3728 14,
1521 3655 1614 3713 15.
1701 3653 1832 3709 Non
1885 3652 2083 3725 Sexte,
2113 3670 2218 3727 per
2253 3653 2683 3727 prohibitionem

266 3735 372 3792 ἕνα
397 3744 454 3792 et
478 3735 821 3809 injuriarum
839 3752 987 3810 erga
1015 3733 1265 3808 fratrem,
1298 3741 1356 3791 et
1382 3733 1641 3791 vindictoe
1668 3735 2037 3807 cujuscunque
2059 3755 2081 3802 ,·
2116 3729 2273 3803 ‘Quia
2289 3731 2480 3806 quoad
2503 3733 2677 3808 prius,

268 3813 395 3871 ch
423 3814 784 3890 prohibendo
812 3813 1203 3887 homicidium,
1235 3813 1502 3890 prohibet
1530 3831 1888 3888 quaecunque
1927 3831 1996 3868 eo
2045 3809 2355 3882 deducunt,
2408 3819 2526 3868 tum
2579 3831 2678 3867 ex-

259 3893 550 3952 trinsecus
578 3893 819 3969 injurias
847 3901 905 3951 et
932 3891 1188 3965 dicteria,
1219 3901 1344 3950 tum
1372 3891 1528 3950 intus
1556 3900 1747 3948 motus
1775 3891 1875 3948 irae
1903 3898 1962 3947 et
1991 3888 2125 3962 odii,
2142 3887 2354 3961 Quoad·
2373 3889 2676 3964 posteriuS,

260 3991 295 4028 a
324 3971 558 4030 Christo
586 3972 844 4031 vindicta
868 3972 1098 4047 privata
1124 3979 1348 4029 tantum
1377 3976 1609 4030 vctat'ur
1629 3970 1804 4046 juxta
1834 3969 2068 4045 Legem,
2099 3987 2217 4025 non
2243 3986 2383 4023 vero
2426 3967 2676 4043 publica,

260 4070 391 4127 quae
420 4071 538 4109 non
566 4060 757 4127 potest
783 4050 1039 4127 separari
1066 4049 1139 4108 ab
1161 4050 1349 4108 officio
1378 4050 1777 4126 Magistratus,
1811 4048 1979 4105 Rom.
2009 4047 2132 4104 xiii.
2167 4050 2218 4121 1,
2249 4049 2308 4103 2.
2491 4118 2498 4123 q

341 4131 667 4189 XXVIII.
712 4130 845 4188 Non
878 4130 1153 4206 Septimo,
1201 4148 1304 4206 per
1351 4128 1721 4188 interdictum
1767 4136 2034 4203 aspectus
2074 4123 2350 4201 impudici
2396 4124 2671 4204 mulieris,

259 4208 500 4268 divortii
525 4218 694 4269 extra
720 4229 952 4268 causam
974 4208 1267 4281 adulterii,
1297 4217 1358 4267 et
1383 4209 1569 4266 omnis
1598 4206 1962 4266 scortationis
1991 4215 2049 4264 et
2091 4202 2443 4281 turpiloquii.
2529 4204 2678 4278 Quia

259 4288 374 4347 ista
401 4290 596 4347 omnia
624 4288 732 4348 sub
772 4290 931 4365 Lege
951 4289 1075 4366 jam
1098 4290 1486 4361 continentur,
1538 4308 1668 4364 quse
1713 4285 1821 4344 sub
1868 4305 1985 4345 una
2030 4284 2217 4360 specie
2263 4291 2444 4340 totum
2492 4303 2677 4359 genus

262 4369 681 4446 complectitur,
712 4368 966 4428 vetando
1005 4387 1231 4426 omnem
1276 4368 1684 4444 impuritatem,
1715 4384 1844 4440 quae
1891 4365 1989 4422 vel
2031 4363 2092 4421 in
2140 4381 2310 4439 opere
2357 4361 2454 4419 vel
2482 4365 2677 4424 verbis

257 4466 386 4506 sese
416 4448 620 4523 exerit,
652 4457 710 4507 et
753 4456 1103 4524 praeceptum
1154 4446 1440 4504 decimum
1489 4446 1562 4503 de
1609 4442 2076 4521 concupiscentia
2123 4441 2184 4499 id
2231 4442 2419 4517 ipsum
2468 4442 2673 4504 fortius

256 4527 577 4585 confirmat.
663 4527 996 4586 Divortium
1025 4546 1181 4599 vere,
1216 4534 1280 4584 ut
1309 4545 1482 4602 supra
1509 4525 1747 4596 dictum,
1780 4543 1895 4581 non
1922 4520 2266 4598 permissum
2293 4521 2388 4579 vel
2417 4541 2669 4600 praecep-

256 4615 387 4711 turn⁸
409 4606 520 4665 fuit
550 4608 709 4683 Lege
754 4606 977 4678 morali,
1010 4605 1112 4663 sed
1154 4604 1459 4664 toleratum
1489 4611 1710 4662 tantum
1744 4602 1902 4677 Lege
1946 4599 2158 4658 forensi
2203 4609 2435 4678 propter
2463 4618 2672 4683 cuzago-

244 4689 464 4766 mgoe'aev
489 4686 708 4763 populi.
