3221 5200
327 401 549 452 Qum.
582 380 725 464 vm]
1350 401 1431 441 ns
1460 402 1614 443 Leon
1645 403 1764 445 nm.
2677 380 2753 438 37

893 544 1084 601 Beata
1111 559 1330 621 quoque
1355 542 1589 619 aqmina

900 623 1215 683 Ooelestium
1241 623 1576 700 Spt'm'tumn,

895 702 1215 778 Proetert‘ca,
1236 704 1564 781 proesentia,

891 785 1121 842 flatura
1147 784 1304 842 mala
1333 784 1542 861 pellite.

328 942 406 1001 Et
433 942 508 1000 ad
537 940 859 1020 Apostolos
887 941 948 1001 in
978 940 1212 1001 Hortul.
1244 940 1444 1003 Anim.
1471 963 1530 1022 p.
1558 943 1691 1020 184,
1738 944 1776 977 ‘⁸
1805 942 1857 1003 Ο
1882 939 2040 1002 beati
2081 940 2371 1021 Apostoli,
2415 940 2627 1001 solvite
2652 958 2746 1000 me

324 1041 360 1079 a
384 1023 661 1099 peccatis,
691 1022 984 1083 defendite
1010 1042 1121 1098 me,
1166 1022 1484 1082 confortate
1525 1041 1636 1098 me,
1668 1031 1727 1082 et
1753 1021 1829 1081 ad
1856 1042 2099 1101 regnum
2127 1024 2361 1083 coeleste
2388 1018 2746 1100 perducite,''

325 1102 494 1177 Item,
520 1104 559 1137 ‘⁴
576 1122 669 1162 me
695 1123 803 1180 per
826 1122 934 1161 vos
963 1102 1176 1161 salvari
1201 1112 1337 1179 peto
1364 1103 1426 1161 in
1443 1112 1704 1163 extremo
1724 1103 1950 1183 judicio
1972 1104 2031 1182 ;''
2061 1103 2137 1163 ed
2161 1103 2221 1165 S.
2248 1103 2482 1163 Petrum
2511 1102 2574 1160 in
2602 1101 2744 1160 Bre-

323 1181 403 1241 vi.
436 1183 566 1259 Ro„
596 1182 747 1243 festo
777 1183 936 1242 Petri
963 1191 1023 1241 et
1052 1182 1259 1242 Pauli:

884 1344 1029 1402 Jam
1053 1341 1192 1401 bone
1218 1343 1429 1401 Pastor
1455 1344 1625 1401 Patre
1652 1345 1885 1402 clemens
1911 1341 2104 1421 accipe

900 1424 1045 1481 Vota
1060 1431 1415 1498 precantum,
1446 1434 1501 1482 et
1514 1424 1742 1500 peccati
1763 1425 1988 1483 vincula

884 1504 1121 1561 Resolve
1146 1502 1248 1561 u‘bi
1258 1512 1536 1579 potestate
1562 1503 1795 1579 hadita,

893 1583 1011 1650 Qua·
1032 1582 1241 1642 eunctis
1267 1585 1460 1642 coelum
1485 1585 1652 1644 verbe
1677 1582 1914 1659 claudii,
1942 1581 2152 1661 aperis.

319 1738 422 1799 Ad
449 1740 743 1801 Jacobum
771 1743 1050 1821 majorem
1077 1740 1139 1800 in
1169 1740 1380 1803 Horta.
1409 1742 1521 1806 ani.
1549 1764 1565 1804 ε

890 1903 941 1963 O
966 1902 1180 1961 Jacobs
1205 1905 1461 1962 accelera

881 2003 1009 2041 mea
1035 1985 1220 2041 delere
1244 1986 1476 2058 scelera,

882 2064 1022 2120 mila·
1045 2066 1190 2121 dans
1216 2066 1369 2122 dona
1380 2062 1619 2138 justitia

884 2163 923 2200 α
933 2144 1217 2217 fermento
1242 2143 1487 2203 malita‘oe.

314 2298 487 2359 Idem
514 2299 585 2358 de
614 2300 839 2361 caeteris
869 2303 1171 2381 Apostolis
1200 2312 1258 2364 et
1290 2302 1519 2364 Sanctis
1545 2300 1715 2362 facile
1743 2300 1972 2361 ostendi
2013 2309 2245 2381 posset:
2292 2300 2463 2363 Unde
2507 2308 2733 2362 constat

317 2379 650 2454 clarissime,
700 2401 819 2440 non
858 2392 1084 2442 tentum
1112 2385 1371 2442 invocari
1397 2392 1463 2442 ut
1490 2382 1900 2442 intercessores
1926 2383 2029 2459 qui
2074 2403 2179 2460 pro
2206 2383 2376 2441 nobis
2403 2391 2582 2457 orent,
2629 2381 2733 2441 sed

313 2459 493 2517 etiam
522 2470 586 2519 ut
610 2459 914 2539 largitores
942 2464 1241 2540 bonorum,
1287 2464 1347 2521 in
1389 2463 1599 2540 quibus
1641 2462 1881 2540 proinde
1910 2482 2043 2540 spes
2071 2471 2130 2522 et
2156 2461 2368 2521 fiducia
2395 2462 2733 2520 collocanda

309 2537 427 2614 sit;
470 2540 602 2599 ideo
628 2542 946 2619 quemlibet
998 2544 1290 2620 Sanctum,
1344 2544 1436 2604 cui
1464 2541 1595 2622 quis
1624 2542 1812 2621 magis
1840 2542 1899 2602 in
1928 2543 2051 2602 vita
2078 2542 2325 2602 devotus
2353 2541 2626 2617 extiterit,
2670 2541 2732 2600 in

307 2620 513 2679 mortis
542 2622 786 2682 articulo
828 2623 904 2681 ad
944 2624 1099 2683 hunc
1126 2625 1362 2684 modum
1389 2624 1660 2683 invocare
1689 2624 1901 2701 jubent
1921 2623 1981 2682 in
2013 2624 2224 2683 Hortu.
2255 2623 2369 2682 ani.
2397 2643 2412 2682 ε
2460 2624 2496 2656 “
2524 2622 2576 2682 Ο
2603 2622 2729 2700 glo·

309 2700 626 2759 riesissime
661 2701 869 2762 Sancte
898 2704 996 2763 vel
1028 2704 1240 2764 Sancte
1282 2706 1337 2764 N
1341 2749 1374 2781 .,
1420 2705 1771 2781 singularem
1814 2705 1874 2762 in
1912 2712 1969 2763 te
2013 2704 2149 2765 dum
2180 2703 2440 2784 viverem
2466 2722 2628 2780 spem
2671 2707 2731 2762 et

304 2779 716 2839 confidentiam
745 2801 971 2860 semper
997 2784 1244 2862 reposui,
1289 2803 1558 2844 succurre
1598 2804 1753 2843 nunc
1796 2784 1938 2842 mihi
1965 2783 2027 2841 in
2053 2784 2165 2842 hoe
2190 2793 2452 2843 extremo
2479 2781 2728 2842 necessi·

307 2858 447 2918 tatis
473 2861 721 2919 articulo
761 2862 1106 2922 lebomnti.''
1196 2864 1312 2922 Sed
1353 2865 1462 2923 hoc
1503 2865 1791 2942 precipue
1831 2872 1992 2941 patet
2031 2872 2297 2941 respectu
2340 2864 2411 2921 B.
2443 2861 2726 2940 Virginis,

305 2938 401 2996 eui
455 2958 576 2998 non
632 2941 804 3000 modo
848 2943 1084 3001 nomina
1129 2942 1446 3021 titulosque
1494 2943 1725 3003 divinos
1779 2943 1996 3023 passim
2040 2944 2319 3019 tribuunt,
2365 2961 2544 3019 quum
2597 2961 2728 3000 eam

309 3019 348 3051 ‘⁶
379 3018 583 3095 Deam,
614 3029 675 3080 et
704 3022 1030 3097 Dominam,
1078 3023 1362 3100 Reginam
1405 3023 1554 3098 coeli,
1600 3024 1851 3083 Matrem
1891 3022 2315 3096 misericordiae,
2361 3020 2726 3097 Redemptri·

307 3116 450 3172 cem,
485 3096 796 3158 Dominam
822 3111 1080 3161 nostram
1108 3103 1578 3181 omnipotentem,
1609 3102 1943 3179 confugium
1981 3101 2405 3178 peccatorum‚''
2450 3099 2579 3174 &e.‚
2622 3119 2727 3158 vo-

308 3187 460 3252 cant,
491 3178 597 3237 sed
625 3187 685 3238 et
712 3182 933 3239 cultum
974 3182 1237 3240 divinum
1279 3191 1398 3241 tam
1440 3182 1730 3239 internum
1772 3200 1945 3256 quam
1975 3189 2278 3237 externum
2327 3178 2413 3235 illi
2441 3178 2724 3253 deferunt,

306 3256 464 3334 quod
492 3257 811 3318 innumeris
836 3261 1067 3337 probari
1092 3271 1291 3340 posset
1318 3260 1616 3337 exemplis,
1662 3259 1765 3317 sed
1792 3260 1890 3317 vel
1932 3259 2117 3316 solum
2149 3257 2493 3315 Psalterium
2524 3256 2728 3315 Maria

303 3356 343 3394 a
371 3337 787 3397 Bonave'ntura
812 3340 1235 3416 concinnatum,
1259 3361 1365 3400 nec
1382 3358 1636 3416 unquam
1658 3339 1732 3400 ab
1763 3339 1834 3397 E.
1866 3337 1938 3397 R.
1968 3337 2063 3395 vel
2105 3335 2395 3395 indicibus
2435 3355 2723 3413 expurga-

306 3417 469 3476 toriis
497 3436 744 3476 censura
769 3429 1048 3496 notatum,
1074 3421 1388 3480 clarissime
1406 3420 1640 3494 evincit,
1664 3417 1766 3478 ubi
1782 3436 1911 3496 quoe
1933 3417 2059 3476 Deo
2087 3416 2419 3477 tribuuntur
2445 3436 2480 3474 a
2509 3415 2723 3493 Psalte‚

304 3495 482 3573 impie
510 3496 573 3556 in
604 3497 675 3557 B.
705 3497 1010 3576 Virginem
1032 3500 1470 3560 transferuntur.
1554 3498 1710 3558 Vide
1750 3518 1881 3576 quoe
1908 3519 1944 3557 a
1970 3496 2139 3556 nobis
2168 3495 2323 3555 dicte
2354 3496 2519 3578 Disp.
2551 3499 2605 3572 2,
2653 3496 2725 3555 de

310 3574 536 3635 Secess.
610 3584 669 3635 et
705 3580 1006 3639 Dowman.
1057 3579 1130 3638 de
1160 3578 1540 3652 Antichrist0‚
1570 3599 1628 3656 p.
1664 3582 1691 3636 1
1744 3579 1785 3638 l.
1816 3581 1871 3654 5,
1904 3597 1953 3637 c.
1988 3580 2039 3654 1,
2072 3580 2127 3653 2,
2179 3576 2459 3655 imprimis
2488 3577 2723 3638 Dratin-

306 3663 470 3730 ειη-ιη
503 3621 697 3716 'Ili-act.
728 3657 883 3719 Gan.
915 3658 987 3717 de
1015 3659 1233 3717 honore
1261 3658 1457 3718 debito
1481 3623 1733 3735 Virgini.

386 3733 572 3794 VIII.
620 3736 705 3795 Ut
751 3757 890 3796 vero
933 3738 1161 3815 plenius
1205 3738 1459 3815 ipsorum
1503 3756 1669 3797 mens
1696 3745 1975 3812 teneatur,
2006 3735 2451 3811 observandum,
2499 3736 2726 3795 Cultum

303 3811 367 3871 in
396 3833 609 3890 genere
642 3815 963 3876 Pontificiis
990 3836 1117 3876 esse
1143 3817 1439 3892 honorem,
1484 3817 1584 3893 qui
1630 3817 1872 3875 debetur
1897 3815 1972 3875 ab
2001 3814 2255 3874 inferiori
2282 3835 2423 3892 erga
2455 3815 2535 3872 Su
2611 3815 2722 3872 rio-

304 3911 445 3966 rem,
478 3903 537 3953 et
565 3893 679 3952 tria
705 3895 780 3953 ad
809 3895 997 3972 ipsum
1040 3896 1271 3974 requiri.
1361 3899 1413 3954 1.
1458 3895 1676 3955 Actum
1705 3896 2050 3969 intellectus,
2096 3914 2212 3970 quo
2240 3892 2530 3972 apprehen
2574 3893 2724 3951 imus

304 3973 713 4031 excellentiam
742 3975 1007 4052 alicujus.
1091 3980 1149 4034 2.
1192 3974 1410 4035 Actum
1439 3976 1775 4049 voluntatis,
1806 3994 1922 4051 quo
1949 3993 2057 4031 nos
2085 3973 2171 4030 illi
2200 3972 2441 4030 interius
2483 3970 2722 4029 inclina-

301 4067 452 4126 mus,
504 4061 565 4111 et
618 4054 818 4111 testari
873 4056 1143 4114 volumus
1196 4056 1323 4132 ejus
1390 4054 1794 4114 excellentiam
1863 4061 1922 4112 et
1975 4060 2231 4111 nostram
2287 4050 2723 4127 subjectionem.

304 4134 364 4190 3.
408 4131 629 4190 Actum
658 4133 1020 4211 exteriorem,
1064 4154 1180 4212 quo
1218 4142 1393 4211 caput
1432 4134 1777 4192 inclinamus
1803 4132 1899 4190 vel
1928 4151 2080 4208 genu
2110 4130 2410 4202 flectimus,
2441 4129 2538 4186 vel
2565 4128 2727 4189 alind

303 4210 544 4288 aliquod
573 4211 805 4288 signum
834 4213 1210 4290 subjectionis
1236 4213 1597 4273 exhibemus.
1683 4210 1855 4272 Unde
1898 4211 2184 4288 colligunt
2221 4217 2340 4268 tres
2367 4227 2494 4267 esse
2521 4207 2724 4266 adoras·

302 4290 482 4349 tionis
511 4310 615 4348 seu
642 4292 836 4351 cultus
865 4293 1103 4369 species,
1148 4301 1290 4370 quot
1318 4301 1453 4351 sunt
1482 4291 1703 4387 species
1731 4290 2107 4364 excellentiae,
2139 4308 2283 4366 quas
2311 4288 2371 4344 in
2398 4287 2507 4347 hec
2536 4307 2721 4365 quaes·

304 4368 463 4428 tione
491 4379 613 4429 tres
642 4371 1039 4431 constituunt:
1095 4373 1384 4447 Divinam,
1432 4387 1526 4431 cui
1574 4370 1884 4448 respondet
1934 4369 2155 4447 species
2195 4367 2402 4441 cultus,
2434 4387 2608 4443 quam
2638 4371 2722 4426 la·

303 4449 477 4507 triam
523 4459 775 4526 vocant3
821 4453 1173 4528 Humanam,
1223 4472 1353 4530 quae
1402 4451 1591 4529 posita
1638 4458 1728 4509 est
1774 4447 1834 4507 in
1876 4445 2274 4525 dignitatibus,
2305 4445 2634 4522 virtutibus,
2666 4456 2726 4507 et

305 4527 586 4604 gradibus
613 4530 792 4588 variis
820 4526 1134 4605 hominum,
1166 4532 1260 4591 cui
1287 4531 1599 4609 respondet
1626 4533 1802 4588 cultus
1829 4528 2017 4601 civilis,
2061 4545 2164 4585 seu
2193 4526 2574 4586 observantiae
2615 4526 2722 4586 hu-

305 4626 528 4684 manae3
587 4610 1009 4684 Inter-mediam,
1093 4631 1183 4670 uae
1223 4631 1299 4669 ex
1342 4610 1530 4689 gratia
1556 4619 1616 4668 et
1644 4607 1830 4686 gloria
1856 4606 2052 4680 oritur,
2084 4606 2178 4665 cui
2217 4607 2528 4684 respondet
2554 4606 2726 4665 tertia

305 4687 532 4765 species
579 4689 791 4766 cultus,
836 4708 1012 4768 quam
1095 4690 1271 4752 uliam
1314 4697 1543 4764 vocant,
1582 4707 1714 4769 quae
1758 4704 1972 4762 rursus,
2023 4686 2120 4745 vel
2168 4695 2259 4747 est
2284 4686 2550 4764 simplex,
2593 4705 2724 4762 qun
