3221 5200
274 372 503 422 QUAEST.
534 355 626 438 v.]
1166 380 1244 420 m:
1273 378 1525 420 mosne
1554 379 1813 423 anu-m.
2576 358 2691 415 17⁷

270 523 406 592 post
429 515 641 591 pellem
669 536 832 576 suam
873 517 1210 596 depositam,
1240 528 1300 579 et
1340 539 1549 598 corpus
1575 542 1614 581 a
1638 521 1934 582 vermibus
1973 527 2376 599 consumptum
2416 517 2495 578 sit
2517 514 2684 576 resti·

271 593 522 653 tuendus
549 596 610 653 in
636 595 944 675 integrum,
976 608 1035 657 et
1062 618 1232 658 carne
1255 619 1361 659 sua
1384 600 1574 660 Deum
1596 602 1847 662 visurus.
1909 605 1968 661 4.
2001 602 2134 660 Non
2159 607 2354 679 potest
2377 597 2506 657 haec
2531 594 2682 655 visio

272 673 612 751 simpliciter
637 677 835 735 referri
862 677 937 736 ad
964 678 1354 755 cognitionem
1380 681 1655 757 potentiae
1681 689 1742 742 et
1778 680 2161 760 providentio
2190 679 2320 754 Dei,
2350 677 2425 737 de
2452 694 2569 754 qua
2594 674 2682 733 lo-

269 754 468 829 quitur
510 773 635 832 cap.
665 757 790 815 xlii.
834 759 889 832 5,
920 757 1021 816 ubi
1063 759 1108 817 .Ι
1110 759 1256 818 obus
1299 759 1462 819 audit
1491 760 1681 820 Deum
1710 781 1773 821 se
1815 762 2145 822 immediate
2171 761 2579 837 alloquentem,
2622 762 2685 814 et

269 833 567 909 experitur
590 835 734 913 ejus
777 837 1141 913 praesentiam
1184 838 1421 916 propius
1464 858 1640 917 quam
1683 850 1869 917 antea,
1899 860 2030 919 quse
2073 842 2134 899 in
2174 860 2245 900 eo
2289 837 2498 898 seriam
2524 853 2679 894 com-

271 914 642 988 punctionem
670 915 923 992 excitat3
967 917 1104 993 quia
1131 918 1240 977 hoc
1267 938 1470 996 parum
1498 919 1746 980 faciebat
1771 921 1847 980 ad
1874 922 2003 999 ejus
2031 921 2335 995 solatium3
2377 936 2486 976 nec
2522 920 2683 974 certo

270 991 325 1049 ei
351 993 695 1068 persuadere
722 1003 950 1071 poterat
976 996 1065 1055 sui
1091 997 1531 1074 restitutionem,
1562 1019 1670 1060 nec
1698 1000 1748 1059 si
1773 1001 2171 1077 persuasisset,
2200 1006 2428 1078 poterat
2452 1002 2679 1055 tantum

270 1071 547 1146 gaudium
575 1082 635 1132 et
660 1073 797 1133 fidei
823 1078 1156 1155 πληροφορίαν
1183 1077 1244 1135 in
1270 1096 1339 1136 eo
1368 1078 1629 1155 gignere.
1712 1080 1873 1156 Ergo
1901 1079 1973 1138 de
2000 1079 2226 1139 visione
2263 1075 2529 1137 beatifica
2554 1092 2676 1132 rec-

269 1151 385 1209 tius
413 1151 774 1229 intelligitur,
804 1156 897 1232 cuj
905 1174 973 1214 us
1015 1175 1117 1232 spe
1161 1174 1224 1214 se
1269 1157 1563 1216 solabatur
1602 1157 1662 1216 in
1692 1159 1977 1234 aerumnis,
2009 1167 2068 1218 et
2093 1178 2198 1235 per
2239 1174 2415 1236 quam
2441 1171 2679 1215 securus

267 1230 473 1289 salutis
500 1241 727 1292 aeternae
755 1235 1230 1294 resurrectionem
1259 1255 1421 1295 suam
1450 1237 1768 1297 certissime
1795 1238 2157 1315 expectabat.

351 1310 507 1370 XX.
571 1312 704 1371 Non
731 1315 925 1373 verius
967 1315 1334 1375 contenditur
1376 1316 1585 1374 Daniel
1627 1317 1729 1376 xii.
1773 1321 1829 1393 2,
1872 1337 1989 1376 non
2037 1317 2135 1394 agi
2162 1316 2235 1375 de
2262 1310 2681 1375 resurrectione

268 1388 586 1449 universali
613 1399 985 1469 mortuorum,
1015 1394 1153 1470 quia
1179 1393 1255 1453 ad
1294 1398 1494 1454 maltos
1520 1403 1746 1455 tantum
1773 1395 2033 1473 refertur,
2065 1396 2171 1455 sed
2198 1395 2271 1457 de
2314 1390 2678 1453 restitutione

268 1470 470 1545 populi
496 1471 737 1530 ,Iudaici
777 1491 854 1531 ex
896 1473 1120 1551 ingenti
1161 1474 1502 1551 calamitate,
1533 1493 1708 1552 quam
1752 1477 1861 1536 sub
1890 1475 2187 1536 Antiocho
2230 1491 2508 1552 passurus
2534 1478 2675 1546 erat,

269 1566 400 1625 quas
427 1558 660 1610 notetur
684 1570 789 1629 per
813 1553 959 1612 illud
983 1563 1210 1630 tempus,
1234 1553 1358 1613 scil.
1382 1554 1454 1613 de
1483 1575 1598 1632 quo
1625 1556 1925 1633 hucusque
1948 1575 2135 1615 sermo
2161 1555 2366 1629 fuerat,
2394 1550 2552 1630 quod
2568 1549 2680 1609 fuit

268 1635 499 1704 tempus
511 1630 806 1690 Antiochi.
856 1636 907 1691 1.
932 1633 1082 1707 Quia
1101 1633 1281 1692 verba
1297 1633 1425 1711 ipsa
1444 1635 1792 1694 contrarium
1809 1636 2103 1711 evincunt,
2117 1635 2329 1713 quippe
2347 1652 2477 1711 quse
2493 1635 2680 1708 agunt

268 1705 345 1798 de
374 1710 787 1770 resurrectione
814 1712 1042 1789 proprie
1071 1712 1227 1771 dicta
1252 1733 1329 1772 ex
1368 1714 1606 1790 pulvere
1635 1723 1819 1790 terrai,
1850 1723 1910 1773 et
1937 1714 2010 1774 de
2037 1715 2142 1773 tali
2181 1733 2312 1791 quae
2340 1713 2432 1787 sit,
2462 1710 2561 1770 vel
2600 1707 2679 1768 ad

269 1794 455 1845 vitam
482 1796 769 1865 aeternam,
790 1791 885 1849 vel
914 1791 990 1850 ad
1018 1792 1387 1869 opprobrium
1415 1801 1726 1868 aeternum3
1776 1794 1891 1853 Sed
1912 1794 2178 1854 liberatio
2198 1789 2532 1869 temporalis
2558 1807 2677 1846 nou

267 1873 463 1942 potest
489 1867 605 1927 dici
631 1869 707 1928 ad
732 1870 915 1928 vitam
943 1880 1233 1946 aeternam,
1256 1891 1388 1930 cum
1415 1871 1618 1932 fideles
1646 1873 1836 1932 adhuc
1856 1874 1974 1933 sint
1993 1874 2167 1934 morti
2192 1870 2449 1946 obnoxii,
2471 1888 2580 1928 nec
2600 1866 2678 1926 ad

267 1947 638 2023 opprobrium
667 1957 961 2026 aeternum,
992 1971 1123 2010 cum
1166 1951 1428 2011 homines
1464 1953 1799 2030 resipiscere
1839 1953 2082 2031 possint.
2166 1957 2223 2012 2.
2267 1952 2401 2010 Non
2441 1965 2678 2010 necesse

267 2035 357 2084 est
385 2035 450 2085 ut
477 2035 704 2106 tempus
730 2029 879 2088 illud
906 2029 978 2089 de
1006 2051 1121 2108 quo
1148 2031 1343 2108 agitur
1367 2050 1426 2089 v.
1461 2034 1512 2107 1,
1543 2032 1903 2110 intelligatur
1929 2032 2002 2093 de
2029 2042 2304 2111 tempore,
2354 2049 2470 2108 quo
2498 2027 2673 2087 Anti-

266 2105 448 2164 ochus
477 2107 799 2167 Ecclesiam
828 2110 1169 2187 gravissime
1197 2119 1321 2170 erat
1345 2120 1767 2188 persecuturus,
1792 2113 1929 2190 quia
1947 2112 2174 2190 phrasis
2195 2111 2297 2170 illa
2323 2127 2476 2187 saepe
2498 2106 2673 2168 sumi-

264 2192 361 2244 tur
388 2185 512 2245 sine
538 2189 660 2247 ullo
689 2187 765 2247 ad
792 2189 1174 2266 proecedentia
1201 2199 1480 2268 respectu,
1504 2200 1571 2251 ut
1599 2191 1745 2250 Mat.
1775 2192 1857 2251 iii.
1891 2195 1942 2269 1,
1974 2201 2033 2250 et
2059 2192 2139 2250 iv.
2173 2194 2226 2266 1,
2257 2198 2316 2249 et
2340 2194 2396 2248 τὸ
2424 2211 2456 2248 a
2482 2191 2676 2265 potest

267 2266 462 2325 valere
480 2278 629 2343 post,
658 2277 726 2327 ut
752 2270 797 2328 J
799 2289 882 2328 os.
912 2289 970 2327 v.
1002 2272 1067 2345 53
1112 2278 1178 2328 ιιι
1205 2269 1281 2328 sit
1308 2289 1529 2346 sensus,
1563 2271 1705 2330 Post
1732 2271 1892 2330 illam
1919 2271 2120 2349 populi
2145 2270 2544 2330 liberationem
2573 2286 2677 2344 per

266 2344 548 2405 Antiochi
574 2357 834 2425 mortem,
867 2349 981 2407 alia
1006 2349 1192 2408 multo
1218 2348 1497 2407 illustrior
1537 2350 1809 2411 succedet
1845 2371 1948 2429 per
1976 2350 2340 2425 Michaelem‚
2371 2348 2451 2407 id.
2482 2346 2676 2406 Chris-

267 2433 408 2500 tum,
441 2426 523 2485 ita
547 2437 743 2487 tamen
769 2437 837 2487 ut
864 2428 1222 2488 calamitates
1242 2428 1601 2506 gravissimae
1623 2430 1968 2507 praecedant,
1992 2449 2138 2508 quas
2160 2428 2370 2489 deinde
2390 2446 2678 2487 resurrec-

266 2504 349 2563 tio
398 2506 568 2566 beata
615 2508 884 2585 excipiet.
989 2509 1243 2585 Tempus
1290 2528 1430 2585 ergo
1473 2508 1649 2584 istud,
1679 2509 1837 2587 quod
1886 2511 2260 2570 subsecutum
2303 2518 2393 2569 est
2432 2514 2678 2566 mortem

269 2583 565 2663 Antiochi,
592 2586 706 2648 suit
732 2597 962 2666 tempus
990 2587 1319 2667 Evangelii,
1338 2608 1454 2667 quo
1478 2589 1743 2650 Christus
1770 2611 1916 2669 opus
1938 2589 2376 2668 Redemptionis
2398 2585 2677 2648 Ecclesia

269 2664 472 2725 debuit
499 2668 742 2745 exequi3
807 2678 868 2728 et
909 2669 1047 2745 quia
1093 2668 1322 2730 duobus
1363 2669 1577 2729 Christi
1619 2670 1968 2732 adventibus
2000 2672 2342 2746 continetur,
2372 2669 2575 2747 primo,
2619 2676 2680 2727 et

269 2746 539 2822 secundo,
571 2755 756 2807 totum
785 2748 881 2807 hic
908 2767 944 2807 a
975 2748 1192 2827 Spiritu
1225 2749 1441 2809 Sancto
1469 2751 1989 2828 comprehenditur,
2012 2752 2150 2829 quia
2175 2770 2293 2810 non
2312 2749 2679 2828 persequitur

266 2834 601 2902 perpetuam
628 2847 818 2887 rerum
848 2837 906 2887 et
933 2836 1256 2905 temporum
1284 2829 1507 2904 seriem,
1539 2831 1644 2889 sed
1669 2840 1898 2890 tantum
1923 2840 2088 2890 notat
2114 2831 2374 2908 insignes
2395 2828 2676 2887 Ecclesia

267 2912 454 2963 status
498 2908 921 2967 conversiones.
1029 2908 1384 2985 Designatus
1427 2909 1606 2986 igitur
1646 2910 1758 2986 hic,
1808 2914 1861 2969 1.
1905 2911 2159 2988 Tempus
2191 2909 2361 2987 primi
2387 2909 2675 2968 adventus

270 2982 501 3059 Christi,
532 2994 591 3044 et
636 2987 779 3064 quid
821 2986 1077 3046 facturus
1120 2997 1274 3047 esset
1300 2988 1361 3045 in
1402 2989 1650 3064 gratiam
1681 2988 1998 3065 Ecclesiae3
2059 2993 2117 3048 2.
2147 2990 2401 3066 Tempus
2434 2985 2675 3047 secundi

266 3062 553 3123 adventus
579 3066 640 3123 in
669 3067 1083 3126 resurrectione
1113 3086 1216 3125 seu
1241 3067 1536 3126 felicitatis
1562 3067 2001 3144 complementO,
2032 3086 2092 3126 v.
2122 3072 2178 3126 2.
2237 3067 2454 3125 Mirum
2481 3074 2675 3125 autem

266 3142 456 3202 videri
481 3163 599 3203 non
626 3145 816 3217 debet,
848 3147 898 3205 si
926 3145 1201 3205 transitus
1227 3146 1323 3205 hic
1343 3145 1446 3204 fiat
1465 3165 1500 3203 a
1518 3146 1706 3223 primo
1726 3147 1983 3205 adventu
2006 3146 2219 3205 Christi
2241 3146 2316 3204 ad
2338 3144 2671 3220 secundum,

267 3231 328 3281 et
355 3225 780 3302 conjungantur
809 3233 1067 3302 tempora
1094 3224 1264 3283 valde
1293 3224 1585 3301 disjuncta
1613 3225 1690 3283 ob
1716 3244 1914 3284 eorum
1944 3225 2396 3299 similitudinem,
2416 3233 2481 3284 ut
2502 3224 2674 3283 Matt.

267 3301 454 3378 xxiv.,
484 3304 709 3363 eversio
736 3305 965 3383 Templi
1006 3314 1065 3364 et
1091 3303 1307 3363 Mundi
1342 3304 1734 3381 conjungitur.
1820 3305 1915 3363 Ita
1941 3304 2098 3364 salus
2141 3304 2419 3364 Ecclesiae
2460 3302 2676 3381 optime

267 3382 640 3460 conjungitur
667 3404 799 3443 cum
826 3384 1241 3444 resurrectione
1269 3383 1488 3459 ultima,
1519 3384 1657 3460 quia
1681 3383 1744 3442 in
1772 3384 1998 3443 Mundo
2024 3384 2219 3444 omnia
2254 3392 2390 3444 sunt
2416 3382 2672 3457 confusa,

267 3480 376 3520 nec
422 3463 646 3539 uspiam
695 3465 944 3524 occurrit
986 3465 1225 3523 materia
1265 3463 1486 3540 salutis,
1530 3464 1646 3522 nisi
1684 3472 1909 3523 mentes
1948 3483 2020 3525 eo
2059 3464 2409 3525 attollamus.
2494 3463 2674 3522 Porro

270 3543 433 3601 inulti
455 3542 548 3601 hic
575 3553 972 3621 proponuntur
998 3563 1102 3621 pro
1130 3544 1394 3618 omnibus,
1424 3551 1490 3602 ut
1515 3562 1634 3602 non
1660 3562 1790 3603 raro
1818 3544 1976 3604 alibi.

627 3678 638 3690 ,
870 3623 1060 3681 XXI.
1107 3624 1305 3700 Sexto,
1336 3623 1486 3699 Quia
1517 3624 1889 3685 Sacramenta
1935 3645 2064 3702 quae
2094 3632 2229 3685 sunt
2271 3623 2319 3683 si
2366 3624 2380 3638 “
2430 3642 2466 3682 a
2491 3621 2669 3681 foede-

266 3673 747 3781 ssgnfissmfflffissutffif’
788 3703 887 3778 ris,
917 3703 1117 3761 eadem
1147 3704 1377 3763 fuerunt
1405 3704 1464 3761 in
1490 3711 1737 3781 utroque
1765 3703 2137 3764 Testamento
2177 3725 2293 3781 quo
2405 3702 2674 3763 substan·

788 3783 946 3857 tiam,
992 3801 1121 3859 quas
1150 3783 1443 3842 Christum
1472 3792 1530 3842 et
1571 3785 1699 3861 ejus
1738 3783 2018 3844 beneficia
2060 3784 2458 3860 significarunt
2484 3790 2543 3841 et
2569 3781 2672 3840 ob-

269 3860 588 3937 signarunt.
692 3861 877 3938 Patet,
909 3871 1031 3921 tum
1076 3871 1341 3939 respectu
1386 3862 1820 3939 ordinariorum,
1848 3872 1992 3941 puta
2019 3862 2499 3935 Circumcisionis,
2543 3880 2675 3936 quae

265 3948 511 3998 vocatur
537 3940 796 4018 sigillum
826 3942 1071 4019 justitiae
1097 3941 1250 4016 fidei,
1282 3942 1452 4002 Rom.
1481 3941 1561 4001 iv.
1596 3945 1689 4019 11,
1721 3951 1779 4002 et
1809 3943 2125 4019 Paschatis,
2156 3942 2312 4020 quod
2354 3942 2415 3999 in
2444 3940 2676 3999 Christo

269 4019 558 4097 impletur,
592 4024 622 4079 1
657 4022 786 4081 Cor.
815 4041 873 4081 v.
907 4026 961 4097 7,
993 4030 1112 4080 ιιιιιι
1156 4021 1760 4096 extraordinariorum,
1793 4023 2094 4081 Transitus
2132 4022 2323 4096 maris,
2363 4027 2422 4079 et
2469 4018 2671 4096 Aqua·

269 4119 398 4157 rum
426 4098 651 4177 diluvii,
682 4121 812 4178 quse
842 4102 1142 4178 Baptismo
1169 4110 1384 4176 nostro,
1421 4105 1448 4160 1
1477 4103 1607 4161 Cor.
1638 4123 1697 4161 x.
1734 4106 1784 4176 l,
1816 4107 1871 4177 2,
1903 4111 1963 4162 et
1994 4105 2021 4159 1
2059 4101 2184 4160 Pet.
2206 4100 2288 4160 iii.
2310 4103 2407 4176 20,
2439 4099 2674 4157 Mannae

268 4187 328 4238 et
357 4177 548 4257 Aquae
577 4201 653 4240 ex
697 4182 886 4256 Petra,
930 4200 1061 4258 quse
1104 4181 1483 4241 Eucharistiae
1523 4181 1891 4259 respondent,
1935 4185 1960 4238 1
1997 4181 2127 4239 Cor.
2156 4201 2216 4239 x.
2245 4183 2302 4255 3,
2332 4183 2390 4238 4.
2474 4177 2675 4255 Atque

268 4258 402 4317 hinc
432 4259 612 4319 oritur
638 4261 985 4338 permutatio
1027 4260 1340 4337 nominum,
1371 4282 1501 4338 quoe
1541 4261 1637 4320 hic
1666 4281 1818 4338 saepe
1860 4262 2099 4335 obtinet,
2127 4279 2232 4337 per
2267 4277 2442 4336 quam
2474 4258 2673 4317 Sacra-

266 4338 478 4397 meutis
506 4338 642 4398 Vet.
672 4339 831 4399 Test.
860 4340 1072 4399 dantur
1096 4340 1331 4399 nomina
1359 4341 1431 4399 N.
1462 4351 1521 4400 et
1546 4340 1676 4399 vice
1704 4360 1875 4399 versa
1904 4342 2274 4401 Sacramenta
2301 4339 2471 4398 Nova
2497 4338 2677 4397 Vete-

266 4437 396 4476 rum
439 4420 741 4479 vocabulis
783 4421 1202 4498 exprimuntur.
1288 4419 1558 4479 Patribus
1602 4421 1875 4480 tribuitur
1913 4420 2257 4497 Baptismus,
2300 4426 2361 4479 et
2401 4420 2674 4497 Epumw,

273 4501 300 4555 1
328 4498 458 4556 Cor.
482 4520 573 4559 x.:
600 4499 770 4559 nobis
798 4500 1069 4559 tribuitur
1100 4500 1478 4575 Circumcisio,
1504 4500 1628 4558 Col.
1659 4500 1717 4558 ii.
1752 4503 1844 4574 11,
1875 4503 1981 4576 123
2026 4501 2268 4575 Pascha,
2297 4502 2326 4557 1
2361 4499 2490 4559 Cor.
2519 4518 2577 4557 v.
2599 4501 2629 4557 7
2653 4520 2672 4575 ς

265 4578 580 4656 Sam—ficia,
614 4580 796 4639 Hebr.
841 4580 923 4638 ix.
1007 4579 1141 4639 Non
1184 4589 1382 4657 posset
1424 4587 1617 4639 autem
1660 4580 1796 4638 talis
1836 4580 1959 4639 fieri
1987 4581 2260 4654 ὶνιλλιγὺ,
2290 4578 2405 4638 nisi
2441 4579 2673 4638 daretur

261 4657 538 4717 identitas
565 4659 830 4736 quaedam
854 4682 868 4735 ;
916 4659 1047 4719 Non
1073 4667 1267 4737 potest
1293 4667 1486 4720 autem
1515 4678 1643 4719 esse
1680 4668 1945 4738 respectu
1971 4660 2131 4736 scyni,
2162 4661 2300 4737 quia
2327 4661 2496 4736 signa
2537 4668 2672 4720 sunt

348 4755 497 4796 raas
524 4757 587 4796 11.
2307 4757 2353 4799 ιι
