3221 5200
480 333 595 390 566
1342 345 1522 386 Locus
1552 345 1812 385 naeuius
1844 344 2083 384 ssxrus.
2582 321 2849 402 [QUAEST
2881 344 2938 384 11.

481 489 644 564 Quia,
677 494 1054 565 praeterquam
1084 485 1244 563 quod
1273 487 1454 562 gratis
1484 486 1826 564 supponitur
1847 485 2140 544 Christum
2156 483 2427 541 meritum
2449 502 2586 542 esse
2609 485 2803 543 nobis
2823 485 2942 542 vim

483 568 756 640 merendi,
786 574 853 625 ut
880 585 984 625 suo
1014 567 1141 625 loco
1170 566 1478 639 videbitur,
1509 566 1788 643 quiequid
1814 568 1987 624 homo
2015 565 2153 622 boni
2173 563 2419 639 accipiat
2437 582 2472 619 a
2502 564 2642 622 Deo
2676 585 2797 641 per
2813 585 2944 641 gra·

483 648 641 722 tiam,
674 667 749 705 ex
777 666 975 705 eorum
996 646 1322 723 hypothesi,
1356 665 1472 703 non
1501 644 1761 704 excludit
1788 645 1957 703 liberi
1985 643 2206 702 arbitrii
2233 662 2603 717 coneursum,
2637 646 2832 721 cujus
2861 646 2948 702 in·

487 736 754 787 terventu
782 726 863 801 fit,
895 735 960 785 ut
989 727 1160 784 homo
1189 726 1441 801 aliquam
1469 726 1530 783 in
1560 745 1621 784 se
1645 724 1932 801 gloriandi
1959 724 2169 782 habeat
2196 722 2511 796 materiam,
2547 744 2693 781 eum
2731 725 2799 781 in
2828 725 2949 782 Do-

488 809 644 865 mino
675 807 797 866 solo
828 805 1191 884 gloriandum
1220 805 1388 862 nobis
1417 804 1511 863 sit.
1597 805 1924 863 Pharisaeus
1952 824 2067 862 non
2095 803 2285 861 minus
2313 802 2631 861 damnatur
2652 804 2783 862 etsi
2816 825 2952 881 gra-

490 888 602 947 tias
630 908 812 966 agens
844 889 969 946 Deo
998 886 1297 962 profitetur
1325 904 1385 942 se
1415 885 1488 942 ab
1518 904 1603 959 e0,
1636 904 1754 943 non
1781 905 1817 942 a
1845 905 1922 959 se,
1956 883 2148 942 omnia
2176 902 2280 941 sua
2306 881 2537 957 habere,
2576 882 2742 941 Luc.
2777 885 2955 942 xviii.

1098 964 1314 1021 XVII.
1362 964 1637 1041 SeptimO,
1672 964 1822 1038 Quia
1852 964 2138 1022 Remissio
2188 962 2428 1039 peccati,
2459 963 2725 1038 requirit
2757 965 2955 1022 aboli-

490 1032 533 1078 7·
567 1032 974 1136 Qssffassffilfffim
1015 1043 1230 1101 tionem
1259 1052 1452 1103 reatus
1481 1064 1584 1121 per
1612 1051 1783 1117 κόψω»
1798 1044 1979 1102 debiti
2007 1043 2368 1102 solutionem.
2454 1042 2541 1100 At
2560 1043 2610 1100 J
2610 1044 2843 1101 ustitia
2868 1045 2956 1100 in·

1018 1122 1260 1197 haerens,
1292 1143 1398 1182 nec
1425 1132 1619 1201 potest
1646 1123 1922 1183 offensam
1953 1123 2066 1182 Dei
2094 1141 2196 1181 seu
2222 1129 2443 1180 reatum
2474 1141 2550 1179 ex
2582 1142 2657 1179 ea
2688 1143 2959 1181 nascen-

500 1210 617 1261 tem
648 1202 869 1274 tollere,
901 1220 1007 1259 nec
1024 1202 1322 1262 laesionem
1344 1203 1907 1281 DivinaeMajestatis
1926 1221 2319 1280 compensare.
2360 1201 2511 1258 Nam
2531 1211 2958 1279 praeterquam

497 1281 654 1358 quod
681 1279 915 1357 respicit
942 1281 1002 1339 in
1025 1281 1296 1358 futurum,
1330 1293 1393 1342 ut
1420 1285 1593 1342 homo
1622 1283 1896 1360 fungatur
1925 1282 2111 1340 officio
2156 1302 2278 1355 su0,
2307 1301 2423 1338 non
2453 1281 2513 1338 in
2542 1285 2961 1358 praeteritum,

499 1370 563 1419 ut
591 1359 878 1418 defectum
906 1360 1078 1420 officii
1107 1363 1495 1422 satisfactione
1525 1363 1662 1422 data
1703 1372 2049 1439 compenset,
2101 1361 2457 1438 impossibile
2487 1370 2576 1418 est
2608 1382 2723 1438 per
2755 1365 2959 1438 quali-

500 1448 677 1499 tatem
760 1440 936 1498 finitae
993 1442 1227 1501 virtutis
1281 1451 1339 1500 et
1394 1442 1714 1520 dignitatis,
1774 1442 2050 1501 offensam
2100 1441 2338 1500 infinitae
2390 1439 2783 1516 indignitatis
2846 1443 2957 1502 de-

499 1520 606 1578 leri
635 1529 736 1578 aut
765 1521 1141 1596 compensari.

501 1639 549 1684 8.
577 1639 622 1683 A
668 1638 982 1684 Testimonfis
1105 1601 1354 1659 XVIII.
1400 1601 1642 1676 Octan
1677 1602 1808 1661 Non
1824 1621 2129 1678 possumus
2146 1602 2239 1660 hic
2262 1601 2524 1660 omittere
2543 1601 2779 1659 eximia
2803 1602 2961 1661 duo·

563 1696 830 1742 Consu-eni
917 1704 968 1742 et
1029 1701 1154 1739 rum
1186 1681 1576 1740 Cardinalium
1607 1682 1951 1756 testimonia,
1983 1682 2085 1758 qni
2125 1682 2188 1739 vi
2232 1681 2493 1740 veritatis
2541 1680 2708 1755 victi,
2772 1683 2962 1741 nobis

567 1757 866 1801 Bellarmini.
1030 1760 1470 1838 adstipulantur.
1557 1761 1789 1820 Primus
1816 1771 1905 1820 est
1954 1762 2275 1820 Cardinalis
2326 1761 2707 1834 ContarenuS,
2747 1764 2859 1837 qui
2892 1763 2959 1820 in

507 1842 699 1900 Tract.
731 1842 802 1900 de
831 1842 875 1902 J
877 1841 1120 1901 ustifica.
1151 1842 1234 1900 sic
1261 1842 1533 1919 loquitur.
1567 1844 1605 1875 “
1624 1842 1965 1917 Quoniam,''
1998 1841 2203 1917 inquit,
2256 1844 2291 1873 “
2314 1840 2389 1899 ad
2417 1840 2714 1916 duplicem
2747 1841 2799 1899 J
2804 1842 2961 1900 usti·

509 1923 648 1980 tiam
666 1922 1036 1999 pervenimus
1064 1941 1166 1997 per
1192 1921 1384 1991 fidem,
1414 1921 1458 1981 J
1462 1921 1716 1980 ustitiam
1746 1921 2118 1980 inhaerentem
2146 1921 2331 1994 nobie,
2389 1929 2448 1978 et
2491 1920 2848 1978 charitatem
2882 1943 2960 1979 ae

511 2002 756 2078 gratiam
784 2021 899 2078 qua
926 2001 1201 2060 efficimur
1229 2010 1523 2059 consortes
1553 2000 1766 2058 divinae
1789 2009 2040 2074 naturae3
2089 2002 2166 2060 Et
2184 2000 2471 2078 justitiam
2501 2000 2722 2057 Christi
2772 2002 2963 2059 nobis

512 2081 782 2139 donatam
811 2090 870 2139 et
896 2081 1254 2158 imputatam,
1285 2081 1556 2157 quoniam
1585 2081 1785 2138 inserti
1813 2100 2009 2139 sumus
2054 2081 2299 2154 Christe,
2331 2088 2388 2138 et
2418 2079 2713 2137 Christum
2748 2080 2959 2138 indui-

512 2181 677 2219 mus:
723 2162 929 2220 Restat
957 2161 1260 2237 inquirere,
1291 2169 1553 2219 utranam
1582 2160 1895 2218 debeamus
1921 2160 2045 2234 niti,
2078 2170 2135 2219 et
2182 2160 2511 2219 existimare
2560 2179 2670 2216 nos
2716 2161 2960 2235 justifi-

515 2241 633 2298 cari
662 2261 852 2299 coram
886 2241 1028 2315 De0,
1061 2240 1121 2298 id
1168 2249 1272 2315 est,
1305 2249 1534 2301 sanctos
1563 2248 1623 2299 et
1658 2241 1850 2317 justos
1897 2241 2116 2298 haberi.
2202 2241 2331 2316 Ego
2379 2259 2615 2316 prorsus
2661 2239 2963 2298 existimo

514 2321 609 2399 pie
638 2329 696 2379 et
726 2321 1048 2379 Christiane
1079 2320 1210 2394 dici,
1242 2320 1399 2397 quod
1427 2321 1741 2380 debeamus
1768 2319 1893 2394 niti,
1924 2319 2031 2378 niti
2060 2320 2293 2396 inquam
2323 2328 2597 2394 tanquam
2625 2338 2688 2376 re
2718 2320 2956 2395 stabili,

516 2420 645 2476 quse
675 2408 830 2458 certo
858 2420 965 2458 nos
994 2408 1294 2475 sustentat,
1325 2401 1367 2458 J
1374 2401 1570 2459 ustitia
1599 2399 1816 2458 Christi
1842 2399 2010 2457 nobis
2059 2399 2286 2474 donata,
2333 2418 2449 2456 non
2499 2408 2692 2456 autem
2722 2401 2957 2457 sancti-

516 2489 635 2538 tate
663 2488 721 2538 et
749 2480 936 2556 gratia
964 2480 1131 2538 nobis
1159 2480 1490 2538 inhaerente.
1577 2480 1725 2537 Haec
1753 2479 1906 2536 enim
1936 2488 2132 2537 nostra
2171 2478 2402 2555 justitia
2445 2486 2534 2536 est
2577 2478 2857 2536 inchoata
2881 2490 2962 2538 'et

515 2559 866 2636 imperfecta,
898 2579 1026 2636 quae
1055 2560 1202 2619 tueri
1230 2579 1337 2618 nos
1365 2580 1480 2618 non
1509 2567 1717 2636 potest,
1748 2559 1889 2635 quin
1908 2559 1970 2617 in
1997 2559 2194 2618 multis
2215 2558 2590 2633 offendamus,
2620 2557 2763 2634 quin
2795 2560 2954 2617 assi·

518 2639 630 2697 due
659 2658 979 2714 peccemus.
1066 2639 1290 2697 Idcirco
1319 2640 1379 2696 in
1408 2648 1717 2715 conspectu
1751 2639 1861 2697 Dei
1887 2660 2005 2697 non
2034 2658 2339 2715 possumus
2367 2638 2441 2696 ob
2482 2639 2630 2695 hanc
2644 2638 2952 2713 justitiam

518 2725 773 2774 nostram
803 2717 1001 2775 haberi
1024 2718 1170 2792 justi
1199 2727 1256 2775 et
1285 2718 1437 2792 boni,
1471 2718 1957 2793 quemadmodum
1998 2719 2227 2777 deceret
2251 2719 2403 2776 filios
2454 2718 2565 2776 Dei
2594 2738 2723 2776 esse
2751 2717 2955 2776 bonos

519 2805 578 2854 et
607 2803 853 2853 sanctos.
943 2795 1058 2853 Sed
1086 2796 1130 2853 J
1135 2796 1330 2854 ustitia
1359 2797 1571 2855 Christi
1600 2798 1768 2856 nobis
1795 2798 2008 2857 donata
2035 2806 2124 2857 est
2150 2818 2289 2856 vera
2330 2806 2389 2857 et
2413 2797 2665 2874 perfecta
2687 2797 2951 2873 justitia,

522 2895 651 2952 quae
681 2873 913 2931 omniuo
935 2874 1124 2951 placet
1154 2874 1336 2932 oeulis
1367 2875 1495 2950 Dei,
1529 2876 1584 2933 in
1617 2896 1732 2952 qua
1758 2877 1904 2936 nihil
1931 2888 2020 2938 est
2057 2878 2213 2955 quod
2261 2878 2449 2936 Deum
2478 2876 2748 2949 offendat,
2779 2878 2949 2953 quod

525 2957 653 3014 Deo
683 2974 797 3011 non
822 2973 1181 3031 summopere
1210 2954 1453 3032 placeat.
1568 2956 1698 3015 Hac
1726 2977 1865 3033 ergo
1894 2958 2018 3016 sola
2046 2966 2202 3017 certa
2230 2965 2288 3016 et
2317 2958 2509 3016 stabili
2539 2956 2706 3015 nobis
2748 2958 2950 3014 niten-

525 3036 672 3094 dum*
693 3043 752 3093 et
780 3034 854 3093 ob
883 3055 1010 3093 eam
1040 3035 1221 3093 solam
1251 3035 1600 3095 credendum
1629 3056 1736 3095 nos
1756 3037 2063 3114 justificari
2108 3057 2301 3096 coram
2352 3038 2496 3110 De0,
2528 3036 2588 3094 id
2616 3046 2722 3109 est,
2744 3036 2954 3112 justos

524 3116 744 3191 haberi,
790 3124 849 3174 et
877 3116 988 3174 dici
1033 3117 1285 3193 justOS.''
1372 3115 1430 3173 A
1459 3137 1574 3193 quo
1626 3137 1741 3174 non
1769 3117 1942 3193 longe
1971 3118 2093 3177 abit
2120 3119 2398 3176 Bellarm.
2427 3116 2530 3175 lib.
2560 3137 2617 3173 v.
2648 3115 2720 3173 de
2748 3116 2791 3173 J
2795 3117 2949 3175 usti·

524 3197 618 3256 fic.
649 3217 774 3273 cap.
807 3199 861 3270 7,
910 3196 1010 3272 qui
1055 3205 1360 3273 postquam
1399 3216 1628 3255 omnem
1657 3216 1819 3254 suam
1868 3196 2210 3255 industriam
2258 3196 2452 3273 posuit
2500 3196 2559 3252 in
2608 3196 2949 3253 meritorum

524 3276 905 3335 humanorum
937 3276 1285 3351 defensione,
1318 3296 1386 3335 eo
1435 3277 1667 3335 tandem
1718 3276 2069 3334 conscientia
2114 3276 2375 3334 veritatis
2423 3275 2660 3334 adactus
2702 3274 2857 3333 redit
2885 3286 2957 3334 ut

527 3355 699 3429 dicat,
749 3358 783 3388 “
805 3355 1049 3432 Propter
1076 3356 1540 3415 incertitudinem
1570 3356 1814 3433 propriae
1836 3355 1880 3415 J
1884 3356 2116 3431 ustitiae,
2147 3364 2206 3415 et
2252 3355 2569 3432 periculum
2597 3354 2787 3412 inanis
2814 3354 2946 3430 glo-

524 3435 641 3508 riae,
673 3434 1024 3538 tutissimum
1053 3435 1476 3527 esse-fiduciam
1506 3445 1686 3494 totam
1715 3436 1774 3493 in
1802 3435 1926 3493 sola
1956 3436 2068 3494 Dei
2094 3434 2484 3494 misericordia
2504 3433 2954 3528 'etffibenignitate

531 3512 1016 3665 ἷῗῐὲῗὲἕὲὲοὲἓὶ
1042 3514 1135 3647 m}
1142 3523 1604 3651 Ἒὶἕέἓῐὲίῗέἱὲῗῖἓ
1618 3515 1944 3654 εἷθέῐίἓὲἒζ
1968 3516 2102 3653 ἓξὲξ
2124 3514 2383 3653 οὲῖῗΐῗ
2403 3514 2949 3653 ἐὲἐωῖῗὲῗὲἒέἓ

535 3667 638 3728 sed
663 3662 731 3727 'ut
758 3667 945 3726 veniae
973 3668 1230 3745 largitor,
1263 3669 1586 3729 admittat.'’
2105 3639 2120 3670 ⁹
2934 3639 2953 3668 ’

1143 3747 1332 3806 XIX.
1392 3749 1655 3809 Christus
1684 3772 1787 3829 per
1814 3753 2197 3812 obedientiam
2229 3773 2391 3813 suam
2418 3762 2573 3812 recte
2602 3751 2815 3810 dicitur
2839 3772 2955 3811 nos

1045 3831 1229 3904 justos
1273 3829 1617 3905 constituere,
1661 3851 1780 3890 non
1812 3853 1914 3910 per
1940 3834 2313 3892 inhaerentem
2350 3833 2656 3911 justitiam,
2702 3831 2805 3889 sed
2846 3851 2960 3908 per

1059 3910 1418 3987 imputatam,
1449 3918 1514 3970 ut
1543 3910 1713 3970 Rom.
1738 3913 1815 3971 iv.
1841 3916 1876 3971 6
1901 3912 2155 3986 docetur,
2187 3922 2245 3973 et
2274 3933 2349 3971 ex
2377 3912 2736 3989 oppositione
2785 3921 2955 3969 ante-

539 3990 797 4049 cedentis
846 3989 1357 4066 condemnationis,
1390 4011 1440 4050 c.
1470 4011 1526 4050 V.
1557 4010 1678 4050 ver.
1715 3994 1806 4066 19,
1839 3992 2147 4070 colligitur.
2230 3994 2274 4052 J
2278 3993 2393 4052 usti
2421 3993 2575 4050 enim
2603 4011 2721 4049 non
2755 3990 2957 4050 minus

539 4071 967 4128 constituuntur
994 4090 1183 4127 eoram
1217 4070 1360 4145 Deo,
1392 4071 1493 4147 qui
1520 4078 1753 4147 propter
1781 4072 2165 4130 obedientiam
2196 4072 2411 4131 Christi
2438 4073 2579 4149 ipsis
2608 4072 2955 4146 imputatam

539 4149 922 4207 absolvuntur
948 4168 983 4206 a
1008 4149 1229 4208 meritis
1272 4150 1475 4227 poeniS,
1521 4170 1695 4227 quam
1737 4152 1779 4209 ii
1820 4152 1920 4228 qui
1952 4159 2186 4229 propter
2232 4151 2450 4210 Adami
2497 4150 2956 4209 inobedientiam

539 4228 739 4305 injusti
789 4229 1231 4303 constituuntur,
1262 4230 1340 4288 id.
1370 4230 1453 4289 rei
1482 4238 1618 4289 sunt
1644 4232 1845 4290 mortis
1874 4239 1932 4291 et
1959 4231 2471 4290 condemnationis.
2557 4230 2678 4289 Nec
2709 4231 2758 4287 si
2786 4228 2954 4287 Ada-

540 4326 669 4365 mus
698 4327 804 4365 nos
833 4308 1005 4367 etiam
1048 4308 1296 4385 injustos
1339 4310 1639 4369 constituit
1681 4310 1942 4370 effective
1972 4332 2073 4390 per
2099 4311 2575 4389 propagationem
2615 4310 2957 4368 vitiositatis

540 4387 890 4462 inhaerentia,
935 4396 1168 4465 propter
1212 4408 1384 4464 quam
1429 4390 1601 4448 etiam
1633 4392 1713 4449 rei
1758 4411 1955 4451 sumus
1998 4393 2200 4450 mortis
2246 4411 2435 4450 coram
2485 4391 2645 4464 Deo;
2692 4386 2959 4464 sequitur

541 4467 754 4542 pariter
777 4467 1069 4525 Christum
1097 4488 1204 4526 nos
1225 4469 1418 4544 justos
1440 4470 1786 4530 constituere
1815 4491 1916 4548 per
1935 4471 2407 4548 justificationem
2436 4470 2716 4527 forensem
2743 4468 2959 4546 judicii

544 4546 657 4602 Dei
684 4565 786 4622 per
805 4547 1090 4623 justitiam
1120 4548 1493 4606 inhaerentem
1523 4551 1691 4609 nobis
1720 4552 1794 4609 ab
1823 4552 1948 4627 ipso
1977 4550 2188 4610 datam.
2250 4551 2398 4626 Quia
2427 4568 2635 4627 scopus
2662 4548 2955 4625 Apostoli,

543 4624 643 4699 qui
674 4624 837 4683 unice
880 4625 1288 4703 respiciendus,
1333 4648 1448 4685 non
1479 4649 1546 4688 eo
1576 4630 1778 4707 tendit,
1826 4630 1929 4690 sed
1956 4639 2177 4691 tantum
2208 4632 2336 4691 vult
2363 4631 2582 4709 aperire
2612 4629 2955 4688 fundamen-

534 3816 717 3862 Fontes
770 3814 983 3861 Solutio·

712 3888 848 3920 num.
