3221 5200
497 257 613 314 548
1317 274 1501 315 Locus
1530 274 1789 315 naeuius
1818 274 2088 323 onim-us.
2479 253 2749 337 [omes-r.
2784 277 2956 316 xvrr.

497 413 680 472 donec
710 412 784 469 ad
822 432 947 471 eam
988 415 1345 490 perveniant.
1430 415 1609 474 Modo
1654 414 1901 492 denique
1930 422 1996 474 ut
2022 415 2303 490 ArrhabO,
2334 419 2370 473 2
2406 416 2536 474 Cor.
2568 417 2607 475 i.
2640 421 2748 490 22,
2782 427 2852 475 et.
2884 438 2950 475 v.

498 496 552 567 5,
588 494 735 569 Eph.
767 492 804 550 i.
839 496 930 568 14,
963 513 1077 570 quo
1109 496 1268 553 Deus
1310 515 1426 553 non
1467 503 1692 553 tantum
1738 495 2140 554 certitudinem
2178 496 2627 571 promissionum
2658 497 2729 553 in
2758 498 2951 555 nobis

495 573 781 648 obsignat,
814 572 916 632 sed
945 583 1002 632 et
1030 584 1248 633 certum
1276 575 1489 652 pignus
1516 575 1686 633 nobis
1714 575 1960 652 largitur
1993 575 2307 633 constantis
2350 584 2409 634 et
2452 576 2657 633 aeterni
2705 578 2948 634 amoris

494 653 600 726 sui,
632 653 788 729 quod
809 655 933 731 jam
962 653 1098 712 facit
1125 664 1344 732 partem
1372 653 1726 713 haereditatis
1755 654 1978 729 futurae,
2030 663 2089 713 et
2137 664 2547 713 consummatae
2590 655 2942 728 beatitatis,

493 750 622 808 quae
651 734 712 790 in
740 734 886 793 coelo
915 754 1021 792 nos
1049 744 1242 793 manet
1270 734 1670 792 communione
1700 735 1900 792 intima
1933 734 2141 812 Sponsi
2169 734 2350 792 nostri
2379 735 2652 792 coelestis,
2750 734 2944 809 Quod

492 830 610 869 non
657 812 870 873 faceret
911 813 1306 890 proculdubio,
1351 814 1462 871 nisi
1506 814 1577 872 de
1620 814 1972 872 haereditatis
2013 813 2268 890 plenaria
2309 814 2677 890 possessione
2728 825 2939 873 certos

491 911 598 949 nOS
639 893 879 951 reddet&
922 893 1115 966 Vellet,
1154 901 1200 946 οὐ
1233 902 1325 965 γὰρ
1361 902 1397 946 u'
1424 901 1489 961 μὴ
1514 900 1684 960 ἵμιλλι
1720 901 1772 947 ‘ro‘
1810 903 1903 947 τᾶν
1933 898 2100 960 διδῶσι,
2136 900 2280 948 εἵλετο
2314 900 2450 948 εὖτὲ,
2481 903 2724 965 ἀῤῥιβυιε
2770 921 2934 967 ταρι-

493 984 649 1040 φῶαι,
690 982 769 1026 μὶ
793 979 1020 1026 ἀπολέσει
1046 980 1143 1029 εἰκῆ
1178 982 1257 1026 aa>
1294 979 1465 1040 μάτην,
1521 980 1586 1030 ut
1643 972 1939 1047 Chrysost.
1997 972 2250 1048 loquitur
2291 972 2351 1028 in
2408 972 2465 1030 11.
2509 972 2567 1045 1.,
2632 975 2667 1005 “
2705 972 2935 1050 Neque

490 1051 643 1107 enim
685 1050 798 1107 nisi
840 1058 1024 1108 totum
1060 1051 1376 1127 largiturus
1418 1059 1586 1125 esset,
1632 1052 1913 1110 voluisset
1953 1060 2166 1110 temere
2207 1052 2433 1109 arrham
2475 1052 2817 1127 relinquere
2869 1065 2933 1112 et

488 1128 645 1186 illius
672 1129 958 1204 jacturam
986 1131 1229 1189 facere.'‘
1316 1131 1495 1189 Porro
1523 1139 1588 1189 ut
1617 1132 1804 1208 magis
1832 1131 2131 1207 magisque
2160 1130 2222 1187 in
2250 1130 2456 1189 animis
2484 1132 2703 1189 nostris
2736 1133 2924 1190 certi-

487 1207 630 1266 tudo
659 1208 770 1266 ista
808 1210 1188 1285 confirmetur,
1234 1219 1492 1268 mutuam
1520 1210 1670 1268 inter
1698 1231 1759 1268 se
1789 1219 1847 1268 et
1872 1210 2073 1268 fideles
2101 1210 2291 1269 voluit
2317 1230 2443 1268 esse
2488 1211 2651 1268 Deus
2695 1213 2924 1288 oppig-

488 1287 880 1346 nerationem:
928 1290 1076 1347 Nam
1117 1299 1182 1348 ut
1223 1291 1449 1348 arrham
1488 1289 1745 1347 divinam
1789 1290 2059 1349 cordibus
2099 1291 2310 1348 nostris
2352 1290 2555 1365 indit3·
2581 1290 2678 1348 Ita
2708 1301 2776 1348 et
2806 1312 2926 1349 nos

485 1366 810 1443 depositum
853 1378 1112 1427 nostrum
1153 1370 1335 1428 instar
1367 1369 1626 1446 pignoris
1653 1369 1741 1427 illi
1770 1369 2195 1445 committimuS,
2228 1374 2263 1427 2
2294 1369 2442 1428 Tim.
2472 1370 2509 1427 1.
2545 1374 2637 1427 12.
2732 1370 2921 1443 Quod

483 1454 789 1524 utrumque
833 1451 1060 1524 pignus,
1106 1469 1222 1507 non
1251 1448 1326 1507 ad
1352 1450 1668 1527 utriusque,
1714 1449 1817 1508 sed
1844 1449 1919 1507 ad
1946 1450 2118 1508 unius
2145 1458 2368 1508 tantum
2397 1449 2577 1526 partis
2622 1451 2919 1508 securita-

485 1533 601 1584 tem
646 1536 703 1585 et
750 1529 1237 1587 confirmationem
1286 1528 1471 1604 datur,
1522 1549 1729 1606 nempe
1778 1528 1997 1604 nostri3
2062 1530 2400 1605 Utrumque,
2447 1528 2582 1587 licet
2623 1529 2920 1606 utrinque

482 1606 862 1683 possideatur,
894 1607 1065 1667 unius
1094 1617 1316 1667 tantum
1347 1610 1524 1685 partis
1551 1609 1830 1667 fidelitate
1860 1618 2250 1683 conservatur,
2281 1628 2484 1684 nempe
2517 1608 2648 1667 Dei.

563 1685 813 1764 XVIII.
859 1689 1247 1766 Exceptiones
1277 1688 1763 1747 Adversariorum
1804 1709 1871 1747 eo
1900 1689 2175 1747 redeunt:
2210 1691 2245 1721 “
2273 1691 2322 1745 1.
2359 1687 2605 1764 Spiritus
2634 1691 2915 1749 testimo-

480 1766 640 1826 nium
667 1768 900 1845 quidem
928 1789 1053 1828 esse
1083 1778 1301 1827 certum
1343 1776 1401 1827 et
1440 1769 1828 1827 indubitatum
1852 1790 1865 1842 ;
1912 1768 2015 1826 sed
2042 1787 2159 1826 non
2187 1775 2448 1826 constare
2478 1769 2753 1844 cuiquam
2785 1771 2913 1830 fide

478 1845 693 1922 divina,
740 1848 841 1906 sed
884 1867 958 1906 ex
1000 1849 1347 1925 conjecturis
1388 1857 1630 1916 tantum,
1675 1868 1804 1925 quae
1845 1848 2081 1906 fallaces
2122 1867 2249 1906 esse
2291 1857 2548 1924 possunt,
2594 1848 2697 1905 Au
2736 1851 2912 1926 quod

480 1927 654 1985 sentit
697 1928 756 1984 in
800 1949 860 1986 se
904 1929 1312 1999 testimonium,
1356 1929 1432 1987 sit
1473 1947 1677 1986 revera
1722 1927 1970 2004 Spiritus
2015 1928 2277 2003 Sanctus,
2323 1948 2454 1986 cum
2495 1928 2664 1986 multi
2706 1928 2809 1987 hic
2840 1951 2910 1989 se

476 2005 738 2083 decipere
762 2008 984 2066 soleant
1007 2031 1020 2082 ;
1053 2018 1110 2067 et
1131 2009 1314 2084 possit
1335 2027 1460 2067 esse
1483 2007 1727 2082 maluS,''
1750 2016 1813 2066 ut
1834 2017 2028 2066 monet
2048 2008 2291 2084 Gregor.
2314 2006 2386 2065 de
2404 2006 2696 2082 Valentia,
2733 2012 2773 2041 ‘⁶
2796 2010 2907 2085 qui

475 2084 670 2144 foveat
718 2088 1081 2147 securitatem
1136 2088 1211 2146 ad
1258 2088 1624 2165 perniciem.''
1706 2088 1881 2164 Resp.
1930 2088 2051 2145 Eos
2094 2088 2194 2165 qui
2243 2088 2325 2145 sic
2366 2087 2697 2163 loquuntur,
2749 2091 2906 2147 satis

474 2164 714 2240 prodere
758 2187 818 2225 se
860 2188 1155 2244 nunquam
1198 2168 1452 2226 corditus
1483 2167 1729 2226 sensisse
1760 2167 1868 2225 hoc
1903 2167 2150 2243 Spiritus
2179 2166 2608 2241 testimonium;
2655 2187 2792 2224 nam
2825 2190 2902 2227 ea

478 2245 568 2303 sui
595 2246 809 2305 indicia
849 2248 1084 2324 praebet,
1129 2257 1194 2306 ut
1235 2248 1308 2306 de
1350 2249 1440 2307 sui
1467 2247 1774 2324 praesentia
1816 2247 2078 2306 dubitare
2120 2267 2236 2305 non
2274 2246 2426 2304 sinat
2459 2266 2628 2304 veros
2665 2247 2899 2320 fideleS,

476 2324 612 2383 licet
645 2326 977 2404 <hypocritae
1020 2348 1136 2386 non
1179 2348 1306 2386 raro
1344 2328 1563 2404 seipsos
1612 2327 1707 2385 hic
1736 2326 2051 2403 dicipiant;
2096 2327 2602 2403 praesumptionem
2651 2327 2897 2386 inanem

474 2404 662 2464 carnis
703 2427 806 2483 pro
849 2428 988 2465 vera
1033 2408 1280 2485 Spiritus
1327 2408 1521 2467 Sancti
1564 2407 1966 2483 persuasiones
2008 2415 2286 2464 umentes.
2389 2406 2468 2464 Et
2510 2406 2608 2463 vel
2646 2405 2774 2464 sola
2808 2408 2897 2466 ef-

472 2482 622 2542 fecta
669 2486 916 2562 Spiritus
958 2488 1017 2543 in
1062 2487 1230 2545 nobis
1279 2496 1397 2545 tam
1442 2486 1870 2560 consolationis,
1918 2506 2090 2562 quam
2140 2485 2624 2559 sanctificationiS,
2677 2505 2812 2562 quae
2856 2507 2893 2544 a

472 2583 641 2623 carne
659 2567 993 2643 neutiquam
1012 2566 1297 2644 proficisci
1313 2575 1570 2644 possunt,
1597 2566 1731 2626 Gal.
1743 2586 1800 2625 v.
1826 2569 1917 2637 19,
1940 2568 2035 2641 20,
2057 2569 2152 2642 21,
2174 2570 2267 2641 22,
2284 2565 2425 2625 satis
2446 2584 2730 2642 superque
2749 2586 2889 2625 cau-

471 2662 592 2700 sam
637 2664 797 2701 suam
839 2646 1123 2721 probant;
1172 2648 1254 2705 Ut
1295 2646 1449 2722 ignis
1491 2666 1565 2704 ex
1607 2647 1815 2721 calore,
1860 2647 1982 2705 vita
2009 2668 2043 2703 a
2071 2656 2231 2704 motu
2269 2654 2327 2704 et
2355 2665 2544 2719 sensu,
2590 2656 2647 2703 et
2691 2666 2884 2705 causae

470 2742 504 2778 a
546 2723 789 2798 propriis
832 2723 1050 2781 effectis
1092 2726 1406 2783 certissime
1450 2725 1886 2802 dignoscuntur.
1972 2730 2027 2785 2.
2074 2728 2109 2757 “
2132 2725 2547 2784 Testimonium
2593 2726 2704 2783 hoc
2753 2727 2884 2785 esse

470 2809 693 2859 tantum
746 2803 1203 2878 experimentum
1253 2804 1552 2881 cujusdam
1602 2805 1907 2865 suavitatis
1949 2816 2006 2864 et
2047 2806 2205 2882 pacis
2255 2806 2509 2879 internae,
2557 2805 2716 2881 quod
2764 2825 2884 2864 non

467 2881 653 2957 possit
693 2882 1006 2959 producere
1057 2884 1475 2959 certitudinem,
1517 2884 1631 2942 nisi
1674 2886 2178 2963 conjecturalem.'’
2285 2885 2462 2961 Resp.
2508 2884 2671 2943 Licet
2716 2886 2884 2944 testi·-

467 2961 724 3020 monium
771 2963 883 3022 hoc
929 2963 1003 3022 sit
1051 2965 1516 3042 experimentale,
1568 2964 1885 3028 fundatum,
1920 2965 2142 3024 scilicet
2184 2965 2241 3021 in
2283 2965 2505 3022 visione
2560 2964 2767 3038 cordia,
2823 2973 2885 3024 et

467 3061 641 3101 sensu
683 3044 918 3120 gratiae3
965 3045 1099 3102 Non
1142 3046 1332 3103 minus
1374 3053 1566 3105 tamen
1612 3054 1829 3104 certum
1869 3053 1973 3119 est,
2019 3045 2154 3120 quia
2180 3044 2392 3120 pendet
2421 3065 2454 3101 a
2481 3044 2761 3120 principio
2792 3044 2881 3101 in-

466 3121 711 3182 fallibili.
797 3126 920 3183 Nec
963 3145 1022 3183 se
1062 3125 1236 3184 habet
1278 3134 1499 3184 tantum
1542 3125 1619 3183 ad
1659 3124 1890 3182 modum
1938 3124 2241 3182 suavitatis
2281 3124 2428 3181 levis
2470 3133 2529 3182 et
2560 3133 2879 3182 momenta-

465 3221 605 3277 neae,
651 3224 779 3279 quae
811 3204 1072 3281 decipere
1101 3205 1285 3282 possit
1311 3206 1619 3280 hominem,
1652 3204 1754 3262 sed
1784 3204 2086 3263 suavitatis
2115 3204 2539 3277 efficacissimae,
2584 3223 2714 3279 quae
2751 3204 2878 3261 vic·

464 3282 581 3339 trix
623 3282 834 3341 dicitur
874 3285 946 3343 ab
993 3284 1343 3361 AugustinO,
1389 3286 1526 3361 quia
1568 3285 1823 3361 captivat
1865 3292 2114 3341 mentem
2156 3284 2217 3340 in
2251 3283 2589 3359 obsequium
2618 3282 2771 3357 fidei,
2821 3292 2883 3342 et

462 3360 692 3435 plenam
735 3363 1160 3437 persuasionem
1205 3364 1264 3421 in
1307 3364 1513 3431 animis
1561 3364 1774 3422 nostris
1829 3363 2145 3440 ingenerat.
2246 3366 2302 3421 3.
2356 3366 2391 3395 “
2423 3363 2591 3419 Dona
2635 3361 2751 3435 illa,
2800 3362 2877 3421 de

462 3438 674 3513 quibus
706 3440 921 3498 Paulus
950 3441 1090 3499 dicit
1123 3443 1399 3517 Spiritum
1437 3444 1656 3518 testari,
1693 3447 1720 3501 1
1767 3443 1900 3501 Cor.
1932 3443 1989 3500 ii.
2026 3445 2116 3516 12,
2148 3442 2287 3500 talia
2314 3462 2458 3516 esse,
2488 3452 2553 3499 ut
2580 3461 2878 3517 nunquam

459 3517 521 3573 in
550 3536 647 3573 cor
673 3517 921 3576 hominis
950 3520 1345 3595 ascenderint;
1393 3523 1552 3598 Ergo
1595 3523 1668 3581 de
1710 3523 1781 3580 iis
1823 3522 2225 3581 certitudinem
2267 3541 2382 3579 non
2411 3541 2578 3598 posse
2607 3520 2871 3579 haberi.”

461 3596 637 3672 Resp.
672 3596 787 3655 Sed
828 3618 900 3655 ne
943 3598 1025 3656 sic
1064 3599 1296 3675 quidem
1324 3600 1443 3658 ulla
1471 3622 1669 3659 eorum
1697 3602 1951 3679 cognitio
1978 3611 2174 3679 posset
2200 3601 2417 3676 haberi,
2449 3620 2619 3678 quam
2653 3600 2873 3659 Paulus

455 3684 649 3734 tamen
692 3676 970 3755 singulari
1014 3678 1126 3737 Dei
1168 3680 1354 3756 gratia
1393 3680 1663 3739 fidelibus
1708 3683 1988 3741 indultam
2031 3700 2155 3739 esse
2186 3689 2448 3740 testatur.
2533 3680 2691 3755 Ergo
2721 3680 2871 3738 nihil

453 3757 612 3817 aliud
640 3758 887 3818 intendit
917 3758 1252 3836 ApostoluS,
1298 3781 1468 3837 quam
1513 3761 1875 3820 divinitatem
1918 3770 1975 3820 et
2017 3761 2417 3819 excellentiam
2460 3759 2867 3836 mysteriorum

457 3837 941 3915 Evangelicorum
985 3848 1042 3899 et
1084 3840 1381 3915 donorum,
1413 3861 1542 3917 quae
1573 3841 1734 3899 Deus
1763 3841 1882 3899 suis
1910 3840 2169 3917 largitur,
2202 3839 2520 3913 ostendere,
2551 3859 2679 3915 quae
2707 3849 2874 3897 tanta

455 3926 559 3991 est,
605 3928 668 3978 ut
709 3920 858 3978 nulli
897 3921 1192 3979 hominum
1236 3922 1332 3979 vel
1375 3920 1737 3997 Angelorum
1782 3921 2016 3997 cognita
2056 3940 2181 3978 esse
2223 3918 2530 3996 potuerint,
2581 3918 2691 3975 nisi
2742 3918 2873 3977 Deo

451 3998 761 4075 revelante,
793 3999 868 4058 ad
895 4021 1024 4077 quae
1051 4020 1158 4059 nec
1186 4002 1338 4059 acies
1367 4001 1681 4074 oculorum,
1712 3999 1848 4058 licet
1876 4019 2077 4059 sensus
2107 4001 2215 4058 iste
2235 3998 2545 4076 plurimum
2573 3998 2764 4055 valeat
2790 3999 2871 4056 ad

451 4080 841 4154 cognitionem
883 4100 1070 4140 rerum
1114 4081 1572 4158 comparandam,
1619 4100 1724 4138 1166
1769 4080 1992 4138 aurium
2042 4079 2299 4152 attentiO,
2352 4098 2481 4154 quae
2510 4085 2645 4135 sunt
2673 4086 2868 4135 tamen

451 4175 654 4216 sensus
704 4159 1040 4235 disciplinae,
1093 4180 1199 4217 nec
1249 4160 1439 4219 cordis
1489 4160 1794 4237 sagacitaS,
1839 4159 1935 4216 vel
1977 4159 2173 4217 lumen
2215 4158 2476 4216 naturale
2511 4176 2580 4214 eo
2610 4176 2865 4232 unquam

449 4238 740 4312 potuerint
768 4258 1089 4315 assurgere.
1175 4243 1231 4298 4.
1278 4241 1586 4318 “Spiritus
1627 4239 2019 4298 testimonium
2065 4257 2192 4296 esse
2243 4236 2646 4310 conditionale,
2690 4235 2868 4294 modo

447 4315 615 4374 nobis
644 4337 759 4375 non
798 4318 1067 4392 desimuS,
1121 4329 1292 4395 atque
1339 4319 1469 4378 ideo
1521 4319 1764 4377 Paulum
1813 4318 2028 4375 hortari
2078 4318 2363 4394 Ephesios
2407 4336 2479 4374 116
2522 4315 2868 4375 contristent

452 4394 744 4469 Spiritum,
777 4417 891 4473 quo
920 4398 1208 4474 obsignati
1241 4407 1390 4472 sunt,
1436 4399 1593 4476 quod
1621 4398 2008 4457 necessarium
2051 4417 2166 4455 non
2195 4396 2357 4468 foret,
2390 4396 2439 4452 si
2469 4395 2864 4454 testimonium

445 4472 554 4529 hoc
583 4474 965 4534 indubitatum
997 4478 1207 4536 esset.”
1268 4478 1443 4554 Resp.
1486 4479 1649 4537 Licet
1683 4478 1930 4554 Spiritus
1958 4477 2348 4535 testimonium
2379 4494 2492 4532 non
2523 4475 2705 4551 possit
2734 4475 2866 4533 dari

443 4550 503 4611 in
522 4551 687 4609 nobis
700 4564 862 4614 extra
885 4576 1049 4616 usum
1073 4556 1408 4632 mediorum,
1430 4557 1506 4616 id.
1524 4557 1844 4618 sanctitatis
1867 4556 2151 4631 studium3
2186 4556 2315 4613 Non
2336 4555 2595 4631 sequitur
2612 4552 2857 4613 dubium
