3221 5200
467 356 586 413 400
1262 371 1444 413 Locus
1474 373 1735 416 nscmus
1763 372 2053 424 QUAM-us.
2463 351 2716 435 [QuAEsr.
2747 376 2871 417 xiv.

457 513 593 572 dato
623 511 898 590 patiendi,
930 512 989 569 et
1017 511 1194 571 dandi
1223 514 1472 571 animam
1512 534 1676 573 suam
1705 516 1765 573 in
1795 516 2042 593 pretium
2084 514 2496 593 redemptionis
2523 535 2627 591 pro
2656 516 2870 591 multiS,

459 613 577 670 qua
625 592 881 669 perfecta
930 592 1258 650 obedientia
1307 594 1601 653 reddimur
1636 597 1800 673 justi,
1833 605 2116 672 quatenus
2167 597 2336 654 nobis
2393 595 2581 672 gratia
2626 596 2735 654 Dei
2766 597 2868 653 im-

448 680 703 750 putatur,
751 681 808 730 et
835 672 1286 749 apprehenditur
1311 693 1414 750 per
1438 673 1629 749 fidem,
1663 696 1836 753 quam
1874 676 2043 734 nobis
2086 676 2263 734 donat
2292 697 2307 750 ;
2352 695 2468 752 qua
2510 675 2651 733 certi
2681 675 2870 734 reddi-

451 772 598 827 mur,
626 771 731 809 nos
755 752 961 809 merito
979 752 1157 809 totius
1179 752 1346 811 istius
1369 755 1711 815 obedientiae
1731 756 2122 815 remissionem
2153 764 2520 833 peccatorum
2549 763 2872 814 nostrorum

454 832 685 908 habere,
719 839 777 890 et
805 831 1015 908 dignos
1037 831 1203 890 reddi
1230 833 1353 891 vita
1375 835 1648 892 aeterna.’'

1362 1073 1749 1148 QUAEs'mo
1792 1074 1973 1133 XIV.

1194 1250 1272 1288 DE
1315 1250 1573 1292 OBJECTO
1618 1251 2110 1292 SATISFACTIONIS.

445 1390 541 1448 An
574 1389 828 1449 Christus
845 1410 964 1465 pro
994 1390 1241 1447 omnibus
1269 1400 1323 1448 et
1346 1392 1578 1467 sinyulis
1605 1394 1939 1452 Hominibus
1968 1391 2357 1451 universaliter
2384 1399 2636 1448 mortuus
2662 1390 2747 1465 sit,
2773 1391 2867 1447 An

826 1490 943 1546 pro
970 1468 1180 1527 Electis
1208 1478 1421 1528 tantum
1442 1474 1470 1529 ,²
1554 1473 1724 1531 Prius
1755 1473 1901 1550 Neg.
1935 1495 1949 1549 3
1994 1473 2212 1532 Poster.
2245 1469 2469 1529 Affirm.

529 1629 577 1686 Ι.
624 1627 879 1702 Quaestio
908 1627 981 1686 de
1016 1629 1235 1702 Objecto
1263 1631 1458 1688 mortis
1491 1631 1716 1705 C'Izrzstt‘,
1750 1652 1852 1690 seu
1880 1631 1952 1690 de
2001 1630 2426 1690 Universalitate
2455 1628 2867 1703 Satafactiomts

443 1718 495 1767 ει
521 1708 956 1785 RedemptioniS,
988 1728 1023 1764 a
1052 1708 1225 1766 variis
1247 1709 1370 1785 jam
1401 1710 1536 1768 olim
1566 1720 1723 1769 mota
1750 1712 1874 1785 fuit,
1906 1720 1965 1769 et
1992 1710 2163 1769 hodie
2193 1710 2508 1769 etiamnum
2561 1717 2862 1782 movetur;

444 1787 601 1865 quod
629 1787 700 1845 de
724 1808 792 1845 ea
810 1788 979 1846 etiam
1004 1788 1214 1863 agendi
1234 1790 1634 1849 necessitatem
1664 1791 1831 1849 nobis
1861 1791 2118 1867 imponit,
2151 1810 2222 1848 ne
2252 1789 2393 1867 quid
2419 1789 2554 1847 huic
2583 1787 2656 1846 de
2690 1787 2866 1847 Satis·

444 1868 690 1926 factione
721 1868 934 1926 Christi
962 1868 1286 1927 tractationi
1306 1869 1505 1928 deesse
1547 1871 1830 1930 videatur.

1048 1947 1131 2005 ΙΙ.
1168 1948 1328 2006 Inter
1355 1958 1579 2009 veteres
1608 1958 1835 2010 constat
1855 1949 2347 2010 universalitatem
2368 1947 2805 2025 Redemptionis
2833 1968 2868 2004 a

970 2027 1302 2103 Pelagianis
1321 2037 1379 2087 et
1400 2029 1877 2108 Semipelagianis
1896 2038 2173 2088 assertam
2194 2029 2371 2087 fuisse
2392 2051 2406 2104 ;
2440 2028 2598 2085 Hine
2620 2027 2867 2104 Prosper

968 2106 1194 2183 epistol.
1238 2108 1313 2166 ad
1340 2107 1499 2186 Aug.
1532 2109 1604 2168 de
1643 2110 1903 2187 reliquiis
1943 2109 2271 2186 Pelagianae
2312 2108 2566 2181 haeresis,
2607 2107 2861 2182 “Haec,'’

442 2190 648 2266 inquit,
667 2189 969 2266 “ipsorum
997 2186 1256 2246 definitio
1278 2196 1336 2246 et
1363 2189 1641 2266 professio
1670 2199 1774 2266 est,
1792 2191 1905 2249 Pto
1915 2190 2189 2249 universo
2210 2189 2461 2247 humano
2484 2207 2694 2264 genere
2714 2206 2861 2245 mor-

443 2279 607 2330 tuum
635 2288 761 2327 esse
793 2266 1123 2342 Dominum,
1172 2276 1231 2325 et
1277 2270 1562 2327 neminem
1607 2290 1842 2348 prorsus
1887 2290 1922 2328 a
1964 2268 2357 2346 redemptione
2396 2266 2696 2344 sanguinis
2739 2268 2866 2343 ejus

446 2350 812 2427 exceptum,'’
827 2345 935 2405 Sto.
981 2347 1060 2404 Et
1080 2347 1230 2405 inter
1246 2367 1315 2404 ea
1326 2349 1628 2409 Gallorum
1647 2350 1914 2428 capitula,
1936 2369 2064 2426 quae
2085 2349 2147 2405 in
2159 2347 2492 2425 Augustino
2516 2345 2868 2404 damnabilia

443 2449 504 2488 se
534 2429 812 2506 reperisse
835 2425 1150 2504 jactabant,
1182 2427 1292 2485 hoc
1314 2429 1485 2487 etiam
1508 2437 1633 2488 erat
1656 2430 1858 2507 “quod
1879 2449 1995 2488 non
2013 2448 2115 2506 pro
2134 2428 2310 2487 totius
2327 2426 2528 2485 mundi
2556 2425 2862 2502 redempti-

446 2529 556 2567 one
588 2509 856 2568 Salvator
884 2507 960 2564 sit
981 2505 1348 2564 crucifixus.''
1395 2509 1648 2568 Faustus
1675 2509 1777 2568 lib.
1807 2510 1845 2569 i.
1876 2509 1948 2567 de
1976 2509 2158 2567 libero
2187 2507 2423 2566 arbitrio
2452 2526 2501 2564 c.
2516 2509 2570 2581 4,
2593 2506 2674 2564 ait
2691 2506 2888 2582 longe

445 2610 545 2648 eos
574 2610 608 2646 a
634 2586 866 2665 pietatis
892 2585 1119 2644 tramite
1147 2585 1429 2664 recedere,
1481 2589 1583 2666 qui
1626 2588 1827 2648 dicunt
1879 2589 2236 2648 Salvatorem
2284 2608 2401 2647 non
2449 2606 2551 2663 pro
2597 2585 2863 2644 omnibus

442 2677 732 2726 mortuum
761 2667 944 2725 esse.''
978 2666 1057 2723 Et
1086 2665 1452 2742 Hincmarus‚
1486 2669 1650 2744 epist.
1682 2669 1755 2727 ad
1787 2669 1972 2727 Nicol.
2006 2669 2224 2745 Papam
2252 2667 2406 2746 apud
2453 2664 2861 2740 Flodoardum‚

441 2748 541 2806 lib.
573 2747 651 2804 iii.
683 2766 806 2823 cap.
831 2746 952 2802 xiv.
982 2744 1132 2802 inter
1149 2765 1368 2804 errores
1398 2747 1795 2807 Gotteschalci
1821 2749 1999 2825 ponit,
2032 2748 2188 2825 quod
2214 2745 2549 2825 praedicavit
2570 2744 2862 2803 Christum

439 2847 556 2884 non
584 2823 854 2884 effudisse
886 2824 1010 2882 Deo
1042 2823 1199 2881 Patri
1226 2827 1540 2901 pretiosum
1570 2829 1910 2905 sanguinem
1940 2848 2107 2887 suum
2135 2849 2238 2905 pro
2267 2825 2655 2903 redemptione
2684 2833 2741 2882 et
2770 2844 2860 2882 sa-

442 2907 563 2966 lute
593 2905 848 2964 omnium
876 2903 1190 2979 hominum,
1224 2905 1328 2962 sed
1354 2915 1578 2966 tantum
1608 2929 1712 2985 pro
1740 2909 1832 2967 his
1860 2909 1960 2985 qui
1989 2909 2302 2983 salvantur,
2325 2908 2448 2965 sive
2470 2925 2573 2983 pro
2596 2904 2862 2963 omnibus

448 2986 685 3045 Electis.
771 2986 897 3059 Quo
926 2983 1213 3061 pertinent
1255 2985 1427 3045 etiam
1469 2989 1835 3047 anathemata
1883 2987 2387 3047 Pseudo-Concilii
2416 2985 2775 3044 Arelatensis
2803 2984 2862 3041 in

444 3067 690 3144 epistola
720 3064 926 3124 Fausti
958 3064 1588 3142 Semi-Pelagianorum
1635 3068 2023 3146 Antesignani
2052 3067 2128 3126 ad
2157 3066 2458 3141 Lucidum,
2483 3065 2640 3142 quod
2681 3063 2861 3124 Semi-

446 3147 822 3224 Pelagianum
851 3146 1028 3205 fuisse
1056 3165 1173 3202 non
1201 3143 1476 3206 diffitetur
1507 3149 1867 3208 Sirmundus.
1955 3149 2068 3207 His
2095 3168 2233 3207 vero
2263 3155 2328 3206 ut
2357 3166 2416 3204 se
2447 3147 2570 3223 jam
2616 3163 2859 3221 opposu-

440 3237 564 3287 erat
594 3227 961 3304 Augustinus
990 3246 1094 3284 suo
1124 3233 1399 3303 tempore,
1431 3228 1525 3288 Ita
1556 3230 1804 3308 Prosper
1824 3236 1882 3288 et
1902 3228 2246 3305 Fulgentius
2275 3227 2402 3303 ejus
2420 3225 2705 3302 discipuli,
2737 3223 2859 3280 alii-

443 3328 554 3385 que
586 3309 803 3368 Gratiae
834 3306 1048 3364 Christi
1079 3306 1399 3383 Praecones,
1432 3308 1633 3366 eadem
1663 3309 1912 3386 vestigia
1941 3315 2264 3384 prementes
2294 3305 2597 3363 veritatem
2639 3303 2863 3361 fortiter

439 3397 497 3446 et
526 3387 757 3445 cordate
786 3385 1183 3444 defenderunt.
1270 3387 1437 3461 Quod
1466 3388 1863 3447 confirmatum
1891 3395 2093 3463 postea
2120 3386 2229 3444 fuit
2256 3405 2291 3442 a
2320 3383 2588 3457 Remigio
2619 3382 2859 3457 Episco-

440 3487 515 3542 po
548 3464 942 3540 Lugdunensi,
972 3463 1073 3520 lib.
1104 3464 1177 3523 de
1205 3466 1389 3524 tribus
1419 3466 1715 3542 Epistolis,
1748 3476 1806 3525 et
1835 3465 2091 3523 Concilio
2109 3463 2421 3522 Valentino
2447 3461 2530 3518 iii.
2559 3479 2709 3517 anno
2740 3462 2858 3517 855

439 3543 655 3616 habito,
688 3563 737 3600 c.
768 3545 823 3598 4.
1933 3559 1944 3564 “

516 3669 546 3713 J
552 3670 840 3714 esuitarum.

451 2008 709 2054 Sententia
740 2005 926 2063 Pelagi-

575 2078 797 2110 anorum.

1045 3622 1166 3680 III.
1212 3624 1516 3681 Renovata
1569 3633 1772 3700 postea
1823 3622 1932 3681 fuit
1986 3621 2183 3680 eadem
2251 3617 2657 3679 Controversia
2708 3617 2860 3676 inter

963 3697 1315 3776 Pontificios,
1348 3721 1591 3777 quorum
1622 3703 1720 3759 alii
1749 3701 2240 3760 universalitatem
2271 3697 2708 3776 Redemptionis
2727 3718 2858 3756 cum

446 3776 617 3837 Semi·
633 3775 978 3853 Pelagianis,
1036 3779 1137 3837 alii
1200 3782 1327 3858 ejus
1396 3780 1908 3857 particularitatem
1978 3800 2107 3838 cum
2180 3779 2514 3856 Augustino
2599 3787 2657 3836 et
2734 3779 2860 3855 ejus

441 3857 709 3936 genuinis
736 3856 1035 3934 discipulis
1062 3868 1513 3938 propugnarunt,
1544 3861 1702 3938 quod
1755 3861 1943 3939 patuit
1984 3859 2270 3938 praecipue
2320 3859 2468 3918 inter
2511 3859 2554 3918 J
2558 3859 2773 3917 esuitas
2801 3865 2859 3916 et

443 3940 486 3998 J
488 3938 827 4011 ansenistas,
875 3957 1118 4014 quorum
1164 3941 1251 3998 illi
1301 3940 1743 4018 Pelagianorum
1793 3961 2047 4019 propago
2096 3940 2589 4000 universalitatem
2647 3937 2856 3995 Mortis

444 4019 660 4078 Christi
687 4017 895 4077 acriter
922 4026 1170 4096 tuentur,
1216 4021 1313 4080 isti
1340 4041 1479 4080 vero
1508 4020 1732 4081 fortiter
1768 4042 1871 4100 pro
1900 4022 2026 4098 ejus
2071 4020 2520 4099 particularitate
2563 4018 2852 4092 dimicant,

437 4101 481 4160 J
483 4099 782 4158 ansenium
811 4099 1159 4176 Magistrum
1188 4121 1354 4160 suum
1384 4102 1583 4177 secuti,
1616 4102 1717 4180 qui
1744 4102 1804 4160 in
1832 4102 2142 4178 Anqustino
2168 4121 2267 4160 suo
2295 4101 2406 4158 hoc
2454 4104 2855 4176 argumentum

437 4180 563 4239 fuse
582 4188 642 4238 et
663 4178 845 4238 solide
867 4189 1145 4239 executus
1173 4191 1277 4257 est,
1302 4182 1404 4240 lib.
1433 4181 1514 4239 iii.
1545 4202 1593 4240 c.
1620 4185 1715 4258 20,
1748 4190 1807 4240 et
1833 4182 1894 4238 in
1914 4181 2206 4258 Apologia
2222 4182 2265 4240 J
2267 4179 2506 4252 ansenii,
2530 4196 2680 4236 anno
2702 4179 2856 4234 1644

436 4260 608 4334 edita,
634 4259 764 4316 Art.
789 4262 880 4334 17,
911 4261 1001 4332 19,
1035 4264 1129 4336 20,
1162 4270 1219 4320 et
1247 4262 1307 4319 in
1337 4262 1699 4321 Cateehismo
1728 4261 1800 4320 de
1832 4261 2050 4333 Gratia,
2083 4282 2132 4321 c.
2164 4264 2218 4335 7,
2250 4259 2322 4318 de
2348 4258 2644 4317 Praedesti.
2668 4276 2723 4332 q.
2756 4258 2851 4313 65.

1046 4340 1154 4399 IV.
1198 4342 1451 4400 Transiit
1463 4342 1674 4400 exinde
1696 4341 2103 4400 Controversia
2123 4360 2157 4398 a
2179 4339 2498 4399 Pontificiis
2528 4337 2602 4394 ad
2624 4337 2853 4394 Protes-

468 4388 881 4432 Lutheranorum.
961 4425 1153 4479 tantes
1182 4440 1298 4479 non
1345 4421 1517 4480 modo
1573 4431 1807 4499 propter
1863 4421 2242 4495 Lutheranos,
2300 4419 2401 4496 qui
2450 4414 2855 4476 satisfactionis

434 4494 927 4554 universalitatem
984 4518 1115 4557 cum
1171 4500 1215 4559 J
1217 4501 1419 4559 esuitis
1462 4502 1712 4561 retinent
1755 4510 1814 4560 et
1863 4508 2243 4578 propugnant,
2294 4508 2360 4557 ut
2410 4495 2661 4555 Eckard.
2711 4495 2852 4552 Fas-

434 4575 601 4633 cicul.
625 4575 897 4632 Controv.
928 4597 976 4635 c.
1013 4580 1103 4653 15,
1137 4579 1209 4638 de
1243 4580 1541 4640 Praedesti.
1571 4602 1629 4659 q.
1672 4584 1727 4655 6,
1770 4581 2170 4639 Brochmanus
2198 4578 2271 4636 de
2310 4577 2514 4637 Gratia
2553 4575 2681 4648 Dei,
2713 4595 2761 4632 c.
2796 4579 2851 4649 2,

433 4672 489 4729 q·
523 4656 615 4727 17,
652 4654 743 4726 18,
780 4656 870 4728 19,
902 4663 961 4714 et
981 4658 1119 4736 alii;
1154 4659 1273 4719 Sed
1315 4661 1602 4739 praecipue
1629 4669 1863 4740 propter
1907 4660 2298 4734 Arminianos,
2325 4654 2854 4716 Remonstrantium
