3221 5200
279 362 507 405 QUAEsr.
539 345 664 417 xv.]
1100 359 1179 398 na
1221 358 1564 400 vocArlous
1593 359 1667 398 Er
1698 359 1855 400 rma.
2569 346 2684 405 519

276 501 510 557 actibus
558 507 695 557 ante
752 497 987 568 notatiS,
1032 496 1154 555 sive
1195 501 1394 574 quoad
1437 498 1873 574 persuasionem
1914 498 2268 571 intellectus,
2312 501 2436 558 sive
2484 504 2682 576 quoad

276 578 569 654 resuyium
623 576 952 634 voluntatis
1011 583 1071 633 et
1126 577 1522 650 receptionem
1578 596 1649 636 ac
1702 577 2105 634 adhaesionem
2163 578 2411 636 Christo.
2522 579 2684 638 Nam

267 657 574 732 persuasio
623 655 863 729 quidem
918 654 979 710 in
1024 654 1179 711 veris
1233 655 1513 712 fidelibus
1570 662 1732 712 certa
1777 662 1867 712 est
1919 662 1979 711 et
2033 656 2356 727 verissima,
2404 651 2557 714 'nata
2609 676 2683 714 ex

274 734 752 793 manifestatione
807 731 1072 789 veritatis
1133 750 1202 789 ac
1262 733 1547 791 bonitatis
1597 732 2053 809 promissionum
2105 734 2330 806 gratiae,
2380 754 2561 809 quam
2615 743 2685 793 ut

273 811 750 871 inaestimabilem
815 811 1165 867 thesaurum
1219 810 1468 883 respicit,
1525 819 1583 869 et
1637 830 1744 886 pro
1791 810 2001 867 merito
2055 811 2324 868 aestimat.
2435 812 2552 870 Sed
2620 814 2681 870 in

274 899 554 963 «penalem
598 891 821 947 incerta
861 907 930 945 ac
968 887 1115 944 levis
1144 895 1251 957 est,
1283 907 1391 962 pro
1432 889 1660 946 ratione
1702 888 1947 945 luminis
1985 887 2076 944 illi
2116 888 2352 959 indulti,
2383 910 2517 964 quae
2547 891 2685 950 licet

274 976 451 1041 grata
502 967 767 1025 veritatis
835 965 1212 1038 Evangelicae
1271 966 1551 1036 novitate,
1602 974 1662 1024 et
1714 966 1961 1028 raritate
2016 972 2319 1041 utcunque
2374 968 2681 1040 afficiatur,

274 1065 585 1121 nunquam
625 1054 824 1104 tamen
867 1044 1041 1117 plene
1082 1044 1474 1117 persuadetur
1514 1046 1588 1100 de
1631 1044 1761 1117 ejus
1802 1043 2088 1113 bonitate,
2118 1050 2408 1118 tanquam
2447 1065 2685 1104 summa

271 1130 333 1180 et
359 1121 775 1192 inaestimabili,
805 1128 1044 1195 propter
1071 1139 1252 1196 quam
1282 1122 1480 1179 omnia
1507 1123 1831 1179 deserenda
1858 1121 1991 1178 sint.
2078 1120 2259 1179 Unde
2287 1123 2518 1198 quoties
2560 1124 2681 1182 alia

273 1201 475 1258 animo
517 1203 922 1268 obversantur,
966 1217 1100 1273 quae
1141 1217 1361 1272 magna
1399 1199 1724 1274 voluptatis
1764 1200 1862 1255 vel
1905 1198 2181 1273 utilitatis
2221 1200 2411 1274 specie
2453 1202 2685 1258 blandi-

275 1286 478 1348 untur,
508 1280 603 1336 vel
647 1296 780 1353 quae
809 1277 1038 1333 malum
1067 1276 1313 1351 aliquod
1354 1278 1538 1334 talem
1578 1277 1914 1335 doctrinam
1951 1277 2369 1351 profitentibus
2398 1278 2683 1351 inferunt,

271 1356 447 1413 facile
489 1357 715 1431 patitur
755 1354 918 1411 ideas
944 1354 1193 1411 istarum
1221 1353 1563 1425 veritatum,
1592 1374 1726 1430 quae
1757 1354 2079 1412 commodis
2106 1354 2228 1412 suis
2268 1357 2680 1428 adversantur,

275 1434 600 1503 obliterari,
630 1440 690 1490 et
716 1433 882 1490 aliud
903 1431 1203 1505 judicium
1232 1432 1558 1506 practicum
1586 1452 1623 1490 a
1654 1432 1844 1491 Carne
1870 1432 1996 1488 fieri
2024 1434 2098 1490 de
2125 1435 2426 1507 sequendo
2454 1437 2682 1491 mundo

272 1519 334 1568 et
380 1513 732 1586 abnegando
780 1510 1033 1568 Christe.
1142 1509 1323 1568 Unde
1369 1529 1488 1568 non
1535 1511 1753 1568 mirum
1797 1510 1847 1567 si
1895 1510 1955 1565 in
2006 1517 2143 1569 actu
2186 1512 2418 1587 refuyt'i,
2468 1512 2685 1570 mirum

275 1597 568 1664 quantum
598 1590 753 1646 inter
781 1607 840 1644 se
869 1588 1219 1662 discrepent.
1289 1586 1451 1644 Nam
1474 1597 1544 1646 ut
1572 1590 1714 1646 fides
1727 1588 2059 1662 justificans
2087 1589 2263 1663 plane
2291 1596 2380 1646 est
2405 1608 2687 1664 persuasa

273 1670 348 1723 de
378 1668 708 1724 miserrima
736 1685 846 1722 sua
885 1667 1243 1736 conditione,
1274 1673 1334 1722 et
1361 1685 1592 1724 summa
1620 1665 1827 1740 gratiae
1856 1666 2197 1723 necessitate
2226 1674 2286 1724 et
2313 1668 2682 1738 excellentia,

273 1752 335 1801 et
376 1745 575 1802 Deum
611 1750 684 1800 ut
724 1762 1024 1800 summum
1067 1744 1326 1812 Bonum,
1361 1743 1666 1802 Christum
1705 1752 1774 1799 ut
1816 1743 2057 1800 unicum
2099 1750 2158 1800 et
2197 1744 2685 1818 perfectissimum

277 1823 656 1881 Servatorem
696 1821 965 1894 respicit;
1009 1820 1072 1877 N
1077 1840 1155 1877 on
1194 1827 1386 1895 potest
1413 1822 1556 1894 quin
1584 1820 2017 1878 ferventissimo
2047 1822 2265 1878 affectu
2294 1829 2354 1878 et
2393 1822 2684 1879 desiderio

274 1900 349 1957 ad
380 1919 518 1957 eum
542 1899 864 1972 confugiat,
885 1905 944 1954 et
971 1899 1236 1955 oblatum
1260 1898 1500 1971 recipiat
1528 1906 1588 1956 et
1608 1899 2003 1971 amplectatur
2029 1899 2300 1956 absolute
2323 1906 2381 1955 et
2404 1899 2683 1969 totaliter,

275 1978 486 2053 illique
513 1977 830 2056 ⁸indivulso
860 1995 1024 2032 nexu
1055 1976 1298 2032 uniatur
1326 1984 1385 2031 et
1421 1975 1891 2032 constantissime
1919 1976 2238 2046 adhaereat,
2268 1976 2296 2032 1
2333 1976 2464 2034 Cor.
2489 1976 2563 2033 vi.
2589 1976 2680 2047 17,

273 2057 504 2130 rejectis
532 2055 709 2111 etiam
753 2053 884 2109 aliis
914 2053 1206 2122 omnibus,
1236 2071 1368 2128 quae
1405 2054 1557 2110 hane
1587 2053 1871 2109 unionem
1899 2060 1958 2109 et
1984 2054 2458 2111 communionem
2499 2055 2684 2128 impe-

223 2135 400 2193 ·dire
429 2139 681 2208 possent,
713 2130 931 2186 Matth.
955 2130 1077 2186 xiii.
1101 2132 1197 2199 44,
1227 2139 1287 2187 et
1316 2131 1436 2188 xix.
1469 2131 1562 2200 27,
1589 2130 1745 2187 Phil.
1776 2130 1856 2185 iii.
1881 2129 1937 2200 7,
1956 2129 2013 2199 8,
2044 2132 2099 2200 9,
2131 2138 2189 2188 et
2216 2139 2425 2205 parata
2445 2131 2682 2206 quidvis

273 2229 451 2283 agere
480 2219 539 2267 et
580 2209 704 2282 pati
740 2225 849 2281 pro
883 2208 1118 2266 Christo
1157 2209 1449 2265 lucrando
1484 2216 1544 2266 et
1577 2208 1907 2277 retinend0,
1939 2207 2084 2266 Luc.
2114 2208 2193 2265 ix.
2226 2210 2321 2279 23,
2350 2216 2411 2265 et
2437 2209 2555 2266 xiv.
2588 2211 2683 2281 26,

273 2289 369 2357 27,
401 2288 616 2344 Matth.
640 2286 760 2342 XVi.
790 2286 885 2356 24,
916 2286 1008 2354 25,
1042 2287 1177 2342 Act.
1209 2305 1306 2344 XV.
1338 2288 1431 2343 26.
1517 2285 1635 2344 Sed
1679 2292 1747 2341 ut
1777 2294 2039 2359 aeghnoeegn
2068 2287 2263 2344 levem
2303 2288 2481 2344 habet
2508 2295 2568 2344 et
2595 2288 2686 2344 in-

277 2373 498 2422 certam
540 2362 1001 2438 persuasionem,
1030 2363 1246 2438 frigide
1287 2365 1465 2421 etiam
1509 2371 1569 2421 et
1608 2363 1849 2420 remisse
1878 2365 1954 2420 ad
1986 2363 2287 2421 Christum
2329 2364 2597 2434 recurrit,
2627 2373 2687 2422 et

273 2444 323 2499 si
346 2463 481 2499 eum
513 2441 902 2516 apprehendit
931 2449 990 2498 et
1018 2441 1238 2515 recipit,
1263 2443 1375 2499 hoc
1394 2443 1463 2498 fit
1492 2442 1689 2515 potius
1711 2459 1830 2509 ore,
1854 2459 2034 2514 quam
2052 2444 2245 2513 corde,
2268 2443 2488 2499 Matth.
2510 2461 2607 2499 xv.
2627 2443 2683 2500 8.

278 2521 399 2579 Vel
440 2521 488 2577 si
528 2519 735 2594 recipit
774 2520 837 2575 in
878 2520 1093 2589 anima,
1137 2522 1250 2576 hoc
1288 2527 1378 2576 est
1416 2521 1619 2593 potius
1659 2519 1720 2575 in
1761 2518 2068 2575 intellectu
2116 2539 2222 2594 per
2265 2521 2683 2594 cognitionem,

276 2619 459 2675 quam
499 2599 562 2657 in
603 2598 915 2655 voluntate
956 2618 1062 2673 per
1103 2618 1385 2669 amorem,
1416 2597 1529 2655 Tit.
1560 2598 1598 2655 i.
1635 2595 1724 2655 16.
1812 2595 1930 2655 Vel
1971 2598 2020 2655 si
2047 2599 2358 2657 voluntate
2399 2607 2460 2656 et
2489 2602 2684 2669 corde,

277 2697 588 2753 nunquam
615 2678 728 2733 hoc
754 2676 899 2733 facit
938 2683 1064 2734 toto
1091 2679 1284 2747 corde,
1316 2678 1416 2733 sed
1447 2676 1756 2734 dimidiato
1784 2682 1845 2732 et
1884 2675 2072 2733 diviso
2115 2677 2270 2734 inter
2306 2679 2599 2734 mundum
2628 2685 2689 2734 et

277 2755 598 2827 Christum,
631 2761 698 2811 ut
738 2771 798 2810 se
839 2761 1034 2812 totum
1074 2755 1204 2813 Deo
1245 2773 1557 2829 nunquam
1600 2756 1816 2822 tradat,
1859 2754 1962 2810 sed
2000 2754 2229 2830 aliquid
2257 2774 2393 2813 cum
2424 2755 2685 2825 Anania,

278 2834 413 2891 Act.
444 2853 499 2892 v.
533 2842 756 2902 neema,
787 2840 846 2890 et
885 2833 995 2890 sibi
1035 2851 1266 2890 servare
1309 2833 1469 2891 velit.
1556 2832 1736 2889 Unde
1778 2838 1973 2902 δίψυχοι
2014 2842 2304 2890 vocantur
2343 2832 2686 2907 hypocritae,

275 2910 320 2966 J
324 2931 409 2968 ac.
433 2912 470 2967 i.
494 2911 550 2982 8,
582 2913 687 2987 qui
714 2931 813 2968 cor
840 2921 895 2968 et
922 2931 1018 2969 cor
1045 2912 1284 2980 habent,
1308 2911 1386 2967 id.
1411 2910 1628 2984 partim
1659 2909 1805 2980 De0,
1836 2911 2052 2984 partim
2100 2913 2328 2967 mundo
2358 2912 2686 2967 adhaerens.

275 2986 338 3043 N
342 3008 405 3044 ee
446 2990 717 3045 absolute
758 2995 819 3044 et
859 2989 1151 3045 illimitate
1193 2989 1317 3044 sine
1359 2988 1487 3043 ulla
1528 2988 1909 3057 restrictione,
1953 2995 2022 3044 ut
2069 2987 2195 3043 fieri
2240 2990 2417 3044 debet
2456 3007 2494 3045 a
2534 2988 2687 3044 veris

273 3066 568 3135 fidelibus,
614 3067 718 3122 sed
761 3066 1144 3137 conditionate
1184 3072 1244 3121 et
1284 3065 1534 3121 limitato
1576 3083 1711 3120 cum
1754 3064 2147 3120 reservatione
2194 3065 2459 3134 mentali,
2503 3067 2686 3122 modo

276 3144 561 3217 professio
603 3144 867 3199 veritatis
908 3161 1026 3200 non
1076 3148 1287 3198 noceat
1333 3141 1655 3197 commodis
1696 3141 1836 3207 suis,
1867 3147 1927 3196 et
1965 3141 2141 3196 liceat
2180 3141 2291 3214 ipsi
2328 3143 2510 3214 juxta
2550 3160 2687 3199 cum

281 3220 518 3279 Christo
559 3220 737 3296 potiri
780 3220 901 3277 suis
941 3219 1170 3293 opibus,
1213 3218 1556 3287 honoribuS,
1600 3216 1841 3285 deliciis,
1885 3224 1944 3273 et
1985 3217 2116 3273 aliis
2158 3218 2295 3274 vitae
2338 3220 2684 3275 commodiS.

285 3299 438 3366 Quae
468 3300 571 3355 ubi
601 3306 848 3354 aede-rma
874 3316 1000 3355 esse
1027 3297 1206 3365 videt,
1231 3295 1441 3352 recidit
1468 3295 1664 3368 potius
1693 3313 1729 3351 a
1760 3293 2014 3363 Christe,
2045 3302 2103 3350 et
2130 3312 2270 3351 eum
2297 3295 2551 3369 turpiter
2579 3298 2685 3353 de-

275 3376 439 3447 serit,
468 3397 647 3453 quam
678 3386 746 3434 ut
772 3378 998 3433 mundo
1025 3380 1086 3431 et
1113 3374 1242 3448 ejus
1263 3372 1486 3430 deliciis
1515 3372 1802 3430 nuncium
1824 3372 2042 3441 mittat,
2067 3372 2211 3430 Luc.
2242 3373 2403 3429 xviii.
2428 3374 2524 3431 23.

274 3492 307 3538 6
383 3494 595 3539 Ratione
669 3496 751 3539 ad-
860 3452 1059 3511 VIII.
1109 3451 1281 3509 Idem
1310 3451 1624 3507 discrimen
1661 3450 1817 3507 clare
1858 3452 2146 3524 probatur
2172 3468 2244 3505 ex
2273 3452 2508 3507 duabus
2549 3469 2687 3526 pro-

309 3527 319 3538 ‘
332 3552 620 3609 junctorum
701 3560 751 3598 et
790 3531 1160 3608 prietatibuS,
1202 3531 1297 3585 vel
1338 3528 1629 3586 fructibus
1668 3530 1846 3585 fidem
1902 3529 2417 3602 consequentibus,
2464 3530 2686 3606 yet-adio

335 3612 721 3682 proprietatum:
806 3610 1027 3668 scilieet
1080 3615 1140 3665 et
1181 3607 1571 3677 consolatione,
1621 3624 1759 3663 cum
1811 3605 2277 3684 sanctificatione,
2320 3613 2380 3663 et
2448 3608 2685 3681 pietatis

336 3669 465 3714 'sum
488 3671 680 3726 ⁸⁸¹¹d¹i³
799 3689 1019 3746 studio,
1105 3686 1283 3744 Fides
1311 3686 1468 3742 enim
1498 3685 1759 3743 salvifica
1797 3685 2087 3758 gaudium
2117 3685 2379 3741 solidum
2407 3691 2466 3740 et
2493 3696 2690 3741 ἐναλά-

279 3783 415 3824 ληπυ
453 3764 515 3820 in
560 3768 735 3823 corde
777 3772 1022 3840 generat
1062 3783 1136 3820 ex
1176 3764 1542 3838 penitissime
1585 3763 1807 3820 scilicet
1862 3762 2166 3836 praesentis
2207 3762 2413 3835 gratiae
2469 3763 2686 3819 divinae

275 3858 471 3911 sensu,
514 3849 574 3898 et
614 3861 715 3916 spe
756 3862 875 3899 non
917 3842 1119 3899 fallaci
1159 3842 1380 3897 futurae
1422 3842 1648 3914 gloriae,
1696 3841 1858 3913 quod
1902 3841 2021 3896 tale
2061 3848 2149 3895 est
2189 3846 2258 3894 ut
2299 3846 2594 3894 constans·
2629 3847 2690 3896 et

279 3925 569 3974 aeternum
624 3920 715 3988 sit,
746 3921 907 3994 quod
937 3938 973 3976 a
1001 3918 1171 3974 nobis
1199 3937 1371 3975 nemo
1400 3919 1633 3975 auferre
1662 3923 1857 3990 queat,
1887 3916 1928 3973 J
1934 3918 2029 3972 oh.
2058 3915 2176 3971 xvi.
2208 3915 2301 3971 22.
2387 3915 2501 3971 Sed
2545 3917 2690 3972 fides

279 4005 540 4068 ηὸααιςος
581 3998 874 4070 gaudium
927 3996 1171 4068 aliquod
1228 3997 1422 4063 habet,
1467 3996 1609 4068 quia
1662 3993 1880 4049 dicitur
1934 3992 2188 4065 recipere
2234 3991 2508 4048 Verbum
2557 4003 2689 4059 μετὰ

277 4085 438 4147 χαρᾶς
475 4094 600 4130 cum
638 4074 875 4148 yaudz‘O,
918 4072 1140 4129 Matth.
1171 4072 1292 4128 xiii.
1338 4072 1432 4140 20,
1476 4074 1576 4128 sed
1628 4070 1921 4145 gaudium
1969 4069 2291 4125 evanidum
2334 4076 2394 4125 et
2439 4069 2689 4142 fluxum,

278 4154 443 4227 quod
485 4170 605 4207 non
649 4153 837 4209 oritur
878 4169 952 4206 ex
990 4167 1129 4205 vera
1155 4157 1215 4207 et
1253 4148 1515 4206 fiduciali
1547 4146 1764 4207 Christi
1803 4146 2304 4221 apprehensione;
2348 4147 2449 4202 sed
2478 4149 2573 4204 vel
2615 4167 2692 4208 ex

278 4230 560 4288 doetrinae
591 4231 854 4287 novitate
882 4235 942 4284 et
981 4226 1237 4298 raritate,
1261 4226 1303 4283 J
1308 4227 1402 4282 oh.
1433 4244 1488 4283 v.
1520 4225 1614 4295 35,
1645 4244 1776 4299 quae
1807 4226 1958 4281 solet
1983 4223 2350 4281 intellectum
2379 4223 2690 4298 oblectare,

279 4310 376 4364 vel
424 4327 497 4365 ex
551 4307 682 4381 ejus
722 4306 1014 4364 suavitate
1055 4312 1114 4361 et
1169 4303 1500 4373 dulcedine,
1551 4323 1684 4378 quae
1729 4301 2064 4358 libertatem
2111 4307 2171 4357 et
2217 4303 2471 4357 salutem
2518 4305 2693 4377 polli-

283 4393 466 4454 cetur,
485 4387 581 4440 vel
611 4406 684 4442 ex
714 4386 974 4442 utilitate
1004 4384 1079 4440 ad
1109 4382 1421 4439 commoda
1447 4381 1586 4438 vitae
1618 4381 2050 4454 consequenda,
2071 4377 2227 4447 utin
2254 4378 2326 4435 iis
2354 4378 2565 4449 visum,
2589 4383 2693 4457 qui

286 4462 587 4519 Christum
608 4471 853 4538 propter
880 4480 1095 4537 panem
1117 4467 1176 4518 et
1203 4460 1491 4517 miracula
1520 4478 1655 4532 quae
1686 4458 1760 4513 ab
1782 4457 1910 4531 ipso
1938 4456 2345 4531 patrabantur,
2370 4459 2694 4530 sequeban-

283 4547 399 4596 tur.
485 4538 666 4599 Unde
696 4548 928 4599 mutata
954 4557 1155 4596 rerum
1190 4537 1358 4608 facie,
1389 4536 1588 4593 statim
1629 4542 1808 4608 atque
1832 4554 1976 4590 crux
2005 4541 2066 4590 et
2095 4533 2425 4607 persecutio
2455 4544 2694 4612 propter

291 4617 559 4675 Verbum
591 4620 870 4687 succedit,
902 4617 1385 4674 scandalizantur
1411 4614 1548 4670 ilico
1576 4620 1636 4669 et
1664 4614 1966 4681 recedunt,
1999 4611 2219 4667 Matth.
2252 4611 2376 4670 xiii.
