3221 5200
320 364 543 413 QeAEsr.
576 343 735 425 x111.]
1044 360 1119 400 ns
1150 360 1381 401 orricio
1411 361 1646 402 cunnsri
1678 363 2065 404 usmaromo.
2609 350 2726 408 395

326 526 501 583 quam
531 505 604 562 ab
634 524 703 562 ea
729 501 1047 580 dispensari
1077 507 1283 577 potest,
1316 523 1659 580 quoeunque
1695 505 1769 563 sit
1814 505 1871 562 in
1901 514 2053 564 statu
2078 527 2091 579 ;
2123 505 2343 563 ratione
2399 506 2752 582 posterioris,

326 605 514 661 poenae
544 593 633 643 est
662 582 965 641 obnoxius,
1011 581 1133 639 Nec
1161 592 1460 659 propterea
1489 583 1642 641 idem
1672 584 1930 643 debitum
1960 586 2049 643 bis
2079 584 2228 642 solvi
2257 584 2564 643 dicendum
2607 597 2728 661 est;

326 664 464 740 quia
486 663 644 721 aliud
666 673 754 721 est
772 663 1004 720 debitum
1023 664 1261 736 poenalc,
1283 663 1437 738 quod
1467 664 1647 721 oritur
1669 684 1742 722 ex
1771 666 2226 741 transgressione
2244 665 2548 742 praeterita,
2575 667 2732 725 aliud

325 744 562 801 debitum
605 743 977 815 obedientiale,
1020 741 1175 817 quod
1217 741 1397 799 oritur
1424 763 1498 800 ex
1542 744 1896 821 obligatione
1946 745 2381 821 indispensabili
2422 746 2727 822 Creaturae,

326 844 455 900 quae
502 822 576 880 ad
605 821 796 880 omnia
825 831 1082 896 tempora
1109 820 1456 895 extenditur,
1503 832 1560 881 et
1605 844 1641 879 a
1689 844 1802 899 qua
1850 845 1920 882 ne
1977 826 2038 882 in
2079 826 2205 901 ipsa
2259 824 2492 902 quidem
2546 846 2733 902 poenae

326 902 692 980 perpessione
723 911 983 959 creatura
1010 908 1201 976 potest
1240 900 1434 957 eximi.

408 984 552 1040 XV.
598 982 828 1055 Quinte,
866 979 1252 1056 Supponimus
1282 980 1565 1056 triplicem
1595 981 1718 1039 dari
1747 984 2128 1057 ⁴majac-tionem
2161 982 2324 1059 Legi,
2376 986 2712 1060 naturalem,

327 1062 676 1135 foederalem,
694 1071 752 1119 et
784 1060 1099 1137 poenalem:
1123 1061 1403 1117 naturalis
1425 1061 1605 1118 oritur
1627 1081 1662 1118 a
1677 1062 1850 1136 Lege,
1866 1083 1980 1138 qua
1994 1073 2082 1121 est
2100 1083 2301 1121 norma
2313 1064 2651 1140 sanctitatis,
2673 1075 2732 1124 et

323 1143 597 1218 competit
626 1142 932 1213 Creaturae,
963 1159 1078 1216 qua
1106 1140 1382 1197 Creatura
1410 1149 1513 1215 est,
1546 1160 1675 1216 quae
1724 1140 1855 1199 ideo
1905 1152 2117 1200 aeterna
2161 1153 2248 1201 est
2276 1153 2335 1201 et
2377 1144 2731 1221 indispensa-

320 1222 471 1294 bilis,
497 1221 632 1297 quia
661 1221 721 1277 in
742 1238 1086 1296 quoeunque
1109 1220 1184 1277 sit
1213 1227 1367 1277 statu
1394 1219 1518 1277 Deo
1537 1221 1774 1278 subesse
1802 1229 2030 1281 tenetur
2051 1233 2109 1279 et
2136 1223 2220 1279 illi
2251 1224 2491 1300 obsequi
2516 1247 2530 1299 ;
2545 1228 2727 1298 soede-

324 1302 467 1358 ralis
494 1300 708 1377 pendet
735 1320 769 1357 a
801 1298 957 1376 Lege
988 1308 1051 1357 ut
1078 1299 1484 1375 praescribente
1515 1300 1903 1359 conditionem
1933 1302 2296 1379 acquirendae
2336 1304 2728 1380 beatitudinis,

324 1388 382 1438 et
411 1380 683 1456 competit
707 1380 994 1437 Creaturae
1024 1378 1082 1435 in
1102 1386 1256 1436 statu
1278 1379 1387 1436 viae
1417 1380 1761 1455 constitutae,
1794 1381 1854 1437 in
1876 1401 1989 1457 qua
2020 1382 2238 1439 Foedus
2267 1403 2396 1441 eum
2425 1383 2526 1442 illa
2543 1384 2728 1459 inivit,

323 1468 381 1518 et
423 1459 671 1517 officium
716 1458 801 1516 illi
856 1458 1208 1536 praescripsit
1256 1458 1364 1516 sub
1393 1460 1771 1536 promissione
1807 1462 2026 1537 praemii
2078 1462 2172 1519 vel
2223 1483 2407 1538 poenae
2432 1486 2445 1538 ;
2487 1466 2732 1539 poenalis

323 1540 570 1614 pertinet
591 1539 666 1596 ad
689 1539 1019 1597 Creaturam
1039 1538 1414 1614 peccatricem
1444 1547 1502 1597 et
1523 1560 1697 1611 ream,
1729 1560 1857 1617 quae
1881 1561 2106 1618 poenam
2143 1542 2298 1617 Lege
2328 1542 2732 1603 denunciatam

321 1619 476 1678 luere
505 1628 749 1678 tenetur.
797 1618 991 1675 Prima
1011 1626 1100 1676 est
1121 1619 1375 1676 absoluta
1404 1629 1461 1677 et
1491 1621 1863 1695 innnutabe‘h'S,
1886 1622 2162 1697 quamdiu
2192 1622 2344 1679 enim
2376 1631 2464 1681 est
2494 1624 2731 1684 Creator

323 1708 381 1756 et
425 1700 715 1773 Creatura,
763 1698 983 1756 tamdiu
1010 1698 1135 1756 haec
1178 1698 1262 1754 illi
1292 1699 1550 1775 subjecta
1579 1720 1706 1758 esse
1735 1700 1940 1774 debet;
1989 1702 2108 1758 Nec
2137 1701 2323 1775 magis
2366 1701 2436 1759 de
2467 1702 2577 1761 hoc
2599 1704 2731 1779 jure

324 1778 654 1854 dispensare
682 1787 873 1854 potest
905 1778 1080 1851 Deua,
1112 1798 1284 1853 quam
1314 1780 1565 1854 seipsum
1594 1780 1901 1855 abnegare.
1991 1780 2256 1838 Secunda
2285 1792 2372 1837 est
2400 1784 2732 1841 oeconomica

322 1866 381 1915 et
424 1859 717 1930 rtzulabiltb,
766 1878 913 1933 quae,
967 1866 1031 1915 ut
1078 1857 1323 1915 refertur
1377 1857 1450 1914 ad
1527 1859 1819 1916 hominem
1871 1859 1929 1915 in
1977 1868 2130 1917 statu
2180 1858 2289 1915 viae
2333 1860 2727 1936 constitutum,

323 1937 541 1995 tamdiu
571 1939 775 1996 durare
804 1936 993 2009 debet,
1025 1935 1300 2012 quamdiu
1345 1937 1402 1993 in
1433 1937 1534 1993 illo
1584 1946 1736 1995 statu
1767 1947 2064 2012 versatur;
2111 1937 2213 1995 sed
2241 1946 2545 2015 postquam
2575 1942 2730 1999 viam

324 2017 576 2075 absolvit
603 2026 663 2074 et
688 2026 899 2075 metam
944 2016 1155 2091 attigit,
1187 2015 1260 2072 ab
1310 2015 1410 2072 illa
1452 2016 1809 2093 subjectione
1838 2017 2127 2076 eximitur.
2212 2017 2408 2075 Tertia
2435 2027 2523 2077 est
2550 2041 2729 2079 neces·

322 2098 483 2154 saria
511 2107 569 2156 et
596 2096 920 2155 inevitabiles
949 2094 1245 2171 supposito
1275 2104 1527 2170 peccate,
1573 2096 1729 2171 quod
1758 2116 1984 2171 poenam
2010 2106 2139 2172 post
2168 2117 2228 2154 se
2259 2097 2450 2155 trahit.
2538 2099 2732 2159 Prima

322 2177 595 2235 fundatur
621 2177 681 2233 in
720 2179 859 2250 jure
907 2175 1025 2232 Dei
1069 2174 1346 2232 essentiali
1392 2183 1449 2232 et
1496 2178 1896 2256 αὖτοκςιτοςικᾷ
1941 2176 1998 2232 in
2049 2177 2398 2252 Creaturam,
2440 2185 2497 2235 et
2519 2178 2729 2255 depen-

320 2255 516 2314 dentia
544 2257 669 2332 ejus
712 2254 957 2313 naturali
986 2254 1059 2311 ab
1088 2253 1251 2329 ipso;
1302 2253 1566 2311 Secunda
1614 2255 1671 2310 in
1713 2258 1860 2312 Jure
1889 2256 2076 2329 libere,
2110 2275 2209 2313 seu
2239 2256 2566 2315 voluntaria
2614 2260 2729 2318 dis·

319 2337 672 2412 pensatione,
705 2355 807 2411 per
833 2353 1006 2410 quam
1033 2332 1203 2391 libuit
1230 2332 1339 2409 ipsi
1369 2353 1501 2390 cum
1530 2333 1805 2392 Creatura
1835 2334 2051 2392 Foedus
2089 2336 2441 2410 contrahere,
2475 2346 2532 2395 et
2553 2338 2731 2397 vitam

319 2417 577 2493 polliceri
628 2416 736 2473 sub
784 2414 894 2471 hac
949 2412 1047 2471 vel
1075 2412 1175 2469 illa
1230 2412 1595 2483 conditionc;
1643 2414 1840 2471 Tertia
1870 2414 1927 2471 in
1955 2416 2104 2473 Jure
2117 2416 2388 2488 judiciali
2413 2426 2471 2474 et
2490 2419 2727 2477 Justitia

323 2497 699 2568 vindicatrice,
725 2514 841 2571 qua
863 2492 1152 2551 Creaturae
1170 2500 1466 2568 peecatum
1488 2493 1804 2551 ulciscitur.
1850 2494 2065 2553 Omnes
2089 2496 2376 2553 Creaturae
2406 2496 2731 2573 rationales,

326 2575 543 2653 Angeli
573 2584 630 2635 et
674 2574 953 2650 homines,
983 2572 1169 2650 primo
1217 2571 1388 2632 modo
1420 2572 1567 2650 Legi
1596 2574 1840 2652 subjecti
1871 2583 2020 2650 sunt,
2056 2573 2318 2634 Adamus
2348 2575 2572 2653 integer
2600 2578 2732 2637 sub-

316 2657 507 2732 jectus
537 2657 643 2715 fuit
673 2655 941 2728 secunde,
977 2652 1209 2712 Diaboli
1238 2662 1297 2712 et
1322 2654 1550 2731 reprobi
1579 2655 1768 2713 tertie.

406 2737 585 2794 XVI.
629 2737 671 2794 J
676 2745 818 2794 uxta
845 2735 1127 2812 triplicem
1157 2733 1328 2791 istam
1360 2733 1525 2810 σχέο-ιν
1542 2736 1708 2793 facile
1741 2735 1865 2812 capi
1897 2743 2102 2812 potest,
2137 2735 2438 2809 Quomodo
2468 2737 2731 2798 Christus

324 2813 508 2873 factus
539 2817 615 2874 sit
653 2821 747 2874 ὑπὸ
778 2815 948 2889 n'pm„
994 2825 1052 2873 et
1080 2814 1368 2890 quomodo
1401 2815 1547 2893 Legi
1576 2816 1871 2892 subjectus
1909 2816 2096 2889 fuerit,
2129 2816 2229 2873 An
2256 2836 2360 2893 pro
2389 2837 2468 2890 se,
2502 2818 2601 2876 An
2628 2840 2733 2896 pro

323 2895 492 2950 nobis
512 2898 539 2951 ?
623 2895 770 2951 Nam
820 2915 936 2970 qua
982 2895 1155 2952 homo
1205 2893 1444 2953 dubium
1489 2916 1606 2953 non
1657 2906 1760 2970 est,
1814 2896 1953 2972 quin
1996 2895 2291 2972 subjectus
2322 2897 2493 2955 fuerit
2538 2920 2643 2975 pro
2672 2920 2733 2958 se

329 2971 490 3046 Legi,
528 2981 593 3028 ut
622 2973 851 3030 Normae
901 2973 1223 3031 sanctitatis
1245 2975 1624 3051 ,subjectione
1675 2975 1963 3032 communi
1992 2984 2049 3033 et
2077 2976 2343 3049 naturali,
2370 2977 2462 3033 cui
2493 2978 2731 3036 obnoxii

325 3060 459 3107 sunt
488 3050 597 3125 ipsi
628 3051 843 3125 Angeli
863 3060 921 3108 et
942 3052 1107 3108 Beati
1130 3052 1187 3106 in
1210 3052 1389 3126 eoelis,
1411 3053 1510 3128 qui
1542 3055 1730 3109 Deum
1761 3073 1951 3111 amare
1981 3063 2040 3110 et
2067 3053 2254 3110 colere
2284 3063 2566 3113 tenentur.
2617 3057 2733 3115 Sed

324 3148 440 3186 non
463 3129 734 3187 continuo
765 3129 1057 3204 subjectus
1086 3129 1170 3185 illi
1202 3127 1325 3200 fuit,
1349 3139 1415 3188 ut
1442 3132 1746 3206 imperanti
1775 3131 2160 3187 conditionem
2179 3132 2571 3206 beatitudiniS,
2598 3136 2729 3193 sub·

320 3209 574 3286 jectione
604 3207 956 3265 oeconomica
984 3216 1041 3265 et
1069 3207 1346 3282 foederali,
1378 3218 1443 3267 ut
1483 3210 1663 3266 vitam
1708 3208 1998 3285 operando
2047 3218 2376 3283 mereretur,
2409 3230 2538 3267 cum
2570 3212 2728 3272 illam

325 3309 399 3346 ex
429 3289 487 3345 vi
525 3289 577 3347 U
582 3288 770 3345 nionis
798 3286 1175 3364 hypostaticae
1196 3287 1320 3363 jam
1350 3287 1651 3360 obtineret,
1682 3289 1865 3346 multo
1894 3288 2083 3344 minus
2113 3288 2470 3365 subjectione
2498 3293 2728 3368 poenali,

321 3378 519 3445 utpote
534 3367 908 3445 justissimuS,
941 3375 1000 3425 et
1027 3365 1213 3424 omnis
1240 3367 1460 3443 peceati
1490 3387 1716 3443 experS.
1803 3367 2006 3442 Itaque
2036 3367 2083 3425 si
2113 3375 2419 3444 utrumque
2448 3370 2558 3428 hoc
2588 3391 2732 3430 onus

324 3450 381 3507 in
414 3469 474 3508 se
506 3448 772 3525 suscepit,
804 3456 870 3506 ut
900 3447 1115 3523 Legem
1145 3446 1410 3522 impleret
1438 3446 1511 3504 ad
1540 3448 1722 3504 vitam
1770 3446 2196 3522 acquirendam,
2221 3458 2336 3507 tam
2368 3449 2557 3525 quoad
2585 3472 2728 3529 prae-

323 3539 490 3606 cepta
519 3517 796 3602 faciende,
823 3547 994 3604 quam
1024 3525 1215 3602 quoad
1260 3526 1613 3584 sanctionem
1655 3527 1942 3603 patiendO,
1976 3527 2035 3584 id
2063 3547 2230 3587 omne
2259 3529 2585 3589 voluntaria
2612 3532 2728 3592 dis-

321 3609 656 3686 pensatione
705 3628 809 3684 pro
857 3607 1025 3665 nobis
1048 3606 1238 3665 subire
1288 3606 1488 3664 debuit
1516 3626 1590 3664 ex
1621 3605 1822 3665 Officio
1855 3607 2209 3682 MediatoriS,
2243 3617 2300 3667 et
2327 3609 2387 3666 vi
2414 3611 2569 3688 pacti
2598 3633 2726 3671 cum

324 3690 450 3765 ipso
483 3689 652 3746 Patre
682 3688 825 3761 initi,
859 3697 924 3746 ut
942 3707 1002 3745 se
1030 3686 1375 3762 Sponsorem
1404 3696 1664 3743 nostrum
1695 3687 2037 3762 praestandO,
2064 3708 2133 3745 ea
2160 3690 2352 3746 omnia
2375 3690 2502 3748 loco
2531 3700 2727 3751 nostro

320 3767 533 3826 faceret
581 3776 640 3825 et
667 3776 971 3843 pateretur,
1004 3766 1078 3823 ad
1126 3785 1255 3841 quae
1284 3765 1545 3824 obstricti
1573 3785 1817 3841 eramus,
1857 3776 1915 3825 et
1958 3788 2088 3843 quae
2116 3770 2438 3827 necessaria
2466 3780 2628 3828 erant
2655 3772 2730 3829 ad

320 3846 769 3922 redemptionem
799 3856 1073 3904 nostram.

323 3957 713 4010 Satisfa‘ctionem
752 3966 800 4008 in
926 3925 1141 3981 XVII.
1189 3924 1412 3997 Quibus
1440 3924 1522 3982 ita
1548 3924 1755 4001 positis
1782 3924 1856 3982 ad
1905 3925 2219 3983 faciliorem
2249 3926 2550 3984 sententiae
2592 3947 2729 3986 nos-

380 4024 653 4067 obedientia
693 4025 803 4067 vitm
846 4013 948 4061 trae
976 4004 1437 4078 intelligentiam,
1480 4003 1580 4061 Ad
1622 4004 1746 4079 ejus
1786 4003 2274 4062 confirmationem
2312 4005 2727 4082 progredimur,

380 4083 648 4128 consistere
688 4095 798 4138 1)ῑο·
839 4103 967 4159 quae
996 4102 1112 4140 non
1134 4102 1249 4141 uno
1271 4083 1399 4140 loeo
1433 4084 1741 4161 Scripturae
1771 4082 2102 4141 adstruitur.
2152 4087 2202 4140 1.
2235 4084 2331 4141 Ex
2360 4084 2528 4142 Rom.
2559 4105 2615 4142 v.
2635 4089 2727 4144 19.

381 4142 590 4242 ἓξὲξ,
608 4138 685 4240 119,
738 4155 796 4185 ⁰¹
844 4167 879 4195 ‘⁴
906 4163 1068 4221 Sient
1094 4182 1197 4238 per
1226 4163 1397 4222 unius
1425 4162 1890 4236 inobedientiam,
1922 4162 2088 4220 multi
2108 4163 2403 4222 constituti
2434 4173 2567 4222 sunt
2594 4184 2726 4241 pec·

846 4251 1084 4314 catores,
1147 4242 1238 4299 Ita
1292 4262 1395 4319 per
1442 4243 1613 4300 unius
1662 4242 2046 4300 obedientiam
2091 4242 2257 4301 multi
2302 4243 2730 4303 constituuntur

319 4323 523 4398 justi.'’
613 4322 730 4381 Ubi
785 4322 1112 4381 Satisfaetio
1162 4322 1374 4380 Christi
1424 4321 1498 4379 ad
1528 4321 1912 4379 obedientiam
1942 4325 2068 4401 ejus
2095 4321 2352 4396 refertur,
2383 4342 2497 4379 non
2527 4323 2726 4399 utique

325 4402 524 4459 mortis
572 4411 813 4476 tantum,
867 4401 971 4460 sed
1013 4401 1188 4460 etiam
1218 4401 1371 4475 vitae,
1423 4405 1475 4460 1.
1523 4402 1675 4474 Quia
1692 4401 1884 4476 agitur
1911 4400 1982 4458 de
2011 4409 2134 4459 tota
2160 4400 2488 4459 obedientia
2517 4402 2730 4461 Christi

327 4480 450 4537 sine
497 4481 854 4556 limitatione,
900 4502 1028 4558 quae
1077 4480 1317 4556 proinde
1362 4481 1533 4557 plena
1581 4480 1782 4539 debuit
1811 4499 1936 4538 esse
1965 4488 2023 4538 et
2071 4490 2360 4557 perpetua,
2394 4501 2428 4539 a
2448 4481 2730 4558 principio

325 4578 508 4634 usque
536 4559 611 4616 ad
637 4560 827 4634 finem,
859 4582 975 4618 non
1010 4580 1148 4618 vero
1176 4560 1477 4618 dimidiata
1520 4569 1578 4618 et
1626 4559 1975 4635 imperfecta.
2053 4565 2109 4620 2.
2141 4561 2360 4637 Agitur
2413 4560 2484 4619 de
2530 4560 2726 4620 obedi-

321 4638 495 4710 entia,
546 4658 674 4713 quae
724 4640 992 4715 importat
1038 4639 1494 4699 conformitatem
1538 4659 1666 4698 eum
1723 4639 1879 4714 Lege
1928 4640 2333 4714 omnimodam,
2384 4661 2500 4699 non
2554 4642 2728 4701 modo
