3221 5200
496 330 584 378 642

502 470 802 521 Coeremonioe
824 472 957 521 unde
991 473 1263 523 dicantur?
1462 477 1569 534 129,
1589 480 1628 523 t.
1647 479 1680 523 4

559 543 611 584 et
625 551 799 584 carum
823 537 977 600 Origo
991 538 1015 586 ?
1328 576 1342 587 .
1505 537 1568 587 ib.
1595 545 1631 587 t.
1650 543 1680 588 6

560 600 938 649 distribuuntur
951 602 1007 649 in
1025 602 1194 651 varias
1229 601 1425 652 Classes
1448 611 1681 666 respectu

624 664 975 723 Personarum,
1013 674 1247 730 respectu
1290 668 1571 727 Sacrorum,
1608 682 1681 715 re-

626 736 804 792 spectu
826 728 1063 790 locorum,
1090 738 1387 795 temporum,

561 856 683 919 quid
700 856 1041 921 significarint
1059 859 1317 923 proecipuoe
1336 859 1682 922 Caeremoniae?

1305 927 1399 972 134
1432 930 1468 971 t.
1494 926 1557 972 20
1589 923 1680 973 διο.

561 984 691 1048 legis
714 985 1085 1034 Caeremonialis
1109 1001 1232 1035 usus
1255 992 1307 1035 ct
1340 960 1616 1099 abl-ogssti'z,

1437 1069 1483 1099 υι
1519 1069 1542 1099 e
1608 1069 1681 1101 ex.

502 1112 845 1162 Candelabrum
869 1113 989 1175 quid
1024 1113 1368 1177 significarit?
1439 1119 1546 1174 137,
1568 1123 1600 1165 t.
1621 1119 1680 1165 32

503 1177 814 1226 Canonizatio
837 1177 1134 1236 Sanctorum,
1160 1179 1373 1244 impium
1396 1185 1475 1228 est
1510 1180 1683 1228 Genti-

625 1241 787 1289 litatis
816 1242 1209 1303 imitamentum,
1465 1248 1543 1303 41,
1565 1250 1601 1292 t.
1625 1248 1682 1291 16

503 1305 850 1380 Castiyationes
883 1306 1127 1381 ‘fidelium
1182 1322 1283 1355 non
1339 1313 1460 1355 sunt
1514 1323 1678 1370 poenae

496 1432 575 1481 ne
648 1371 1088 1482 'gfgelzlllsslemffildei
1140 1374 1414 1482 seneli&
1428 1373 1678 1481 t·133;2i‘1‘f‘1²:

623 1497 816 1546 ciorum
840 1505 891 1546 ct
925 1499 1326 1548 Orthodoxorum
1344 1499 1369 1545 ?

1269 1565 1378 1622 541,
1399 1567 1435 1609 t.
1461 1566 1501 1619 1,
1522 1564 1567 1618 2,
1584 1563 1674 1609 διο.

557 1625 807 1674 certitudo
841 1626 1048 1687 Divina,
1083 1632 1136 1675 et
1180 1641 1283 1675 non
1318 1632 1519 1675 tantum
1552 1626 1678 1674 Con-

617 1689 885 1753 jecturalis
907 1691 1162 1755 probatur,
1316 1727 1329 1740 .
1458 1691 1569 1749 545,
1587 1691 1677 1738 διο.

558 1754 808 1803 certitudo
829 1755 946 1803 fidei
970 1755 1233 1815 Absoluta,
1249 1760 1302 1804 et
1323 1754 1681 1812 conditionata,

623 1818 745 1893 quid
778 1818 1013 1867 differant
1031 1820 1055 1868 ’ἓ
1189 1856 1200 1867 .
1428 1821 1540 1878 553,
1561 1825 1596 1866 t.
1620 1821 1680 1868 32

501 1881 766 1930 Char-uatis
788 1882 1102 1947 Praeceptum
1134 1899 1227 1933 cur
1249 1883 1446 1932 dicatur
1480 1883 1681 1931 Novum

624 1962 655 1994 a
673 1946 910 1995 Christo?
1077 1984 1088 1996 .
1286 1983 1300 1996 .
1462 1950 1540 2005 24,
1561 1952 1597 1994 t.
1619 1949 1681 1996 23

556 2009 780 2059 charitas
802 2026 904 2058 non
929 2017 1007 2059 est
1029 2010 1191 2059 forma
1208 2010 1340 2070 fidei,
1584 2015 1676 2060 511

557 2075 646 2123 scd
668 2074 732 2122 ab
755 2090 815 2123 ea
839 2090 939 2123 non
963 2082 1041 2123 cst
1065 2075 1375 2140 separabilis,
1431 2077 1541 2136 512,
1561 2081 1597 2123 t.
1621 2078 1679 2124 10

499 2137 723 2187 Christus
754 2154 847 2188 cur
878 2140 1137 2189 confertur
1168 2155 1285 2189 cum
1321 2139 1504 2187 Mose?

1449 2206 1527 2264 26,
1553 2209 1589 2251 t.
1617 2207 1677 2252 32

557 2267 818 2316 Christum
839 2282 951 2316 esse
971 2267 1214 2316 Messium
1239 2265 1493 2332 probatur,

1360 2335 1471 2390 254,
1497 2335 1550 2379 et
1583 2349 1676 2394 seq.

554 2409 622 2443 an
646 2410 796 2443 verus
819 2395 971 2444 fuerit
994 2395 1175 2443 homo?
1211 2398 1320 2454 271,
1342 2401 1380 2443 t.
1396 2399 1441 2450 4.
1458 2398 1505 2452 5,
1524 2398 1568 2454 6,
1587 2396 1677 2443 διο.

555 2473 649 2507 cur
672 2458 924 2507 Dominus
947 2460 1007 2508 de
1025 2459 1153 2507 coelo
1169 2458 1194 2506 ?
1422 2463 1531 2518 272,
1557 2465 1594 2507 t.
1619 2463 1672 2506 11

557 2537 624 2569 an
648 2523 774 2570 Caro
806 2523 994 2571 Christi
1035 2539 1101 2571 ex
1137 2520 1425 2571 substantia
1450 2522 1679 2585 Virginis

621 2586 889 2650 desumpta
913 2586 1018 2635 sit?
1183 2622 1196 2634 .
1330 2590 1440 2645 270,
1463 2592 1498 2636 t.
1522 2590 1564 2645 1,
1585 2587 1676 2636 &c-

554 2650 835 2711 quotuplex
892 2651 959 2698 sit
1014 2649 1203 2698 Christi
1260 2650 1449 2709 Status,
1484 2650 1677 2699 veritas

620 2711 901 2774 utriusque,
938 2718 990 2760 et
1023 2712 1312 2770 necessitas,

1203 2778 1312 2832 292,
1330 2781 1366 2822 t.
1390 2780 1432 2833 1,
1453 2779 1499 2834 2,
1521 2779 1566 2831 3,
1583 2778 1673 2825 διο.

556 2838 809 2902 quodnam
864 2838 1018 2887 fuerit
1082 2837 1385 2902 principium
1448 2840 1673 2887 activum

621 2902 975 2968 Conceptionis
999 2902 1229 2951 Christi?
1392 2905 1501 2961 299,
1521 2908 1557 2950 t.
1577 2906 1624 2962 3,
1645 2906 1676 2950 4

554 2983 621 3016 an
645 2968 837 3033 Corpus
861 2967 1048 3018 Christi
1082 2966 1236 3016 fuerit
1268 2965 1541 3015 formatum
1574 2982 1676 3015 mo-

621 3042 793 3082 mento
810 3034 834 3081 ⁸?
1226 3035 1337 3091 301,
1356 3038 1391 3081 t.
1417 3035 1589 3091 12,13,
1616 3037 1675 3082 14

554 3112 648 3147 cur
670 3097 904 3147 Christus
938 3113 1004 3146 ex
1016 3069 1234 3160 ‘Virgine
1258 3098 1399 3146 nasci
1432 3096 1680 3159 debuerit,

618 3167 672 3210 et
694 3177 758 3211 ex
776 3161 985 3226 Virgine
1009 3160 1310 3226 desponsata
1325 3160 1351 3209 ⁴?

1296 3228 1406 3284 302,
1425 3230 1462 3273 t.
1485 3227 1561 3284 19,
1582 3227 1672 3275 διο.

554 3306 783 3354 quaenam
816 3290 1007 3339 Gratioe
1053 3289 1159 3338 sint
1190 3288 1387 3340 collatae
1437 3288 1674 3338 humanae

620 3354 810 3403 Christi
836 3355 1043 3403 Naturae
1057 3354 1081 3400 ¹?
1327 3356 1437 3411 304,
1460 3358 1495 3401 t.
1520 3358 1562 3412 1,
1582 3356 1674 3403 διο.

554 3433 620 3465 an
645 3417 879 3466 Christus
903 3424 1077 3480 raptus
1101 3417 1322 3466 fueritin
1341 3415 1532 3465 Coelum
1555 3423 1675 3467 ante

617 3479 911 3528 inchoatum
942 3479 1202 3543 publicum
1227 3480 1570 3528 Minister-ium
1585 3482 1609 3528 ¹?

1225 3547 1335 3599 348,
1355 3546 1444 3591 διο.
1465 3548 1502 3591 t.
1524 3548 1566 3602 1,
1583 3546 1673 3593 διο.

552 3606 785 3657 Christus
808 3611 888 3655 est
909 3605 945 3655 J
948 3605 1126 3653 ustitia
1148 3621 1249 3668 qua
1270 3607 1305 3655 J
1310 3606 1640 3665 ustificamur,

551 3743 737 3790 oaetera
791 3736 852 3786 dc
893 3733 1095 3785 Christo
1140 3733 1257 3783 vide
1297 3733 1350 3781 in
1388 3733 1553 3781 titulis
1594 3734 1672 3782 De

617 3801 822 3861 Messia,
918 3797 1197 3860 Miraculis,
1300 3797 1670 3857 lncarnatione,

618 3866 911 3921 Mediatore,
949 3864 1246 3923 Nativitate,
1283 3862 1518 3921 Scientia,
1555 3862 1675 3911 Pas·

617 3930 858 3989 sionibus,
881 3930 1146 3977 Descensu
1170 3927 1235 3975 ad
1260 3927 1469 3987 lnsteros,
1492 3927 1673 3976 Resur-

615 3994 853 4051 rectione,
923 3992 1253 4050 Ascensione,
1322 3991 1556 4040 Sessione
1621 3996 1675 4040 et

615 4057 983 4170 Saffsactione,
1026 4059 1136 4115 241,
1175 4057 1262 4104 διο.
1282 4073 1294 4115 ;
1327 4061 1379 4103 et
1420 4055 1515 4103 sub
1551 4070 1673 4105 voce

743 4137 874 4169 unus.

489 4184 848 4236 Christianismi
870 4184 999 4231 mira
1022 4183 1265 4242 fundatio,
1292 4186 1403 4241 261,
1429 4188 1466 4231 t.
1488 4188 1565 4243 21,
1583 4184 1674 4233 &c.

484 4250 619 4312 Quid
640 4264 729 4313 per
749 4247 927 4296 Caelum
950 4248 1004 4295 in
1027 4247 1160 4309 quod
1183 4246 1418 4295 Christus
1442 4248 1673 4295 ascendit

614 4312 971 4374 intelligatur?
1379 4314 1491 4367 322,
1513 4316 1550 4359 t.
1573 4315 1619 4369 6,
1641 4316 1666 4360 7

490 4374 862 4426 Communia-,atio
895 4374 1184 4422 Idiomatum
1231 4374 1351 4436 quid
1409 4373 1475 4421 sit
1493 4375 1517 4422 ἶ)
1584 4376 1668 4423 An

610 4440 678 4486 sit
703 4446 905 4487 tantum
930 4435 1177 4497 Verbalis,
1204 4452 1270 4485 sn
1294 4437 1445 4486 realis
1463 4438 1487 4485 ¹?

1449 4504 1558 4561 284,
1577 4508 1614 4551 t.
1635 4507 1666 4550 4

541 4563 663 4628 quid
697 4564 762 4612 sit
787 4563 1187 4613 Communicatio
1222 4563 1275 4612 in
1300 4563 1586 4623 Abstracto,
1612 4573 1665 4615 et

607 4625 660 4673 in
696 4625 941 4675 Concreto
957 4628 982 4675 ?
1424 4627 1485 4676 ib.
1511 4634 1548 4678 t.
1567 4633 1615 4689 5,
1635 4632 1663 4681 6

1309 799 1415 852 134,
1437 801 1473 844 t.
1491 798 1568 854 20,
1590 797 1679 844 διο.
1754 796 2142 860 Concupiscentia
2192 770 2469 861 quotupleit
2483 797 2507 845 ⁴?

1314 346 1473 380 ntum:
1508 346 1681 379 RERUM
1715 344 1778 378 m·
1814 346 2101 379 VERBORUM.

1806 490 1908 523 non
1924 475 2030 523 dari
2041 475 2558 526 communicationem
2571 475 2625 525 in
2637 473 2921 532 AbstractO,

1873 539 2127 603 probatur,
2587 543 2698 598 285,
2714 545 2750 587 t.
2769 543 2814 598 9,
2836 540 2928 587 810.

1807 604 2087 667 quotuplex
2123 603 2190 652 sit
2221 604 2518 669 Compositio,
2553 611 2604 652 ct
2638 619 2790 666 quare
2890 617 2931 649 r-

1875 683 2000 715 sona
2048 671 2331 736 &cavalgeia-ov
2375 669 2575 718 dicatur
2607 684 2639 716 a
2693 669 2831 715 Patri
2869 681 2929 714 us

1876 732 2177 796 Composita,
2714 734 2825 790 275,
2843 737 2879 778 t.
2895 733 2926 779 8

2641 799 2748 854 118,
2774 802 2811 843 t.
2836 798 2876 852 1,
2896 796 2924 841 2

1810 877 1876 908 an
1925 861 2346 925 Concupiscentia
2393 860 2669 923 Originalis
2703 860 2756 906 in
2791 859 2927 921 Lege

1875 923 2230 988 prohibeatur?
2508 924 2571 972 ib.
2589 932 2626 971 t.
2643 927 2689 983 4,
2706 927 2752 982 5,
2771 927 2815 981 6,
2836 925 2926 971 διο,

1812 1005 1878 1038 an
1914 990 1983 1037 sit
2015 990 2329 1039 Peccatum?
2363 988 2548 1046 ibidem,
2584 995 2636 1036 et
2660 990 2742 1035 An
2763 995 2930 1035 motus

1876 1053 2037 1117 primo
2136 1054 2250 1102 rimi
2316 1052 2750 1118 Concupiscentiae
2825 1051 2927 1099 sint

1878 1124 2085 1181 peccatu
2336 1154 2348 1165 .
2548 1120 2655 1176 119,
2676 1123 2712 1164 t.
2738 1119 2811 1174 10,
2833 1117 2925 1163 &c.

1754 1181 1902 1245 Conju
1939 1182 1976 1229 ii
2008 1181 2249 1244 Legitimi
2283 1181 2622 1240 Conditioncs,
2715 1184 2821 1239 108,
2843 1185 2878 1226 t.
2900 1182 2929 1229 9

1810 1199 1936 1308 quidl
1953 1247 2014 1294 de
2039 1245 2301 1308 Conjugiis
2324 1245 2375 1292 in
2401 1245 2642 1308 gradibus
2666 1243 2929 1307 prohibitis

1872 1309 2021 1358 factis
2091 1309 2289 1356 rimitus
2312 1309 2617 1357 censendum
2637 1309 2660 1355 ’ἓ
2699 1312 2773 1364 16,
2798 1315 2834 1356 t.
2871 1310 2933 1356 30

1748 1372 1962 1420 Consilia
2063 1372 2307 1435 vanyelica
2373 1372 2770 1428 Pontificiorum,
2807 1371 2930 1433 quid

1873 1436 1990 1494 sint,
2015 1441 2068 1484 et
2091 1436 2338 1498 quomodo
2360 1435 2747 1496 distinguantur
2771 1435 2927 1496 juxta

1871 1498 2008 1561 ipsos
2041 1514 2072 1545 a
2103 1497 2377 1562 praeceptis,
2413 1504 2465 1545 et
2498 1503 2622 1558 quot
2677 1496 2742 1542 ab
2799 1497 2925 1559 ipsis

1870 1570 2200 1610 numerentur
2216 1563 2240 1609 ’ἓ
2549 1563 2627 1617 26,
2648 1564 2685 1607 t.
2706 1562 2748 1617 1,
2769 1563 2814 1618 2,
2836 1561 2926 1608 &c-

1807 1641 1871 1673 an
1896 1627 2080 1674 dentur
2103 1625 2263 1672 talia?
2460 1660 2471 1671 .
2606 1627 2684 1682 27,
2705 1630 2743 1671 t.
2763 1628 2811 1683 4,
2834 1625 2925 1673 διο.

1808 1690 1930 1753 quid
1962 1691 2023 1738 de
2057 1689 2276 1738 Consilio
2306 1687 2643 1737 Continentioe
2677 1694 2931 1751 perpetuae

1874 1754 2183 1803 censendum
2199 1754 2224 1802 ¹?
2422 1788 2434 1800 .
2635 1788 2647 1800 .
2862 1751 2926 1801 ib.

1755 1818 2008 1868 Conversio
2040 1816 2313 1867 habitualis
2346 1822 2398 1865 et
2432 1815 2650 1865 actualis
2683 1817 2932 1878 quomodo

1877 1884 1945 1932 sit
1968 1899 1998 1931 a
2021 1882 2198 1932 Gratia
2220 1880 2408 1930 efficaci
2424 1881 2448 1928 ?
2676 1883 2787 1938 460,
2808 1886 2845 1928 t.
2869 1884 2926 1930 13

1811 1947 1961 1996 homo
1983 1962 2086 1996 non
2104 1962 2157 1996 se
2180 1945 2334 1995 habet
2355 1946 2519 1993 instar
2542 1943 2731 2009 stipitis
2746 1945 2798 1991 in
2822 1960 2896 2003 ea,

1810 2091 1876 2124 an
1932 2075 1986 2123 in
2040 2076 2200 2140 primo
2254 2072 2610 2124 Conversionis
2675 2078 2930 2121 momento

1876 2140 2026 2188 homo
2080 2154 2213 2188 mere
2269 2138 2471 2202 passive
2509 2152 2562 2186 se
2595 2135 2799 2194 habeat,
2836 2151 2930 2186 nec

1877 2204 2113 2252 voluntas
2136 2202 2211 2250 illi
2234 2202 2563 2266 cooperetur?
2707 2205 2818 2259 477,
2838 2202 2927 2249 Sto.

1753 2269 1940 2318 Corona
1952 2268 1989 2318 J
1994 2268 2182 2316 ustitiae
2199 2267 2320 2330 quid
2335 2266 2436 2314 sit?
2461 2272 2512 2314 et
2527 2265 2928 2378 quareggatug?

1747 2397 1830 2444 An
1877 2396 2009 2445 Crux
2041 2396 2109 2444 sit
2141 2395 2282 2444 culta
2327 2392 2392 2443 ab
2426 2392 2681 2455 AntiquiS‚
2717 2400 2770 2440 et
2809 2393 2930 2455 quid

1874 2461 2182 2510 censendum
2238 2460 2299 2508 dc
2354 2458 2512 2521 Signo
2559 2456 2739 2505 Crucis
2795 2457 2928 2519 quod

1874 2524 2029 2574 fiebat
2056 2524 2110 2571 in
2143 2527 2255 2572 a'ere
2274 2524 2298 2571 ⁴?
2705 2523 2783 2579 55,
2806 2529 2842 2568 t.
2863 2524 2926 2571 25

1809 2605 1874 2637 an
1940 2587 2107 2637 Crucis
2152 2586 2423 2636 tolerantia
2467 2590 2721 2651 praecepta
2774 2585 2928 2635 suerit

1875 2651 1970 2701 sub
1997 2652 2170 2700 Veteri
2203 2651 2570 2699 Testamento?

2388 2718 2467 2772 20,
2495 2720 2531 2769 t,
2557 2718 2601 2772 8,
2621 2719 2673 2762 et
2705 2716 2784 2769 26,
2809 2718 2847 2762 t.
2863 2717 2926 2764 30

1743 2777 1876 2839 Quid
1931 2778 1999 2825 sit
2041 2776 2225 2836 Cultus,
2260 2786 2310 2825 et
2356 2784 2481 2840 quot
2532 2778 2723 2842 species
2772 2779 2928 2839 juxta

1870 2840 2165 2889 Pontificios
2182 2842 2207 2889 ⁴?
2388 2878 2399 2889 .
2744 2844 2824 2899 37,
2841 2848 2878 2890 t.
2894 2846 2924 2893 8

1804 2921 1870 2953 an
1904 2904 2084 2954 Cultus
2119 2904 2409 2970 Religiosus
2447 2904 2502 2953 in
2536 2905 2704 2953 varios
2739 2906 2926 2968 gradus

1870 2969 2086 3034 dispesci
2110 2970 2306 3034 possit?
2633 2973 2712 3027 38,
2737 2978 2772 3017 t.
2796 2973 2841 3027 9,
2865 2973 2924 3020 10

1807 3035 1930 3098 quid
1983 3035 2292 3083 censendum
2348 3034 2409 3083 de
2464 3032 2619 3083 Cultu
2671 3033 2834 3082 Duliae
2874 3041 2925 3083 et

1871 3100 2053 3148 Latriae
2069 3099 2094 3147 ¹?
2291 3134 2304 3147 .
2503 3134 2516 3145 .
2705 3101 2783 3158 38,
2803 3106 2841 3146 t.
2865 3101 2924 3148 10

1806 3180 1874 3213 an
1898 3163 2035 3212 solus
2060 3163 2201 3212 Deus
2226 3162 2293 3211 sit
2315 3160 2593 3211 colendus?
2660 3165 2739 3221 35,
2764 3163 2828 3211 ad
2860 3167 2920 3211 47

2297 3417 2355 3474 D

1740 3605 1966 3655 Danielis
1975 3606 2279 3671 Septimanae
2294 3607 2542 3670 quomodo
2557 3605 2890 3671 supputandae
2900 3605 2928 3653 ⁴?

2463 3674 2572 3728 246,
2599 3677 2633 3718 t.
2659 3675 2732 3729 17,
2753 3676 2806 3719 et
2827 3686 2926 3732 seq.

1739 3732 1915 3781 David
1931 3748 2020 3797 per
2037 3740 2245 3798 peccata
2259 3750 2351 3783 sua
2369 3749 2471 3782 non
2493 3734 2688 3829 excidit
2696 3734 2922 3847 {fidem

1739 3861 1975 3926 Decoloyi
1997 3863 2251 3927 Praecepta
2269 3862 2515 3925 quomodo
2532 3818 2858 3911 dix-idl'mthr’?

1803 4006 1871 4039 an
1905 3990 2173 4040 Decimum
2207 3990 2262 4037 in
2295 3990 2394 4039 duo
2426 3929 2753 4039 dividcggurtn
2768 3931 2812 4038 ‘l'
2832 3926 2930 3976 &e-

1803 4134 2035 4182 quaenam
2099 4119 2206 4167 sint
2283 4117 2495 4181 Regulae
2562 4057 2808 4167 tenendng’
2833 4058 2934 4167 hig

1869 4182 2219 4247 Explicatione
2243 4188 2602 4246 praeceptorum
2628 4181 2890 4244 Deculogi,

1800 4317 1852 4359 ct
1885 4310 1938 4357 in
1972 4325 2143 4358 eorum
2168 4249 2622 4370 observatione,32’
2643 4254 2679 4294 t·
2704 4250 2810 4363 13Ξί
2830 4248 2935 4361 ἐπεὶ

1799 4373 2112 4437 quotuplicia
2135 4373 2239 4422 sint
2262 4374 2523 4438 Praecepta
2547 4372 2790 4437 Decalogi
2805 4374 2829 4422 Ῥ
2857 4374 2932 4424 ib.

1797 4452 1864 4486 an
1889 4438 2179 4501 Deculogus
2203 4437 2271 4486 sit
2295 4438 2475 4487 Foedus
2499 4438 2684 4486 Gratiae
2698 4438 2722 4486 Ῥ

2468 4505 2578 4561 200,
2594 4507 2632 4550 t.
2653 4506 2731 4561 28,
2750 4506 2803 4551 et
2822 4520 2933 4567 seq.

1733 4566 1812 4613 An
1824 4564 2092 4613 Descensus
2108 4564 2287 4615 Christi
2299 4566 2368 4613 ad
2379 4565 2414 4614 I
2415 4567 2574 4623 uferos
2583 4566 2837 4629 pertineat
2854 4569 2937 4618 ud

1857 4629 2057 4679 Statum
2079 4621 2458 4681 Exultationis‘?
2493 4634 2604 4691 315,
2624 4636 2658 4678 t.
2681 4634 2725 4689 7,
2747 4634 2793 4690 8,
2812 4632 2933 4682 820.
