3221 5200
601 295 719 350 476
1398 305 1579 346 Locus
1607 305 1868 345 necinus
1897 304 2166 353 Quru‘rus.
2683 286 2978 366 [Qum.
3006 303 3065 341 ιτ.

596 460 790 509 motus
833 450 960 528 ejus
989 470 1104 508 non
1149 459 1340 527 potest
1382 448 1496 506 dici
1538 448 1744 506 brutus
1772 454 1830 504 et
1874 445 2239 521 irrationaliS,
2270 446 2461 522 qualis
2492 455 2588 504 est
2622 466 2787 524 erga
2840 455 3059 504 trane-s

597 540 655 588 et
687 531 928 607 stipites,
982 531 1082 588 sed
1113 551 1241 588 cum
1285 527 1613 605 cognitione
1660 536 1717 584 et
1764 527 1981 584 lumine
2024 547 2250 603 semper
2276 529 2665 603 conjunctus.
2769 527 2926 584 Non
2969 527 3059 580 al}
3125 521 3127 532 '

596 610 811 686 quippe
844 620 1065 687 spectat
1093 610 1424 667 immediata
1453 608 1563 664 ista
1592 606 1865 683 operatiO,
1892 626 2064 681 quam
2094 615 2158 663 ut
2181 607 2443 664 Verbum
2473 608 2894 683 propositum
2926 604 3055 663 cor&

594 690 903 766 imprimat,
933 691 1213 748 rationem
1245 708 1452 747 caecam
1499 686 1846 763 captivando
1892 687 1952 742 in
1998 687 2337 761 obsequium
2387 686 2638 760 Christi,
2678 697 2747 745 et
2780 697 2937 758 ῥυτὶς,
2980 705 3057 742 sel

596 770 1041 847 propensionem
1071 769 1390 827 voluntatis
1420 767 1495 825 ad
1524 766 1756 838 malum,
1790 765 2026 822 victrice
2069 765 2453 824 delectatione
2496 766 2586 823 ita
2643 766 2982 836 mutando,
3012 783 3053 821 st

595 849 753 926 quod
783 860 953 908 autea
983 849 1116 906 odio
1160 857 1216 905 et
1259 857 1591 923 contemptu
1635 846 2088 922 prosequebatur
2127 853 2401 922 tanquam
2446 866 2776 904 summum
2836 846 3052 902 malm

588 931 713 1006 jam
745 949 938 986 amore
969 928 1393 985 ferventissimo
1422 935 1817 1003 prosequatur,
1850 934 1915 982 ut
1944 945 2226 982 summum
2257 925 2492 983 bonum.

678 1009 782 1065 LI.
831 1008 1080 1083 Spiritus
1136 1007 1464 1066 immediate
1507 1007 1567 1063 in
1617 1005 1783 1062 nobis
1841 1014 2123 1081 operatur,
2180 1024 2297 1062 non
2346 1013 2465 1062 tam
2525 1013 2702 1078 ante,
2770 1017 2891 1064 aut
2948 1024 3049 1083 pos:

597 1088 875 1160 Verbum,
908 1107 1080 1163 quam
1128 1088 1300 1145 simul
1347 1107 1477 1145 cum
1517 1085 1753 1159 Verbo;
1813 1085 1895 1142 ita
1944 1093 2007 1142 ut
2056 1085 2356 1142 conversio
2399 1104 2533 1161 quae
2566 1104 2603 1140 a
2660 1085 2920 1161 Spiritu
2947 1106 3047 1162 pr*
3104 1131 3111 1160 ,

597 1168 844 1240 ducitur,
877 1167 933 1222 in
959 1187 1062 1224 suo
1093 1167 1292 1224 ordine
1322 1167 1492 1225 etiam
1523 1185 1557 1222 a
1586 1165 1783 1222 Verbo
1813 1164 2128 1223 efficiatur:
2181 1164 2253 1222 ab
2303 1165 2415 1222 isto
2459 1163 2726 1241 quidem
2763 1166 3043 1241 objectu-e

597 1255 656 1304 et
684 1247 993 1318 moraliter,
1027 1247 1100 1304 ab
1143 1247 1243 1303 illo
1273 1267 1412 1304 vero
1435 1245 1748 1303 efficienter
1776 1255 1834 1303 et
1862 1244 2199 1320 subjective.
2288 1244 2444 1301 Hinc
2473 1244 2633 1301 fides
2669 1265 2825 1320 quae
2862 1246 3045 1302 dicim

599 1347 724 1384 esse
756 1346 829 1382 ex
861 1326 1060 1384 auditu
1091 1327 1397 1401 objectiva,
1420 1335 1508 1384 est
1537 1333 1730 1382 tamen
1776 1345 1810 1381 a
1840 1324 2045 1400 spiritu
2086 1323 2414 1397 efficienter,
2464 1325 2573 1399 qui
2622 1324 2781 1382 ideo
2814 1327 3043 1401 Spirae
3098 1335 3107 1346 ·

581 1407 731 1485 fidei
777 1406 1002 1479 dicitur,
1049 1411 1084 1463 2
1138 1407 1267 1464 Cor.
1319 1407 1396 1463 iv.
1455 1409 1543 1479 13,
1577 1413 1861 1481 quatenus
1910 1403 2061 1460 idem
2086 1403 2393 1480 objectum,
2424 1403 2592 1479 quod
2639 1424 2765 1480 per
2800 1405 3039 1463 verbus

598 1486 958 1543 extrinsecus
979 1486 1333 1563 proponitur,
1349 1495 1404 1543 et
1434 1486 1507 1543 ab
1536 1484 1766 1542 homine
1788 1484 1988 1541 saltem
2021 1483 2329 1540 theoretice
2352 1492 2409 1541 et
2426 1483 2731 1542 historice
2759 1486 3041 1562 recipitur.

597 1586 700 1643 per
749 1566 1025 1642 Spiritum
1074 1567 1230 1623 intus
1275 1566 1451 1624 menti
1496 1564 1858 1640 imprimitur,
1925 1572 1989 1620 ut
2037 1563 2110 1620 ab
2155 1582 2222 1619 eo
2285 1563 2536 1640 practice
2595 1571 2661 1621 et
2720 1566 3043 1623 salutariter

599 1645 882 1704 credatur.

683 1726 819 1783 LII.
868 1726 951 1785 Ut
978 1725 1239 1782 Verbum
1268 1745 1384 1782 non
1413 1723 1673 1783 excludit
1703 1722 1921 1781 Gratiae
1949 1721 2294 1780 immediatae
2311 1722 2782 1783 necessitatem:
2834 1726 2932 1784 Ita
2959 1745 3041 1781 net

604 1807 808 1865 Gratia
836 1806 1169 1864 immediata
1210 1825 1377 1863 usum
1409 1804 1590 1862 Verbi
1621 1813 1679 1861 et
1707 1803 1945 1860 aliorum
1978 1802 2295 1860 mediorum
2339 1812 2735 1861 externorum
2774 1804 3039 1864 excludit.

597 1887 700 1945 sed
731 1886 1018 1962 supponit.
1106 1885 1384 1958 Quamvis
1414 1904 1551 1942 vero
1582 1883 1811 1941 sublato
1854 1883 2048 1940 Verbo
2078 1891 2136 1941 et
2165 1882 2621 1940 circumstantiis
2681 1884 2853 1942 illud
2884 1885 3036 1942 eomi-
3124 1889 3125 1894 ’

598 1966 872 2040 tantibuS,
921 1985 1038 2024 non
1086 1965 1271 2041 possit
1310 1964 1430 2021 fieri
1477 1963 1761 2020 ordinarie
1802 1963 2120 2036 conversio,
2168 1982 2285 2020 non
2330 1962 2597 2039 sequitur
2644 1963 2782 2022 illis
2832 1964 3037 2042 positis⁷

602 2046 795 2104 statim
828 2065 954 2103 eam
985 2045 1138 2121 poni,
1169 2044 1278 2101 nisi
1311 2044 1498 2121 gratia
1525 2043 1858 2101 immediata
1887 2042 2032 2099 illud
2062 2043 2381 2100 comitetur.

681 2125 854 2182 LIII.
900 2125 1178 2199 Quamvis
1205 2125 1454 2181 hominis
1482 2124 1820 2199 impotentia
1849 2142 2002 2180 mere
2031 2122 2264 2180 moralis
2286 2130 2477 2194 esset3
2525 2121 2669 2178 Non
2696 2135 3035 2200 sequeretur
3125 2119 3127 2190 A

597 2205 799 2262 morali
829 2214 1050 2262 tantum
1083 2205 1302 2262 ratione
1333 2224 1434 2280 per
1464 2204 1644 2260 solam
1668 2203 1911 2279 gratiam
1936 2202 2285 2278 objectivam
2306 2201 2494 2259 sanari
2523 2203 2833 2277 potuisse.
2926 2205 3029 2260 [me

606 2305 737 2342 eum
769 2284 1235 2360 inexpugnabilis
1266 2285 1340 2342 sit
1369 2285 1428 2340 in
1458 2303 1665 2359 genere
1696 2283 1888 2356 moriS,
1921 2282 2040 2339 vim
2081 2282 2332 2358 aliquam
2363 2281 2567 2338 morali
2621 2282 2961 2355 fortiorem,
2984 2282 3025 2339 id

597 2373 702 2437 est,
733 2364 1216 2441 hyperphysicam
1241 2373 1299 2422 et
1327 2364 1581 2421 divinam
1614 2363 1882 2439 postulat,
1914 2382 2030 2438 qua
2057 2362 2338 2419 vincatur.
2424 2359 2555 2418 Nec
2582 2365 2798 2439 magis
2832 2365 2919 2420 illi
2944 2383 3027 2440 per
3124 2421 3125 2426 ,

597 2445 849 2501 rationes
905 2444 1151 2500 morales
1178 2444 1495 2501 remedium
1538 2442 1729 2501 afferri
1757 2451 1962 2519 potest,
1996 2462 2169 2518 quam
2197 2442 2368 2499 morti
2398 2441 2653 2498 naturali
2686 2463 2805 2518 per
2854 2444 3025 2501 medis
3122 2431 3128 2530 ζ

597 2523 898 2581 naturalia.
953 2523 1075 2579 Nec
1124 2522 1174 2579 si
1205 2523 1328 2579 sola
1370 2523 1531 2580 verbi
1581 2522 1853 2580 diabolici
1902 2522 2093 2579 suasio
2136 2522 2306 2578 istam
2350 2520 2766 2596 impotentiam
2821 2524 3020 2600 genuit,
3118 2551 3123 2586 ι

600 2604 794 2660 statim
817 2602 945 2659 tolli
973 2610 1164 2676 potest
1186 2603 1308 2659 sola
1350 2603 1532 2660 Verbi
1561 2602 1746 2659 divini
1776 2603 2058 2660 suasione.
2145 2600 2292 2675 Quia
2319 2602 2379 2658 in
2408 2610 2614 2658 natura
2646 2603 2897 2681 integra
2917 2625 3021 2661 mn·
3114 2606 3125 2619 “

601 2681 857 2738 tabilitas
877 2680 985 2737 fuit
996 2680 1322 2738 essentialis
1345 2681 1579 2754 homini,
1603 2701 1719 2756 qua
1737 2681 1903 2739 facile
1939 2701 1973 2738 a
1989 2682 2143 2738 bono
2166 2682 2223 2738 in
2247 2680 2461 2738 malum
2484 2680 2812 2741 deflectere
2839 2685 3025 2760 potuit.

605 2759 721 2817 Sed
751 2760 809 2815 in
853 2766 1060 2815 natura
1086 2768 1353 2836 corrupta
1380 2761 1555 2817 nullae
1607 2771 1914 2836 supersunt
1959 2761 2206 2838 amplius
2255 2761 2425 2835 vireS,
2458 2760 2677 2837 quibus
2708 2782 2746 2818 a
2778 2765 3021 2840 pessimo

600 2847 753 2898 statu
774 2838 849 2895 ad
877 2838 1157 2915 optimum
1185 2848 1467 2916 resurgat.
1512 2844 1568 2897 2.
1591 2840 1789 2899 Gratis
1809 2842 2151 2917 supponitur
2171 2840 2567 2917 impotentiam
2587 2860 2697 2916 per
2719 2858 3017 2918 peecatum

604 2927 957 2978 contractam
981 2939 1106 2977 esse
1137 2939 1289 2978 mere
1319 2920 1593 2978 moralem
1619 2943 1633 2995 3
1680 2940 1808 2978 cum
1839 2921 2080 2997 physica
2108 2921 2280 2978 etiam
2312 2929 2369 2978 et
2393 2920 2467 2977 sit
2489 2929 2547 2977 et
2574 2920 2729 2978 bene
2779 2922 3016 2996 dicatur,

609 3010 676 3060 ut
703 3001 1007 3077 probatum
1041 2999 1150 3059 suit
1186 3000 1323 3059 Loc.
1349 3001 1433 3059 X.
1466 3000 1574 3075 Qu.
1606 3005 1662 3074 4,
1695 3009 1818 3058 tum
1838 3001 1974 3077 quia
2002 3021 2036 3058 a
2056 3009 2263 3060 natura
2290 3000 2458 3058 nobis
2496 3000 2666 3072 inest,
2702 3009 2764 3058 et
2814 3003 3019 3060 invicta

599 3092 688 3140 est
716 3102 783 3140 ac
812 3081 1215 3159 insuperabilis
1237 3082 1454 3140 homini
1484 3102 1598 3140 non
1628 3081 1818 3138 minus
1841 3101 1906 3137 ac
1937 3101 2087 3138 mere
2130 3080 2409 3138 naturalis
2433 3102 2447 3154 3
2491 3089 2613 3138 tum
2645 3081 2792 3156 quia
2818 3084 3017 3141 realem

602 3171 662 3221 et
690 3163 991 3239 physicam
1013 3162 1492 3221 inordinationem
1523 3170 1580 3219 et
1626 3153 2067 3236 corruptionem'
2094 3160 2284 3235 infert,
2334 3180 2450 3218 non
2496 3159 2737 3235 quidem
2794 3162 2856 3219 in
2899 3164 3013 3220 ani·

596 3262 705 3300 111ae
738 3243 917 3318 ipsius
948 3242 1345 3313 substantiam,
1380 3242 1471 3321 (ut
1498 3242 1734 3299 volebat
1766 3239 2047 3313 FlacciuS,
2081 3242 2246 3317 eujus
2269 3248 2654 3298 commentum
2680 3242 2895 3300 merito
2922 3263 3011 3300 ex-

596 3323 824 3397 plosum
853 3330 958 3394 est,
991 3341 1096 3379 nec
1125 3322 1237 3378 uisi
1265 3321 1569 3379 falsissime
1599 3321 1766 3379 nobis
1789 3320 2031 3396 impingi
2049 3320 2285 3398 potest,)
2318 3320 2417 3378 sed
2437 3320 2493 3375 in
2519 3319 2676 3395 ipsas
2697 3320 3009 3394 facultates

603 3408 722 3457 tum
755 3400 1050 3456 inferiores
1072 3400 1377 3475 appetituS,
1411 3421 1513 3477 per
1539 3401 1911 3458 rebellionem
1933 3399 2259 3476 affectuum,
2292 3409 2411 3458 tum
2454 3400 2784 3475 superiores
2816 3403 3009 3459 mentis

601 3486 660 3535 et
697 3477 1030 3548 voluntatis,
1083 3498 1184 3553 per
1233 3498 1442 3550 pravos
1490 3479 1723 3538 habitus
1751 3480 1868 3537 illis
1914 3481 2269 3556 congenitOS,
2302 3481 2402 3556 qui
2439 3499 2556 3537 non
2605 3491 2857 3555 possunt
2908 3482 3006 3538 nisi

603 3555 1030 3631 hyperphysica
1068 3566 1126 3613 et
1175 3556 1572 3615 efficacissima
1600 3560 1930 3635 operatione
1978 3560 2036 3617 in
2075 3560 2363 3636 integrum
2406 3559 2652 3633 restitui,
2708 3568 2839 3618 uta
2866 3562 3003 3619 bono

603 3634 860 3692 sensibili
892 3655 958 3692 ac
987 3635 1344 3711 corruptibili
1372 3637 1445 3694 ad
1475 3647 1749 3695 aeternum
1780 3648 1837 3696 et
1866 3640 2159 3716 spirituale
2183 3647 2607 3698 convertantur.

685 3714 848 3773 LIV.
894 3715 1098 3774 Gratia
1151 3715 1499 3791 immediata,
1547 3718 1737 3792 qualis
1792 3720 1865 3776 ab
1923 3720 2279 3778 orthodoxis
2328 3720 2582 3791 docetur,
2637 3719 2785 3776 nihil
2842 3720 3001 3778 habet

604 3816 904 3855 commune
925 3816 1055 3854 cum
1078 3797 1507 3872 EnthusiasmO,
1535 3798 1638 3856 sed
1662 3797 2047 3857 diversimode
2070 3800 2143 3857 ab
2157 3820 2224 3856 eo
2245 3799 2453 3857 differt.
2483 3804 2533 3858 1.
2562 3799 2997 3858 Enthusiasmus

599 3897 782 3935 novas
827 3877 1033 3953 quaerit
1073 3877 1456 3936 revelationes
1498 3887 1664 3936 extra
1704 3879 1995 3953 Verbum3
2046 3878 2162 3937 Sed
2193 3880 2396 3938 Gratia
2423 3878 2756 3936 immediata
2803 3881 2994 3953 nullaS,

600 3958 736 4034 quia
778 3956 1040 4015 Verbum
1073 3977 1298 4034 semper
1338 3961 1659 4033 comitatur,
1690 3978 1796 4016 nec
1825 3958 1983 4016 aliud
2021 3960 2158 4035 agit,
2190 3980 2362 4036 quam
2405 3967 2471 4017 ut
2515 3958 2660 4016 illud
2690 3960 2870 4017 menti
2902 3961 2995 4017 im-

597 4038 825 4113 primat.
932 4042 987 4094 2.
1062 4038 1131 4093 In
1211 4038 1624 4096 Enthusiasmo
1687 4038 1931 4114 objecta,
2004 4059 2132 4114 quae
2177 4039 2356 4097 menti
2425 4038 2847 4114 imprimuntur,
2892 4060 2993 4097 non

598 4118 956 4175 extrinsecus
1005 4117 1339 4192 adveniunt,
1390 4117 1492 4176 sed
1560 4118 1717 4175 intus
1772 4138 1806 4173 a
1866 4118 2083 4193 Spiritu
2138 4139 2242 4195 per
2303 4138 2542 4175 arcanas
2602 4118 2992 4195 inspirationes

598 4205 1005 4271 suggeruntur.
1095 4196 1209 4254 Sed
1249 4198 1343 4255 hic
1372 4198 1665 4275 objectum
1710 4198 2050 4273 supponitur
2072 4218 2296 4275 semper
2324 4198 2686 4257 extrinsecus
2714 4198 2989 4276 advenire,

597 4284 656 4333 et
697 4295 771 4332 ex
822 4276 1018 4334 Verbo
1087 4277 1223 4352 peti.
1295 4281 1350 4335 3.
1404 4278 1850 4335 Enthusiasmus
1893 4277 1958 4335 fit
2000 4298 2102 4354 per
2144 4279 2365 4336 subitos
2407 4288 2616 4353 motuS,
2679 4278 2779 4354 qui
2818 4278 2990 4354 ipsum

592 4354 913 4413 discursum
965 4363 1023 4413 et
1071 4356 1561 4415 ratiocinationem
1607 4366 1992 4430 antevortunt,
2026 4366 2083 4415 ct
2125 4378 2275 4433 saepe
2306 4358 2643 4416 excludunt.
2731 4358 2839 4415 Sed
2875 4359 2991 4436 Spi-

593 4435 740 4492 ritus
780 4435 1035 4508 operatio
1090 4454 1206 4491 non
1251 4436 1527 4511 excludit,
1561 4437 1665 4494 sed
1710 4457 1903 4496 secum
1936 4438 2111 4496 trahit
2140 4439 2641 4496 ratiocinationem
2693 4447 2749 4495 et
2778 4449 2990 4514 gratum

591 4513 907 4571 voluntatis
963 4534 1322 4573 consensum.
1411 4516 1675 4593 Denique
1732 4537 1803 4575 ne
1828 4518 1993 4593 plura
2035 4517 2371 4576 discrimina
2414 4521 2528 4595 jam
2571 4536 2986 4594 persequamur,

592 4590 1038 4649 Enthusiasmus
1080 4613 1193 4650 non
1238 4593 1409 4653 infert
1437 4596 1628 4653 cordis
1670 4597 2062 4671 mutationem,
2095 4606 2152 4655 et
2193 4608 2446 4657 mentem
2489 4599 2667 4657 afficit
2710 4598 2989 4659 immutata
