3221 5200
609 317 727 374 602
1426 329 1608 369 Locus
1652 328 1911 368 neamus
1955 327 2193 367 snm-us,
2674 307 2921 389 [QuAEsr.
2954 332 3013 369 x.

604 473 935 532 munionem
981 471 1214 547 Christi,
1261 479 1319 530 et
1351 470 1581 548 justitia
1624 470 1750 545 ejus
1791 470 1958 527 nobis
1996 469 2311 545 imputatur
2351 488 2384 525 a
2430 468 2554 527 Deo
2598 476 2656 527 et
2696 490 2798 545 per
2837 470 3009 529 fidem

601 555 890 629 recipitur.
998 554 1149 611 Tum
1206 552 1359 610 enim
1414 571 1449 608 a
1504 559 1658 609 statu
1714 550 1932 626 peccati
1987 548 2334 607 transeundo
2391 548 2463 606 ad
2520 557 2732 607 statum
2788 552 3005 626 gratiae,

599 644 796 692 reatus
827 634 1085 692 omnium
1128 640 1494 710 peccatorum
1535 630 1980 707 praecedentium
2031 636 2162 687 actu
2205 627 2443 701 tollitur,
2487 636 2546 685 et
2588 629 2902 688 remedium
2946 632 3005 689 in

590 712 825 785 justitia
867 714 1082 772 Christi
1127 713 1293 770 nobis
1322 711 1492 769 datur
1519 710 1799 768 adversus
1855 709 2062 768 futura.
2150 708 2226 765 Et
2253 709 2568 784 specialiter
2611 709 2804 786 quoad
2850 720 3007 768 actus

587 796 975 869 particulares
1028 800 1409 870 peccatorum,
1455 791 1516 846 in
1544 810 1674 866 quae
1717 789 1960 848 subinde
2000 788 2264 862 labimur,
2322 809 2451 865 quae
2507 789 2787 865 singulari
2834 792 3006 848 etiam

599 884 773 950 egent
801 875 1197 946 absolutione;
1243 891 1371 947 quae
1401 871 1572 928 toties
1606 870 1905 928 intimatur
1932 870 2098 927 nobis
2127 870 2183 926 in
2215 868 2337 926 foro
2367 868 2749 943 conscientiae,
2781 872 3005 946 quoties

596 954 786 1012 fidelis
814 975 916 1031 per
946 951 1341 1029 poenitentiam
1366 950 1440 1007 ad
1470 951 1659 1008 Deum
1688 950 2058 1023 convertitur,
2080 957 2138 1007 et
2160 969 2260 1025 per
2287 948 2460 1006 fidem
2481 949 2772 1023 justitiam
2792 950 3006 1009 Christi

598 1033 709 1091 sibi
755 1034 1022 1110 applicat.
1109 1030 1235 1105 Quo
1280 1050 1452 1089 sensu
1488 1030 1764 1106 jubemur
1805 1030 2062 1106 quotidie
2117 1037 2313 1106 petere
2363 1029 2759 1088 remissionem
2802 1051 3002 1106 pecca-

593 1121 801 1186 torum,
833 1132 948 1169 non
976 1120 1200 1169 tantum
1229 1112 1447 1168 ratione
1478 1130 1697 1183 sensuS,
1731 1110 1833 1167 sed
1889 1111 2063 1167 etiam
2089 1110 2308 1168 ratione
2339 1109 2519 1186 ipsius
2564 1110 2663 1183 rei,
2711 1111 2846 1187 quia
2872 1131 3001 1188 pec·

592 1201 720 1249 cata
748 1211 864 1248 non
892 1200 1133 1267 possunt
1162 1191 1489 1262 condonari,
1522 1190 1635 1247 nisi
1664 1190 1986 1264 commissa,
2017 1199 2082 1247 ut
2111 1199 2243 1247 ante
2274 1189 2726 1249 observavimus,

674 1270 794 1328 XI.
825 1270 1039 1344 Terti0,
1065 1270 1417 1329 Justificatio
1442 1271 1548 1327 sub
1578 1269 1795 1346 duplici
1824 1278 1981 1338 σχίσει
2010 1270 2229 1327 attendi
2257 1277 2464 1344 potest,
2496 1270 2593 1326 vel
2622 1270 2813 1345 quoad
2841 1271 3002 1329 desti-

589 1350 871 1406 nationem
919 1358 1190 1407 aeternam
1236 1351 1296 1407 in
1349 1350 1612 1422 Deci-em,
1659 1368 1773 1424 quo
1819 1368 1991 1406 sensu
2028 1350 2224 1423 qratia
2275 1348 2487 1406 dicitur
2542 1351 2694 1406 nobis
2749 1354 2889 1408 data
2945 1352 3002 1407 in

591 1427 816 1486 Christo
844 1438 974 1485 ante
1002 1438 1255 1502 tempora
1282 1428 1580 1500 secularia,
1624 1432 1659 1484 2
1691 1427 1839 1483 Tim.
1870 1427 1908 1483 i.
1942 1431 1996 1500 9,
2042 1436 2101 1484 et
2131 1429 2290 1484 Deus
2334 1427 2544 1484 dicitur
2584 1449 2685 1485 nos
2702 1431 3002 1503 proedesti·

587 1528 750 1565 nasse
778 1511 860 1565 ad
883 1508 1254 1582 adoptionem,
1289 1506 1437 1581 Eph.
1468 1507 1505 1563 i.
1538 1508 1572 1563 5
1599 1528 1613 1580 ;
1659 1506 1755 1562 vel
1775 1506 1967 1580 quoad
1995 1507 2369 1563 executionem
2418 1505 2478 1561 in
2522 1514 2812 1580 tempore;
2860 1509 3004 1582 Quae

590 1587 799 1646 iterum
826 1587 1072 1664 spectari
1099 1595 1307 1664 potest,
1330 1586 1441 1643 Vel
1461 1585 1654 1661 quoad
1681 1585 2141 1660 impetrationem,
2174 1604 2303 1659 quae
2332 1583 2483 1642 sacta
2510 1593 2599 1642 est
2626 1605 2729 1661 per
2756 1596 3002 1645 mortem

589 1667 802 1726 Christi
825 1668 884 1725 in
914 1668 1114 1741 Cruce,
1139 1667 1209 1724 de
1240 1687 1353 1742 qua
1375 1665 1600 1739 dicitur,
1634 1665 1802 1723 Rom.
1822 1684 1879 1722 v,
1911 1667 1965 1737 9,
2002 1667 2093 1738 10,
2126 1684 2225 1722 nos
2239 1665 2551 1740 justificari
2575 1674 2629 1723 et
2647 1667 3009 1726 reconciliari

586 1750 715 1806 Deo
741 1749 1011 1823 sanquine
1043 1748 1267 1822 Christi,
1300 1755 1358 1805 et
1390 1746 1670 1806 Christum
1715 1746 2100 1803 reconciliasse
2144 1747 2270 1803 Deo
2301 1745 2490 1802 omnia
2516 1764 2630 1821 per
2672 1748 3001 1822 sanquinem

591 1828 806 1903 Gracia,
833 1829 954 1893 Col.
987 1828 1024 1887 i.
1056 1831 1152 1886 20.
1186 1828 1263 1885 Et
1291 1826 1429 1884 alibi
1457 1826 1670 1884 dicitur
1700 1826 1953 1885 Christus
1979 1826 2271 1884 suscitatus
2293 1834 2533 1902 propter
2544 1828 3003 1903 justificationem

585 1918 855 1982 nostram,
890 1909 1059 1966 Rom.
1104 1909 1186 1966 iv.
1233 1909 1327 1981 25,
1359 1907 1495 1983 quia
1542 1915 1607 1964 ut
1652 1907 1713 1964 in
1758 1926 1826 1964 eo
1875 1915 2118 1980 mortu0,
2168 1905 2379 1964 mortui
2421 1925 2635 1981 sumus,
2680 1907 2761 1964 ita
2816 1907 2875 1964 in
2929 1928 3000 1966 eo

587 1989 864 2046 suscitato
893 1997 952 2046 et
993 1987 1327 2064 justificato,
1370 1986 1774 2060 justificamur,
1820 1986 1898 2044 id.
1939 1986 2375 2060 justificationis
2418 1993 2626 2044 nostrae
2669 1994 2886 2044 certum
2943 1997 3004 2046 et

586 2068 979 2126 indubitatum
1009 2068 1288 2126 habemus
1329 2068 1541 2143 pignus
1589 2075 1649 2124 et
1693 2066 2147 2141 fundamentum,
2192 2066 2330 2141 quia
2369 2086 2487 2124 non
2541 2067 2655 2124 alia
2709 2066 2779 2125 de
2826 2087 3003 2125 causa

576 2148 931 2221 justificatus
959 2157 1049 2206 est
1095 2147 1329 2224 Spiritu,
1366 2151 1394 2204 1
1427 2146 1576 2203 Tim.
1607 2146 1689 2204 iii.
1714 2149 1804 2219 16,
1829 2146 1942 2203 nisi
1962 2155 2026 2204 ut
2048 2147 2431 2223 justificemur
2459 2146 2518 2203 in
2545 2146 2689 2223 ips0.
2735 2147 2855 2205 Nec
2886 2147 3001 2205 alio

585 2248 761 2286 sensu
804 2228 1021 2286 Paulus
1063 2228 1219 2302 dicit,
1265 2232 1300 2284 2
1327 2228 1456 2285 Cor.
1486 2247 1543 2284 v.
1579 2228 1672 2300 19,
1707 2226 1953 2284 “Deum
1981 2224 2157 2285 fuisse
2188 2227 2248 2283 in
2277 2226 2506 2285 Christo
2535 2227 2999 2285 reconciliantem

586 2309 699 2366 sibi
755 2308 1052 2382 mundum,
1098 2328 1212 2365 non
1257 2306 1593 2383 imputando
1639 2305 1781 2383 ipsis
1811 2325 2008 2364 eorum
2037 2307 2330 2383 peccata‚”
2373 2314 2658 2382 quatenus
2693 2306 2913 2365 scilieet
2941 2307 3001 2363 in

585 2388 817 2446 Christo
847 2388 1124 2446 moriente
1157 2388 1330 2445 Pater
1356 2386 1560 2444 habuit
1588 2385 2025 2445 fundamentum
2054 2385 2551 2460 reconciliationiS,
2578 2406 2694 2462 qua
2721 2387 3004 2464 propitius

583 2467 770 2526 factus
816 2476 904 2527 est
944 2468 1162 2526 mundo
1192 2468 1525 2525 Electorum
1570 2474 1687 2524 tam
1717 2486 1792 2524 ex
1820 2466 2065 2540 Judaeis,
2110 2485 2283 2542 quam
2328 2465 2616 2524 Gentibus
2645 2467 2904 2539 collecto,
2936 2475 3002 2524 ut

582 2549 701 2606 illis
756 2567 874 2606 non
915 2549 1160 2625 imputet
1195 2554 1433 2624 peccata
1482 2565 1602 2620 sua,
1648 2565 1777 2622 quae
1828 2546 2057 2604 Christo
2102 2545 2425 2622 imputavit,
2472 2545 2576 2604 sed
2617 2565 2716 2605 eos
2765 2546 2838 2605 ab
2879 2546 2998 2604 illis

579 2628 960 2702 absolvend0‚
990 2648 1089 2685 eos
1118 2627 1290 2685 etiam
1321 2626 1381 2682 in
1409 2625 1534 2701 ipso
1553 2626 1855 2699 justificet.
1942 2626 2057 2683 Vel
2084 2625 2276 2700 quoad
2304 2627 2751 2701 applicationem,
2777 2646 2906 2702 quae
2935 2626 3002 2685 fit

580 2706 642 2762 in
681 2706 851 2763 corde
894 2725 997 2780 per
1050 2706 1469 2762 intimationem
1521 2706 1821 2761 sentcntiae
1867 2704 2251 2778 absolutoriae,
2305 2703 2375 2760 de
2419 2724 2534 2778 qua
2585 2704 2795 2762 Matth.
2826 2706 2907 2764 ix,
2941 2711 2997 2780 2,

578 2784 695 2841 Vel
741 2785 800 2840 in
840 2803 1051 2858 genere
1100 2783 1293 2857 quoad
1343 2790 1557 2840 statum
1585 2782 1791 2854 fidelis,
1825 2802 2002 2858 quum
2032 2783 2217 2858 primo
2265 2791 2524 2856 vocatur,
2558 2782 2674 2841 Vel
2716 2783 2776 2840 in
2807 2785 3000 2861 specie

580 2863 774 2939 quoad
801 2871 1010 2935 actum,
1044 2862 1275 2939 quando
1302 2861 1698 2920 remissionem
1729 2861 1950 2920 obtinet
1977 2869 2342 2939 peccatorum
2370 2862 2818 2938 particularium.
2885 2865 3000 2923 Vel

580 2942 777 3020 quoad
804 2963 1035 3013 ¹sensum
1084 2951 1143 3002 et
1190 2941 1593 3001 certitudinem
1624 2943 1768 3020 ejuS,
1815 2962 1944 3019 quae.
1974 2943 2154 3001 oritur
2181 2942 2242 3000 in
2285 2943 2454 3000 nobis
2491 2961 2566 3001 ex
2608 2953 2741 3002 actu
2782 2943 3000 3003 reflexo

581 3023 737 3098 fidei,
768 3024 869 3100 qui
913 3023 1333 3082 consolatorius
1376 3022 1602 3081 dicitur.
1688 3022 1804 3081 Vel
1852 3022 2100 3100 denique
2143 3023 2336 3099 quoad
2376 3025 2501 3101 ejus
2544 3024 2997 3100 declarationem,

584 3125 717 3181 quae
759 3104 883 3162 fieri
913 3103 1086 3163 debet
1116 3104 1308 3163 statim
1339 3112 1472 3180 post
1513 3112 1773 3179 mortem,
1828 3103 1983 3162 Heb.
2023 3104 2103 3162 ix.
2135 3108 2229 3178 27,
2274 3112 2397 3162 tum
2426 3104 2656 3181 publice
2685 3105 3002 3163 novissimo

582 3185 696 3259 die,
730 3205 859 3261 quae
890 3204 1005 3242 non
1036 3194 1154 3243 tam
1182 3194 1271 3243 est
1304 3183 1665 3261 justificatiO,
1687 3204 1860 3263 quam
1883 3184 2316 3260 justificationis
2346 3186 2524 3242 semel
2552 3183 2717 3243 factae
2746 3184 3001 3243 solennis

581 3265 897 3323 declaratio
926 3274 984 3322 et
1012 3265 1368 3341 adjudicatio
1398 3265 1635 3341 praemii,
1667 3284 1741 3322 ex
1766 3265 2178 3340 justificatione
2201 3264 2576 3342 praecedente.

665 3344 822 3401 XII.
869 3345 1027 3401 Hinc
1076 3353 1250 3420 patet,
1304 3346 1430 3417 Quo
1481 3364 1656 3402 sensu
1703 3344 2058 3402 Justificatio
2107 3353 2270 3402 actus
2310 3343 2594 3402 indivisus
2636 3344 2749 3402 dici
2777 3344 2998 3420 possit3

581 3443 699 3480 non
729 3443 763 3479 a
791 3430 951 3499 parte
994 3424 1193 3497 nostri,
1225 3432 1283 3481 et
1324 3424 1545 3480 ratione
1592 3443 1812 3496 sensus,
1844 3424 1944 3499 qui
1988 3426 2054 3481 fit
2079 3444 2184 3500 per
2211 3424 2402 3480 varios
2446 3431 2505 3481 et
2551 3423 2788 3482 iteratos
2816 3432 3000 3499 actus,

583 3510 757 3576 prout
785 3520 989 3558 sensus
1021 3502 1131 3572 iste
1162 3510 1355 3576 potest
1383 3502 1738 3577 interrumpi,
1763 3503 1861 3558 vel
1890 3503 2088 3578 augeri
2130 3504 2225 3559 vel
2255 3501 2454 3568 minui,
2486 3503 2705 3558 ratione
2733 3513 3002 3576 peccato·

582 3598 708 3636 rum
754 3579 1293 3650 intercurrentium3
1340 3577 1458 3635 Sed
1495 3599 1529 3634 a
1572 3590 1735 3654 parte
1783 3580 1911 3652 Dei,
1961 3600 2077 3637 non
2117 3581 2288 3638 modo
2333 3581 2551 3637 ratione
2583 3579 2833 3653 Decreti‚
2883 3602 3002 3657 quo

585 3657 817 3716 decreta
865 3666 956 3715 est
1011 3666 1208 3715 nostra
1249 3656 1605 3733 justificatiO,
1638 3666 1697 3715 et
1751 3659 1971 3715 ratione
2015 3659 2222 3731 meriti,
2269 3677 2384 3732 quo
2428 3666 2518 3715 est
2545 3658 2863 3734 impetrata,
2896 3664 3003 3722 sed

579 3739 757 3798 etiam
785 3738 1005 3797 ratione
1034 3736 1450 3815 applicationiS,
1481 3755 1659 3809 quum
1707 3736 2005 3794 intimatur
2057 3737 2225 3793 nobis
2268 3737 2552 3794 sententia
2606 3738 2998 3815 absolutoria3

579 3819 737 3897 quod
778 3820 845 3877 fit
873 3819 1043 3877 unico
1071 3827 1220 3894 actu,
1272 3837 1389 3876 non
1430 3816 1691 3894 pluribus
1736 3817 2078 3891 successive,
2124 3816 2411 3893 quomodo
2446 3818 2677 3894 justitia
2714 3819 3001 3880 inhaerens

581 3902 732 3959 solet
776 3900 944 3957 nobis
968 3898 1192 3958 infundi
1216 3923 1229 3977 3
1293 3898 1431 3957 licet
1460 3906 1622 3956 actus
1663 3899 1773 3957 iste
1803 3897 2013 3975 saepius
2050 3897 2369 3975 applicetur
2396 3897 2472 3955 ad
2501 3899 2731 3976 singula
2757 3912 2998 3977 peccata

588 3979 942 4058 quotidiana.

1528 4138 1916 4212 QUAESTJO
1988 4138 2071 4197 X.

962 4302 1055 4357 De
1086 4298 1324 4372 Unitate,
1358 4301 1705 4373 Perfectione
1732 4309 1783 4357 el
1815 4300 2161 4358 Certitudine
2187 4300 2628 4378 Justificationis.

663 4460 709 4515 Ι.
776 4458 1074 4535 Adjuncta
1135 4458 1580 4517 Justificationis
1648 4459 1759 4518 tria
1816 4468 1952 4517 sunt
1996 4460 2302 4536 praecipua,
2347 4458 2418 4515 de
2468 4458 2680 4534 quibus
2735 4458 2991 4535 disputa·

576 4546 689 4609 tur,
731 4540 946 4611 Unitas,
979 4538 1276 4612 Perfectio,
1308 4547 1360 4595 et
1391 4537 1684 4596 Certituclo
1701 4563 1724 4611 ;
1768 4539 1840 4596 dc
1864 4538 2076 4615 quibus
2105 4539 2304 4616 paucis
2333 4538 2659 4614 dicendum,
2690 4539 2826 4615 quia
2854 4538 2994 4595 alibi

576 4616 651 4672 de
682 4617 797 4674 inis
825 4619 941 4693 jam
973 4638 1045 4674 ex
1077 4627 1238 4694 parte
1267 4626 1455 4675 actum
1486 4628 1591 4675 est.
