3221 5200
501 328 577 384 84
1404 347 1587 388 Locus
1618 345 1978 387 unnncmus.
2491 324 2741 405 [ouAEsr.
2774 343 2903 386 nv.

508 484 786 544 Sabbathi
816 484 1272 561 substitueretur,
1305 507 1419 545 non
1448 487 1522 545 ab
1549 486 1897 561 hominibus,
1929 484 2031 544 sed
2051 485 2175 563 jam
2204 483 2339 543 inde
2367 484 2440 542 ab
2471 484 2774 562 Apostolis
2801 505 2910 544 nos

504 565 810 641 accepisse,
841 566 952 624 hoc
981 574 1070 625 est
1097 587 1132 625 a
1154 567 1371 643 Spiritu
1401 567 1530 640 Dei,
1562 586 1679 642 quo
1706 565 2056 642 regebantur
2075 566 2128 624 :''
2173 584 2289 622 non
2318 564 2485 622 aliter
2512 567 2724 640 Fayus,
2756 564 2906 642 disp.

501 647 600 718 47,
631 644 693 700 in
721 647 758 701 4
801 665 1083 722 praecep.:
1130 649 1166 679 “
1190 647 1402 705 Merito
1444 646 1623 722 igitur
1664 645 1998 718 dixerimus,
2043 643 2361 721 Apostolos
2407 644 2626 721 Spiritu
2672 645 2731 702 S.
2762 644 2910 703 duee

503 742 608 799 pro
650 723 893 800 septimo
935 725 1037 784 illo
1080 724 1173 783 die
1218 726 1394 803 legali
1436 745 1568 784 eum
1610 724 1993 798 substituisse,
2034 724 2136 800 qui
2175 723 2395 800 primus
2436 732 2560 782 erat
2599 723 2659 780 in
2703 723 2912 800 prioris

505 802 708 859 mundi
746 804 1107 878 Creatione,”
1144 804 1252 862 Sto.
1338 805 1410 861 In
1448 804 1649 862 eadem
1693 811 1828 862 sunt
1868 803 2155 862 sententia
2181 803 2523 877 Bulinqerus
2563 802 2623 858 in
2653 802 2806 878 Apo,
2838 802 2907 877 i.;

513 881 838 957 Gualterus,
869 884 1044 941 homi.
1080 885 1211 957 162,
1242 883 1302 940 in
1332 884 1579 958 Matth.;
1609 883 1819 940 Junim
1846 883 1906 939 in
1936 884 2149 942 Genea.
2179 882 2267 957 ii.;
2308 883 2569 939 Piscator
2596 882 2656 938 in
2684 880 2909 957 Aphor.

507 961 717 1036 explic.
750 961 972 1038 Aphor.
1007 964 1115 1036 183
1146 963 1488 1038 Perkinsius,
1508 963 1779 1035 Amesius,
1804 963 2095 1037 Hyper-ius
2124 961 2181 1017 in
2209 964 2236 1018 1
2266 962 2394 1020 Cor.
2418 959 2542 1019 xvi.
2571 965 2645 1036 23
2687 963 2913 1019 Valoeus

508 1038 581 1098 de
614 1041 823 1100 Sabba.
855 1061 903 1099 c.
936 1043 1008 1117 ὃς
1063 1044 1298 1116 ῘῘοέεἰιω,
1330 1063 1386 1118 p.
1417 1046 1471 1116 4,
1509 1043 1717 1100 Select.
1750 1042 1981 1118 Disput.
2010 1061 2068 1118 p.
2100 1043 2235 1116 760,
2267 1049 2326 1099 et
2352 1040 2453 1097 alii
2478 1060 2595 1098 non
2624 1041 2809 1117 pauci.

913 1124 929 1138 “
1115 1122 1304 1179 XIII.
1350 1121 1628 1195 Quamvis
1668 1121 1809 1178 Dies
1854 1120 2192 1178 Dominicus
2235 1120 2459 1178 dicatur
2499 1138 2626 1177 esse
2656 1119 2913 1196 Aposto-

1032 1201 1158 1259 licae
1207 1201 1579 1275 institutions,
1633 1201 1951 1259 authoritas
2000 1220 2113 1276 qua
2160 1200 2363 1257 nititur
2405 1199 2779 1257 nihilominus
2824 1207 2918 1258 est

1032 1280 1247 1354 divina,
1279 1280 1415 1356 quia
1441 1279 1641 1338 divino
1674 1279 1892 1355 Spiritu
1913 1279 2248 1356 agebantur,
2279 1298 2395 1336 non
2425 1279 2615 1336 minus
2642 1278 2703 1334 in
2731 1279 2911 1337 sacris

511 1355 968 1417 institutionibus
1016 1379 1190 1436 quarn
1233 1360 1296 1416 in
1339 1359 1464 1436 ipsa
1508 1358 1770 1417 doctrina
1814 1358 2123 1435 Evangelii
2172 1358 2269 1415 vel
2306 1357 2486 1415 verbo
2528 1356 2625 1414 vel
2667 1358 2914 1433 scriptis,

512 1436 902 1511 proponenda.
988 1439 1287 1497 Ordinatio
1336 1458 1475 1516 ergo
1524 1438 1725 1495 divina
1770 1437 1864 1495 hic
1913 1445 2066 1496 recte
2115 1436 2463 1510 obtenditur,
2515 1456 2631 1493 non
2680 1437 2914 1512 quidem

511 1513 825 1573 formaliter
865 1525 923 1575 et
964 1518 1291 1576 immediate
1332 1538 1407 1576 ex
1449 1518 1715 1576 instituto
1744 1517 1974 1592 Christi,
2008 1516 2110 1575 sed
2151 1516 2399 1575 mediate
2429 1535 2505 1574 ex
2534 1515 2828 1573 sanctione
2857 1524 2918 1574 et

509 1595 677 1670 praxi
705 1594 1118 1671 Apostolorum
1144 1595 1483 1656 &noa-minan.

595 1674 773 1732 XIV.
821 1676 984 1734 Licet
1025 1677 1288 1754 quaedam
1319 1676 1731 1753 Apostolorum
1774 1674 2180 1750 ordinationes,
2225 1695 2353 1750 quae
2390 1674 2536 1733 ritus
2573 1683 2633 1733 et
2673 1673 2918 1732 circum·

513 1755 754 1812 stantias
796 1756 986 1813 cultus
1027 1756 1213 1813 divini
1254 1757 1607 1833 spectabant,
1642 1755 1950 1813 variabiles
1990 1753 2217 1826 fuerint,
2249 1762 2309 1812 et
2336 1754 2409 1811 ad
2439 1763 2665 1830 tempus
2692 1761 2919 1811 tantum

512 1832 808 1909 institutae,
841 1843 906 1893 ut
934 1836 1153 1894 sanctio
1181 1835 1254 1893 de
1281 1855 1399 1893 non
1427 1835 1652 1893 edendo
1691 1835 1970 1910 sanguine
2012 1843 2071 1891 et
2113 1832 2409 1906 suffocato,
2442 1833 2577 1891 Aet.
2606 1852 2725 1907 xv„
2758 1842 2818 1890 et
2845 1831 2919 1891 de

512 1912 698 1987 capite
740 1913 1098 1972 foeminarum
1132 1914 1394 1989 velando,
1435 1924 1492 1973 et
1519 1914 1776 1971 virorum
1804 1920 2003 1971 contra
2029 1913 2354 1990 aperiendo,
2399 1912 2631 1989 quando
2672 1912 2919 1987 prophe·

513 1998 656 2065 tant,
693 1996 720 2049 1
756 1993 884 2051 Cor.
929 1994 1028 2068 xi.,
1061 1994 1196 2070 quia
1237 2013 1411 2051 causa
1452 2001 1511 2052 et
1551 1993 1778 2050 occasio
1820 1992 2064 2049 dabatur
2104 1991 2415 2068 singularis
2470 1998 2705 2069 propter
2743 2009 2921 2067 quam

512 2069 744 2145 fiebant,
775 2092 890 2148 qua
928 2081 1187 2132 cessante
1216 2093 1440 2131 cessare
1469 2072 1643 2130 etiam
1672 2071 1872 2130 debuit
1898 2080 1958 2129 et
1984 2071 2110 2147 ipsa
2131 2071 2500 2130 constitutio:
2544 2071 2697 2128 Aliae
2725 2078 2920 2128 tamen

514 2148 725 2207 dantur
752 2151 1120 2211 invariabiles
1149 2160 1207 2210 et
1234 2161 1522 2230 perpetuae
1546 2151 1964 2210 observationis
1993 2150 2052 2208 in
2076 2150 2355 2224 Ecclesia,
2379 2170 2509 2227 quae
2537 2149 2698 2208 nulla
2724 2149 2918 2207 nitun-

514 2236 609 2285 tur
651 2230 930 2306 singulari
970 2232 1163 2310 aliqua
1204 2232 1502 2290 occasione
1541 2231 1617 2289 ad
1659 2239 1888 2308 tempus
1930 2239 2156 2288 tantum
2202 2229 2490 2303 duratura,
2538 2249 2655 2304 qua
2696 2229 2922 2305 possint

515 2307 678 2365 reddi
708 2312 1080 2386 temporariae,
1113 2312 1302 2387 qualis
1329 2321 1418 2370 est
1456 2331 1727 2370 manuum
1770 2310 2060 2387 impositio
2101 2310 2161 2366 in
2190 2309 2469 2367 electione
2501 2309 2917 2382 Ministrorum,

514 2395 575 2445 et
602 2387 895 2448 distinctio
924 2392 1177 2448 muneris
1209 2391 1563 2449 Diaconatus
1592 2411 1631 2449 a
1655 2409 1889 2448 munere
1920 2388 2221 2448 Pastorali.
2307 2388 2489 2464 Cujus
2530 2387 2760 2464 generis
2788 2407 2919 2446 cum

516 2467 802 2527 institutio
835 2469 964 2527 Diei
990 2469 1279 2527 Dominici
1307 2470 1495 2544 fuerit,
1520 2490 1594 2526 ex
1618 2489 1687 2527 eo
1708 2469 2003 2544 colligitur
2023 2476 2271 2526 mentem
2295 2468 2701 2526 Institutorum
2723 2466 2917 2542 fuisse,

517 2555 581 2605 ut
608 2548 783 2622 hujus
811 2548 927 2606 diei
955 2547 1282 2607 observatio
1311 2548 1386 2606 sit
1413 2548 1674 2624 perpetui
1704 2556 1762 2607 et
1789 2548 2163 2606 immutabilis
2192 2547 2235 2607 J
2238 2547 2375 2606 uris.

599 2626 744 2684 XV.
807 2626 1223 2702 Imperatorum
1263 2627 1716 2686 Constitutiones
1753 2635 1812 2685 et
1850 2627 2235 2686 Conciliorum
2279 2628 2542 2685 Canones
2590 2627 2743 2684 cirea
2787 2624 2924 2684 Diei

519 2704 839 2763 Dominicae
868 2705 1343 2781 observationem,
1373 2726 1490 2764 non
1518 2714 1770 2783 arguunt
1791 2705 1966 2764 fuisse
1988 2715 2212 2765 tantum
2231 2705 2609 2765 ordinationis
2636 2706 2921 2781 humanae,

517 2785 654 2860 quia
681 2803 797 2841 non
825 2785 1009 2859 primo
1038 2805 1162 2844 eam
1194 2786 1473 2861 sanciunt,
1519 2785 1622 2843 sed
1644 2787 1767 2863 jam
1794 2786 2115 2845 institutam
2144 2786 2218 2844 ab
2248 2785 2550 2862 Apostolis
2577 2785 2925 2843 authoritate

517 2884 623 2923 sua
649 2864 988 2923 confirmant
1016 2874 1075 2924 et
1103 2864 1419 2940 stabiliunt,
1440 2886 1512 2923 ne
1535 2866 1667 2942 quis
1689 2866 1920 2942 impune
1942 2885 2068 2923 eam
2096 2865 2315 2923 violare
2337 2872 2734 2942 praesumemt3
2765 2863 2924 2939 quod

520 2943 734 3003 factum
762 2943 835 3003 ab
864 2944 1005 3021 ipsis
1037 2944 1310 3022 piissime,
1342 2954 1464 3005 tum
1493 2954 1727 3023 propter
1755 2945 2051 3020 Ethnicos,
2082 2952 2204 3002 tum
2232 2953 2465 3021 propter
2491 2944 2698 3021 impios
2727 2942 2920 3001 Chris-

519 3024 724 3097 tianos,
757 3044 792 3081 a
818 3025 1030 3102 quibus
1057 3025 1331 3084 nolebant
1371 3025 1661 3103 profanari
1689 3024 1840 3083 diem
1868 3025 2045 3099 illam,
2077 3024 2291 3101 quique
2321 3025 2444 3082 sine
2472 3022 2758 3100 ejusmodi
2785 3041 2922 3081 con·

521 3104 917 3163 stitutionibus
943 3106 1189 3166 liberum
1218 3115 1276 3165 et
1304 3108 1556 3166 solutum
1584 3105 1696 3164 sibi
1724 3125 1849 3163 esse
1878 3104 2305 3163 existimassent
2332 3123 2459 3161 eam
2487 3103 2722 3161 violare.

586 1182 766 1229 Fontes
797 1185 932 1230 Solu·

659 1242 863 1287 tionum.

607 3184 788 3244 XVI.
833 3185 974 3260 Quae
1020 3207 1095 3246 ex
1145 3187 1438 3263 Scriptura
1482 3187 1671 3245 solent
1719 3184 1907 3243 afferri
1955 3192 2154 3243 contra
2196 3183 2616 3242 institutionem
2664 3180 2925 3238 divinam

527 3264 659 3322 Diei
691 3265 982 3323 Dominici
1025 3286 1099 3324 ex
1131 3267 1300 3324 Rom.
1329 3266 1452 3323 xiv.
1485 3269 1538 3341 5,
1573 3265 1706 3324 Gal.
1750 3264 1828 3321 iv.
1863 3265 1954 3338 10,
1988 3262 2111 3321 Col.
2140 3263 2199 3320 ii.
2235 3265 2326 3337 16,
2371 3261 2744 3319 assertionem
2788 3279 2921 3317 nos-

521 3351 668 3401 tram
698 3363 812 3401 non
842 3352 1127 3403 evertunt.
1215 3348 1268 3402 1.
1299 3344 1448 3417 Quia
1475 3344 1533 3399 in
1563 3344 1691 3401 istis
1716 3343 1861 3400 locis
1889 3342 2154 3401 omnibus
2181 3340 2296 3398 diei
2324 3340 2568 3417 alicujus
2595 3338 2926 3397 observatio

524 3421 599 3478 ad
626 3440 794 3478 usum
822 3422 1136 3495 religionis,
1167 3441 1242 3478 ex
1288 3421 1486 3479 ordine
1518 3421 1750 3494 Christi,
1781 3440 1897 3477 non
1940 3421 2128 3497 magis
2168 3419 2474 3478 damnatur
2515 3427 2615 3477 aut
2656 3426 2921 3495 negatur,

524 3518 698 3574 quam
727 3499 867 3556 certi
895 3499 1143 3575 alicujus
1182 3499 1296 3556 cibi
1340 3499 1545 3558 electio
1589 3500 1665 3556 ad
1705 3518 1871 3557 usum
1918 3499 2212 3576 religionis
2257 3519 2332 3557 ex
2362 3498 2576 3557 Christi
2617 3499 2924 3558 instituto:

527 3578 712 3635 Nemo
740 3596 880 3636 vero
907 3576 1122 3637 dixerit
1149 3578 1487 3637 electionem
1515 3578 1685 3654 panis
1712 3586 1771 3637 et
1798 3577 1921 3635 vini
1963 3580 2024 3636 in
2054 3581 2233 3637 Coena
2276 3578 2351 3637 ad
2389 3598 2559 3637 usum
2604 3578 2924 3654 religionis,

525 3657 620 3715 vcl
651 3675 777 3714 esse
821 3657 1096 3732 illicitam,
1128 3657 1224 3716 vel
1264 3677 1381 3715 non
1423 3677 1458 3715 a
1487 3658 1717 3716 Christo
1757 3658 2096 3717 institutam.
2180 3664 2235 3717 2.
2282 3657 2547 3734 Apost0.,
2580 3658 2748 3716 Rom.
2780 3658 2923 3732 xiv„

524 3757 796 3813 expresse
824 3737 1079 3814 loquitur
1106 3737 1178 3796 de
1206 3737 1308 3795 illa
1335 3737 1713 3796 aestimatione
1756 3737 1995 3813 dierum,
2025 3759 2154 3814 quae
2192 3737 2566 3796 offensionem
2610 3745 2732 3795 tum
2778 3745 2922 3794 tem-

523 3818 680 3895 poris
729 3818 988 3894 pariebat
1035 3817 1185 3876 inter
1230 3817 1624 3892 Christianos;
1694 3816 1779 3875 At
1830 3818 2158 3877 observatio
2210 3817 2342 3875 Diei
2393 3815 2700 3889 Dominici,
2748 3835 2924 3892 quam

527 3898 847 3976 Apostolus
875 3897 999 3974 ipse
1027 3904 1152 3955 tum
1180 3896 1453 3974 temporis
1481 3897 1542 3954 in
1570 3897 1837 3956 omnibus
1857 3898 2136 3955 Ecclesiis
2165 3896 2488 3957 obtinuisse
2517 3895 2702 3968 docet,
2739 3898 2768 3952 1
2793 3896 2925 3954 Cor.

525 3979 646 4037 xvi.
681 3981 734 4053 1,
754 3982 810 4049 2,
842 3998 957 4035 non
985 3977 1173 4054 potuit
1199 3977 1377 4035 ullam
1406 3977 1764 4036 occasionem
1793 3976 2046 4054 praebere
2075 3977 2320 4053 alicujus
2349 3975 2600 4033 offensae.
2684 3978 2741 4033 3.
2774 3974 2923 4050 Agi-

524 4068 619 4118 tur
647 4058 717 4116 de
747 4057 1114 4115 distinctione
1143 4056 1363 4115 dierum
1383 4056 1426 4115 J
1429 4056 1656 4129 udai‘ca,
1670 4076 1798 4131 quas
1819 4055 2141 4133 pertinebat
2158 4056 2233 4113 ad
2254 4055 2590 4114 servitutem
2610 4073 2925 4128 egenorum

524 4147 583 4197 et
609 4137 963 4196 infirmorum
993 4136 1424 4212 elementorum,
1458 4136 1590 4194 Gal.
1622 4136 1699 4193 iv.
1730 4138 1793 4210 9,·
1817 4144 1874 4193 et
1902 4142 2187 4212 quatenus
2218 4133 2470 4192 habebat
2496 4133 2715 4210 aliquid
2743 4133 2926 4208 typici

524 4227 584 4277 et
611 4216 1042 4290 caeremonialis,
1066 4224 1125 4274 et
1151 4216 1402 4292 rigorem
1432 4214 1610 4292 Legis
1638 4213 1936 4289 referebat,
1950 4212 2106 4289 quod
2126 4213 2251 4291 jam
2277 4213 2470 4271 locum
2499 4212 2722 4271 nullum
2750 4213 2930 4270 habet

523 4305 785 4373 respectu
818 4295 948 4355 Diei
980 4295 1288 4353 Dominici.

607 4375 822 4432 XVII.
868 4375 997 4432 Non
1026 4382 1217 4452 potest
1244 4373 1357 4431 dici
1387 4372 1647 4432 imminui
1674 4371 1908 4430 libertas
1938 4371 2261 4431 Christiana
2286 4371 2397 4429 hac
2426 4371 2736 4446 sentcntia;
2779 4370 2931 4445 Quia

525 4472 641 4510 non
680 4461 769 4511 cst
793 4453 1047 4527 libertas,
1081 4453 1182 4512 sed
1223 4453 1457 4512 licentia
1498 4472 1613 4511 non
1643 4451 1984 4525 Christiana,
2016 4451 2067 4509 si
2094 4452 2224 4527 quis
2267 4451 2497 4509 liberari
2543 4471 2605 4509 se
2646 4458 2812 4527 putat
2853 4449 2929 4508 ab

527 4532 929 4590 observatione
950 4534 1126 4591 ullius
1153 4533 1426 4610 praecepti
1449 4530 1745 4606 Decalogi,
1766 4539 1824 4589 et
1855 4530 2181 4589 Sanctionis
2204 4531 2435 4588 Divinae
2458 4538 2517 4588 et
2539 4528 2925 4607 Apostolicae3

530 4611 608 4670 Et
661 4610 1016 4687 experientia
1061 4612 1234 4670 nimis
1288 4612 1458 4671 docet
1499 4611 1791 4671 licentiam
1839 4617 1898 4670 et
1940 4609 2353 4687 negligentiam
2398 4629 2589 4669 rerum
2636 4628 2928 4668 sacrarum
