3221 5200
408 313 525 370 298
1196 333 1375 373 Locus
1407 335 1663 373 necinus
1692 334 1957 373 Telemus.
2453 313 2699 394 [Quffisr.
2732 331 2811 370 xr.

410 470 506 527 liis
534 469 932 546 intercidisset,
966 473 1060 529 vel
1091 493 1202 530 non
1249 485 1459 550 praesto
1505 483 1674 550 esset,
1722 483 1782 534 et
1835 475 1948 533 alia
1977 474 2037 532 id
2085 494 2297 551 genus3
2343 475 2420 532 Et
2446 473 2599 531 unde
2655 481 2810 530 certo

411 549 698 607 constabit
725 549 970 608 familias
999 552 1056 608 in
1087 553 1287 610 eodem
1317 554 1514 612 ordine
1572 574 1795 630 semper
1836 556 2232 631 permansisse,
2285 575 2415 612 cum
2444 573 2559 610 non
2589 572 2811 628 semper

408 629 466 684 in
485 627 687 686 eodem
709 629 895 705 gradu
920 636 1361 690 recenseantur?
1444 632 1616 692 Adde
1640 635 1883 710 supponi
1905 635 2077 692 etiam
2108 635 2230 692 sine
2254 643 2408 692 certo
2437 633 2809 690 fundamento

412 707 810 766 Elizabetham
841 710 1034 767 statim
1061 731 1177 768 uno
1208 712 1303 770 vel
1331 712 1510 771 altero
1566 714 1659 771 die
1682 723 1813 790 post
1861 714 2107 772 reditum
2138 714 2430 773 Zachariae
2459 712 2806 788 concepisse,

409 807 538 844 cum
571 787 759 846 Lucas
787 789 941 847 dicat
969 790 1304 866 simpliciter
1329 793 1440 851 hoc
1469 793 1682 851 factum
1728 796 1859 869 μιτιὶ
1899 792 2096 859 ταύτας
2138 796 2313 873 ἡμέρας
2358 802 2491 870 post
2519 793 2636 850 dies
2664 792 2803 865 illos,

407 867 561 944 quod
589 868 952 926 latitudinem
980 870 1231 945 aliquam
1261 873 1531 949 temporis
1559 874 1846 949 importat.

489 946 668 1004 XIV.
715 948 933 1006 Praeter
989 950 1136 1007 hanc
1170 952 1449 1028 Scaligeri
1503 952 2066 1028 demonstrationem,
2118 952 2231 1010 alia
2284 951 2597 1010 afferuntur
2634 969 2802 1025 argu-

406 1035 599 1084 menta
626 1026 700 1083 ad
729 1027 1217 1088 confirmationem
1245 1031 1413 1090 istius
1468 1033 1784 1108 sententiae,
1838 1033 1940 1091 sed
1969 1054 2082 1091 non
2112 1032 2345 1109 majoris
2372 1029 2674 1107 ponderis3
2723 1029 2805 1087 Ut

403 1106 560 1181 quod
588 1125 656 1163 ea
683 1115 1020 1182 tempestate
1049 1110 1207 1167 nasci
1231 1110 1493 1170 debuerit
1515 1113 1794 1185 Christus,
1820 1133 1935 1190 qua
1956 1114 2168 1171 licebat
2188 1110 2513 1189 pastoribus
2534 1114 2804 1189 ἄγςαυλιῖι

404 1198 462 1243 et
503 1183 865 1264 ἓιωωιπςιὺω
890 1189 929 1244 ἐν
953 1191 1204 1269 braclog„
1258 1191 1399 1249 Tale
1428 1203 1620 1249 autem
1650 1211 1765 1249 non
1796 1212 1921 1251 esse
1952 1202 2177 1269 tempus
2207 1190 2480 1249 brumale.
2529 1189 2645 1247 Sed
2683 1190 2805 1246 haec

401 1265 546 1322 ratio
575 1265 765 1323 minus
792 1267 954 1324 firma
984 1269 1212 1327 videtur
1230 1270 1585 1344 CasaubonO,
1621 1272 1796 1329 Exer.
1828 1276 1882 1330 2.
1903 1272 1976 1329 ad
2008 1273 2198 1328 Anna.
2226 1272 2394 1328 Baro.
2415 1289 2506 1326 an.
2542 1273 2593 1328 l.
2618 1288 2673 1325 n.
2709 1271 2800 1341 14,

401 1344 537 1419 quia
564 1364 680 1401 non
709 1364 784 1402 ex
815 1347 1008 1404 Gallia
1035 1348 1132 1406 vel
1162 1350 1488 1422 Germania,
1522 1350 1594 1408 de
1623 1350 1666 1409 J
1671 1351 1835 1408 udaea
1891 1360 1948 1408 et
1975 1351 2118 1409 locis
2173 1350 2303 1408 aliis
2347 1348 2715 1407 calidioribus
2744 1355 2802 1404 et

401 1423 587 1500 magis
631 1424 1100 1484 meridionalibus
1140 1428 1425 1503 judicium
1476 1428 1598 1486 fieri
1654 1430 1843 1503 debet,
1874 1431 2190 1506 praesertim
2246 1448 2376 1485 cum
2404 1429 2465 1484 in
2492 1426 2801 1502 frigidiori-

400 1503 509 1560 bus
537 1513 595 1560 et
623 1504 808 1580 magis
851 1507 1390 1581 septentrionalibus
1432 1508 1492 1564 id
1534 1509 1707 1566 etiam
1735 1508 1926 1567 locum
1957 1509 2180 1581 habeat,
2224 1516 2290 1566 ut
2332 1509 2393 1564 in
2436 1505 2671 1581 Anglia,
2700 1505 2804 1563 ubi

401 1582 594 1640 nullus
622 1592 711 1640 est
739 1603 774 1640 a
799 1583 951 1660 lupis
980 1594 1038 1643 et
1065 1586 1194 1643 aliis
1223 1586 1357 1644 feris
1387 1598 1589 1660 metus,
1636 1598 1893 1646 armenta
1933 1597 2056 1646 toto
2099 1607 2250 1645 anno
2291 1587 2350 1643 in
2379 1586 2535 1662 agris
2562 1604 2801 1660 pernoc-

399 1671 520 1720 tare
551 1663 754 1721 solent.
841 1663 1053 1737 Quidni
1109 1685 1247 1741 ergo
1304 1668 1358 1723 in
1418 1667 1458 1724 J
1466 1666 1631 1724 udaea
1657 1668 1830 1744 longe
1885 1667 2144 1725 calidiori
2200 1675 2458 1743 pastores
2513 1665 2803 1741 potuerint

399 1747 671 1821 ἆγμυλιῖν
700 1743 759 1798 in
781 1762 923 1819 agro
952 1743 1160 1820 degere
1191 1746 1465 1803 excubias
1493 1758 1731 1822 agentes
1760 1767 1931 1823 super
1960 1747 2235 1823 gregibus
2264 1746 2383 1804 suis
2403 1748 2431 1803 Ρ

481 1823 625 1880 XV.
675 1822 837 1880 Licet
865 1843 1003 1880 vero
1032 1825 1284 1900 Tempus
1314 1826 1535 1883 Census
1590 1827 1841 1884 instituti
1888 1827 1962 1884 ab
1994 1827 2264 1902 Augusto
2319 1826 2510 1882 minus
2552 1843 2800 1881 commo-

398 1899 535 1958 dum
560 1901 838 1976 videatur,
872 1903 919 1959 si
960 1904 1033 1962 sit
1061 1905 1417 1980 hybernum3
1464 1906 1594 1963 Non
1641 1907 1899 1982 sequitur
1941 1907 2098 1964 aliud
2127 1925 2254 1964 esse
2283 1905 2570 1964 debuisse.
2656 1903 2803 1977 Quia

397 1980 650 2058 Tempus
704 1981 859 2039 istud
898 2002 1012 2039 non
1045 1984 1294 2059 aliunde,
1352 2005 1525 2061 quam
1553 2006 1589 2043 a
1616 1987 1913 2045 voluntate
1968 1985 2301 2063 imperantis
2355 1983 2666 2062 petendum
2696 1991 2800 2056 est,

394 2080 497 2137 pro
530 2062 696 2138 cujus
725 2062 961 2119 arbitrio
991 2064 1182 2120 omnia
1237 2065 1572 2141 agebantur.
1660 2066 1786 2123 Imo
1836 2065 1968 2124 talis
2023 2066 2364 2123 obnoxietas
2419 2064 2494 2123 ad
2521 2062 2664 2120 dura
2692 2062 2804 2120 ista

395 2141 649 2217 imperia,
682 2141 788 2199 fuit
815 2161 948 2217 pars
978 2143 1271 2202 servitutis
1300 2145 1586 2202 Juda’icae.
1673 2146 1794 2203 Nec
1840 2146 1984 2204 adeo
2032 2145 2231 2204 Judaei
2269 2165 2303 2202 a
2335 2142 2612 2202 Romanis
2650 2144 2800 2200 aesti·

396 2221 716 2294 mabantur,
750 2230 813 2278 ut
841 2222 1201 2282 attenderent
1229 2244 1424 2282 eorum
1456 2225 1757 2283 commoda
1785 2226 1880 2283 vel
1907 2225 2287 2283 incommoda.

475 2300 654 2358 XVI.
701 2301 831 2358 Non
860 2320 1093 2360 necesse
1122 2304 1230 2363 fuit
1260 2304 1549 2363 Christum
1576 2306 1737 2362 nasci
1760 2326 1828 2364 eo
1856 2305 1989 2362 anni
2013 2316 2284 2382 tempore,
2308 2323 2423 2380 quo
2453 2311 2677 2360 creatus
2719 2309 2807 2359 est

392 2380 659 2453 mundus,
681 2380 816 2437 nim.
840 2384 1174 2440 autumnali.
1221 2383 1368 2457 Quia
1388 2384 1533 2441 nihil
1556 2385 1823 2443 obstabat
1843 2385 2116 2442 mundum
2138 2405 2241 2461 per
2253 2382 2543 2442 Christum
2564 2382 2804 2452 renasci,

393 2459 660 2535 quamvis
685 2460 740 2516 in
763 2459 920 2517 aliud
949 2472 1174 2538 tempus
1202 2464 1495 2540 rejiciatur
1522 2464 1650 2540 ejus
1678 2465 1969 2522 nativitaS.
2056 2463 2184 2522 Nec
2203 2462 2441 2522 Jubilaei
2468 2461 2807 2536 Evangelici

392 2539 778 2616 promulgatio
807 2539 1007 2596 eodem
1038 2551 1292 2618 tempore
1335 2541 1534 2600 debuit
1576 2543 1715 2617 fieri,
1761 2563 1876 2620 quo
1921 2543 2174 2619 Legale3
2220 2562 2352 2598 nam
2381 2541 2572 2617 quivis
2600 2559 2802 2615 aunuS,

394 2628 452 2676 et
473 2619 720 2694 quodvis
748 2627 973 2695 tempus
1006 2621 1113 2678 sub
1145 2621 1361 2680 Messia
1388 2631 1477 2680 est
1505 2643 1690 2679 annus
1711 2632 1980 2699 acceptus
2010 2623 2260 2695 Domini,
2292 2631 2350 2678 et
2378 2620 2503 2678 dies
2532 2620 2751 2677 salutis.

999 2700 1213 2758 XVII.
1258 2701 1451 2759 Tertia
1465 2702 1749 2759 sententia
1780 2718 1973 2759 eorum
1989 2711 2093 2773 est,
2115 2699 2801 2778 quiin-ixuo-o,pertenden-

456 2801 694 2845 sententia
735 2797 908 2858 μήκη,
940 2787 1028 2836 tes
1057 2798 1310 2837 mensem
1333 2787 1392 2837 et
1419 2780 1570 2837 diem
1600 2781 1923 2838 natalitium
1948 2782 2159 2838 Christi
2194 2779 2560 2838 determinari
2590 2798 2624 2835 a
2646 2799 2803 2837 nem-

931 2860 1024 2917 ine
1055 2878 1222 2936 posse
1254 2860 1347 2917 vel
1376 2859 1600 2933 debere,
1635 2880 1762 2917 cum
1791 2860 2084 2937 Scriptura
2111 2861 2182 2918 de
2207 2861 2276 2917 iis
2306 2860 2487 2933 sileat,
2520 2868 2577 2916 et
2606 2859 2805 2934 primis

398 2939 675 2998 Ecclesiae
706 2939 1045 2999 Christianae
1069 2939 1294 3011 seculis,
1339 2940 1482 2995 nihil
1515 2939 1587 2997 de
1619 2940 1691 2997 iis
1714 2940 2155 2999 determinatum
2185 2940 2429 3017 legatur.
2516 2937 2614 2995 Ad
2656 2959 2804 3015 quos

396 3021 570 3078 etiam
598 3020 940 3093 accedimuS,
972 3039 1043 3076 ne
1073 3027 1284 3077 temere
1316 3019 1671 3092 definiamus,
1725 3020 1881 3096 quod
1936 3020 2119 3078 solide
2168 3019 2392 3078 definiri
2446 3039 2563 3076 non
2592 3027 2798 3095 potest,

398 3100 502 3158 sed
531 3099 588 3157 id
619 3100 965 3178 ignoremus,
997 3099 1154 3176 quod
1187 3100 1479 3176 Scriptura
1507 3120 1614 3158 nos
1644 3100 1907 3176 ignorare
1937 3101 2137 3175 voluit,
2197 3101 2289 3158 cui
2319 3099 2571 3176 proclive
2600 3098 2803 3157 fuisset

397 3200 627 3253 annum,
661 3201 913 3239 mensem
943 3189 1002 3238 et
1029 3180 1181 3238 diem
1211 3179 1384 3237 istum
1415 3189 1629 3253 notare,
1661 3180 1944 3258 siquidem
1984 3181 2042 3238 id
2091 3182 2278 3238 visum
2311 3180 2512 3237 fuisset
2539 3199 2801 3236 necessa-

397 3260 543 3317 rium
574 3260 648 3316 ad
677 3260 1123 3319 consolationem
1170 3266 1229 3317 et
1283 3260 1455 3317 fidem
1507 3268 1778 3318 nostram.
1865 3260 2037 3318 Unde
2086 3280 2256 3335 super
2298 3260 2408 3316 hoc
2463 3267 2802 3333 argumento

398 3339 613 3397 nemini
642 3340 802 3398 litem
833 3338 1223 3396 intentandam
1253 3358 1570 3396 censemus
1618 3340 1695 3397 Et
1723 3349 1787 3396 ut
1816 3340 2175 3397 solennitatis
2198 3338 2471 3396 natalitiae
2501 3336 2797 3394 celebrati-

400 3438 567 3476 onem
597 3418 1044 3474 anniversariam
1081 3416 1393 3491 piissimam
1420 3417 1751 3491 judicamus
1807 3428 1864 3474 et
1917 3418 2317 3490 utilissimam3
2362 3416 2659 3491 praecisam
2715 3424 2798 3473 ta-

398 3516 531 3553 men
560 3500 637 3552 25
687 3496 1022 3553 Decembris
1070 3495 1546 3567 observationem,
1606 3495 2019 3554 consuetudine
2074 3496 2265 3571 potius
2295 3504 2351 3553 et
2394 3495 2567 3570 longa
2598 3495 2799 3553 Eccle-

401 3576 500 3633 siae
529 3574 695 3650 praxi
723 3574 827 3631 niti
858 3574 1214 3645 arbitramur,
1259 3592 1429 3648 quam
1479 3574 1599 3631 ullo
1654 3583 1940 3651 praecepto
1967 3574 2062 3631 vel
2118 3575 2383 3649 exemplo
2441 3574 2798 3649 ApostolicO.

402 3653 514 3726 Qui
542 3653 708 3729 plura
761 3652 1009 3710 voluerit
1063 3652 1324 3709 consulat
1384 3652 1606 3710 Usserii
1655 3653 1933 3727 Annales,
1997 3654 2328 3731 Spanhemii
2382 3653 2590 3728 Dubia,
2625 3654 2797 3712 Bailii

402 3732 750 3809 Chronolog.
808 3740 866 3791 et
915 3732 1060 3789 alios
1115 3751 1189 3790 ex
1220 3731 1568 3790 Doctoribus
1594 3733 1824 3807 nostris,
1864 3733 1964 3809 qui
1991 3733 2115 3792 fuse
2172 3734 2245 3792 de
2299 3734 2407 3792 hoc
2463 3746 2801 3811 argumento

399 3822 658 3889 egerunt.

1329 3971 1717 4045 QuAEsrm
1761 3972 1879 4031 XI.

928 4121 1004 4159 m:
1047 4120 1449 4161 coxcsp‘rtons
1493 4122 1567 4160 m·
1609 4122 1975 4161 NA'merTs
2018 4124 2271 4164 cnmsri.

448 4233 740 4297 Quomodo
773 4233 1025 4291 Christus
1052 4242 1341 4308 conceptus
1351 4235 1538 4307 fixerit
1563 4255 1638 4292 ex
1665 4235 1882 4310 Spiritu
1911 4237 1970 4294 S.
2002 4245 2238 4294 elnotus
2265 4256 2338 4293 ex
2368 4238 2438 4293 B.
2481 4235 2708 4311 Ve‘rqt‘ne
2726 4237 2754 4292 ,ἲ

390 4399 582 4444 Primus
603 4402 776 4453 gradus
799 4405 882 4445 ,m-
1007 4363 1055 4421 Ι.
1103 4364 1331 4422 Primus
1361 4365 1727 4423 Humilitatis
1765 4373 1825 4423 et
1868 4365 2293 4424 Exinanitionis
2336 4363 2546 4422 Christi
2590 4366 2806 4441 gradus

448 4459 671 4504 militatis
695 4459 878 4504 Christi
922 4464 956 4501 a
988 4444 1355 4519 Conceptione
1381 4452 1440 4502 et
1467 4446 1778 4503 Nativitate
1800 4446 1926 4520 ejus
1945 4445 2229 4522 petendus
2247 4452 2351 4517 est,
2371 4463 2499 4520 quae
2523 4442 2650 4503 duae
2671 4454 2806 4503 sunt

443 4518 491 4557 ¹¹¹
515 4516 849 4575 Conceptione.
924 4524 1342 4582 Incarnationis
1371 4525 1497 4601 ejus
1525 4535 1735 4602 partes.
1823 4523 1986 4582 Licet
2015 4524 2166 4582 cuim
2190 4544 2307 4582 non
2328 4524 2574 4582 obscura
2600 4525 2799 4601 gloriae

382 4599 508 4674 ejus
557 4601 614 4657 in
659 4613 898 4679 utraque
928 4603 1139 4661 fuerint
1165 4614 1504 4679 argumenta
1526 4627 1540 4681 3
1588 4605 1820 4663 Certum
1851 4614 1938 4663 est
1966 4603 2059 4662 liic
2098 4605 2219 4680 jam
2266 4604 2475 4680 aperiri
2526 4624 2799 4680 magnum
