3221 5200
514 298 632 354 314
1317 310 1496 351 Locus
1527 309 1785 349 DECIMUS
1814 310 2080 351 Tnnrms.
2542 292 2789 374 [QuAEs'r.
2823 315 2932 354 xv.

520 454 603 512 Ut
632 473 699 511 eo
741 451 913 510 modo
963 450 1079 508 sint
1120 450 1179 507 in
1222 451 1368 508 coelo
1410 449 1603 527 quoad
1645 449 1911 524 animam,
1943 452 2231 527 quomodo
2274 452 2334 509 in
2364 472 2531 510 cruce
2558 473 2673 510 una
2701 452 2934 514 fuerant

515 532 707 609 quoad
729 551 953 607 corpus.
1005 529 1171 588 Unde
1196 529 1466 606 Cyprian.
1497 529 1569 587 de
1604 530 1786 586 Passi.
1813 532 1848 562 “
1874 531 2049 588 Latro
2078 542 2167 590 est
2195 532 2381 591 factus
2402 532 2687 608 particeps
2714 533 2929 610 Regni,

513 632 616 688 per
645 611 1061 669 confessionem
1090 609 1276 667 factus
1298 608 1522 685 collega
1553 610 1879 684 Martyrii.''
1929 610 2126 669 Verba
2154 613 2280 689 ipsa
2318 613 2428 669 hoc
2457 612 2762 686 evincunt3
2810 633 2935 671 non

513 691 654 749 dicit
678 691 957 765 Christus,
982 691 1112 764 qu
1129 709 1228 747 ero
1257 699 1449 762 tecum,
1480 687 1637 764 quod
1665 689 2028 764 praesentiam
2061 691 2308 749 Deitatis
2338 692 2394 747 in
2429 690 2704 748 Paradiso
2733 691 2932 770 desig-

512 779 724 845 nasset,
758 770 860 828 sed
903 780 962 827 tu
1003 769 1114 826 eris
1141 789 1367 843 mecum,
1419 778 1484 826 ut
1524 768 1897 826 humanitatis
1925 787 2046 826 suae
2075 771 2426 828 consortium
2457 770 2539 826 illi
2567 771 2931 847 polliceatur.

514 850 877 909 Promittitur
921 848 1270 908 consortium
1328 867 1458 906 cum
1503 847 1731 905 Christo
1771 847 1832 904 in
1873 867 2052 924 regno
2082 851 2241 927 ejus3
2287 850 2372 907 At
2415 850 2526 907 hoc
2575 850 2647 907 de
2696 850 2933 910 Deitate

511 950 630 988 non
658 938 849 1008 potest
877 928 1141 1003 intelligi,
1174 948 1303 1003 quse
1326 927 1676 986 consortium
1703 927 1868 1002 regni
1896 929 2111 987 nemini
2140 929 2419 1004 concedit,
2446 928 2549 987 sed
2590 929 2662 988 de
2693 930 2931 989 Christo

507 1009 818 1089 θευμορίη-ᾳ,
850 1009 951 1085 qui
978 1007 1178 1064 fideles
1222 1008 1284 1064 in
1329 1006 1789 1065 communionem
1816 1008 1981 1082 regni
2024 1010 2112 1066 sui
2163 1018 2351 1067 vocat.
2436 1012 2493 1067 2.
2538 1009 2671 1068 Non
2718 1010 2934 1069 melius

514 1092 613 1148 alii
654 1090 860 1146 volunt
901 1088 1167 1145 voculam
1200 1087 1380 1160 hodie,
1411 1089 1494 1144 ad
1517 1106 1826 1144 sermonem
1857 1088 2070 1146 Christi
2093 1090 2315 1163 referri,
2346 1109 2459 1146 non
2487 1091 2569 1146 ad
2593 1091 2927 1148 evectionem

511 1171 571 1227 in
607 1168 961 1244 paradisum,
1007 1175 1073 1223 ut
1114 1186 1317 1224 sensns
1360 1167 1436 1224 sit
1476 1167 1638 1224 hodie
1679 1166 1777 1223 tibi
1815 1167 1938 1224 dico
1978 1168 2136 1243 quod
2163 1188 2387 1226 mecum
2410 1167 2523 1226 eris
2550 1168 2609 1225 in
2637 1169 2927 1245 paradiso.

511 1248 676 1323 Quia,
702 1255 767 1305 ut
788 1248 934 1305 bene
952 1247 1223 1304 observat
1248 1247 1479 1319 Suarez,
1503 1246 1628 1303 haec
1657 1245 1840 1303 elusio
1868 1255 1973 1320 est,
1994 1267 2111 1305 non
2140 1247 2533 1323 interpretatio
2557 1269 2571 1322 3
2595 1249 2740 1305 nihil
2769 1249 2927 1306 enim

513 1347 658 1404 opus
686 1336 809 1385 erat
838 1327 1130 1384 Christum
1160 1326 1268 1384 hoc
1297 1323 1567 1400 indicare,
1599 1324 1756 1402 quod
1784 1326 2026 1383 verbum
2054 1328 2354 1404 praesentis
2382 1327 2674 1403 temporiS,
2706 1336 2764 1386 et
2792 1348 2924 1386 ora-

511 1408 594 1466 tio
624 1408 748 1484 ipsa
778 1405 991 1464 Christi
1030 1405 1171 1463 satis
1199 1404 1507 1479 indicabat,
1540 1404 1643 1463 sed
1670 1404 1798 1462 vult
1826 1404 2104 1464 latronem
2134 1407 2194 1463 in
2223 1426 2407 1482 agone
2438 1406 2831 1482 constitutum,
2865 1417 2927 1466 et

512 1487 587 1544 ad
629 1487 872 1563 gratiam
917 1484 1129 1543 Christi
1179 1484 1561 1558 anhelantem,
1608 1486 1719 1541 hoc
1771 1485 1976 1544 solatio
2014 1486 2251 1562 erigere,
2284 1486 2440 1561 quod
2466 1487 2668 1562 petitio
2698 1488 2824 1564 ejus
2853 1506 2925 1545 eo

512 1566 639 1642 ipso
681 1566 774 1624 die
815 1563 1108 1641 implenda
1150 1564 1242 1621 sit.
1287 1567 1343 1622 3.
1369 1564 1566 1622 Gratis
1594 1564 1768 1622 etiam
1797 1562 1967 1640 fingit
1996 1566 2200 1622 Thom.
2231 1586 2285 1642 p.
2319 1569 2373 1639 3,
2406 1585 2462 1641 q.
2497 1568 2588 1623 12.
2620 1574 2725 1623 art.
2758 1565 2833 1623 ad
2855 1570 2916 1627 3.

513 1648 551 1678 ‘⁶
572 1645 910 1703 Paradisum
932 1644 1026 1702 hic
1048 1642 1394 1720 generaliter
1411 1653 1608 1701 notare
1631 1643 1821 1700 locum
1839 1644 2229 1719 beatitudinis,
2245 1645 2438 1702 ubivis
2461 1644 2923 1722 demumcunque

510 1725 601 1799 sit,
651 1725 709 1781 in
759 1744 873 1801 quo
922 1740 1047 1782 esse
1077 1723 1346 1781 dicuntur
1376 1722 1703 1799 quicunque
1739 1721 1937 1780 divina
1964 1724 2150 1800 gloria
2177 1724 2560 1801 perfruuntur,
2592 1725 2744 1783 unde
2773 1725 2925 1783 latro

512 1805 703 1881 quoad
734 1805 921 1862 locum
951 1804 1010 1860 in
1034 1803 1255 1862 inferno
1285 1822 1416 1860 cum
1447 1802 1677 1860 Christo
1706 1810 1844 1876 erat,
1866 1803 2057 1879 quoad
2083 1805 2387 1880 proemium
2415 1804 2476 1861 in
2504 1804 2799 1884 paradiso;
2836 1806 2923 1864 Ut

512 1884 824 1942 Paradisus
867 1884 942 1941 sit
983 1883 1309 1957 ubicunque
1341 1883 1601 1939 Christus
1652 1882 1743 1955 sit,
1788 1891 1846 1939 et
1879 1882 2261 1960 undecunque
2293 1884 2454 1941 Deus
2482 1883 2769 1942 videtur.''
2804 1884 2923 1942 Sed

510 1964 652 2041 quid
678 1965 788 2021 hoc
817 1972 921 2036 est,
947 1963 1058 2020 nisi
1081 1962 1288 2019 coelum
1318 1982 1433 2019 non
1462 1970 1629 2019 terrae
1667 1969 1890 2019 tantum
1922 1962 2024 2020 sed
2065 1970 2123 2021 et
2170 1962 2391 2020 inferno
2414 1963 2652 2021 miscere
2674 1967 2702 2022 ?
2743 1963 2825 2021 sic
2861 1964 2922 2021 in

511 2064 679 2102 cruce
707 2044 853 2100 latro
874 2044 998 2118 jam
1027 2041 1229 2099 fuisset
1258 2041 1316 2098 in
1345 2041 1628 2117 paradiSO,
1654 2041 1791 2117 quia
1818 2050 1941 2099 erat
1968 2042 2048 2099 ibi
2077 2062 2207 2100 cum
2230 2042 2478 2100 Christo.
2543 2042 2630 2101 At
2658 2043 2923 2101 Christus

510 2123 582 2181 de
611 2143 680 2181 eo
709 2122 974 2200 paradiso
1001 2122 1271 2197 loquitur,
1304 2121 1403 2178 ubi
1426 2129 1547 2178 tum
1576 2121 1700 2197 ipse
1730 2140 1841 2177 non
1863 2128 2001 2179 erat.
2035 2121 2259 2179 Deinde
2288 2141 2403 2179 non
2426 2121 2539 2179 alio
2556 2121 2728 2180 modo
2750 2122 2918 2180 intel-

510 2203 780 2280 ligendus
807 2202 1123 2279 paradisuS,
1156 2220 1328 2276 quam
1371 2200 1660 2277 quomodo
1709 2200 1781 2257 de
1827 2219 1895 2258 eo
1943 2200 2082 2258 alibi
2110 2201 2366 2277 loquitur
2414 2201 2723 2278 Scriptura,
2755 2208 2819 2259 ut
2847 2201 2921 2261 de

515 2283 827 2341 Beatorum
867 2281 1019 2355 sede,
1053 2285 1087 2337 2
1115 2281 1241 2338 Cor.
1273 2280 1375 2337 xii.
1405 2284 1462 2351 4,
1493 2281 1682 2356 Apoc.
1712 2280 1770 2337 ii.
1817 2283 1870 2354 7,
1902 2280 2059 2356 quod
2086 2289 2408 2357 agnoscunt
2438 2281 2587 2338 Bell.
2632 2289 2810 2339 contr.
2863 2285 2919 2356 7,

509 2361 610 2419 lib.
642 2363 678 2419 i.
710 2383 756 2419 c.
784 2365 839 2420 3.
868 2361 1080 2420 Suarez
1109 2360 1168 2416 in
1198 2360 1342 2417 Tho.
1374 2364 1429 2418 3.
1460 2380 1516 2436 q.
1549 2364 1644 2418 52.
1698 2360 1816 2416 Res
1846 2360 1970 2435 ipsa
1997 2361 2107 2418 hoc
2163 2360 2393 2434 evincit,
2439 2361 2575 2437 quia
2616 2360 2922 2437 promissio

510 2441 723 2500 Christi
766 2441 937 2499 debet
958 2438 1300 2515 respondere
1319 2440 1582 2515 petitioni
1610 2439 1866 2513 latronis,
1898 2441 2124 2497 Memor
2151 2450 2263 2498 esto
2291 2441 2401 2497 mei
2424 2460 2591 2516 quum
2618 2441 2832 2498 veneris
2861 2442 2921 2498 in

508 2541 758 2597 reqnum,
775 2521 867 2578 cui
888 2520 1150 2577 Christus
1172 2518 1496 2594 respondet,
1513 2520 1702 2576 Hodie
1723 2539 1933 2576 mecum
1955 2521 2064 2577 eris
2082 2520 2137 2577 in
2150 2520 2454 2594 ParadisO,
2473 2519 2551 2577 id.
2570 2539 2749 2595 regno
2767 2539 2917 2578 meo.

597 2603 705 2658 VI.
755 2599 1038 2671 Secundo,
1088 2596 1236 2671 Quia
1255 2598 1472 2656 Anima
1501 2599 1713 2657 Christi
1756 2598 1865 2657 fuit
1903 2598 1965 2656 in
2008 2620 2182 2658 manu
2214 2600 2420 2674 Patris,
2450 2600 2589 2657 Luc.
2621 2599 2786 2657 xxiii.
2817 2603 2916 2658 46.

511 2682 690 2737 Pater
719 2681 775 2736 in
805 2698 1002 2735 manus
1040 2686 1164 2735 tuas
1192 2680 1407 2752 depono
1445 2679 1719 2753 Spiritum
1748 2698 1944 2735 meum.
2032 2680 2190 2756 Ergo
2229 2700 2345 2737 non
2374 2680 2433 2736 in
2464 2679 2722 2754 infcrn03
2769 2679 2920 2752 Quia

513 2779 590 2816 ex
618 2759 771 2833 stylo
805 2757 1112 2834 Scripturae
1155 2776 1360 2815 manus
1403 2758 1591 2815 Patris
1635 2765 1723 2816 est
1765 2757 2159 2834 intelligenda,
2190 2779 2307 2816 non
2336 2758 2598 2836 respectu
2626 2759 2917 2835 potentiae,

514 2838 829 2896 secundum
872 2856 1043 2911 quam
1073 2856 1277 2894 manus
1322 2837 1433 2895 Dei
1475 2846 1563 2895 est
1604 2837 1836 2914 ubique,
1883 2836 2038 2897 Psal.
2083 2839 2346 2914 cxxxix.,
2379 2840 2474 2897 vel
2504 2847 2568 2897 ut
2595 2847 2685 2896 est
2711 2858 2918 2897 manus

511 2917 785 2975 terribilis
817 2917 923 2974 Dei
956 2916 997 2974 J
1001 2915 1203 2990 udicis,
1237 2916 1339 2974 sed
1367 2925 1432 2975 ut
1460 2937 1664 2975 manus
1693 2917 1998 2975 consolans
2023 2919 2211 2976 Patris
2239 2917 2625 2976 misericordis
2652 2927 2919 2994 respectu

513 2996 714 3073 gratiae
757 3006 815 3057 et
870 2996 1085 3073 gloriae,
1132 3016 1234 3054 seu
1279 2998 1587 3056 Beatorum
1633 2996 1995 3071 conditionis,
2047 3018 2175 3074 quae
2205 2997 2454 3056 describi
2485 2998 2632 3056 solet
2658 3017 2760 3073 per
2788 3017 2917 3056 esse

509 3077 571 3133 in
616 3096 787 3134 manu
821 3078 948 3134 Dei.
995 3077 1376 3135 Confirmatur
1416 3097 1492 3135 ex
1520 3097 1606 3152 e0,
1639 3076 1795 3153 quod
1826 3077 2088 3135 Christus
2115 3078 2225 3135 hac
2253 3078 2447 3154 phrasi
2477 3077 2783 3153 indigitare
2811 3097 2917 3136 vo·

508 3156 635 3231 luit,
687 3158 829 3214 nihil
861 3156 970 3215 sibi
999 3157 1246 3233 amplius
1287 3158 1677 3234 peragendum
1720 3166 1951 3232 restare,
1996 3166 2119 3215 tum
2161 3156 2352 3233 quoad
2392 3157 2722 3215 liberandos
2751 3157 2914 3231 alios,

510 3245 634 3295 tum
662 3237 852 3312 quoad
882 3257 1066 3295 novos
1107 3236 1437 3295 subeundos
1458 3237 1745 3295 cruciatus
1770 3258 1783 3310 ;
1829 3235 1932 3294 sed
1961 3237 2111 3294 sicut
2138 3255 2345 3312 corpus
2375 3256 2540 3293 suum
2571 3236 2914 3294 sabbathum

511 3325 632 3375 erat
661 3317 989 3374 habiturum
1019 3317 1077 3372 in
1109 3316 1412 3392 sepulchro
1436 3340 1449 3391 ;
1498 3318 1590 3374 Ita
1619 3317 1865 3373 animam
1897 3336 2124 3392 quoque
2154 3316 2213 3372 in
2242 3316 2404 3373 coelis
2426 3316 2810 3392 requieturam
2838 3316 2916 3374 ab

509 3395 777 3453 omnibus
805 3395 1115 3468 laboribus,
1147 3405 1204 3452 et
1226 3396 1494 3453 maximis
1533 3395 1761 3471 gaudiis
1802 3395 2255 3471 perfundendam
2278 3415 2422 3453 esse.
2507 3396 2655 3452 Nam
2683 3394 2739 3451 τό
2767 3415 2914 3453 com-

510 3477 779 3531 mendare
814 3494 911 3530 seu
953 3477 1228 3547 deponere
1268 3475 1535 3547 animam,
1583 3475 1919 3533 relationem
1969 3476 2143 3533 habet
2171 3475 2246 3532 ad
2274 3483 2639 3551 antegressos
2665 3474 2914 3533 laboreS.

512 3554 645 3610 Non
675 3552 957 3628 potuisset
985 3572 1121 3609 vero
1152 3553 1415 3611 Christus
1438 3553 1627 3611 dicere
1650 3557 1865 3629 depono
1894 3555 2184 3630 Spiritum,
2218 3555 2267 3611 si
2293 3563 2427 3631 post
2452 3564 2696 3613 mortem
2724 3553 2915 3613 adhuc

511 3631 891 3689 descensurus
929 3630 1134 3690 fuisset
1181 3633 1240 3688 in
1274 3633 1575 3707 infernum,
1618 3641 1677 3691 et
1714 3635 2088 3709 gravissimos
2105 3633 2332 3693 labores
2380 3634 2795 3692 exantlatum&
2853 3637 2912 3693 3.

513 3711 601 3768 Eo
650 3710 821 3768 modo
864 3711 1227 3769 commendat
1267 3713 1515 3769 animam
1546 3732 1709 3770 suam
1757 3714 1815 3770 in
1835 3733 2039 3772 manus
2064 3713 2270 3787 Patris,
2301 3714 2590 3790 quomodo
2633 3713 2826 3771 David
2853 3723 2915 3773 et

513 3791 841 3867 Stephanus
862 3791 1084 3849 animos
1107 3811 1241 3850 suos
1264 3793 1752 3867 commendarunt,
1778 3793 1912 3869 quia
1928 3795 2052 3851 haec
2070 3793 2195 3871 ipsa
2215 3794 2393 3851 verba
2415 3793 2642 3851 fuerunt
2666 3793 2915 3851 Davidis

511 3881 696 3945 antea,
733 3872 885 3929 Psal.
917 3871 1081 3928 xxxi.
1114 3873 1168 3945 5,
1199 3891 1234 3929 a
1275 3873 1486 3949 quibus
1528 3892 1596 3930 ea
1617 3873 1878 3932 Christus
1922 3882 2233 3946 mutuatur,
2266 3881 2324 3931 et
2373 3873 2649 3950 Stephani
2679 3872 2913 3931 fuerunt

507 3961 724 4029 postea,
752 3951 887 4010 Act.
918 3951 1016 4009 vii.
1038 3952 1131 4025 59,
1157 3953 1258 4028 qui
1277 3953 1462 4029 ipsum
1492 3953 1784 4011 Christum
1811 3954 2161 4011 imitabatur.
2246 3952 2373 4009 Imo
2402 3961 2462 4010 et
2489 3951 2777 4029 quomodo
2801 3952 2910 4009 Pe-

507 4041 647 4106 trus»,
670 4052 793 4107 cap.
815 4035 868 4106 4,
907 4033 989 4104 1“’,
1004 4031 1173 4107 jubet
1185 4032 1384 4091 fideles
1407 4052 1605 4092 omnes
1628 4032 2027 4091 commendare
2050 4051 2184 4091 suas
2206 4032 2425 4089 animas
2443 4031 2601 4090 fideli
2625 4031 2910 4107 Creatori;

506 4131 623 4169 non
652 4112 851 4187 utique
894 4118 961 4169 ut
1005 4110 1357 4170 descendant
1402 4113 1458 4169 in
1505 4112 1808 4187 infernum,
1841 4112 1944 4170 sed
1987 4120 2053 4169 ut
2096 4112 2443 4188 recipiantur
2486 4111 2546 4168 in
2585 4112 2813 4183 coelum,
2844 4120 2911 4169 ut

507 4191 682 4250 habet
712 4191 923 4250 Glossa
952 4190 1255 4266 ordinaria,
1288 4197 1357 4250 In
1387 4212 1584 4250 manus
1627 4201 1752 4250 tuas
1795 4195 2114 4250 commendo
2142 4192 2399 4266 spiritum
2438 4212 2633 4265 meum,
2665 4199 2727 4248 ut
2752 4210 2910 4266 cyre-

508 4272 744 4329 dientem
773 4275 842 4329 de
889 4291 1125 4344 empore
1167 4273 1438 4347 suscipias
1479 4273 1677 4347 ipsum.
1763 4271 1920 4329 Hinc
1962 4271 2116 4348 apud
2159 4272 2360 4329 Patres
2398 4290 2603 4329 manus
2633 4271 2823 4328 Patris
2851 4279 2911 4329 et

507 4350 764 4409 infernus
813 4358 1195 4426 opponuntur,
1245 4351 1443 4427 Cyrill.
1476 4349 1769 4409 Alexand.
1816 4351 1991 4409 homi.
2038 4350 2109 4408 de
2139 4352 2300 4409 exitu
2347 4351 2540 4425 animi,
2578 4352 2612 4382 ‘⁴
2638 4351 2910 4408 Insontes

507 4449 694 4506 supra,
728 4442 921 4489 sontes
951 4429 1111 4503 infra,
1139 4431 1407 4488 Insontes
1436 4432 1496 4488 in
1524 4430 1687 4505 coe10,
1709 4438 1903 4489 sontes
1924 4430 1984 4488 in
2013 4430 2311 4507 profunde,
2359 4432 2628 4490 Insontes
2658 4430 2713 4486 in
2733 4449 2912 4489 manu

510 4509 637 4582 Dei,
670 4519 865 4568 sontes
894 4509 952 4565 in
981 4528 1155 4568 manu
1186 4510 1477 4568 Diaboli.''

587 4588 733 4645 VII.
779 4587 991 4661 Tertio,
1027 4587 1088 4644 Si
1119 4589 1430 4647 secundum
1478 4590 1728 4648 animam
1776 4589 2038 4649 Christus
2072 4610 2206 4647 vcre
2236 4598 2294 4647 et
2321 4589 2581 4646 localiter
2608 4588 2910 4647 descendit
