3221 5200
495 262 609 318 256
1323 273 1503 313 Locus
1535 272 1792 312 uncinus
1823 271 2089 311 remiss.
2557 249 2806 331 [Quaezs'r.
2840 269 2902 310 11.

489 417 708 476 natoris
746 417 937 475 futuro
982 414 1322 488 Betlehemi,
1354 414 1509 490 quod
1544 414 1619 472 ad
1660 414 1910 471 natalem
1942 411 2186 470 Davidis
2206 412 2328 488 jam
2378 430 2413 467 a
2440 410 2617 487 longo
2645 419 2902 488 tempore

488 497 840 575 praeteritum
870 496 992 553 sine
1021 493 1375 553 absurditate
1398 493 1595 551 referri
1618 494 1834 569 nequit.
1901 492 1954 549 N
1958 513 2023 550 ec
2041 491 2198 568 quod
2224 490 2458 548 additur
2477 489 2549 548 de
2572 490 2902 566 egressibus

489 578 619 653 ejus
646 597 681 634 a
709 575 903 634 seculo
930 575 1040 632 hoc
1069 573 1301 646 evincit,
1333 573 1468 648 quia
1494 574 1604 631 hoc
1647 571 1722 630 ad
1765 581 2034 630 aeternam
2084 570 2512 647 generationem
2544 569 2776 628 Messiae
2825 590 2902 629 ex

491 656 621 715 sinu
663 655 851 713 Patris
894 655 1158 731 pertinet,
1205 673 1321 728 qua
1351 653 1535 710 Filius
1583 660 1674 711 est
1713 652 1861 727 Dei;
1907 659 1970 709 ut
2014 650 2287 709 nativitas
2343 649 2667 708 Betlehemi
2709 659 2898 708 ortum

491 736 863 812 temporalem
891 754 967 792 ex
996 733 1124 791 sinu
1158 732 1362 792 Matris
1390 739 1568 789 notat.

1099 811 1245 870 VII.
1310 815 1365 869 4.
1400 811 1644 869 Ratione
1691 811 1889 868 Tribus
1929 818 1987 867 et
2025 810 2297 882 Familioe,
2334 808 2580 866 Messias
2628 829 2702 866 ex
2745 809 2899 868 tribu

1020 893 1062 952 J
1065 891 1195 949 udae
1217 899 1275 949 et
1303 911 1376 948 ex
1405 890 1623 948 familia
1647 890 1892 948 Davidis
1914 889 2190 947 oriundus
2218 889 2325 947 fuit
2347 909 2421 946 ex
2441 887 2720 962 Oraculis,
2747 888 2896 946 Gen.

1016 972 1161 1029 xlix.
1198 973 1287 1044 10,
1335 970 1449 1028 Isa.
1479 971 1557 1030 xi.
1598 973 1647 1045 l,
1694 974 1730 1027 2
1765 969 1918 1027 Sam.
1948 969 2048 1027 vii.
2085 972 2174 1043 13,
2211 973 2300 1043 14,
2333 976 2391 1038 et
2435 988 2509 1025 ex
2539 967 2898 1026 confessione

493 1053 832 1126 Turbarum,
864 1052 907 1110 J
911 1052 1003 1108 oh.
1034 1051 1133 1108 vii.
1163 1054 1276 1124 423
1312 1049 1482 1109 Unde
1510 1069 1626 1107 non
1657 1049 1834 1107 semel
1858 1049 2055 1106 David
2081 1048 2289 1106 dicitur
2310 1068 2344 1105 a
2364 1048 2686 1124 Prophetis.
2731 1046 2901 1121 Quod

492 1134 552 1190 in
594 1133 744 1191 Jesu
781 1140 979 1189 nostro
1008 1129 1305 1206 impletum
1344 1138 1583 1202 constat,
1616 1137 1739 1187 tum
1770 1149 1844 1186 ex
1882 1128 2009 1187 loco
2038 1127 2358 1186 nativitatis
2393 1128 2517 1204 jam
2566 1127 2766 1201 relate,
2796 1126 2899 1203 qui

490 1220 616 1270 erat
647 1212 869 1269 Domus
900 1210 1162 1282 Davidis,
1193 1229 1308 1286 quo
1338 1229 1399 1267 se
1441 1208 1698 1267 conferre
1725 1217 1992 1284 parentes
2019 1208 2062 1265 J
2066 1227 2167 1265 esu
2196 1207 2533 1279 debuerunt,
2577 1216 2643 1265 ut
2683 1227 2760 1265 ex
2800 1206 2904 1264 illa

495 1291 711 1349 familia
759 1310 819 1347 se
868 1289 1141 1347 oriundos
1183 1309 1309 1347 esse
1358 1289 1683 1364 probarent,
1715 1297 1836 1346 tum
1876 1307 1950 1344 ex
1990 1287 2347 1363 Genealogia
2376 1286 2590 1344 Christi
2638 1295 2897 1362 utraque,

492 1391 622 1448 quae
645 1370 797 1446 apud
819 1369 1028 1427 Matth.
1051 1377 1109 1427 et
1133 1368 1347 1427 Lucam
1367 1367 1632 1426 habetur.
1677 1367 1798 1424 Nec
1816 1366 2028 1443 opponi
2057 1374 2263 1442 potest,
2294 1385 2478 1443 genus
2508 1367 2550 1425 J
2554 1366 2753 1443 osephi
2781 1385 2900 1423 nou

494 1469 735 1527 arguere
781 1458 970 1507 ortum
1011 1450 1053 1508 J
1057 1468 1160 1507 esu
1189 1468 1263 1506 ex
1311 1447 1527 1505 familia
1575 1446 1875 1519 Davidica,
1918 1445 2199 1522 siquidem
2230 1466 2305 1504 ex
2348 1455 2545 1503 nostra
2592 1445 2903 1522 hypothesi

491 1540 655 1607 pater
698 1529 823 1604 ejus
851 1548 966 1585 non
1003 1528 1130 1586 fuit.
1214 1527 1365 1601 Quia·
1390 1547 1463 1585 ex
1515 1526 1674 1602 Lege
1725 1525 1896 1584 Num.
1943 1525 2149 1582 xxxvi.
2197 1528 2252 1600 8,
2314 1525 2544 1584 Uxores
2586 1544 2662 1582 ex
2699 1524 2900 1583 eadem

493 1608 674 1667 Tribu
703 1618 761 1666 et
808 1608 1024 1665 familia
1051 1606 1329 1666 ducendae
1373 1614 1550 1681 erant,
1583 1604 1740 1682 quod
1782 1605 1917 1663 licet
1944 1624 2061 1661 non
2090 1604 2236 1662 foret
2263 1604 2524 1663 absolute
2553 1604 2896 1681 universale,

491 1690 683 1747 locum
711 1688 922 1746 habere
965 1686 1180 1760 debuit,
1212 1686 1312 1744 ubi
1340 1685 1616 1761 Virgines
1665 1693 1828 1744 erant
1869 1684 2132 1764 ἔπαληςοι,
2173 1683 2251 1742 id.
2281 1683 2539 1742 haeredes
2567 1683 2774 1742 domus
2801 1704 2900 1761 pa-

492 1778 688 1843 ternae,
720 1767 908 1843 qualis
942 1776 1064 1825 erat
1094 1765 1297 1823 Maria.
1383 1765 1505 1823 Nec
1533 1766 1726 1823 obstat
1767 1764 1924 1840 quod
1966 1764 2153 1822 Maria
2181 1763 2405 1821 dicatur
2432 1766 2664 1834 συγγενὲς
2707 1764 2898 1822 Eliza·

493 1848 702 1922 bethae,
735 1848 876 1905 Luc.
907 1847 944 1904 i.
975 1846 1112 1922 quia
1148 1846 1259 1903 hoc
1287 1844 1420 1902 inde
1449 1844 1573 1902 fieri
1622 1843 1826 1921 potuit,
1858 1843 2014 1920 quod
2042 1844 2137 1901 vel
2175 1843 2383 1918 aliquis
2428 1863 2503 1901 ex
2542 1842 2743 1900 Mariae
2778 1863 2901 1900 ma·

486 1927 714 2004 joribus
759 1927 1065 2002 conjugem
1109 1924 1372 1983 duxisset
1420 1943 1495 1981 ex
1533 1925 1687 1982 tribu
1726 1923 1887 1998 Levi,
1920 1924 2016 1982 vel
2057 1923 2338 1981 Sacerdos
2372 1922 2579 1998 aliquis
2615 1921 2791 1979 filiam
2822 1942 2900 1981 ex

495 2006 836 2082 cognatione
869 2005 1087 2062 Mariae.

1098 2084 1277 2142 VIII.
1322 2085 1377 2140 5.
1430 2081 1677 2141 Ratione
1727 2083 1897 2140 Modi
1935 2083 2278 2155 Nativitatzis,
2329 2082 2465 2158 quia
2519 2102 2592 2140 ex
2651 2080 2898 2158 Virgine

1015 2164 1173 2221 nasci
1204 2161 1404 2220 debuit
1430 2181 1504 2220 ex
1536 2163 1707 2220 Isaiae
1736 2162 2026 2235 vaticini0,
2052 2182 2174 2238 cap.
2204 2161 2305 2220 vii.
2341 2165 2430 2234 14,
2480 2163 2515 2193 ‘⁴
2538 2162 2686 2221 Ecce
2715 2161 2904 2237 Virgo

1012 2242 1311 2320 concipiet,
1326 2251 1385 2300 et
1400 2242 1585 2319 pariet
1604 2242 1803 2317 filium,
1829 2251 1886 2300 et
1915 2242 2147 2299 vocabit
2165 2241 2346 2298 filium
2366 2242 2493 2318 ejus
2517 2240 2903 2316 Immanuel,''

491 2322 648 2399 quod
696 2323 841 2381 tanti
885 2323 1154 2399 ponderis
1197 2330 1300 2396 est,
1352 2331 1417 2380 ut
1461 2323 1558 2379 vel
1602 2322 1788 2380 solum
1815 2341 1919 2398 per
1945 2341 2007 2379 se
2037 2321 2279 2379 sufficiat
2301 2321 2374 2378 ad
2412 2320 2749 2397 mysterium
2790 2320 2901 2378 hoc

492 2402 869 2478 probandum.
959 2402 1075 2460 Sed
1102 2411 1167 2460 ut
1195 2410 1480 2459 asseratur
1508 2411 1707 2459 contra
1734 2402 1944 2459 cavilla
1971 2401 2013 2459 J
2016 2400 2327 2474 udaeorum,
2360 2400 2755 2458 observandus
2777 2420 2902 2459 sco·

493 2501 602 2558 pus
635 2482 953 2557 Prophetae,
985 2481 1085 2556 qui
1114 2490 1201 2540 est
1230 2481 1565 2538 confirmare
1595 2481 1869 2557 populum
1904 2480 2183 2538 adversus
2210 2491 2425 2538 metum
2468 2499 2583 2555 quo
2627 2479 2873 2556 percelle

493 2561 679 2635 batur,
700 2569 934 2638 propter
966 2560 1146 2618 Rezin
1176 2569 1234 2619 et
1265 2559 1464 2618 Pekah
1495 2559 1690 2636 Reges
1724 2560 1904 2636 Syriae
1928 2567 1985 2618 et
2010 2560 2242 2618 Israelis
2265 2559 2595 2618 obsidentes
2625 2559 2900 2618 Hieroso-

494 2640 747 2715 lymam3
799 2640 940 2697 Ideo
972 2642 1132 2698 Deus
1179 2640 1525 2715 Prophetam
1558 2639 1744 2715 jubet,
1793 2647 1857 2697 ut
1901 2660 2017 2697 una
2060 2660 2191 2697 cum
2231 2639 2351 2697 filio
2393 2659 2497 2697 suo
2542 2639 2779 2698 accedat
2826 2638 2904 2697 ad

495 2719 735 2794 Regem,
767 2727 825 2777 et
864 2720 1070 2795 jubeat
1097 2719 1260 2778 illum
1302 2719 1505 2777 timore
1556 2719 1807 2794 seposito
1846 2728 2065 2777 certum
2093 2739 2220 2777 esse
2254 2718 2325 2776 de
2368 2719 2802 2778 conservatione
2844 2728 2904 2778 et

491 2798 829 2857 liberatione
860 2800 950 2857 sui
979 2807 1037 2857 et
1065 2799 1279 2876 populi.
1367 2798 1444 2857 Et
1487 2806 1552 2856 ut
1594 2798 1717 2874 ipse
1747 2817 1815 2855 eo
1863 2798 2049 2875 magis
2090 2798 2530 2875 persuaderetur
2556 2799 2628 2857 de
2657 2800 2900 2858 veritate

490 2878 666 2954 hujus
694 2879 1106 2954 promissioniS,
1156 2878 1444 2955 Propheta
1492 2878 1592 2937 dat
1635 2877 1719 2934 illi
1757 2878 2045 2955 optionem
2082 2878 2234 2954 signi
2262 2878 2524 2955 alicujus,
2548 2879 2642 2937 vel
2672 2898 2703 2937 e
2733 2879 2897 2952 coe10,

493 2957 590 3015 vel
618 2978 649 3015 e
680 2967 831 3016 terra
858 2959 1108 3035 petendi.
1194 2960 1337 3017 Cum
1366 2979 1505 3017 vero
1534 2958 1740 3016 Achaz
1771 2957 1999 3035 signum
2029 2958 2200 3035 impie
2228 2967 2566 3032 recusasset,
2611 2967 2669 3018 et
2704 2958 2903 3017 multae

493 3037 682 3098 adhuc
712 3048 1076 3115 superessent
1116 3039 1373 3098 fidelium
1415 3038 1690 3115 reliquiae,
1743 3038 1818 3095 ad
1861 3039 2062 3101 horum
2113 3038 2560 3096 consolationem
2591 3047 2649 3097 et
2697 3037 2902 3096 confir·

493 3118 820 3194 mationem,
863 3127 927 3178 ut
973 3129 1030 3178 et
1062 3119 1281 3178 Achazi
1330 3119 1768 3191 convictionem,
1801 3118 1997 3178 addit:
2044 3118 2233 3177 Deum
2269 3138 2386 3177 non
2425 3118 2688 3177 obstante
2720 3117 2903 3195 Regis

492 3198 803 3275 impietate,
849 3200 1067 3275 szjqnum
1116 3200 1257 3277 ipsis
1305 3199 1572 3258 daturum
1623 3199 1857 3275 duplex,
1909 3198 2162 3257 futurum
2219 3206 2276 3255 et
2319 3216 2605 3274 praesens;
2634 3199 2902 3270 ficturum

492 3297 611 3336 ver.
642 3281 731 3352 14,
753 3277 814 3334 in
837 3278 1191 3338 Immanuele
1216 3279 1504 3336 nascituro
1524 3298 1629 3336 suo
1651 3287 1905 3353 tempore
1928 3297 2001 3336 ex
2020 3276 2263 3352 Virgine
2284 3298 2298 3350 ;
2320 3295 2573 3350 praesens
2595 3276 2653 3332 in
2677 3276 2901 3354 Searja·

492 3356 600 3413 sub
630 3356 748 3412 filio
778 3375 898 3429 suo,
944 3366 1076 3414 ante
1119 3358 1286 3433 cujus
1327 3356 1773 3415 adolescentiam
1812 3355 2011 3414 debuit
2039 3355 2352 3414 destructio
2399 3354 2625 3429 Regum
2667 3354 2901 3415 illorum

492 3434 842 3508 contingere,
874 3452 995 3491 ver.
1025 3437 1115 3491 16.

574 3511 693 3568 ΙΧ.
739 3511 868 3567 Non
911 3532 1079 3587 posse
1122 3513 1194 3570 de
1237 3513 1350 3570 alio
1392 3514 1678 3590 quopiam,
1711 3533 1882 3588 quam
1928 3512 1998 3570 de
2045 3513 2261 3570 Messia
2304 3512 2615 3571 Oraculum
2655 3513 2907 3593 intelligi

492 3598 667 3667 patet,
692 3590 827 3666 quia
850 3594 900 3648 1.
921 3592 1113 3667 agitur
1140 3591 1211 3649 de
1233 3591 1437 3666 Puero,
1463 3593 1561 3668 qui
1581 3592 1807 3650 futurus
1838 3601 1924 3649 est
1951 3592 2287 3666 Immanuel,
2321 3601 2378 3650 et
2404 3592 2687 3651 Dominus
2714 3604 2899 3671 terrae,

494 3689 614 3728 ver.
651 3673 742 3727 14.
772 3677 831 3728 et
859 3690 982 3746 cap.
1014 3670 1134 3727 viii.
1166 3673 1201 3727 8
1228 3692 1241 3746 3
1274 3674 1329 3727 2.
1360 3670 1431 3729 de
1461 3691 1529 3728 eo
1558 3671 1659 3747 qui
1687 3671 2012 3729 nasciturus
2041 3680 2193 3729 esset
2222 3692 2296 3730 ex
2318 3672 2560 3749 Virgine
2585 3696 2599 3747 ;
2645 3678 2700 3731 3.
2732 3673 2804 3732 de
2833 3695 2902 3734 eo

491 3749 592 3828 qui
621 3748 846 3808 futurus
874 3758 1026 3808 esset
1053 3750 1113 3807 in
1142 3750 1370 3826 signum
1400 3750 1722 3809 inauditum
1744 3758 1802 3808 et
1829 3751 2108 3810 mirabile.
2193 3752 2360 3826 Quod
2382 3772 2488 3809 nec
2516 3752 2575 3809 in
2605 3755 2906 3812 Ezechiam

493 3830 715 3888 Achazi
743 3830 924 3888 filium
954 3830 1156 3888 cadere
1187 3838 1390 3907 potest,
1423 3830 1558 3907 quia
1578 3830 1703 3906 jam
1745 3840 1867 3889 tum
1908 3839 2079 3889 natus
2120 3841 2259 3907 erat,
2290 3853 2406 3891 non
2435 3834 2774 3907 nascituruS,
2806 3833 2904 3891 de-

491 3911 625 3969 inde
654 3910 928 3968 nativitas
966 3930 1081 3968 non
1109 3910 1216 3969 fuit
1245 3931 1319 3968 ex
1347 3914 1485 3969 mbr
1515 3910 1759 3987 virgine,
1793 3911 1894 3968 sed
1932 3931 2006 3969 ex
2046 3932 2225 3971 uxore
2254 3912 2494 3985 Achazi‚
2519 3932 2626 3970 nee
2658 3913 2902 3972 miracu-

491 3992 617 4048 losa
646 3990 871 4065 dicitur,
903 3990 999 4048 vel
1025 3990 1085 4048 in
1116 3990 1343 4066 signum
1373 3990 1660 4067 peculiare
1691 4011 1943 4067 unquam
1980 3991 2119 4049 alibi
2146 3993 2439 4069 proposita
2464 3992 2695 4069 legitur.
2781 3992 2902 4052 Nec

491 4071 554 4127 in
581 4070 886 4145 Searjasub
934 4070 1117 4128 filium
1149 4070 1468 4147 Prophetae,
1501 4070 1596 4128 vel
1626 4071 1885 4145 alterum,
1918 4070 1989 4129 de
2019 4091 2133 4147 quo
2179 4092 2227 4129 c.
2259 4073 2399 4146 viii„
2445 4071 2661 4129 dictum
2692 4073 2904 4130 Maket-

493 4151 935 4223 Salat-ckazbaz,
960 4150 1096 4226 quia
1122 4150 1278 4226 prior
1304 4150 1402 4209 ille
1436 4152 1560 4229 jam
1587 4159 1759 4208 natus
1782 4158 1919 4223 erat,
1945 4150 2229 4209 adductus
2256 4152 2468 4228 quippe
2497 4151 2571 4209 ab
2622 4151 2780 4209 Isara
2827 4150 2905 4209 ad

497 4230 737 4305 Regem,
768 4249 874 4288 nec
901 4229 1177 4288 nativitas
1219 4231 1344 4308 ejus
1385 4230 1728 4289 miraculosa
1757 4238 1814 4287 et
1841 4249 1916 4287 ex
1945 4230 2207 4306 Virgine,
2238 4229 2374 4289 licet
2401 4230 2691 4307 impositio
2719 4231 2902 4288 nomi-

493 4309 584 4366 nis
621 4308 793 4367 fuerit
837 4308 1171 4387 symbolica,
1218 4318 1277 4367 et
1316 4311 1599 4388 posterior
1637 4308 2012 4385 distinguitur
2058 4310 2131 4367 ab
2178 4311 2533 4368 Immanuele
2575 4330 2625 4367 c.
2675 4309 2796 4368 viii.
2844 4312 2900 4385 8,

494 4396 551 4447 et
581 4396 891 4465 conceptus
919 4388 1028 4448 fuit
1054 4408 1169 4447 non
1200 4409 1271 4447 ex
1301 4394 1497 4466 mssa-s,
1530 4388 1633 4448 sed
1662 4409 1735 4447 ex
1764 4410 1969 4449 meaa-n.
2054 4388 2176 4446 Nec
2203 4389 2265 4445 in
2304 4409 2542 4466 puerum
2575 4389 2751 4448 alium
2773 4390 2905 4447 vul·

494 4487 708 4542 garem,
733 4468 869 4545 quia
894 4489 1011 4527 non
1032 4469 1292 4545 vulgaris
1319 4470 1414 4528 hic
1443 4490 1647 4544 sermo,
1677 4488 1784 4527 nec
1813 4467 2078 4545 vulgaria
2122 4468 2194 4526 de
2222 4489 2291 4527 eo
2333 4469 2619 4541 dicuntur,
2651 4469 2755 4528 sed
2775 4489 2905 4546 pro·

493 4545 691 4603 missio
720 4555 809 4605 est
836 4548 989 4624 signi
1010 4548 1267 4623 illustris,
1300 4568 1416 4607 non
1443 4550 1502 4608 in
1531 4549 1782 4625 foemina,
1829 4548 1931 4607 sed
1959 4547 2019 4606 in
2048 4547 2292 4625 Virgine
2321 4548 2654 4608 exhibendi.
2729 4548 2904 4609 Unde

488 868 530 912 4.
567 867 771 912 Ratione
801 866 978 911 Tribus

592 932 643 970 et
663 924 888 977 familiia

491 2151 537 2195 5.
570 2149 770 2194 Ratione
821 2150 955 2194 Modi

582 2208 881 2253 Nativitatis.
