3221 5200
582 336 696 391 624
1343 349 1524 389 Locus
1567 348 1825 389 nscmus
1869 349 2170 389 sem-mus.
2614 327 2869 408 [QUAEsr.
2914 351 3004 390 ιν.

1503 568 1891 643 QUAESTIO
1935 570 2043 627 1v.

1252 746 1329 784 DE
1373 746 1672 786 VERI'I'ATE
1717 746 1998 787 BONORUM
2042 746 2301 787 OPERUM.

586 887 744 954 Quid
766 888 1110 964 requiratur,
1143 897 1205 943 ut
1238 888 1391 961 Opus
1418 887 1489 943 sit
1514 907 1644 944 vere
1671 889 1888 1024 agitium,
1921 897 1973 945 et
1993 888 2084 945 An
2120 889 2312 962 Opera
2338 888 2632 944 Justorum
2659 885 2770 942 sint
2796 888 2943 944 talia
2961 890 2992 943 ,ἲ

1799 987 1899 1024 rm.

848 1190 858 1201 ο
1179 1124 1228 1181 Ι.
1288 1123 1475 1196 Quum
1518 1124 1809 1201 loquimur
1836 1125 1908 1184 de
1948 1126 2191 1183 Ver-itate
2234 1125 2502 1181 bonorum
2552 1124 2818 1198 Operum,
2863 1139 2986 1178 non

572 1190 1057 1292 Quaengmsmgbona
1096 1202 1474 1279 intelligimus
1503 1223 1678 1279 opera
1706 1204 2042 1281 simpliciter
2065 1203 2322 1276 moralia,
2365 1210 2534 1279 prout
2575 1199 2984 1260 contradistin·

772 1260 886 1302 pera
1096 1290 1352 1358 guuntur
1400 1283 1794 1358 spiritualibus
1842 1293 1900 1341 et
1945 1282 2472 1359 supernaturalibus
2516 1301 2551 1338 a
2593 1278 2941 1357 quibusdam
2966 1302 2982 1354 3

579 1360 704 1433 Quo
745 1379 915 1417 sensu
954 1363 1198 1418 moralia
1225 1361 1341 1418 illis
1370 1361 1656 1434 dicuntur,
1703 1382 1831 1438 quae
1876 1363 2068 1439 quoad
2112 1371 2407 1420 externam
2454 1359 2831 1436 disciplinam,
2877 1378 2986 1416 seu

575 1449 767 1497 actum
797 1447 1115 1513 externum,
1161 1459 1333 1515 quam
1363 1440 1741 1498 substantiam
1775 1442 1953 1518 vulgo
1983 1450 2209 1514 vocant,
2256 1440 2394 1498 talia
2422 1449 2572 1513 sunt,
2610 1459 2737 1516 quae
2766 1438 2982 1495 consti-

575 1526 745 1576 tuunt
774 1517 1100 1594 disiplinam
1133 1538 1233 1576 seu
1253 1519 1539 1594 justitiam
1568 1519 1798 1577 civilem
1828 1530 1887 1578 et
1915 1529 2229 1594 externam,
2261 1539 2433 1595 quam
2458 1519 2701 1578 Aristot.
2722 1518 2776 1573 in
2807 1515 2976 1572 Ethi-

576 1598 660 1655 cis
702 1597 970 1673 explicat.
1052 1598 1390 1673 Spiritualia
1418 1617 1555 1656 vero
1593 1607 1745 1671 sunt,
1790 1619 1919 1675 quae
1963 1608 2079 1657 tam
2125 1598 2318 1675 quoad
2363 1598 2754 1669 substantiam,
2798 1613 2975 1669 quam

573 1677 766 1754 quoad
814 1676 1270 1736 circumstantias
1315 1677 1452 1735 talia
1497 1687 1648 1736 sunt.
1755 1678 1866 1736 Illa
1910 1679 2180 1737 dicuntur
2222 1679 2376 1736 bona
2410 1686 2648 1746 ὅμωύμως,
2683 1685 2738 1733 et
2781 1672 2977 1750 quoad

576 1766 872 1815 externam
903 1758 1149 1833 speciem
1178 1765 1439 1831 tautum3
1487 1758 1610 1816 Ista
1637 1776 1776 1815 vero
1812 1765 2064 1825 συνωνύμως,
2100 1766 2159 1816 et
2185 1758 2378 1834 quoad
2406 1757 2730 1827 essentiam,
2775 1761 2981 1830 quate-

576 1856 686 1894 nus
715 1836 929 1894 habent
957 1837 1016 1893 in
1046 1856 1107 1895 se
1136 1837 1449 1895 bonitatem
1480 1837 1986 1914 supernaturalem,
2021 1838 2146 1895 Deo
2175 1836 2543 1895 reconciliato
2572 1844 2631 1894 et
2660 1834 2818 1892 Patri
2838 1853 2977 1891 vere

579 1915 1046 1992 complacentem,
1077 1925 1136 1974 et
1164 1917 1237 1973 ab
1266 1915 1465 1974 eodem
1494 1917 1731 1993 praemia
1758 1924 1875 1974 tam
1903 1917 2077 1992 hujus
2106 1936 2278 1992 quam
2321 1916 2526 1973 futurae
2569 1915 2706 1972 vitae
2747 1912 2979 1970 ordina·

581 2005 727 2069 tam3
764 1995 853 2052 De
883 1996 1093 2071 quibus
1121 1996 1216 2053 hic
1244 1995 1451 2072 agitur.

661 2074 744 2131 II.
805 2074 876 2131 In
912 2075 1194 2152 Operibus
1236 2074 1364 2133 istis
1408 2075 1647 2133 materia
1675 2082 1732 2132 et
1757 2078 1961 2149 forma
2003 2074 2313 2150 spectanda
2353 2083 2458 2133 est.
2543 2071 2797 2130 Materia
2842 2080 2982 2130 sunt

577 2174 774 2212 omnes
816 2154 1071 2212 actiones
1112 2155 1376 2227 hominiS,
1422 2174 1550 2230 quae
1579 2155 1654 2212 ab
1681 2154 1977 2212 intellectu
2005 2163 2063 2212 et
2090 2154 2386 2212 voluntate
2415 2153 2665 2210 hominis
2705 2150 2978 2228 pendent,

577 2243 635 2292 et
664 2253 791 2309 quae
820 2233 895 2289 ad
930 2243 981 2287 τὸ
1005 2243 1196 2300 sumas·
1230 2243 1287 2292 et
1322 2243 1708 2302 &imbuamur-120⁸„
1757 2234 2061 2309 pertinent,
2111 2242 2232 2290 tum
2274 2233 2389 2289 illae
2431 2252 2560 2309 quae
2610 2231 2982 2306 Philosophia

575 2312 844 2370 dicuntur
871 2312 1039 2387 primi
1068 2322 1273 2386 motus,
1319 2313 1442 2371 sive
1470 2313 1613 2370 fiant
1641 2312 1858 2389 absque
1888 2331 2061 2385 mora,
2094 2314 2215 2370 sive
2245 2332 2374 2369 eum
2404 2331 2579 2383 mora,
2611 2331 2739 2386 quae
2766 2329 2978 2382 mores,

574 2391 755 2468 vulgo
796 2391 1081 2464 dicuntur,
1127 2392 1248 2450 sive
1279 2392 1495 2469 absque
1524 2391 1922 2464 delectatione,
1955 2393 2078 2449 sive
2108 2411 2238 2449 cum
2268 2392 2383 2465 illa,
2410 2391 2532 2448 sive
2561 2389 2977 2462 indeliberatae,

576 2471 698 2529 sive
728 2469 1041 2528 deliberate
1070 2478 1128 2529 et
1157 2491 1285 2529 cum
1316 2491 1597 2530 consensu
1629 2471 1962 2529 voluntatis
2033 2473 2250 2528 Forma
2277 2479 2366 2528 est
2394 2468 2794 2528 convenientia
2843 2488 2981 2526 cum

576 2549 735 2626 Lege
765 2557 824 2608 et
851 2551 1148 2609 voluntate
1181 2550 1306 2626 Dei,
1339 2560 1455 2610 tam
1485 2550 1678 2628 quoad
1720 2550 2098 2610 substantiam
2142 2550 2399 2624 actionis,
2445 2568 2618 2626 quam
2646 2547 2838 2625 quoad
2868 2547 2978 2606 cir-

575 2629 972 2686 cumstantiaS.

654 2707 774 2762 III.
835 2707 947 2763 Per
972 2710 1333 2766 substantiam
1356 2710 1603 2782 actiom‘s,
1636 2728 1752 2766 non
1781 2709 2159 2785 intelligimus
2188 2701 2408 2767 tantum
2437 2716 2627 2765 actum
2668 2714 2979 2763 externum

571 2784 952 2855 locomotivae,
986 2786 1088 2842 sed
1116 2795 1306 2843 actum
1336 2794 1457 2844 tum
1480 2789 1787 2861 internum,
1819 2796 1941 2846 tum
1964 2798 2265 2846 externum
2296 2787 2480 2861 simul,
2513 2784 2796 2861 siquidem
2820 2794 2978 2843 uter-

572 2883 683 2939 que
714 2863 1100 2939 conjungitur,
1132 2865 1227 2922 vel
1257 2866 1542 2922 internum
1572 2874 1813 2940 tantum,
1859 2866 2143 2942 siquidem
2174 2876 2446 2926 externus
2479 2871 2726 2940 nequeat
2751 2864 2979 2923 haberi.

573 2943 686 3017 Qui
715 2942 829 3001 duo
858 2951 1020 3001 actus
1048 2943 1130 3001 ita
1159 2963 1218 3001 se
1247 2944 1461 3002 habent
1489 2945 1565 3002 ad
1593 2944 1858 3019 invicem,
1889 2955 1956 3004 ut
1976 2954 2139 3004 actus
2167 2956 2441 3006 externus
2470 2945 2592 3003 sine
2614 2944 2838 3001 interno
2861 2963 2982 3001 non

573 3025 647 3082 sit
674 3023 899 3101 proprie
929 3024 1129 3098 bonuS,
1161 3032 1330 3100 prout
1358 3032 1593 3100 apparet
1622 3024 1682 3081 in
1709 3025 2043 3102 hypocritiS,
2075 3026 2179 3083 sed
2208 3027 2464 3085 internus
2492 3024 2674 3101 possit
2701 3042 2828 3080 esse
2852 3022 2982 3081 sine

572 3112 829 3178 externO,
861 3103 996 3179 quia
1024 3104 1251 3162 bonitas
1279 3105 1338 3161 in
1366 3105 1664 3163 voluntate
1695 3115 1753 3163 et
1780 3105 2093 3164 intentione
2132 3106 2358 3182 proprie
2388 3103 2770 3164 constituitur.
2859 3102 2981 3160 De-

569 3183 705 3240 inde
734 3194 1007 3242 externus
1035 3203 1151 3241 non
1180 3192 1354 3261 auget
1380 3184 1695 3243 bonitatem
1725 3185 1933 3244 interni
1960 3205 2062 3262 per
2089 3205 2169 3258 se,
2202 3184 2304 3242 sed
2330 3204 2433 3261 per
2459 3183 2740 3256 accidenS‚
2770 3190 2979 3256 quate·

574 3283 684 3319 nus
712 3271 902 3321 actum
934 3263 1266 3338 voluntatiS,
1298 3264 1395 3322 vel
1422 3265 1719 3323 continuat
1747 3265 1842 3323 vel
1872 3273 2191 3322 conservat.

656 3342 764 3399 IV.
826 3343 937 3400 Per
981 3343 1422 3401 circumstantias
1465 3344 1844 3419 intelligimus
1889 3363 2087 3401 omnes
2130 3341 2600 3413 modificationes,
2645 3359 2771 3415 quae
2816 3338 2974 3413 ejus-

574 3420 732 3477 modi
778 3421 1099 3479 actionibus
1148 3422 1431 3496 accidunt,
1463 3431 1528 3479 ut
1556 3443 1672 3479 non
1714 3430 1938 3480 tantum
1983 3441 2127 3499 opus
2154 3424 2354 3480 bonum
2381 3422 2498 3493 fiat,
2544 3419 2646 3477 sed
2691 3418 2862 3476 etiam
2909 3427 2980 3477 ut

575 3500 706 3554 bene
732 3498 834 3555 fiat
867 3499 1040 3572 juxta
1066 3501 1461 3574 praescriptum
1507 3502 1635 3574 Dei,
1680 3522 1795 3578 quo
1825 3521 1997 3559 sensu
2027 3501 2206 3577 vulgo
2233 3501 2458 3573 dicitur,
2503 3502 2690 3557 Deum
2717 3517 2827 3554 non
2855 3506 2978 3555 tam

574 3595 772 3632 amare
820 3577 1109 3649 adjectiva,
1155 3598 1325 3650 quam
1369 3581 1653 3651 adverbia,
1700 3589 1758 3637 et
1806 3580 2018 3636 bonum
2063 3581 2350 3655 requirere
2397 3581 2678 3655 integram
2717 3594 2970 3648 causam,

574 3674 703 3731 quae
730 3674 846 3711 non
876 3653 1253 3711 substantiam
1282 3663 1503 3713 tantum
1533 3656 1792 3731 actionis,
1839 3657 1941 3714 sed
1968 3666 2026 3714 et
2053 3657 2511 3716 circumstantias
2556 3652 2973 3731 complectitur.

580 3734 751 3795 Unde
780 3734 845 3791 fit
872 3740 938 3791 ut
964 3752 1055 3791 res
1084 3733 1145 3790 in
1168 3753 1227 3791 se
1256 3734 1424 3807 bona,
1454 3735 1607 3791 mala
1635 3742 1827 3792 tamen
1855 3734 1973 3807 fiat,
1995 3744 2052 3793 et
2080 3735 2139 3791 in
2167 3745 2466 3811 peccatum
2513 3740 2893 3806 convertatur,
2922 3734 2976 3790 si

574 3834 691 3873 non
720 3815 865 3874 bene
894 3813 1010 3887 fiat,
1044 3822 1108 3871 ut
1137 3814 1350 3887 OratiO,
1397 3814 1676 3889 Charitas,
1723 3812 1829 3872 Sto.

576 3933 706 3983 Quid
776 3937 1056 3989 requiratur
1179 3895 1252 3953 V.
1300 3893 1396 3952 Ad
1425 3894 1594 3953 istam
1624 3901 1813 3953 autem
1847 3894 2163 3953 bonitatem
2192 3892 2671 3968 constituendam,
2717 3890 2980 3965 Quatuor

623 3993 673 4034 in
708 3991 949 4049 operibus
976 3993 1057 4035 bo-
1097 3974 1356 4052 inprimis
1397 3974 1800 4050 requiruntur:
1844 3971 2214 4050 Ρνίηεῂυίωη,
2253 3977 2494 4048 Regula,
2534 3973 2761 4043 Modus,
2793 3971 2975 4028 Finis.

619 4051 774 4101 ‘¹³⁸2ssss
792 4063 902 4104 ΨΜ
924 4048 1054 4092 ’ῑῦῑῗ
1104 4058 1153 4110 1.
1204 4054 1286 4113 Ut
1327 4074 1471 4130 opus
1514 4054 1617 4111 fiat
1664 4072 1738 4110 ex
1782 4053 1895 4110 fide
1939 4053 2128 4111 cordis
2170 4053 2430 4129 regeniti,
2462 4052 2599 4128 quia
2625 4050 2894 4126 quicquid
2899 4052 2983 4126 fit

572 4133 689 4189 sine
700 4134 822 4209 fide
850 4143 1139 4204 peccatum
1169 4142 1263 4204 est,
1290 4134 1457 4191 Rom.
1488 4133 1607 4190 xiv.
1654 4135 1750 4191 23.
1833 4139 1888 4190 2.
1923 4133 2005 4192 Ut
2030 4132 2132 4190 fiat
2151 4134 2325 4209 juxta
2351 4132 2745 4208 praescriptum
2798 4129 2983 4203 Legis

571 4218 631 4269 et
660 4212 1014 4269 voluntatem
1036 4211 1146 4269 Dei
1177 4212 1233 4269 in
1254 4212 1451 4269 Verbo
1479 4209 1808 4287 revelatam,
1833 4230 1961 4288 quae
1984 4212 2154 4269 unica
2194 4220 2281 4269 est
2308 4211 2443 4269 fidei
2473 4211 2722 4285 vitaeque
2750 4209 2977 4284 regula.

570 4293 625 4347 3.
673 4291 755 4348 Ut
782 4290 882 4347 fiat
909 4289 1080 4347 modo
1106 4290 1385 4366 legitimo,
1417 4291 1476 4349 id
1505 4300 1609 4363 est,
1633 4312 1749 4350 non
1776 4299 1998 4352 tantum
2047 4298 2300 4365 externe,
2334 4288 2436 4348 sed
2477 4297 2536 4346 et
2562 4289 2802 4360 interne,
2835 4287 2980 4361 quia

569 4369 695 4426 Lex
724 4388 852 4444 quae
896 4370 1207 4445 spiritualis
1249 4379 1352 4441 cst,
1396 4370 1563 4427 Rom.
1593 4371 1712 4444 vii„
1757 4390 1870 4427 non
1913 4378 2183 4427 externos
2231 4378 2454 4428 tantum
2484 4377 2674 4426 motus
2717 4367 2982 4442 corporis

568 4447 829 4519 attendit,
862 4448 964 4505 sed
984 4449 1267 4525 praecipue
1298 4450 1551 4507 internos
1579 4449 1754 4507 animi
1783 4448 2036 4508 affectus.
2121 4453 2177 4507 4.
2227 4449 2309 4508 Ut
2334 4449 2437 4507 fiat
2458 4449 2532 4506 ad
2561 4446 2803 4523 gloriam
2835 4445 2976 4519 Dei,

567 4543 696 4598 quse
718 4526 923 4583 unicus
965 4535 1053 4585 cst
1081 4547 1304 4604 scopus,
1336 4527 1410 4584 ad
1451 4547 1624 4603 quem
1653 4548 1877 4605 semper
1903 4528 2182 4605 respicere
2212 4528 2488 4586 debemus
2512 4549 2526 4601 ;
2571 4535 2629 4584 et
2656 4526 2750 4584 cui
2778 4526 2984 4583 omnia

569 4602 945 4677 subordinans
969 4604 1150 4679 decet,
1177 4610 1202 4664 1
1228 4608 1355 4665 Cor.
1376 4627 1434 4665 x.
1466 4610 1560 4677 31,
1593 4625 1706 4664 non
1726 4615 1945 4666 tantum
1977 4608 2291 4666 intentione
2320 4608 2552 4665 virtuali
2582 4617 2640 4665 et
2669 4604 2981 4675 habituali,
