3221 5200
511 361 629 417 300
1374 373 1554 414 Locus
1584 372 1843 413 nsscnms
1873 372 2138 412 ‘rsa-rius,
2549 346 2804 429 [QUAEsr.
2838 367 2916 406 xi.

510 515 696 574 Filius
727 515 853 588 Dei,
886 516 1022 592 quia
1050 515 1280 591 genitus
1322 534 1394 572 ex
1442 514 1659 591 Spiritu
1706 514 1934 586 Sancto,
1974 512 2122 586 Quia
2164 521 2469 588 antequam
2508 508 2918 586 conciperetur,

502 596 623 672 jam
656 594 831 652 fuisse
861 606 919 652 et
947 596 1272 653 substitisse
1303 594 1529 667 dicitur,
1570 594 1612 652 J
1618 594 1710 650 oh.
1742 594 1778 649 i.
1811 597 1864 667 2,
1898 602 1956 650 et
1987 592 2138 650 Phil.
2168 592 2225 648 ii.
2258 595 2311 664 6,
2345 589 2444 648 sed
2476 589 2915 665 consequentiae,

508 674 728 732 ratione
758 673 1251 745 manifestationi5‚
1277 674 1413 750 quia
1436 673 1569 731 inde
1591 693 1626 730 a
1646 672 1947 749 posteriori
1977 671 2265 729 declarata
2291 671 2399 728 fuit
2427 670 2552 744 ejus
2581 677 2792 726 aeterna
2822 668 2918 725 Fi-

509 753 688 811 liati0.
761 753 888 827 Quo
918 753 1179 829 pertinet,
1218 756 1268 811 1.
1290 752 1458 826 Quod
1486 773 1601 810 non
1631 752 1841 810 dicitur
1865 749 2005 809 ἴαται
2033 752 2158 825 erit,
2181 750 2282 809 sed
2302 752 2589 813 „nnuman
2618 748 2918 821 vocabitur,

508 833 588 891 id.
618 833 1091 904 manifestabitur,
1125 841 1182 890 et
1210 853 1336 890 esse
1365 840 1711 908 agnoscetur
1754 832 1939 889 Filius
1971 832 2082 889 Dei
2111 832 2458 907 unigenituS,
2491 829 2629 888 Joh.
2663 829 2701 886 i.
2736 829 2827 902 18,
2858 834 2924 884 ut

509 912 552 971 J
557 914 649 971 oh.
681 914 717 970 i.
753 915 842 986 14,
875 913 1109 970 vidimus
1131 913 1378 988 qloriam
1407 916 1523 987 ejus
1551 921 1612 969 ut
1646 912 1941 988 Uniqeniti.
2026 915 2082 968 2.
2114 910 2282 985 Quod
2310 929 2427 968 non
2463 907 2804 985 exprimitur
2821 925 2919 982 ge·

510 1012 645 1050 nere
696 992 1029 1065 masculinO,
1082 995 1104 1049 ὅ
1148 991 1437 1067 γευόμενος,
1492 991 1593 1049 sed
1639 1001 1842 1050 neutro
1890 996 1945 1048 τὶ
2003 992 2291 1066 γευόμενον,
2349 995 2414 1048 ut
2469 989 2756 1060 innuatur,
2805 1006 2919 1043 non

509 1071 799 1128 hominem
829 1071 1009 1144 illum,
1042 1072 1142 1147 qui
1165 1074 1487 1130 nasciturus
1516 1079 1655 1146 erat,
1689 1071 1802 1128 dici
1826 1073 2036 1128 Filium
2058 1072 2187 1144 Dei,
2215 1069 2317 1128 scd
2340 1069 2422 1126 sic
2451 1067 2696 1125 discrete
2725 1065 2922 1123 vocari

508 1150 725 1226 aliquid
756 1149 813 1205 in
845 1151 1073 1208 Christo
1103 1151 1424 1224 essentiale,
1455 1160 1714 1209 naturam
1736 1151 1871 1208 nim.
1896 1160 1997 1208 aut
2017 1169 2319 1226 personam
2343 1151 2470 1225 ejus
2488 1147 2760 1220 divinam,
2792 1164 2922 1222 quae

508 1230 653 1287 bene
682 1236 886 1286 neutro
916 1250 1142 1305 genere,
1175 1239 1238 1288 ut
1267 1230 1487 1307 aliquid
1510 1231 1847 1306 ὑφιστάμενον,
1874 1230 2195 1288 denotatur.

589 1308 770 1365 VIII.
816 1308 936 1366 Nec
967 1310 1016 1366 si
1044 1310 1244 1367 fideles
1272 1320 1552 1368 vocantur
1598 1311 1735 1367 Filii
1780 1309 1892 1367 Dei
1919 1317 2150 1385 propter
2177 1306 2628 1382 regenerationis
2656 1304 2918 1381 gratiam,

507 1389 766 1463 sequitur
795 1388 1084 1445 Christum
1113 1409 1182 1446 eo
1212 1390 1439 1446 nomine
1467 1389 1733 1464 insigniri
1774 1397 2005 1466 propter
2041 1386 2441 1444 miraculosam
2470 1384 2923 1459 conceptionem.

510 1466 658 1540 Quia
685 1466 797 1523 alia
825 1467 971 1524 ratio
1000 1468 1273 1541 fidelium,
1305 1468 1403 1543 qui
1433 1468 1731 1544 analogice
1774 1477 1996 1525 tantum
2024 1475 2255 1543 propter
2281 1463 2773 1540 participationem
2804 1462 2918 1517 vir-

508 1554 697 1604 tutum
745 1546 1047 1603 moralium
1094 1547 1363 1605 dicuntur
1405 1548 1528 1604 nati
1574 1567 1649 1604 ex
1701 1547 1844 1619 De0,
1893 1545 2006 1602 alia
2057 1543 2357 1620 Unigeniti
2399 1543 2527 1616 Dei,
2560 1541 2659 1617 qui
2688 1560 2763 1598 ex
2791 1540 2918 1616 ejus

510 1625 760 1684 essentia
789 1625 1035 1701 genituS,
1067 1636 1125 1684 et
1147 1627 1256 1702 ipsi
1286 1626 1523 1702 aequalis
1550 1645 1654 1702 per
1681 1625 1872 1683 omnia
1901 1625 2125 1682 dicitur.

594 1705 712 1762 IX.
760 1705 936 1762 Porro
965 1705 1076 1763 ista
1105 1706 1358 1782 operatio
1392 1706 1638 1782 Spiritus
1671 1704 1867 1764 Sancti
1897 1704 1955 1761 in
2005 1702 2250 1778 Virgine
2292 1700 2517 1759 duabus
2546 1699 2787 1757 vocibus
2815 1717 2916 1756 ex-

510 1784 772 1860 primitur
825 1784 885 1841 in
939 1785 1248 1861 Scriptura,
1279 1805 1382 1861 per
1415 1785 1656 1844 ἐπέλιυσιν
1683 1794 1740 1843 et
1770 1784 2059 1857 ἐπιπίωσιν,
2109 1783 2249 1840 Luc.
2301 1781 2337 1839 i.
2369 1783 2465 1855 35,
2516 1782 2550 1812 “
2577 1779 2824 1856 Spiritus
2857 1777 2915 1835 S.

509 1862 812 1922 ἔπιλιῦσιτιιι
835 1865 913 1921 ἐπὶ
931 1888 996 1938 σε,
1015 1871 1100 1922 καὶ
1122 1863 1322 1940 δύναμις
1344 1863 1554 1936 ὑψίστου
1571 1865 1844 1922 ivan-naim
1865 1869 1937 1922 σ-οὶ
1956 1862 2301 1939 superveniet
2327 1862 2383 1918 in
2402 1870 2467 1933 te,
2489 1869 2541 1917 et
2559 1860 2733 1917 virtus
2750 1858 2919 1915 Altis-

510 1945 639 2002 simi
650 1954 700 2002 te
713 1946 1107 2017 obumbrabit,‘'
1121 1945 1331 2020 quibus
1344 1945 1700 2002 admirabilis
1711 1944 1812 2002 illa
1825 1955 1881 2002 et
1893 1942 2290 2021 potentissima
2301 1939 2552 1998 efficacia
2564 1939 2918 2015 designatur,

513 2044 629 2099 qua
657 2023 993 2100 mysterium
1024 2024 1168 2081 illud
1217 2033 1484 2101 operatus
1506 2033 1612 2082 est.
1661 2024 1771 2081 Per
1793 2025 2033 2082 ἓπ-ίλιυσ-ιν
2061 2030 2292 2079 notatur
2331 2019 2638 2097 praesentia
2671 2017 2917 2094 Spiritus

517 2105 577 2162 S.
597 2112 655 2160 et
683 2104 811 2179 ejus
840 2104 990 2161 actio
1018 2103 1078 2160 in
1108 2124 1334 2180 genere,
1360 2124 1475 2163 non
1505 2104 1824 2162 communis
1865 2112 1923 2161 et
1951 2100 2254 2174 ordinaria,
2286 2120 2414 2176 quae
2445 2098 2665 2156 obtinet
2693 2099 2752 2154 in
2782 2116 2918 2154 con·

513 2183 775 2259 ceptione
798 2183 1068 2256 omnium,
1100 2184 1143 2243 J
1146 2184 1238 2241 ob.
1270 2204 1328 2242 x.
1361 2186 1414 2259 8,
1449 2184 1603 2243 Psal.
1635 2185 1877 2242 cxxxix.
1927 2185 2015 2256 15,
2050 2181 2152 2238 sed
2179 2177 2633 2238 extraordinaria
2662 2186 2719 2235 et
2748 2176 2917 2234 coele-

511 2263 620 2337 tis;
665 2262 954 2338 quomodo
984 2264 1350 2339 supervenire
1389 2264 1601 2322 dicitur
1646 2264 1893 2339 Spiritus
1935 2262 1993 2318 in
2038 2280 2154 2335 eoa,
2185 2260 2286 2336 qui
2327 2257 2402 2316 ad
2427 2277 2702 2333 magnum
2732 2265 2789 2314 ct
2818 2275 2917 2312 ex-

512 2342 953 2399 traordinarium
973 2362 1118 2418 opus
1140 2342 1522 2418 destinantur,
1553 2344 1595 2401 ‚J
1600 2343 1696 2400 ud.
1717 2344 1838 2401 xiv.
1860 2345 1914 2415 6,
1947 2349 2005 2400 et
2031 2340 2276 2417 Spiritus
2296 2336 2628 2414 supervenit
2645 2337 2705 2393 in
2728 2335 2918 2412 Apos-

513 2420 681 2494 tolos,
713 2441 891 2497 quum
921 2423 1148 2479 coelitus
1176 2422 1253 2479 ad
1281 2442 1380 2480 eos
1411 2423 1869 2496 sanctificandOS,
1902 2430 1960 2479 et
1986 2421 2045 2477 in
2085 2439 2230 2496 opus
2261 2417 2566 2493 Evangelii
2596 2435 2917 2492 praeparan-

514 2499 619 2557 dos
648 2500 974 2576 linguarum
1005 2501 1304 2576 ignearum
1334 2503 1522 2578 specie
1551 2502 1763 2559 missus
1792 2511 1896 2574 est,
1930 2500 2064 2557 Act.
2090 2500 2126 2556 i.
2159 2500 2213 2556 8.
2247 2498 2360 2555 Per
2377 2498 2649 2554 ἐπιπίωσιν
2668 2494 2917 2570 peculia-

513 2579 652 2637 riter
679 2588 910 2638 notatur
937 2583 1132 2637 modus
1161 2581 1313 2637 istius
1335 2581 1691 2656 operationis,
1738 2580 1836 2657 qui
1867 2579 1974 2638 fuit
2008 2582 2058 2637 1.
2092 2577 2504 2654 potentissimus
2548 2576 2622 2632 ad
2649 2574 2918 2651 protecti-

515 2679 682 2717 onem
712 2667 770 2716 et
797 2658 1145 2734 praesidium,
1178 2679 1248 2716 ne
1280 2660 1349 2717 B.
1382 2660 1567 2735 Virgo
1597 2659 1794 2716 divina
1820 2660 2121 2735 majestate
2151 2665 2618 2730 consumeretur3
2652 2660 2707 2711 2.
2738 2656 2917 2726 effica-

514 2738 761 2795 absimus
781 2737 856 2793 ad
884 2737 1383 2811 soecundationem,
1430 2747 1494 2796 ut
1536 2738 1659 2796 sine
1702 2758 1809 2815 ope
1844 2738 1963 2795 ulla
2002 2736 2115 2794 viri
2157 2737 2481 2811 conciperet
2523 2734 2582 2790 in
2612 2740 2813 2792 utero:
2856 2744 2921 2792 ut

515 2816 642 2874 avis
670 2836 781 2873 ova
811 2835 915 2874 sua
943 2825 1154 2892 tegere,
1199 2816 1394 2875 fovere
1436 2826 1494 2875 et
1534 2817 1605 2875 iis
1648 2817 1919 2876 incubare
1961 2816 2187 2890 dicitur,
2245 2823 2311 2873 ut
2338 2815 2521 2891 ipsius
2560 2814 2748 2871 calore
2777 2813 2921 2889 pulli

516 2896 831 2971 gignantur
858 2904 916 2953 et
943 2895 1340 2969 excludantur,
1373 2896 1617 2954 allusive
1647 2897 1721 2955 ad
1772 2896 2149 2968 Creationem,
2200 2894 2261 2951 in
2289 2914 2405 2970 qua
2436 2892 2684 2970 Spiritus
2712 2893 2921 2950 dicitur

517 2975 846 3033 incubuisse
876 2975 1058 3051 aquia,
1106 2976 1253 3033 Gen.
1297 2976 1336 3034 i.
1367 2980 1421 3050 2,
1453 2983 1518 3034 ut
1559 2996 1628 3034 ea
1657 2978 1870 3034 virtute
1899 2976 2149 3033 oriturus
2192 2974 2300 3031 iste
2331 2973 2502 3031 foetus
2532 2973 2771 3047 die-atur,
2803 2991 2917 3048 qua

513 3054 764 3112 mundus
809 3055 1106 3113 exordium
1150 3056 1408 3132 sumpsit.
1495 3060 1550 3114 3.
1595 3076 1841 3115 arcanus
1869 3066 1922 3115 et
1942 3053 2511 3130 incomprehensibiltk,
2569 3052 2670 3128 qui
2697 3072 2803 3109 nec
2831 3071 2918 3107 ra-

515 3134 670 3193 tione
699 3134 1096 3212 pervestigari,
1129 3155 1234 3192 nec
1264 3154 1524 3194 sermone
1552 3137 1802 3193 enarrari
1823 3144 2031 3213 potest.
2117 3135 2243 3208 Quo
2273 3142 2493 3209 spectat
2520 3133 2691 3189 nubis
2721 3131 2918 3189 obum-

516 3215 703 3273 bratio
732 3215 790 3271 in
820 3215 1232 3289 TabernacuIO,
1267 3216 1456 3273 Exod.
1487 3215 1568 3273 xl.
1600 3219 1695 3291 35,
1727 3224 1786 3274 et
1829 3215 1984 3292 quod
2009 3213 2320 3273 Cherubini
2350 3211 2771 3270 obumbrabant
2801 3210 2917 3266 Ar·

516 3315 660 3370 cam,
687 3298 721 3351 2
771 3294 956 3352 Paral.
1014 3315 1070 3354 v.
1097 3297 1151 3352 8.
1243 3295 1331 3352 Ita
1361 3296 1521 3353 Deus
1576 3296 1671 3354 hic
1726 3296 1985 3353 umbram
2037 3293 2322 3352 obducere
2378 3292 2564 3349 voluit
2593 3290 2831 3348 occultae
2862 3298 2917 3347 et

515 3374 1108 3448 incomprehensibilis
1138 3375 1361 3453 ivngyu'aec
1389 3375 1655 3449 indicem,
1686 3395 1758 3431 ne
1787 3394 1893 3431 nos
1922 3375 1981 3430 in
2000 3373 2231 3430 modum
2255 3371 2422 3430 istius
2450 3371 2709 3447 mysterii
2738 3369 2919 3427 curio·

517 3454 637 3509 sius
666 3452 1037 3526 inquiramus,
1113 3454 1209 3510 Sic
1254 3454 1519 3528 Angelus
1560 3453 1819 3529 apposite
1863 3452 2171 3529 respondet
2215 3452 2283 3508 B.
2314 3450 2578 3526 Virginis
2611 3449 2916 3526 postulatO,

516 3551 644 3607 quae
676 3550 794 3586 rem
824 3530 985 3588 velut
1012 3531 1424 3606 impossibilem
1466 3531 1814 3604 intuebatur,
1860 3552 1928 3589 eo
1958 3530 2115 3607 quod
2157 3530 2346 3587 virum
2372 3549 2488 3587 non
2519 3528 2914 3605 cognoscerit;

517 3610 649 3666 Hoc
672 3608 782 3684 ipsi
810 3609 1016 3665 mirum
1045 3609 1228 3667 videri
1257 3629 1373 3667 non
1401 3610 1627 3685 debere,
1680 3610 1961 3686 siquidem
2000 3610 2109 3667 hoc
2138 3628 2253 3666 non
2285 3609 2359 3666 sit
2387 3609 2639 3667 futurum
2669 3608 2918 3665 humana

516 3708 705 3765 opera,
739 3687 841 3745 sed
895 3688 1107 3746 virtute
1160 3689 1286 3763 Dei,
1346 3689 1436 3746 cui
1465 3690 1612 3746 nihil
1666 3689 2039 3765 impossibile,
2090 3696 2148 3747 et
2176 3688 2347 3745 modo
2376 3690 2544 3765 plane
2574 3687 2914 3760 admirabili,

517 3788 687 3844 quem
718 3767 910 3824 mirari
939 3766 1156 3842 deceat,
1187 3788 1302 3825 non
1333 3769 1591 3827 scrutari.

597 3847 681 3905 X.
728 3848 872 3905 Duae
902 3854 1092 3905 autem
1121 3848 1216 3905 hie
1243 3848 1546 3925 praecipuae
1573 3849 1805 3907 fuerunt
1837 3848 2084 3925 Spiritus
2117 3849 2174 3907 S.
2207 3848 2566 3924 operationes
2600 3870 2613 3906 ε
2662 3850 2714 3907 1.
2745 3855 2916 3903 mate-

516 3929 620 3987 rioe
631 3928 992 4004 praeparatio
1003 3951 1027 3998 ,·
1057 3931 1109 3984 2.
1137 3948 1210 3985 ex
1241 3929 1479 3986 materia
1505 3936 1825 4005 praeparata
1856 3929 2128 4004 Corporis
2149 3928 2361 3986 Christi
2368 3928 2664 4001 formatio.
2726 3926 2918 3982 Primo

517 4009 668 4067 enim
699 4007 899 4065 debuit
926 4008 1220 4065 materiam
1251 4028 1325 4066 ex
1357 4008 1426 4066 B.
1458 4008 1721 4085 Virginis
1751 4009 2073 4067 substantia
2090 4007 2339 4065 decisam
2364 4007 2570 4064 idonea
2599 4005 2921 4064 sanctifica-

516 4089 673 4146 tione
701 4107 1037 4165 praeparare,
1070 4108 1185 4144 non
1213 4087 1384 4145 modo
1414 4088 1531 4145 vim
1561 4108 1686 4145 eam
1717 4088 1800 4145 illi
1830 4088 2098 4160 indend0‚
2124 4097 2182 4145 et
2208 4087 2283 4144 ad
2316 4106 2442 4144 cam
2470 4086 2824 4144 activitatem
2853 4084 2920 4140 il-

515 4169 631 4225 lam
661 4166 958 4239 elevand0‚
990 4187 1118 4243 quae
1148 4168 1223 4225 ad
1251 4168 1676 4243 generationem
1708 4167 2006 4240 sufficeret,
2040 4169 2161 4224 sine
2206 4167 2421 4224 semine
2450 4166 2577 4241 viri,
2624 4164 2726 4223 sed
2749 4165 2920 4222 etiam

516 4246 881 4323 repurgando
909 4247 1066 4303 illam
1098 4248 1169 4304 ab
1219 4248 1373 4305 omni
1428 4246 1647 4324 peccati
1697 4247 1844 4320 labe,
1875 4255 1940 4305 ut
1962 4256 2115 4305 esset
2145 4245 2359 4310 ”amoq
2390 4256 2447 4304 et
2474 4248 2724 4321 ἀμίαντος,
2757 4253 2814 4301 et
2841 4243 2924 4300 ita

519 4327 782 4385 Christus
810 4326 1026 4401 absque
1054 4336 1289 4402 peccato
1318 4336 1665 4385 nasceretur.
1750 4326 1905 4384 Nihil
1936 4335 2002 4384 ut
2030 4346 2174 4403 opus
2196 4328 2270 4384 sit
2297 4336 2596 4403 propterea
2624 4325 2699 4383 ad
2719 4325 2921 4380 imma-

519 4407 766 4465 culatam
825 4405 1024 4462 Mariae
1076 4406 1506 4482 conceptionem
1562 4404 1890 4481 confugere.
1975 4405 2252 4479 Quamvis
2299 4406 2450 4463 enim
2508 4404 2667 4462 nulla
2723 4403 2798 4461 sit
2845 4422 2919 4460 ex

522 4486 810 4543 creaturis
838 4486 1145 4561 quantavis
1175 4486 1386 4543 virtute
1416 4487 1648 4562 polleat,
1680 4506 1807 4562 quae
1836 4486 2113 4543 mundum
2145 4506 2218 4544 ex
2247 4484 2542 4543 immundo
2570 4483 2754 4561 possit
2782 4481 2919 4539 edu-

521 4584 665 4637 cere,
710 4565 750 4622 J
757 4565 848 4622 ob.
881 4565 1000 4621 xiv.
1059 4568 1113 4635 4,
1172 4585 1288 4622 non
1323 4576 1410 4625 est
1437 4576 1631 4624 tamen
1661 4585 1735 4623 ex
1764 4585 1833 4623 eo
1863 4565 2151 4622 metienda
2184 4566 2288 4622 Dei
2320 4564 2592 4641 potentia,
2652 4562 2744 4620 cui
2775 4560 2920 4618 nihil

519 4651 608 4700 est
636 4643 1005 4719 impossibile,
1038 4654 1095 4701 et
1123 4645 1220 4720 qui
1251 4655 1420 4703 vocat
1448 4666 1516 4702 ea
1545 4665 1674 4721 quae
1705 4665 1819 4702 non
1843 4653 1992 4703 sunt.
