3221 5200
323 322 548 372 Quaes'r.
581 302 651 384 1.]
1005 325 1080 363 m:
1129 325 1391 364 ransom
1436 325 1508 363 ΕΤ
1553 326 1740 365 s'rATu
1785 323 2037 366 cums‘rr.
2624 309 2741 364 253

325 471 721 523 surrexerunt.
808 463 1057 524 Ae‘eedit
1085 465 1235 523 fama
1276 466 1678 524 vaticiniorum
1723 487 2096 543 paganorum,
2130 465 2341 542 quibus
2370 465 2478 542 ipsi
2511 466 2743 526 Ethnici

325 543 875 618 commovebantur3
938 545 1065 618 Quo
1111 554 1371 621 spectant
1421 547 1530 603 ista
1578 547 1840 622 Josephi‚
1901 546 1998 622 qui
2054 546 2196 603 dicit
2250 554 2387 603 tune
2445 546 2741 622 impletum

324 628 547 702 mna-pazt
568 622 640 679 de
674 623 834 698 Rege
864 624 986 681 orbi
1011 625 1371 683 dominaturo
1400 646 1473 682 ex
1504 625 1756 701 ipsorum
1789 626 1999 684 finibus
2028 624 2286 699 oriundo,
2312 635 2368 683 et
2402 627 2660 683 Suetonii
2683 628 2744 685 in

326 703 595 778 Vespasi.
621 722 745 778 cap.
769 702 865 776 iv„
901 705 1368 762 “Percrebuerat
1398 705 1630 762 Oriente
1653 714 1775 762 toto
1797 716 1966 763 vetus
1994 714 2052 763 et
2080 715 2351 763 constans
2373 706 2582 780 opinio,
2615 726 2741 764 esse

324 784 386 840 in
417 782 568 854 fatis,
612 790 678 840 ut
722 801 791 839 eo
825 790 1078 859 tempore
1108 784 1347 860 profecti
1375 784 1417 842 J
1423 784 1587 842 udaea
1615 804 1803 842 rerum
1833 786 2209 861 potirentur.''
2296 784 2462 858 Quod
2494 804 2628 842 sane
2668 786 2743 844 ad

326 861 773 936 Vespasianum,
804 862 1078 937 quiequid
1111 863 1418 921 Suetonius
1447 863 1619 934 dieat,
1665 884 1780 920 non
1818 865 2178 940 pertinuisse,
2211 863 2313 922 sed
2341 863 2415 920 ad
2449 864 2740 922 Christum

325 949 528 999 natum
558 948 615 998 et
644 960 875 1016 passum
906 943 1076 1018 paulo
1106 953 1236 1000 ante
1268 952 1524 1019 tempora
1554 944 1897 1019 Vespasiani
1927 965 2017 1001 res
2047 945 2171 1020 ipsa
2193 944 2462 1019 loquitur,
2495 952 2552 1001 et
2580 944 2738 1019 quis·

326 1021 460 1096 quis
487 1019 828 1096 expenderit
855 1023 1045 1079 omnia
1074 1022 1352 1099 prodigia,
1378 1043 1506 1098 quae
1536 1032 1853 1081 evenerunt
1881 1024 2032 1081 eirea
2060 1024 2274 1082 natalia
2304 1022 2533 1096 Christi,
2559 1024 2740 1082 relata

328 1101 532 1159 Orosio
562 1109 620 1158 et
647 1100 794 1174 aliis,
826 1100 990 1159 facile
1031 1111 1308 1178 agnoscet
1351 1111 1487 1159 tunc
1526 1111 1787 1161 naturam
1815 1103 2147 1179 parturiisse
2183 1104 2402 1178 Regem
2431 1112 2737 1162 venturum

326 1201 404 1238 ex
448 1180 697 1252 Oriente,
750 1179 842 1236 cui
880 1200 939 1238 se
987 1183 1269 1258 subjicere
1314 1181 1606 1255 deberent,
1649 1191 1931 1257 quotquot
1976 1182 2191 1240 vellent
2221 1183 2366 1239 salvi
2397 1202 2541 1240 esse.
2626 1183 2736 1257 Qui

326 1255 495 1336 plura
534 1259 783 1318 voluerit
824 1262 1087 1320 consulat
1132 1260 1439 1319 Raimundi
1486 1264 1522 1293 “
1548 1262 1868 1336 Pugionem
1909 1261 2104 1336 fidei,''
2153 1262 2307 1319 Part.
2339 1262 2395 1319 ii.
2429 1283 2477 1320 e.
2515 1264 2605 1336 10,
2637 1263 2737 1339 qui

329 1339 683 1397 Testimonia
711 1339 753 1397 J
757 1338 1049 1399 udoeorum
1080 1343 1192 1399 huc
1222 1341 1567 1417 pertinentia
1596 1341 1850 1416 collegit.

403 1437 582 1482 Fontes
604 1439 740 1482 Solu·
932 1420 1261 1478 XXXIII.
1306 1421 1472 1477 Elias
1493 1421 1591 1496 qui
1616 1420 1936 1496 praecedere
1964 1421 2163 1479 debuit
2189 1422 2478 1495 Messiam,
2504 1440 2619 1478 non
2649 1431 2738 1482 est

473 1496 678 1540 tionum.
851 1498 1155 1558 Thesbites
1197 1499 1271 1557 ad
1313 1500 1553 1572 literam,
1607 1500 1711 1558 sed
1752 1501 2050 1576 analogice
2080 1510 2136 1558 et
2163 1501 2406 1576 figurate
2436 1501 2737 1560 Johannes

330 1581 610 1656 Baptista,
636 1588 868 1657 propter
886 1580 1336 1654 similitudinem,
1361 1600 1489 1656 quae
1512 1580 1597 1637 illi
1627 1601 1753 1638 cum
1790 1581 1919 1637 Elia
1949 1581 2269 1638 intercessit
2298 1581 2357 1637 in
2385 1582 2509 1638 zelo
2539 1589 2596 1639 et
2625 1581 2736 1639 fer-

330 1680 487 1733 vore,
512 1661 646 1736 quia
669 1669 945 1718 venturus
967 1659 1074 1717 fuit
1093 1660 1151 1717 in
1175 1661 1377 1735 spiritu
1400 1669 1457 1718 et
1476 1661 1689 1718 virtute
1721 1661 1882 1730 Elias,
1919 1660 2058 1716 Luc.
2093 1660 2129 1716 i.
2165 1663 2256 1734 17,
2291 1660 2500 1718 Matth.
2533 1659 2612 1718 xi.
2642 1663 2733 1736 14,

328 1750 395 1799 ut
425 1740 672 1797 Messias
701 1759 852 1814 saepe
886 1739 1075 1797 David
1106 1739 1330 1815 dieitur,
1364 1741 1488 1798 Jer.
1519 1759 1665 1797 xxx.
1690 1741 1745 1813 9,
1767 1747 1823 1796 et
1849 1739 1992 1796 Hos
2019 1739 2096 1795 iii.
2122 1741 2177 1795 5.

412 1819 730 1878 XXXIV.
762 1820 921 1877 Finis
938 1819 1172 1893 dierum,
1198 1820 1320 1876 sive
1340 1819 1621 1876 novissimi
1638 1819 1768 1891 dies,
1798 1818 1911 1875 Isa.
1931 1817 1990 1874 ii.
2011 1821 2065 1891 2,
2091 1815 2301 1893 quibus
2322 1824 2600 1873 venturus
2628 1817 2738 1877 suit

327 1898 598 1974 Messias,
629 1918 746 1956 non
775 1908 975 1956 notant
1003 1899 1174 1956 finem
1204 1899 1420 1973 mundi,
1454 1898 1554 1955 sed
1582 1901 1834 1977 πλήρωμα
1861 1923 2055 1976 magun,
2088 1916 2190 1954 seu
2218 1895 2478 1953 ultimam
2508 1895 2736 1971 dispen-

330 1979 628 2052 sationem,
660 1986 791 2055 post
818 1998 990 2054 quam
1021 1978 1180 2036 nulla
1208 1978 1320 2034 alia
1349 1978 1709 2053 expectanda
1751 1987 1855 2050 est,
1890 1977 1991 2034 sed
2021 1976 2144 2033 sola
2182 1975 2486 2032 aeternitas.
2574 1976 2737 2034 Finis

327 2078 468 2135 ergo
497 2058 719 2116 dierum
763 2066 1005 2115 vocatur
1046 2077 1161 2115 non
1209 2057 1486 2129 absolute,
1534 2056 1635 2114 sed
1684 2065 2008 2133 comparate
2045 2055 2266 2113 ratione
2293 2053 2737 2129 praecedentium

329 2146 669 2214 temporum,
720 2138 855 2214 quia
903 2136 1074 2195 finem
1124 2136 1323 2194 afferre
1372 2136 1696 2194 debuerunt
1739 2136 1875 2193 vet.
1942 2136 2099 2192 Test.
2207 2135 2405 2209 Usque
2462 2133 2537 2190 ad
2594 2133 2739 2192 illud

330 2226 557 2294 tempus
575 2218 767 2274 omnia
785 2217 965 2274 veluti
985 2237 1261 2292 suspensa
1279 2224 1457 2289 erant,
1480 2224 1536 2275 et
1558 2215 1874 2290 jubebatur
1901 2214 2147 2290 populus
2176 2213 2249 2270 ad
2281 2212 2552 2269 Messiam
2585 2233 2734 2270 sem·

330 2317 433 2374 per
454 2296 751 2374 respicere,
783 2305 841 2354 et
870 2316 1027 2372 spem
1060 2315 1221 2353 suam
1251 2295 1494 2367 differre,
1528 2315 1634 2351 nec
1667 2294 1724 2350 in
1758 2293 2137 2370 praesentibus
2164 2292 2383 2351 umbris
2411 2293 2609 2352 oeulos
2637 2292 2737 2351 de—

329 2377 526 2453 figere.
615 2377 731 2435 Sed
777 2396 880 2453 per
928 2375 1239 2433 adventum
1292 2374 1505 2432 Christi
1555 2373 1691 2433 data
1739 2382 1827 2432 est
1874 2371 2173 2450 plenitudo
2229 2372 2469 2448 dierum,
2518 2372 2577 2428 in
2622 2393 2738 2449 qua

334 2456 611 2515 Ecclesiae
634 2476 739 2515 sua
759 2453 1112 2514 restituenda
1139 2453 1247 2513 fuit
1275 2454 1593 2530 integritas,

414 2536 698 2595 XXXV.
744 2536 932 2610 Quum
962 2537 1131 2593 Mons
1154 2535 1389 2593 Domini
1413 2534 1624 2592 dicitur
1641 2535 1983 2592 eoetollendus
2002 2553 2172 2610 super
2198 2533 2340 2591 alios
2361 2540 2585 2607 montes,
2618 2532 2733 2591 Isa.

329 2616 476 2691 112,
508 2625 764 2695 tempore
794 2617 1044 2691 Messias,
1078 2616 1385 2675 Oraeulum
1416 2617 1524 2673 hoc
1566 2636 1683 2674 non
1726 2616 1951 2693 proprie
1981 2623 2039 2673 et
2079 2614 2378 2673 literaliter
2406 2621 2493 2671 est
2523 2613 2733 2671 intelli-

332 2697 604 2772 gendum,
650 2697 803 2774 quod
834 2697 955 2757 sine
999 2697 1352 2756 absurditate
1394 2696 1510 2755 dici
1550 2715 1668 2753 non
1709 2704 1941 2773 posset;
1986 2694 2090 2753 sed
2130 2695 2371 2771 mystice
2415 2693 2485 2750 de
2516 2693 2734 2751 exalta-

331 2777 487 2836 tione
516 2778 811 2851 Ecclesiae,
843 2798 972 2854 quae
1013 2778 1227 2852 passim
1269 2797 1370 2853 per
1411 2784 1663 2835 montem
1724 2775 1974 2849 Domini,
2020 2784 2078 2834 et
2119 2785 2369 2834 montem
2419 2774 2557 2831 Sion
2586 2774 2735 2832 solet

331 2855 642 2930 designari,
672 2864 955 2931 quatenus
997 2857 1056 2912 in
1084 2876 1152 2914 ea
1194 2856 1416 2914 refulsit
1461 2857 1572 2913 Dei
1614 2857 1903 2933 majestas,
1962 2856 2061 2930 qui
2104 2855 2425 2914 Sacrarium
2457 2873 2621 2911 suum
2653 2852 2732 2910 ibi

331 2934 522 2991 voluit
549 2933 865 3007 collocare3
913 2933 1084 2991 Unde
1112 2954 1231 2991 vox
1276 2935 1581 3007 Evangelii
1610 2954 1715 3010 per
1755 2944 1938 2993 totum
1981 2935 2178 2991 orbem
2232 2934 2430 2992 audita
2467 2942 2571 3007 est,
2603 2952 2732 3008 quae

332 3030 441 3067 nos
470 3008 546 3065 ad
574 3010 779 3065 eoelum
809 3029 991 3083 usque
1020 3012 1306 3083 eveheret,
1338 3020 1396 3068 et
1434 3012 1733 3069 Vexillum
1764 3013 1835 3069 ad
1866 3032 2064 3069 omnes
2093 3021 2295 3085 gentes
2324 3019 2594 3068 erectum.
2641 3012 2734 3068 Ita

335 3087 399 3144 in
428 3086 730 3143 Bereschit
788 3086 1008 3157 Rabba,
1071 3090 1105 3119 “
1131 3087 1303 3143 Mons
1345 3107 1606 3161 magnus,
1652 3089 1714 3146 id
1755 3100 1859 3160 est,
1909 3090 2212 3145 Messias.''
2302 3090 2397 3145 Sic
2459 3097 2517 3144 et
2560 3088 2731 3145 Aben

334 3167 504 3238 Ezra,
540 3167 576 3197 “
601 3165 772 3221 Mons
815 3164 921 3222 iste
952 3164 1198 3221 Messias
1227 3173 1314 3222 est
1355 3165 1632 3222 altissime
1675 3167 2041 3224 extollendus
2083 3166 2141 3221 in
2181 3165 2373 3222 medio
2412 3165 2731 3239 gentium.''

330 3245 502 3321 Quod
523 3244 754 3302 additur
775 3244 846 3302 de
875 3263 1157 3301 concursu
1185 3244 1439 3301 omnium
1468 3244 1745 3318 gentium,
1778 3264 1897 3302 ver.
1928 3247 1984 3317 3,
2013 3263 2130 3301 non
2153 3243 2345 3319 arguit
2372 3262 2544 3300 unam
2576 3243 2732 3300 Reli-

330 3327 561 3403 gionem
592 3331 814 3382 tantum
843 3344 968 3382 esse
997 3323 1265 3382 debuisse
1305 3324 1363 3380 in
1394 3321 1608 3380 mundo
1651 3332 1906 3400 tempore
1950 3323 2199 3397 Christi3
2250 3322 2365 3380 Sed
2394 3340 2595 3379 sensus
2625 3331 2728 3397 est,

331 3406 452 3465 fore
496 3404 819 3463 Ecclesiam
850 3404 1205 3463 Catholicam
1234 3425 1308 3462 ex
1337 3403 1603 3462 omnibus
1652 3404 1880 3480 populis
1929 3403 2426 3461 indiscriminatim
2454 3401 2730 3480 colligen-

332 3486 482 3560 dam,
514 3504 643 3561 quae
666 3504 839 3543 unam
869 3485 1250 3561 Religionem,
1295 3504 1581 3561 unamque
1637 3484 1809 3542 fidem
1852 3483 1912 3541 in
1956 3483 2244 3543 Christum
2286 3483 2361 3542 sit
2388 3480 2730 3561 professura,

329 3564 487 3642 quod
514 3565 686 3623 etiam
715 3564 1013 3641 impletum
1042 3573 1130 3623 est
1159 3566 1267 3623 sub
1291 3566 1362 3623 N.
1392 3565 1460 3623 T.

414 3644 733 3703 XXXVI.
776 3647 914 3703 Pax
940 3665 1112 3721 quam
1144 3646 1391 3703 Messias
1439 3643 1719 3704 allaturus
1748 3643 1872 3719 fuit,
1903 3664 2018 3702 non
2048 3643 2248 3703 debuit
2276 3663 2401 3702 esse
2441 3642 2732 3703 mundana

331 3732 390 3782 et
418 3743 707 3800 corporea,
739 3744 912 3800 quam
942 3725 1062 3783 suis
1103 3745 1220 3782 non
1270 3725 1687 3803 expectandam
1723 3743 1849 3782 esse
1880 3724 2142 3782 Christus
2180 3744 2296 3782 non
2325 3723 2729 3799 dissimulavit,

337 3804 477 3861 Luc.
510 3804 610 3860 xii.
643 3806 737 3879 51,
769 3804 908 3862 Joh.
939 3804 1060 3878 xiv,
1094 3803 1197 3861 sed
1227 3803 1557 3880 spiritualis,
1590 3824 1764 3880 quam
1805 3804 2067 3863 Christus
2097 3811 2278 3861 morte
2309 3822 2413 3860 sua
2440 3802 2609 3859 nobis
2637 3822 2730 3859 ae·

331 3883 587 3960 quisivit,
620 3891 678 3941 et
704 3903 808 3960 per
862 3882 1246 3959 Evangelium
1292 3882 1647 3958 praedicavit.
1733 3883 1810 3942 Et
1838 3884 1888 3940 si
1932 3886 1967 3915 ‘⁴
1989 3884 2186 3959 Lupus
2212 3882 2574 3939 habitaturus
2602 3900 2732 3938 cum

334 3961 551 4038 Agno''
582 3962 809 4037 dieitur,
843 3964 958 4021 Isa.
988 3963 1069 4020 xi.
1101 3964 1155 4037 6,
1185 3963 1295 4020 hoc
1322 3962 1568 4038 figurate
1595 3961 2036 4038 intelligendum
2083 3962 2154 4019 de
2183 3962 2483 4018 vocatione
2513 3968 2571 4018 et
2599 3980 2732 4017 eon-

331 4042 597 4099 versione
628 4043 904 4101 Gentium
932 4062 1035 4118 per
1061 4061 1233 4117 quam
1264 4051 1467 4118 gentes
1495 4041 1860 4099 alienissimae
1889 4041 2025 4098 olim
2055 4061 2090 4098 a
2118 4040 2346 4097 Christo
2379 4040 2561 4098 instar
2587 4038 2733 4097 fera·

329 4140 476 4195 rum,
508 4122 568 4178 in
597 4122 791 4180 ovium
823 4122 1037 4180 Christi
1064 4140 1363 4180 numerum
1412 4121 1609 4180 referri
1637 4122 1975 4195 debuerunt,
2017 4128 2075 4179 et
2101 4120 2362 4178 homines
2391 4118 2493 4176 feri
2523 4128 2579 4176 et
2608 4138 2734 4177 cru·

332 4199 493 4258 deles
547 4201 730 4259 instar
781 4201 1120 4276 belluarum,
1179 4201 1471 4259 cicurandi
1527 4210 1585 4259 et
1640 4208 1801 4260 tanta
1854 4199 2293 4259 mansuetudine
2350 4198 2619 4272 donandi,
2669 4207 2737 4257 ut

333 4280 792 4339 communionem
821 4281 971 4340 inter
999 4300 1060 4339 se
1084 4281 1291 4339 culturi
1315 4282 1447 4356 sint,
1479 4289 1536 4339 et
1556 4281 1639 4339 ita
1665 4281 1892 4353 victuri,
1917 4288 1981 4338 ut
2002 4299 2148 4357 quos
2176 4278 2419 4337 nocendi
2450 4277 2736 4355 cupiditas

331 4359 447 4417 hue
475 4358 613 4417 illuc
641 4361 921 4438 raptabat,
966 4361 1119 4420 ultro
1164 4361 1423 4438 citroque
1472 4360 1674 4419 officiis
1702 4360 1974 4418 certaturi
2024 4360 2155 4434 sint,
2204 4378 2435 4437 operam
2482 4377 2645 4416 suam
2675 4359 2734 4416 in

332 4457 697 4498 communem
725 4441 1031 4500 utilitatem
1060 4440 1342 4517 collaturi,
1373 4440 1530 4517 quod
1558 4440 1896 4516 designatur
1949 4460 2052 4517 per
2092 4440 2302 4498 ensium
2329 4448 2383 4496 et
2408 4441 2735 4497 lancearum

331 4518 394 4575 in
422 4519 628 4594 liqones
655 4530 709 4579 et
719 4524 920 4595 falces,
967 4521 1347 4580 instrumenta
1396 4520 1763 4597 agriculturae
1816 4528 2072 4597 tempore
2115 4519 2276 4597 pacis
2319 4518 2394 4576 ad
2436 4518 2730 4577 hominum

329 4616 500 4656 usum
523 4598 824 4677 destinata,
844 4603 1216 4678 mutationem,
1232 4621 1281 4661 c.
1299 4601 1358 4661 ii.
1372 4605 1426 4660 4.
1449 4601 1503 4659 N
1505 4621 1570 4660 ec
1592 4600 1762 4659 latuit
1788 4601 1897 4660 hoc
1922 4598 2352 4672 Maimonidem,
2373 4598 2477 4675 qui
2494 4599 2552 4657 in
2576 4618 2727 4658 sum·
