3221 5200
532 325 645 394 116
1453 338 1638 404 Locus
1667 337 2028 379 mosomus.
2538 319 2797 401 [QUAEs‘r.
2829 345 2932 388 xx.

526 483 584 548 ,ei
607 484 952 559 adhaerente,
975 492 1029 542 et
1053 484 1218 541 modo
1240 499 1356 558 quo
1382 480 1487 556 fit;
1532 478 1835 538 infirmitas
1862 476 2129 553 hominis,
2161 484 2220 536 et
2257 476 2487 537 bonitas
2518 479 2646 556 Dei,
2677 482 2779 542 illa
2805 506 2936 563 quae

530 562 590 620 in
620 563 852 640 optimis
879 563 1202 623 actionibus
1225 580 1448 638 semper
1470 558 1691 635 aliquid
1718 558 1914 617 vitiosi
1942 557 2236 631 admiscet,
2268 556 2380 616 ista
2406 579 2535 636 quae
2564 561 2769 621 vitium
2798 586 2936 624 con-

531 642 799 701 donando
838 642 1053 701 bonum
1098 641 1351 718 gratiose
1396 646 1770 716 compensat:
1829 637 1914 696 Ut
1934 657 2094 714 »ergo
2133 636 2352 714 placuit
2394 638 2538 713 De0,
2583 642 2739 718 quod
2780 644 2937 704 filius

530 722 717 790 Mosis
747 722 1265 797 circumcideretur,
1300 739 1418 778 non
1445 719 1763 796 approbato
1792 717 1964 774 modo
1993 716 2205 794 agendi
2234 737 2309 774 ex
2337 717 2411 774 im
2457 727 2570 794 etu,
2593 740 2765 796 quem
2787 724 2848 781 in
2866 746 2936 783 eo

529 802 788 872 servavit
820 802 1122 879 Sipphora,
1157 800 1348 859 Exod.
1379 799 1458 857 iv.
1484 801 1560 856 25
1586 821 1601 873 3
1649 798 1743 855 Ita
1769 796 1987 873 placuit
2016 796 2160 872 De0,
2193 796 2349 872 quod
2378 739 2715 859 obstetrices
2744 803 2818 861 ab
2845 805 2933 862 in-

530 880 829 940 fanticidio
857 882 1274 955 abstinuerunt,
1305 878 1464 956 quod
1493 877 1698 936 Rahab
1727 876 2019 953 hospitum
2048 895 2282 934 suorum
2311 878 2603 937 securitati
2625 883 2931 959 consuluit,

528 960 689 1037 quod
737 961 959 1019 Michal
1011 960 1259 1018 Davidis
1302 958 1492 1017 mariti
1536 958 1644 1031 sui,
1680 960 1709 1014 1
1748 957 1901 1015 Sam.
1932 955 2055 1015 xix.
2090 958 2182 1032 17,
2230 956 2275 1015 J
2277 957 2529 1014 onathan
2577 960 2747 1019 amici
2796 963 2935 1022 vitae

527 1049 965 1118 prospexerunt,
1000 1043 1029 1097 1
1061 1039 1214 1099 Sam.
1245 1058 1348 1097 xx.
1380 1041 1434 1112 6,
1467 1039 1562 1112 28,
1593 1037 1731 1094 licet
1758 1034 1964 1093 modus
1992 1034 2204 1112 agendi
2230 1035 2291 1092 in
2319 1035 2447 1094 istis
2468 1037 2636 1097 bonis
2665 1043 2935 1118 operibus

525 1139 631 1196 per
658 1120 1019 1178 mendacium
1047 1139 1165 1177 non
1192 1117 1439 1177 caruerit
1465 1116 1609 1175 vitio
1639 1136 1830 1174 coram
1862 1116 2007 1172 De0.

532 1261 539 1268 ‚
610 1198 696 1257 X.
741 1199 873 1256 Non
901 1198 1088 1275 magis
1114 1198 1251 1257 licet
1293 1197 1352 1254 in
1381 1196 1629 1273 gratiam
1667 1195 1935 1272 proximi,
1979 1214 2154 1270 quam
2195 1193 2474 1253 adversus
2516 1196 2678 1256 illum
2723 1199 2933 1261 salsum

526 1278 921 1336 testimonium
950 1277 1157 1351 dicere,
1189 1286 1253 1335 ut
1281 1297 1397 1334 non
1439 1275 1627 1351 magis
1654 1275 1792 1333 licet
1832 1274 1893 1331 in
1927 1274 2173 1349 gratiam
2201 1274 2393 1332 viduae
2426 1284 2528 1333 aut
2555 1280 2796 1354 orphani
2830 1281 2933 1358 jus

527 1365 872 1433 pervertere,
917 1376 1089 1434 quam
1135 1365 1336 1415 contra
1378 1355 1527 1429 illos,
1571 1354 1815 1412 Levitic.
1853 1353 1976 1412 xix.
2026 1355 2118 1411 15.
2222 1353 2305 1413 Ut
2344 1364 2571 1431 oportet
2613 1359 2849 1421 ἀληθιῦεη
2892 1363 2934 1419 ξι

526 1436 728 1510 §yda-n,
774 1438 856 1495 ita
896 1444 1159 1495 tenemur
1187 1455 1411 1513 semper
1437 1437 1657 1512 ὢμπξῑυ
1685 1435 1724 1491 i·
1751 1435 1951 1511 ἀληθείᾳ
1980 1441 2038 1491 et
2066 1452 2248 1509 usque
2289 1432 2366 1490 ad
2393 1454 2539 1493 aras.
2625 1438 2753 1497 Imo
2794 1441 2934 1500 licet

525 1503 721 1574 nullu's
750 1516 1062 1609 speciosior
1088 1522 1403 1593 praetextus
1445 1515 1630 1592 possit
1658 1513 1896 1572 obtendi
1922 1511 2238 1587 mendaci0,
2283 1532 2453 1588 quam
2485 1515 2670 1590 gloria
2699 1518 2827 1592 Dei,
2874 1529 2934 1579 et

524 1595 904 1672 patrocinium
933 1595 1146 1653 divinae
1173 1594 1452 1669 veritatis,
1493 1595 1654 1652 Deus
1695 1601 1888 1652 tamen
1928 1594 2038 1650 hoc
2079 1592 2284 1668 rejicit,
2329 1613 2435 1651 nec
2464 1595 2593 1653 vult
2632 1596 2706 1654 ad
2736 1597 2931 1657 defen·

524 1674 744 1734 sionem
774 1696 963 1735 causae
992 1695 1111 1734 suae
1140 1674 1416 1747 adbiberi,
1447 1674 1586 1732 Job.
1618 1672 1741 1730 xiii.
1765 1675 1820 1747 7,
1855 1674 1891 1704 “
1914 1671 2013 1729 An
2042 1671 2209 1729 vobis
2230 1672 2633 1747 proferendum
2655 1684 2743 1736 est
2772 1698 2930 1737 men-

523 1754 752 1826 dacium
781 1755 841 1814 in
862 1755 1109 1834 gratiam
1132 1754 1245 1813 Dei
1272 1753 1436 1812 sortis
1454 1755 1483 1811 Ρ
1535 1753 1635 1810 An
1656 1752 2017 1811 enuncianda
2044 1749 2200 1809 fraus
2227 1751 2288 1809 in
2310 1752 2437 1828 ejus
2459 1773 2633 1812 causa
2648 1755 2713 1813 ?’'
2768 1757 2932 1817 Deus

523 1836 737 1913 quippe
779 1837 877 1912 qui
921 1844 1009 1894 est
1049 1834 1339 1912 ipsissima
1378 1832 1593 1891 veritas
1635 1852 1752 1890 non
1793 1831 1967 1890 debet
2005 1830 2238 1890 defendi
2278 1832 2596 1910 mendacio,
2636 1855 2743 1894 nec
2771 1857 2933 1897 arma

521 1916 841 1984 mutuanda
868 1916 954 1974 illi
987 1923 1122 1974 sunt
1149 1934 1185 1972 a
1215 1913 1482 1971 Diabolo.

603 1995 725 2054 XI.
771 1994 1051 2070 Quamvis
1079 1994 1224 2053 tales
1253 1992 1539 2051 interdum
1569 1990 1918 2068 objiciantur
1935 1989 2266 2048 hominibus
2287 1988 2669 2070 difficultates,
2695 2003 2760 2054 ut
2781 1995 2931 2056 inter

522 2093 748 2133 sacrum
779 2085 837 2134 et
866 2094 1074 2133 saxum
1102 2072 1418 2146 constituti,
1449 2071 1656 2129 malint
1684 2071 1744 2128 in
1772 2071 2076 2129 veritatem
2104 2089 2358 2147 peccare,
2390 2091 2563 2146 quam
2592 2073 2652 2130 in
2681 2075 2927 2134 charita·

521 2160 638 2211 tem
662 2175 676 2229 3
706 2154 844 2213 licet
870 2154 931 2211 in
959 2174 1027 2213 eo
1056 2173 1194 2212 casu
1215 2172 1251 2210 a
1278 2160 1440 2211 tanto
1470 2159 1835 2226 excusentur,
1865 2170 1982 2209 non
2010 2159 2203 2209 tamen
2232 2149 2426 2208 statim
2454 2171 2489 2208 a
2510 2160 2632 2211 toto
2661 2157 2927 2216 excusari

519 2242 779 2308 possunt,
811 2233 978 2311 quasi
1005 2233 1163 2291 omni
1190 2232 1361 2309 culpa
1387 2238 1678 2291 vacarent.
1743 2230 1870 2305 Quo
1899 2229 2118 2289 faciunt
2145 2230 2257 2288 ista
2284 2229 2579 2308 Augusti.,
2611 2233 2818 2293 Enchi.
2849 2236 2926 2294 ad

524 2310 770 2372 Lauren.
811 2334 861 2372 c.
893 2318 1009 2372 22:
1073 2315 1109 2345 “
1132 2312 1265 2371 Non
1306 2312 1437 2370 ideo
1478 2312 1704 2370 nullum
1744 2310 2107 2369 mendacium
2149 2309 2467 2386 putandum
2509 2319 2599 2370 est
2639 2332 2755 2392 non
2798 2335 2925 2374 esse

518 2402 836 2469 peccatum,
867 2391 1005 2470 quia
1030 2411 1337 2468 possumus
1365 2391 1677 2467 aliquando
1704 2391 1878 2450 alicui
1904 2389 2177 2467 prodesse
2198 2389 2545 2448 mentiend0.
2608 2392 2927 2454 Possumus

520 2471 673 2529 enim
702 2482 761 2531 et
789 2472 1032 2531 furando
1061 2470 1235 2529 alicui
1260 2470 1593 2549 prodesse,’'
1626 2469 1753 2544 ἄτα,
1798 2489 1916 2527 non
1957 2489 2096 2545 ergo
2140 2468 2188 2527 si
2230 2468 2593 2528 mendacium
2636 2472 2927 2550 aliquibus

517 2551 750 2627 profuit,
782 2551 842 2609 id
870 2549 1313 2610 adscribendum
1342 2557 1561 2609 naturae
1589 2548 1891 2623 mendacii,
1917 2548 2022 2607 sed
2043 2548 2153 2606 Dei
2175 2547 2419 2607 bonitati
2441 2557 2500 2609 et
2525 2552 2921 2631 providentiae,

517 2649 647 2706 quae
675 2630 928 2707 peccatis
955 2629 1252 2687 hominum
1281 2628 1354 2686 ad
1383 2628 1620 2704 aliquod
1646 2629 1862 2686 bonum
1891 2629 2219 2704 frequenter
2245 2628 2517 2689 abutitur.

515 2774 524 2779 -
600 2709 756 2767 XII.
788 2708 1040 2766 Elizaeus
1068 2727 1185 2765 non
1212 2707 1487 2766 mentitus
1514 2716 1603 2765 est
1630 2707 1910 2765 militibus
1943 2706 2122 2782 Syris,
2155 2712 2190 2764 2
2217 2708 2365 2784 Reg.
2389 2709 2468 2768 vi.
2496 2712 2587 2785 19,
2613 2711 2750 2789 quia
2776 2714 2924 2773 nihil

516 2786 591 2860 ab
602 2808 671 2846 eo
685 2788 971 2863 prolatum
988 2787 1144 2863 quod
1155 2806 1355 2845 verum
1368 2806 1485 2844 non
1497 2794 1651 2845 esset
1671 2786 1864 2862 quoad
1884 2786 1967 2844 rei
1989 2795 2280 2846 eventum.
2305 2788 2726 2863 Quaerentibus
2745 2793 2918 2869 viam,

515 2886 632 2943 qua
655 2867 929 2926 Elisaeum
960 2866 1303 2942 invenirent,
1327 2867 1639 2942 respondet
1659 2885 1776 2923 non
1797 2886 1922 2925 eam
1946 2885 2091 2942 esse,
2123 2867 2407 2944 siquidem
2437 2869 2558 2928 ibat
2584 2870 2919 2948 Samariam,

514 2965 623 3023 ,nec
650 2947 810 3006 illam
839 2947 1151 3020 civitatem,
1184 2966 1259 3005 ex
1287 2966 1402 3023 qua
1422 2946 1546 3023 jam
1575 2946 1871 3007 exiverat:
1913 2946 2219 3024 pollicetur
2240 2968 2378 3006 vero
2400 2969 2461 3007 se
2484 2969 2583 3008 eos
2611 2949 2920 3011 ducturum

513 3026 588 3097 ad
617 3027 805 3087 virum
834 3048 1006 3106 quem
1035 3027 1385 3103 quaerebant,
1429 3026 1589 3103 quod
1627 3026 1817 3103 reipsa
1856 3027 2120 3104 implevit
2146 3027 2410 3088 ducendo
2439 3049 2538 3088 eos
2582 3029 2920 3109 Samariam,

509 3107 611 3177 ubi
640 3115 1004 3183 agnoverunt
1034 3107 1398 3185 Prophetam.

511 3234 526 3244 .
594 3188 786 3248 XIII.
831 3189 1110 3248 Michaeas
1151 3207 1329 3264 quum
1371 3185 1576 3245 suadet
1616 3185 1833 3245 bellum
1877 3185 2047 3264 Regi,
2082 3190 2112 3245 1
2147 3188 2294 3263 Reg.
2338 3186 2484 3246 xxii.
2519 3191 2609 3263 15,
2653 3210 2772 3248 non
2800 3199 2918 3250 tam

509 3266 767 3345 loquitur
806 3267 1144 3327 affirmative
1186 3275 1244 3325 et
1284 3267 1635 3344 prophetice,
1680 3286 1853 3342 quam
1880 3267 2089 3325 ironice
2116 3274 2175 3325 et
2211 3270 2503 3341 μικητικὸς,
2544 3287 2660 3324 non
2690 3288 2764 3326 ex
2793 3290 2916 3344 sua,

509 3347 615 3406 sed
643 3367 717 3406 ex
749 3348 930 3424 Regis
959 3355 1017 3406 et
1048 3345 1689 3422 Pseudoprophetarum
1718 3346 2019 3419 sententia,
2062 3364 2180 3402 non
2207 3353 2273 3403 ut
2300 3364 2398 3402 eos
2427 3345 2665 3419 falleret,
2704 3347 2807 3404 sed
2848 3359 2916 3408 ut

510 3445 610 3492 eos
639 3425 762 3483 salli
790 3426 1039 3498 doceret,
1087 3423 1247 3502 (nam
1275 3434 1492 3500 postea,
1524 3446 1703 3502 quum
1737 3425 2036 3501 adjuratus
2079 3432 2166 3481 est
2195 3444 2229 3480 a
2258 3422 2439 3498 Rege,
2471 3432 2537 3481 ut
2577 3423 2636 3479 in
2679 3425 2913 3486 nomine

510 3503 553 3563 J
557 3504 758 3561 ehovae
786 3505 1151 3580 eloqueretur
1171 3504 1492 3580 veritatem,
1507 3525 1564 3563 v.
1584 3507 1676 3579 16,
1701 3507 1791 3575 17,
1816 3505 1989 3578 longe
2012 3501 2170 3559 aliud
2191 3521 2308 3579 prae
2328 3521 2389 3558 se
2407 3501 2586 3580 tulit,)
2608 3504 2764 3579 quod
2786 3505 2914 3582 ipse

511 3583 642 3640 Rex
671 3583 764 3640 vel
795 3604 870 3641 ex
898 3593 1083 3660 gestu,
1122 3583 1221 3641 vel
1260 3603 1335 3641 ex
1367 3584 1540 3642 modo
1582 3581 1857 3660 loquendi
1896 3581 2037 3639 satis
2078 3580 2350 3657 percepit.
2434 3582 2708 3641 Jeremiae
2737 3586 2913 3647 etiam

507 3662 729 3721 nullum
759 3671 950 3740 potest
977 3663 1153 3721 tribui
1180 3662 1560 3737 mendacium,
1592 3662 1637 3720 J
1640 3683 1752 3721 ere.
1782 3660 2031 3719 xxxviii.
2063 3664 2158 3735 27,
2190 3661 2252 3718 in
2273 3660 2517 3736 gratiam
2549 3662 2748 3739 Regis,
2774 3667 2914 3742 quia

505 3742 567 3800 id
595 3743 792 3802 retulit
821 3743 1186 3820 Principibus
1206 3742 1363 3820 quod
1384 3743 1750 3801 verissimum
1771 3749 1908 3815 erat,
1933 3740 2202 3799 nimirum
2233 3740 2455 3817 Regem
2476 3762 2512 3800 a
2540 3762 2601 3801 se
2622 3755 2908 3820 rogatum,

505 3842 578 3883 ne
608 3822 796 3880 denuo
823 3824 886 3881 in
914 3842 1198 3881 carcerem
1241 3822 1546 3900 pristinum
1574 3823 1634 3880 in
1665 3822 1899 3881 domum
1927 3822 1970 3880 J
1974 3821 2278 3879 onathanis
2306 3821 2722 3899 detruderetur,
2755 3826 2912 3901 quod

503 3922 706 3960 revera
732 3902 1021 3962 Jeremias
1055 3922 1090 3960 a
1125 3903 1288 3979 Rege
1322 3901 1713 3977 contenderat,
1751 3910 1816 3961 ut
1847 3902 2033 3980 liquet
2067 3920 2142 3959 ex
2170 3901 2295 3961 Jer.
2331 3903 2559 3960 xxxvii.
2602 3906 2692 3977 15,
2726 3909 2820 3980 20,
2854 3916 2913 3965 et

502 3982 755 4041 xxxviii.
803 3986 894 4058 15,
945 3985 1037 4057 16,
1079 4001 1153 4040 ne
1195 3981 1516 4041 traderetur
1559 3981 1620 4038 in
1663 4000 1868 4040 manus
1911 3982 2165 4040 hostium
2210 4001 2461 4040 suorum.
2545 3982 2731 4041 Aliud
2772 4004 2910 4043 vero

501 4071 723 4138 partem
757 4062 1018 4121 veritatis
1051 4081 1169 4120 non
1202 4061 1583 4129 necessariam
1622 4067 1831 4135 tacere,
1872 4060 2059 4119 Aliud
2096 4060 2305 4120 falsum
2331 4081 2434 4138 pro
2462 4081 2602 4120 vero
2639 4083 2906 4141 narrare;

499 4142 659 4218 prius
687 4142 927 4217 licitum,
957 4160 1073 4199 non
1101 4141 1405 4218 posterius.
1776 4212 1779 4217 .

501 4280 506 4285 ⁴
582 4221 764 4280 XIV.
807 4220 1104 4281 simulatio
1133 4220 1345 4296 triplex
1374 4219 1560 4293 datur,
1598 4221 1652 4279 1.
1663 4220 1904 4293 fraudis
1932 4228 1990 4278 et
2017 4220 2262 4294 malitiae,
2295 4224 2351 4279 2.
2382 4223 2612 4279 cautelae
2639 4229 2698 4280 et
2718 4222 2908 4280 indus-

495 4301 641 4375 trioe,
668 4304 723 4360 3.
740 4300 1113 4359 instructionis
1130 4307 1188 4358 et
1205 4298 1609 4375 eaploratiomh
1620 4322 1645 4371 ;
1686 4298 1888 4374 prima,
1904 4318 2080 4375 quum
2099 4299 2285 4358 virtus
2313 4300 2568 4358 exterius
2589 4301 2906 4378 praefertur,

500 4378 637 4437 dum
656 4380 864 4439 vitium
893 4381 1050 4439 intus
1076 4378 1219 4438 latet
1241 4401 1255 4455 ;
1289 4378 1558 4453 secunda,
1579 4398 1710 4455 quac
1738 4378 1800 4435 in
1822 4378 2326 4454 stratagematibus
2343 4379 2569 4437 bellicis
2586 4390 2906 4448 exercetur,

499 4466 558 4515 et
585 4478 621 4514 a
650 4459 776 4517 Deo
805 4460 1171 4537 approbatur,
1203 4458 1274 4516 de
1310 4477 1427 4535 qua
1453 4459 1583 4517 Jos.
1620 4456 1742 4514 viii.
1774 4459 1828 4531 5,
1863 4459 1917 4530 6,
1951 4462 2021 4532 73
2052 4458 2241 4531 tertia,
2277 4477 2406 4534 quae
2440 4478 2557 4516 non
2590 4459 2664 4518 ad
2704 4460 2904 4518 fallen-

497 4535 654 4609 dum,
686 4537 792 4594 sed
817 4539 892 4597 ad
911 4538 1326 4616 explorandum
1358 4546 1417 4596 et
1439 4535 1763 4595 docendum
1794 4543 1883 4593 est
1911 4545 2255 4613 comparata,
2287 4537 2476 4612 qualis
2505 4558 2656 4615 saepe
2686 4540 2909 4598 obtinet

489 4614 558 4687 in
598 4616 896 4678 hominum
938 4618 1231 4680 societate.
1315 4616 1476 4676 Talis
1519 4615 1810 4695 simulatio
1845 4613 2227 4694 Angelorum,
2265 4616 2364 4694 qui
2396 4636 2515 4694 prae
2551 4638 2612 4677 se
2647 4618 2908 4680 ferebant
