3221 5200
288 364 523 414 QuAEs'r.
553 341 650 423 ιι]
1228 359 1306 399 De
1335 357 1836 400 ausui-mamona.
2597 342 2715 400 565

289 525 505 582 genere
535 521 789 579 operum,
822 500 1077 579 proclive
1107 499 1217 558 fuit
1246 500 1495 577 objicere
1524 499 1587 558 id
1615 500 1821 576 ipsum,
1854 497 2010 574 quod
2051 496 2339 577 hodieque
2368 498 2536 557 nobis
2565 499 2711 577 obji-

289 586 456 642 ciunt
487 581 814 656 Pontificii3
880 600 1085 658 nempe
1123 600 1613 656 supervacaneum
1658 599 1786 637 esse
1828 578 1977 636 bene
2007 579 2248 655 operari,
2280 579 2331 637 si
2358 580 2583 637 nullum
2626 588 2715 637 est

288 684 531 740 operum
561 662 845 734 meritum,
896 661 1012 718 imo
1050 660 1244 738 potius
1272 660 1628 736 peccandum
1673 667 1740 717 ut
1783 657 2038 716 abundet
2066 659 2271 734 gratia.
2357 658 2541 733 Quam
2581 679 2709 736 pro·

285 744 556 802 fanorum
606 741 988 818 objectionem
1043 759 1158 797 non
1215 739 1425 798 refellit
1480 739 1803 816 Apostolus
1846 757 1949 815 per
1990 736 2417 797 distinctionem
2474 758 2708 816 operum

286 822 755 881 antecedentium
798 828 857 879 et
905 819 1394 897 subsequentium,
1427 819 1583 895 quod
1628 819 1827 894 utique
1873 817 2023 874 facto
2053 836 2197 895 opus
2225 827 2348 877 erat
2375 838 2449 876 ex
2480 818 2710 877 Adver-

285 904 571 961 sariorum
595 900 936 977 hypothesi3
983 900 1084 958 sed
1126 899 1510 974 explicatione
1553 897 2039 972 sanctificationiS,
2072 898 2312 974 ejusque
2342 918 2471 957 cum
2493 899 2709 975 justifi-

287 983 517 1040 catione
548 979 932 1038 indissolubili
961 1000 1134 1038 nexu.

895 1059 1085 1117 XIII.
1130 1059 1343 1134 Terti0,
1377 1058 1526 1133 Quia
1557 1056 1946 1132 “justificatio
1974 1065 2171 1115 nostra
2199 1057 2265 1115 fit
2294 1057 2491 1133 gratis,
2523 1057 2711 1134 gratia

818 1138 928 1197 Dei
945 1159 1048 1215 per
1064 1138 1514 1217 redemptionem
1535 1137 1807 1212 Christi,''
1834 1137 2003 1194 Rom.
2028 1137 2107 1195 iii.
2129 1141 2224 1212 24,
2255 1136 2355 1195 ubi
2384 1138 2572 1214 gratia
2601 1137 2711 1195 Dei

812 1238 928 1275 non
971 1226 1163 1295 potest
1209 1228 1408 1276 notare
1453 1217 1714 1276 habitum
1765 1217 2015 1274 infusum
2066 1217 2379 1291 charitatis,
2425 1226 2491 1276 ut
2533 1216 2714 1275 vellet

286 1298 583 1371 Bellarm.,
600 1297 702 1355 sed
719 1296 976 1357 favorem
994 1308 1053 1357 et
1069 1297 1532 1357 benevolentiam
1553 1297 1681 1372 Dei,
1703 1306 1823 1355 tum
1838 1297 1975 1373 quia
1992 1296 2237 1354 dicimur
2244 1317 2268 1374 J
2276 1297 2546 1356 ustificati
2560 1308 2619 1370 τῇ
2637 1306 2715 1352 αὖ-

285 1388 370 1433 τοῦ
392 1388 570 1450 χάριτι,
596 1378 767 1452 zpsius
809 1380 1022 1453 qratia,
1055 1378 1130 1435 id.
1162 1387 1436 1455 tanquam
1465 1397 1640 1435 causa
1668 1385 1988 1448 προηγουμίνῃ,
2018 1377 2429 1454 procatarctica
2476 1397 2615 1435 vero
2655 1385 2715 1435 et

287 1457 582 1516 meritoria
603 1457 836 1534 ponitur
850 1457 908 1514 in
928 1458 1319 1535 redemptione
1350 1456 1580 1532 Christi,
1612 1456 1757 1514 falsa
1774 1456 2033 1533 rejicitur
2052 1476 2156 1533 per
2175 1457 2514 1534 particulam
2538 1465 2710 1537 δωριὰν,

280 1539 485 1614 qratia,
518 1556 646 1612 quae
675 1537 935 1596 excludit
963 1539 1155 1596 omnia
1176 1538 1394 1614 merita,
1421 1557 1550 1613 quae
1573 1536 1688 1594 sint
1710 1536 1769 1593 in
1792 1536 1978 1595 nobis.
2023 1541 2080 1594 2.
2112 1537 2316 1596 Gratia
2333 1537 2445 1595 ista
2472 1540 2709 1617 opponi-

283 1627 382 1676 tur
410 1617 680 1694 operibus
702 1624 760 1674 et
787 1618 1133 1694 gloriationi,
1167 1619 1336 1676 Rom.
1360 1618 1440 1675 xi.
1466 1620 1518 1692 6,
1545 1624 1604 1675 et
1628 1617 1775 1693 Eph.
1805 1616 1865 1674 ii.
1898 1618 1953 1674 9.
2005 1619 2060 1675 3.
2092 1616 2225 1674 Non
2254 1636 2561 1693 possumus
2582 1621 2709 1696 jus-

286 1698 497 1755 tificari
523 1717 625 1773 per
641 1697 1093 1774 redemptionem
1113 1698 1343 1770 Christi,
1370 1698 1551 1771 aliter,
1577 1716 1751 1772 quam
1774 1715 1877 1772 per
1897 1695 2331 1772 imputationem
2352 1697 2597 1772 justitiae
2621 1700 2707 1776 ip-

289 1777 429 1850 sius,
454 1796 583 1853 quae
605 1785 696 1835 est
717 1785 974 1837 &ebena-u
1011 1797 1139 1836 cum
1161 1777 1390 1853 justitia
1410 1777 1725 1833 inhaerente
1749 1775 1807 1831 in
1835 1775 2069 1850 negotio
2079 1773 2545 1852 justificationis;
2576 1798 2712 1837 nam

289 1857 342 1914 si
362 1857 749 1932 justificamur
776 1858 836 1913 iu
863 1857 994 1933 alio,
1025 1877 1140 1914 non
1171 1875 1476 1931 possumus
1499 1854 1805 1931 justificari
1832 1854 1891 1910 in
1921 1853 2105 1911 nobis.
2125 1856 2181 1911 4.
2203 1853 2469 1912 Pererius
2501 1854 2713 1917 fatetur

286 1937 636 2012 ‚caenpotius
659 1936 752 1992 hie
780 1944 978 1994 notare
999 1936 1310 2012 gratuitam
1343 1935 1455 1992 Dei
1503 1935 1819 1992 bonitatem
1869 1941 1928 1991 et
1975 1932 2391 2011 benignitatem
2440 1955 2579 2011 erga
2606 1938 2708 1997 ho-

287 2014 490 2087 mines,
524 2036 652 2090 quae
681 2014 818 2071 allbl
848 2022 1112 2089 χςητφότης
1148 2024 1205 2073 et
1234 2021 1543 2086 φιλανδςυπιί
1572 2013 1799 2086 dieitur,
1831 2012 1946 2071 Tit.
1976 2013 2056 2070 iil.
2090 2016 2148 2070 4.
2214 2013 2268 2069 N
2272 2033 2336 2071 OG
2366 2014 2416 2071 Si
2450 2015 2701 2076 benevo-

290 2093 470 2150 lentia
501 2095 611 2151 Dei
640 2093 812 2152 efficit
854 2093 913 2150 in
958 2093 1287 2152 hominibus
1318 2098 1529 2160 ιύδαὲας,
1566 2092 1644 2150 id.
1675 2093 1890 2150 bonum
1919 2091 2074 2168 quod
2103 2092 2244 2169 ipsis
2271 2093 2416 2169 vult,
2449 2097 2708 2173 sequitur

290 2172 480 2229 Deum
511 2172 646 2230 dare
676 2172 1049 2230 inhaerentem
1070 2173 1377 2249 justitiam,
1424 2180 1489 2230 ut
1537 2192 1641 2249 per
1668 2192 1794 2230 eam
1815 2172 2234 2249 justificemur;
2286 2173 2423 2250 quia
2453 2175 2613 2235 Deus
2644 2177 2704 2236 id

286 2251 504 2309 honum
532 2252 671 2311 facit
714 2251 1002 2310 distinctis
1032 2253 1274 2326 actibus,
1300 2252 1513 2310 bonum
1544 2252 1777 2328 quidem
1821 2252 2065 2329 justitiae
2094 2251 2389 2329 imputatae
2417 2263 2551 2313 actu
2572 2258 2700 2333 jus-

289 2330 637 2406 tificationis,
670 2331 1001 2390 inhaerentis
1028 2351 1169 2390 vero
1197 2339 1331 2390 actu
1360 2330 1849 2407 sanctificationis,
1882 2339 1947 2390 ut
1976 2331 2266 2391 Christum
2295 2333 2464 2392 nobis
2493 2334 2628 2395 feeit
2649 2346 2708 2396 et

284 2410 575 2488 justitiam
604 2421 663 2470 et
691 2412 1217 2487 sanctificationem,
1254 2415 1282 2470 1
1318 2411 1447 2470 Cor.
1478 2411 1515 2470 i.
1547 2414 1645 2470 30.

288 2529 334 2574 4·
367 2529 496 2579 Quia
523 2530 773 2576 Justifiea-
897 2491 1076 2549 XIV.
1123 2491 1355 2566 Quart0,
1390 2491 1536 2566 Quia
1559 2491 1899 2569 justificatio
1929 2492 2192 2551 consistit
2210 2513 2284 2551 ex
2306 2494 2505 2569 Paulo,
2534 2497 2702 2557 Rom.

352 2591 422 2633 tio
452 2592 681 2636 consistit
721 2593 771 2636 in
813 2571 893 2630 iv,
925 2574 979 2647 8,
1013 2571 1073 2628 in
1100 2571 1437 2631 remissione
1465 2580 1850 2649 peccatorum.
1936 2572 2059 2631 Nec
2107 2580 2298 2649 potest
2345 2574 2514 2633 aliter
2559 2577 2701 2655 fieri,

349 2651 635 2753 ἔξῗὶοξιῗξὲῡθ
667 2665 771 2709 1²⁰⁶·
818 2672 948 2746 cum
978 2661 1184 2729 agatur
1212 2653 1283 2711 de
1312 2660 1635 2788 peccagore..
1694 2652 1782 2711 At
1810 2653 1912 2790 culi¹
1922 2653 2233 2711 remittitur
2240 2663 2547 2748 peccatum
2572 2678 2702 2735 gra-

284 2806 514 2882 justitia
541 2740 1646 2891 ἰιιίιεει-οηέιέἑῐῃῖἒωίξὲξὲὃὲεὲὲἰξᾏτῖιᾝ
1681 2751 1872 2871 Ρῗειὲ
1904 2739 2186 2871 {Idbiltiiiin
2200 2743 2558 2892 qiiisdlitiltaelgt',
2590 2758 2706 2875 ilidii

286 2905 412 2943 esse
442 2887 674 2961 quidem
704 2893 1097 2950 remissionem
1126 2901 1508 2969 peccatorum,
1542 2892 1644 2951 sed
1673 2912 1804 2951 cum
1826 2912 1895 2951 ea
1923 2901 2115 2951 tamen
2145 2894 2422 2971 conjungi
2449 2895 2509 2952 in
2532 2898 2703 2973 justi-

286 2964 571 3022 ficatione.
655 2968 803 3040 Quia
830 2972 1088 3048 implicat
1114 2972 1404 3029 hominem
1426 2972 1732 3048 justificari
1763 2971 1932 3029 simul
1981 2991 2084 3047 per
2104 2972 2391 3048 justitiam
2421 2974 2701 3033 inhaeren-

286 3052 402 3099 tem
432 3052 490 3101 et
517 3064 618 3118 per
644 3049 1038 3106 remissionem
1061 3059 1444 3125 peccatorum,
1476 3059 1541 3108 ut
1569 3060 1658 3108 est
1682 3058 1940 3105 ἀσύστατον
1962 3050 2270 3127 Justificari
2315 3052 2375 3107 in
2404 3072 2483 3129 se,
2537 3063 2595 3113 et
2643 3056 2703 3113 in

287 3121 416 3196 alio,
450 3123 778 3184 obedientia
805 3129 1050 3204 propria,
1082 3138 1141 3186 et
1168 3129 1373 3186 aliena.

283 3240 324 3283 5.
359 3240 487 3290 Quia
515 3242 765 3289 Justifica-
889 3207 1033 3265 XV.
1080 3207 1310 3281 Quint0‚
1343 3208 1392 3264 si
1413 3206 1457 3266 J
1461 3205 1768 3265 ustificatio
1789 3207 1855 3265 fit
1875 3227 1978 3284 per
1996 3208 2282 3285 justitiam
2305 3209 2696 3290 inhaerentem,

346 3302 415 3343 tio
447 3314 543 3345 non
577 3307 654 3345 est
703 3318 763 3346 ex
806 3286 850 3346 J
853 3286 1160 3344 ustificatio
1191 3287 1299 3345 erit
1327 3306 1402 3344 ex
1436 3287 1613 3362 Lege,
1645 3306 1760 3343 non
1791 3306 1865 3343 ex
1896 3287 2237 3363 EvangeliO,
2270 3297 2329 3347 et
2346 3290 2698 3351 confunden-

343 3358 487 3414 Lege.
808 3375 902 3424 tur
930 3365 1044 3425 duo
1075 3366 1338 3440 Foedera,
1370 3386 1498 3443 quae
1541 3375 1736 3424 tamen
1782 3375 2111 3425 constanter
2158 3381 2527 3447 opponuntur
2572 3380 2698 3431 tan-

286 3463 455 3519 quam
481 3463 553 3500 cx
585 3444 865 3503 diametro
896 3446 1005 3504 sibi
1035 3446 1315 3524 opposita.
1401 3445 1550 3520 Quia
1597 3445 1644 3504 J
1646 3445 1955 3504 ustificatio
1996 3446 2231 3523 Legalis
2275 3469 2391 3507 non
2425 3451 2592 3510 aliter
2618 3457 2697 3531 fit,

283 3543 451 3599 quam
472 3544 575 3600 per
591 3525 634 3582 J
636 3525 894 3583 ustitiam
914 3527 1289 3585 inhaerentem
1309 3526 1431 3585 sive
1450 3526 1735 3584 actualem
1758 3526 1881 3584 sive
1900 3527 2249 3587 habitualem
2273 3551 2287 3603 3
2335 3530 2476 3588 Cum
2502 3530 2698 3591 Evan-

283 3604 468 3679 gelica
495 3623 611 3662 non
640 3605 700 3661 in
727 3605 911 3682 nobis,
946 3606 1049 3664 sed
1074 3607 1134 3664 in
1163 3606 1279 3665 alio
1307 3605 1617 3683 quaerenda
1645 3606 1736 3664 sit.
1823 3606 1991 3680 Quod
2020 3606 2339 3684 Apostolus
2359 3610 2510 3669 clare
2533 3612 2702 3674 docet

287 3685 433 3742 Phil.
454 3684 534 3742 iii.
566 3687 620 3759 9,
653 3705 831 3761 quum
858 3688 988 3745 vult
1020 3687 1325 3745 “inveniri
1353 3687 1413 3744 in
1444 3686 1733 3763 Christo‚”
1792 3688 2013 3745 seilicet
2040 3688 2099 3744 in
2120 3689 2343 3765 judicio
2376 3691 2503 3764 Dei,
2540 3695 2574 3724 “
2596 3693 2698 3750 ha·

282 3762 439 3835 bens,
472 3784 588 3821 non
618 3784 778 3822 suam
796 3766 1083 3841 justitiam
1112 3787 1241 3843 quae
1271 3774 1359 3825 est
1387 3787 1462 3824 ex
1493 3767 1669 3842 Lege,
1702 3766 1805 3825 sed
1823 3786 1946 3824 eam
1977 3786 2105 3843 quae
2128 3778 2217 3826 est
2236 3788 2340 3844 per
2359 3769 2527 3826 fidem
2550 3771 2700 3829 Jesu

286 3842 495 3898 Christi
518 3865 532 3915 3
556 3843 591 3867 ''
649 3842 727 3901 id.
757 3864 873 3901 non
896 3846 1182 3920 justitiam
1213 3846 1603 3919 inhaerentem,
1643 3865 1770 3921 quae
1802 3846 1982 3903 oritur
2029 3865 2105 3902 ex
2154 3846 2555 3906 observatione
2588 3850 2697 3908 Le-

281 3924 383 3995 giS,
418 3928 476 3978 et
502 3941 632 3996 quae
660 3931 856 3979 nostra
884 3923 1111 3996 dicitur,
1143 3924 1279 4000 quia
1306 3924 1472 3982 nobis
1501 3924 1667 3997 inest,
1699 3932 1758 3981 et
1784 3924 1996 3981 nostris
2026 3923 2350 3982 actionibus
2391 3928 2695 4005 perficitur,

281 4001 382 4136 {ed
410 4001 452 4058 J
457 4000 710 4058 ustitiam
745 4001 857 4059 Dei
884 4011 942 4061 et
972 4002 1202 4077 Christi,
1235 4021 1364 4079 quae
1392 4002 1560 4061 nobis
1589 4004 1921 4079 imputatur,
1953 4010 2015 4069 et
2038 4022 2140 4079 per
2166 4003 2335 4062 fidem
2378 4008 2694 4083 apprehen·

319 4089 447 4139 1tur.

282 1121 329 1166 3.
365 1122 495 1172 Quia
524 1122 554 1166 J
562 1118 774 1165 ustifica-

352 1183 421 1225 tio
452 1180 511 1224 fit
543 1180 712 1237 gratis.

278 4206 306 4252 6
350 4207 478 4257 Quia
508 4208 597 4252 hoc
629 4207 756 4263 inju-
880 4159 1061 4218 XVI.
1109 4160 1305 4235 Sexte,
1341 4162 1489 4235 Quia
1514 4162 1627 4219 hoc
1657 4160 1898 4237 derogat
1947 4162 2165 4220 meritis
2196 4163 2428 4238 Christi,
2463 4166 2539 4224 Et
2568 4167 2692 4243 glo·

309 4242 461 4310 ‘rium
488 4274 564 4310 ost
586 4266 752 4311 chris·
796 4240 1056 4299 riationis
1085 4260 1152 4297 ae
1181 4242 1463 4318 superbiae
1493 4249 1581 4298 est
1609 4249 2031 4317 argumentum.
2117 4242 2265 4300 Nam
2297 4244 2343 4301 si
2381 4245 2611 4321 justitia
2638 4257 2697 4306 et

337 4331 401 4395 tp,
434 4331 484 4369 et.
496 4326 581 4369 dat
603 4330 753 4395 φασξ
792 4319 997 4378 merita
1027 4320 1240 4379 Christi
1269 4320 1600 4397 plenissime
1632 4319 1921 4378 sufficiunt
1962 4320 2036 4378 ad
2057 4322 2528 4398 justificationem
2558 4345 2692 4384 nos·

333 4385 753 4484 fflssniglonandi
796 4408 940 4457 tram
967 4421 980 4474 ;
1027 4400 1143 4458 Cur
1170 4409 1481 4481 assuuntur
1509 4400 1713 4457 merita
1754 4400 2005 4458 humana
2025 4403 2054 4458 Ρ
2136 4402 2341 4461 Nonne
2371 4404 2453 4462 sic
2485 4404 2694 4483 injuria

795 4480 861 4537 fit
891 4480 1136 4554 Christo,
1169 4488 1227 4538 et
1255 4480 1493 4538 materia
1522 4479 1692 4538 datur
1718 4480 1937 4537 homini
1967 4479 2026 4536 in
2077 4482 2265 4558 seipso
2315 4484 2470 4560 apud
2502 4486 2689 4544 Deum

281 4558 610 4635 gloriandi?
693 4559 815 4617 Nec
858 4560 969 4618 hoc
1018 4560 1331 4618 absurdum
1381 4559 1604 4618 tollitur
1652 4559 1897 4618 dicendo
1940 4568 2121 4618 totam
2168 4563 2319 4621 hanc
2340 4565 2628 4641 justitiam
2658 4587 2693 4625 a

281 4638 501 4696 Christo
545 4637 812 4714 pendere,
842 4639 942 4715 qui
971 4649 1030 4698 et
1057 4640 1216 4698 illam
1254 4639 1421 4698 nobis
1470 4639 1809 4716 impertitur,
1862 4646 1920 4698 et
1964 4639 2050 4698 illi
2098 4641 2199 4701 dat
2241 4643 2361 4700 vim
2412 4646 2686 4708 merendi.
