<?xml version="1.0" encoding="UTF-8"?>
<!DOCTYPE html PUBLIC "-//W3C//DTD XHTML 1.0 Transitional//EN"
    "http://www.w3.org/TR/xhtml1/DTD/xhtml1-transitional.dtd">
<html xmlns="http://www.w3.org/1999/xhtml" xml:lang="en" lang="en">
 <head>
  <title>
</title>
<meta http-equiv="Content-Type" content="text/html;charset=utf-8" />
  <meta name='ocr-system' content='tesseract 3.04.00' />
  <meta name='ocr-capabilities' content='ocr_page ocr_carea ocr_par ocr_line ocrx_word'/>
</head>
<body>
  <div class='ocr_page' id='page_1' title='image "./institutiotheol01turrgoog_0301.png"; bbox 0 0 3221 5200; ppageno 0'>
   <div class='ocr_carea' id='block_1_1' title="bbox 385 378 2800 459">
    <p class='ocr_par' dir='ltr' id='par_1_1' title="bbox 385 378 2800 459">
     <span class='ocr_line' id='line_1_1' title="bbox 385 378 2800 459; baseline 0.002 -20"><span class='ocrx_word' id='word_1_1' title='bbox 385 399 612 447; x_wconf 61' lang='lat' dir='ltr'>Quaes‘r.</span> <span class='ocrx_word' id='word_1_2' title='bbox 662 378 749 459; x_wconf 88' lang='lat' dir='ltr'>v.]</span> <span class='ocrx_word' id='word_1_3' title='bbox 1145 397 1221 436; x_wconf 75' lang='lat' dir='ltr'>nn</span> <span class='ocrx_word' id='word_1_4' title='bbox 1255 398 1518 437; x_wconf 61' lang='lat' dir='ltr'>reasons</span> <span class='ocrx_word' id='word_1_5' title='bbox 1550 398 1625 438; x_wconf 74' lang='grc' dir='ltr'>ετ</span> <span class='ocrx_word' id='word_1_6' title='bbox 1654 399 1841 438; x_wconf 74' lang='grc' dir='ltr'><strong>ετΑτυ</strong></span> <span class='ocrx_word' id='word_1_7' title='bbox 1865 399 2117 440; x_wconf 71' lang='lat' dir='ltr'>cnms&#39;ri.</span> <span class='ocrx_word' id='word_1_8' title='bbox 2570 447 2578 456; x_wconf 55' lang='grc'><strong>,</strong></span> <span class='ocrx_word' id='word_1_9' title='bbox 2684 389 2800 443; x_wconf 78' lang='grc'>273</span> 
     </span>
    </p>
   </div>
   <div class='ocr_carea' id='block_1_2' title="bbox 368 539 2798 4052">
    <p class='ocr_par' dir='ltr' id='par_1_2' title="bbox 377 539 2798 1157">
     <span class='ocr_line' id='line_1_2' title="bbox 381 539 2797 617; baseline 0.001 -19"><span class='ocrx_word' id='word_1_10' title='bbox 381 540 703 613; x_wconf 76' lang='lat' dir='ltr'>sanctitate,</span> <span class='ocrx_word' id='word_1_11' title='bbox 752 547 810 598; x_wconf 88' lang='lat' dir='ltr'>et</span> <span class='ocrx_word' id='word_1_12' title='bbox 838 546 1138 616; x_wconf 80' lang='lat' dir='ltr'>potestate,</span> <span class='ocrx_word' id='word_1_13' title='bbox 1190 559 1308 596; x_wconf 93' lang='lat' dir='ltr'>non</span> <span class='ocrx_word' id='word_1_14' title='bbox 1356 559 1610 616; x_wconf 87' lang='lat' dir='ltr'>corpore.</span> <span class='ocrx_word' id='word_1_15' title='bbox 1659 539 1987 598; x_wconf 81' lang='lat' dir='ltr'>Antithesis</span> <span class='ocrx_word' id='word_1_16' title='bbox 2036 560 2165 617; x_wconf 75' lang='lat' dir='ltr'>quae</span> <span class='ocrx_word' id='word_1_17' title='bbox 2211 539 2531 599; x_wconf 74' lang='lat' dir='ltr'>instituitur</span> <span class='ocrx_word' id='word_1_18' title='bbox 2558 541 2601 600; x_wconf 86' lang='lat' dir='ltr'><strong>J</strong></span> <span class='ocrx_word' id='word_1_19' title='bbox 2605 542 2696 600; x_wconf 91' lang='lat' dir='ltr'>oh.</span> <span class='ocrx_word' id='word_1_20' title='bbox 2719 542 2797 601; x_wconf 89' lang='lat' dir='ltr'>iii.</span> 
     </span>
     <span class='ocr_line' id='line_1_3' title="bbox 382 619 2798 696; baseline 0.001 -18"><span class='ocrx_word' id='word_1_21' title='bbox 382 623 479 694; x_wconf 88' lang='lat'>31,</span> <span class='ocrx_word' id='word_1_22' title='bbox 522 629 581 678; x_wconf 88' lang='lat' dir='ltr'>et</span> <span class='ocrx_word' id='word_1_23' title='bbox 615 620 736 677; x_wconf 88' lang='lat' dir='ltr'>viii.</span> <span class='ocrx_word' id='word_1_24' title='bbox 781 623 876 693; x_wconf 83' lang='lat'>23,</span> <span class='ocrx_word' id='word_1_25' title='bbox 919 639 1094 696; x_wconf 88' lang='lat' dir='ltr'>quum</span> <span class='ocrx_word' id='word_1_26' title='bbox 1134 619 1454 678; x_wconf 89' lang='lat' dir='ltr'>“Christus</span> <span class='ocrx_word' id='word_1_27' title='bbox 1496 619 1708 678; x_wconf 88' lang='lat' dir='ltr'>dicitur</span> <span class='ocrx_word' id='word_1_28' title='bbox 1749 620 1964 694; x_wconf 88' lang='lat' dir='ltr'>venire,</span> <span class='ocrx_word' id='word_1_29' title='bbox 2005 629 2063 678; x_wconf 89' lang='lat' dir='ltr'>et</span> <span class='ocrx_word' id='word_1_30' title='bbox 2103 640 2228 677; x_wconf 90' lang='lat' dir='ltr'>esse</span> <span class='ocrx_word' id='word_1_31' title='bbox 2268 641 2299 678; x_wconf 90' lang='lat' dir='ltr'>e</span> <span class='ocrx_word' id='word_1_32' title='bbox 2334 621 2498 696; x_wconf 88' lang='lat' dir='ltr'>coe10,</span> <span class='ocrx_word' id='word_1_33' title='bbox 2536 621 2798 681; x_wconf 89' lang='lat' dir='ltr'>homines</span> 
     </span>
     <span class='ocr_line' id='line_1_4' title="bbox 382 699 2794 776; baseline 0.002 -22"><span class='ocrx_word' id='word_1_34' title='bbox 382 720 521 758; x_wconf 86' lang='lat' dir='ltr'>vero</span> <span class='ocrx_word' id='word_1_35' title='bbox 552 720 582 757; x_wconf 90' lang='lat' dir='ltr'>e</span> <span class='ocrx_word' id='word_1_36' title='bbox 612 701 822 772; x_wconf 85' lang='lat' dir='ltr'>terra,&#39;’</span> <span class='ocrx_word' id='word_1_37' title='bbox 853 719 970 757; x_wconf 90' lang='lat' dir='ltr'>non</span> <span class='ocrx_word' id='word_1_38' title='bbox 999 699 1191 775; x_wconf 87' lang='lat' dir='ltr'>arguit</span> <span class='ocrx_word' id='word_1_39' title='bbox 1218 719 1447 758; x_wconf 89' lang='lat' dir='ltr'>carnem</span> <span class='ocrx_word' id='word_1_40' title='bbox 1477 700 1605 776; x_wconf 87' lang='lat' dir='ltr'>ejus</span> <span class='ocrx_word' id='word_1_41' title='bbox 1635 700 1862 757; x_wconf 88' lang='lat' dir='ltr'>coelitus</span> <span class='ocrx_word' id='word_1_42' title='bbox 1891 699 2276 774; x_wconf 80' lang='lat' dir='ltr'>descendisse,</span> <span class='ocrx_word' id='word_1_43' title='bbox 2310 700 2412 758; x_wconf 87' lang='lat' dir='ltr'>scd</span> <span class='ocrx_word' id='word_1_44' title='bbox 2444 710 2666 759; x_wconf 88' lang='lat' dir='ltr'>tantum</span> <span class='ocrx_word' id='word_1_45' title='bbox 2691 723 2794 761; x_wconf 89' lang='lat' dir='ltr'>nu-</span> 
     </span>
     <span class='ocr_line' id='line_1_5' title="bbox 382 779 2793 860; baseline 0.002 -24"><span class='ocrx_word' id='word_1_46' title='bbox 382 779 488 838; x_wconf 88' lang='lat' dir='ltr'>dos</span> <span class='ocrx_word' id='word_1_47' title='bbox 511 788 569 838; x_wconf 89' lang='lat' dir='ltr'>et</span> <span class='ocrx_word' id='word_1_48' title='bbox 591 799 777 837; x_wconf 85' lang='lat' dir='ltr'>meros</span> <span class='ocrx_word' id='word_1_49' title='bbox 806 779 1066 837; x_wconf 88' lang='lat' dir='ltr'>homines</span> <span class='ocrx_word' id='word_1_50' title='bbox 1096 799 1127 837; x_wconf 91' lang='lat' dir='ltr'>e</span> <span class='ocrx_word' id='word_1_51' title='bbox 1176 787 1329 838; x_wconf 87' lang='lat' dir='ltr'>terra</span> <span class='ocrx_word' id='word_1_52' title='bbox 1383 779 1658 838; x_wconf 88' lang='lat' dir='ltr'>oriundos</span> <span class='ocrx_word' id='word_1_53' title='bbox 1705 779 1934 837; x_wconf 92' lang='lat' dir='ltr'>Christo</span> <span class='ocrx_word' id='word_1_54' title='bbox 1975 781 2271 860; x_wconf 56' lang='lat' dir='ltr'>&amp;unagein-q</span> <span class='ocrx_word' id='word_1_55' title='bbox 2314 781 2568 857; x_wconf 77' lang='lat' dir='ltr'>opponit.</span> <span class='ocrx_word' id='word_1_56' title='bbox 2602 783 2793 840; x_wconf 87' lang='lat' dir='ltr'>Chris-</span> 
     </span>
     <span class='ocr_line' id='line_1_6' title="bbox 377 859 2792 938; baseline 0.001 -21"><span class='ocrx_word' id='word_1_57' title='bbox 377 868 472 917; x_wconf 85' lang='lat' dir='ltr'>tus</span> <span class='ocrx_word' id='word_1_58' title='bbox 501 860 810 936; x_wconf 84' lang='lat' dir='ltr'>opponitur</span> <span class='ocrx_word' id='word_1_59' title='bbox 841 859 1086 933; x_wconf 83' lang='lat' dir='ltr'>AdamO,</span> <span class='ocrx_word' id='word_1_60' title='bbox 1120 861 1146 915; x_wconf 93' lang='grc'><strong>1</strong></span> <span class='ocrx_word' id='word_1_61' title='bbox 1173 859 1286 916; x_wconf 89' lang='lat' dir='ltr'>Cor</span> <span class='ocrx_word' id='word_1_62' title='bbox 1313 880 1433 934; x_wconf 84' lang='lat' dir='ltr'>xv.,</span> <span class='ocrx_word' id='word_1_63' title='bbox 1455 879 1571 916; x_wconf 93' lang='lat' dir='ltr'>non</span> <span class='ocrx_word' id='word_1_64' title='bbox 1601 860 1822 918; x_wconf 91' lang='lat' dir='ltr'>ratione</span> <span class='ocrx_word' id='word_1_65' title='bbox 1852 861 2058 934; x_wconf 79' lang='lat' dir='ltr'>carniS,</span> <span class='ocrx_word' id='word_1_66' title='bbox 2086 860 2401 918; x_wconf 88' lang='lat' dir='ltr'>secundum</span> <span class='ocrx_word' id='word_1_67' title='bbox 2425 881 2597 938; x_wconf 85' lang='lat' dir='ltr'>quam</span> <span class='ocrx_word' id='word_1_68' title='bbox 2622 883 2792 921; x_wconf 85' lang='lat' dir='ltr'>voca·</span> 
     </span>
     <span class='ocr_line' id='line_1_7' title="bbox 382 939 2794 1015; baseline 0.001 -17"><span class='ocrx_word' id='word_1_69' title='bbox 382 948 475 998; x_wconf 87' lang='lat' dir='ltr'>tur</span> <span class='ocrx_word' id='word_1_70' title='bbox 502 940 656 997; x_wconf 90' lang='lat' dir='ltr'>filius</span> <span class='ocrx_word' id='word_1_71' title='bbox 688 939 918 1014; x_wconf 85' lang='lat' dir='ltr'>Adami,</span> <span class='ocrx_word' id='word_1_72' title='bbox 954 940 1094 997; x_wconf 90' lang='lat' dir='ltr'>Luc.</span> <span class='ocrx_word' id='word_1_73' title='bbox 1129 939 1206 998; x_wconf 91' lang='lat' dir='ltr'>iii.</span> <span class='ocrx_word' id='word_1_74' title='bbox 1240 941 1334 1013; x_wconf 88' lang='lat'>38,</span> <span class='ocrx_word' id='word_1_75' title='bbox 1367 940 1469 998; x_wconf 89' lang='lat' dir='ltr'>sed</span> <span class='ocrx_word' id='word_1_76' title='bbox 1498 939 1717 997; x_wconf 89' lang='lat' dir='ltr'>ratione</span> <span class='ocrx_word' id='word_1_77' title='bbox 1757 959 2016 1015; x_wconf 82' lang='lat' dir='ltr'>personae</span> <span class='ocrx_word' id='word_1_78' title='bbox 2048 949 2105 998; x_wconf 90' lang='lat' dir='ltr'>et</span> <span class='ocrx_word' id='word_1_79' title='bbox 2134 940 2321 1013; x_wconf 88' lang='lat' dir='ltr'>officii,</span> <span class='ocrx_word' id='word_1_80' title='bbox 2353 948 2418 999; x_wconf 90' lang='lat' dir='ltr'>ut</span> <span class='ocrx_word' id='word_1_81' title='bbox 2450 942 2732 1000; x_wconf 87' lang='lat' dir='ltr'>Dominus</span> <span class='ocrx_word' id='word_1_82' title='bbox 2762 963 2794 1002; x_wconf 92' lang='lat' dir='ltr'>e</span> 
     </span>
     <span class='ocr_line' id='line_1_8' title="bbox 379 1019 2794 1098; baseline 0.002 -21"><span class='ocrx_word' id='word_1_83' title='bbox 379 1019 543 1093; x_wconf 76' lang='lat' dir='ltr'>coelo,</span> <span class='ocrx_word' id='word_1_84' title='bbox 575 1019 796 1076; x_wconf 90' lang='lat' dir='ltr'>homini</span> <span class='ocrx_word' id='word_1_85' title='bbox 837 1019 995 1077; x_wconf 89' lang='lat' dir='ltr'>nudo</span> <span class='ocrx_word' id='word_1_86' title='bbox 1036 1028 1095 1077; x_wconf 92' lang='lat' dir='ltr'>et</span> <span class='ocrx_word' id='word_1_87' title='bbox 1136 1019 1387 1093; x_wconf 89' lang='lat' dir='ltr'>animali,</span> <span class='ocrx_word' id='word_1_88' title='bbox 1432 1028 1497 1077; x_wconf 89' lang='lat' dir='ltr'>ut</span> <span class='ocrx_word' id='word_1_89' title='bbox 1525 1029 1693 1078; x_wconf 83' lang='lat' dir='ltr'>autor</span> <span class='ocrx_word' id='word_1_90' title='bbox 1725 1019 1969 1096; x_wconf 71' lang='lat' dir='ltr'>justitiae</span> <span class='ocrx_word' id='word_1_91' title='bbox 1998 1030 2057 1079; x_wconf 92' lang='lat' dir='ltr'>et</span> <span class='ocrx_word' id='word_1_92' title='bbox 2087 1019 2239 1095; x_wconf 80' lang='lat' dir='ltr'>vitae,</span> <span class='ocrx_word' id='word_1_93' title='bbox 2272 1021 2458 1078; x_wconf 86' lang='lat' dir='ltr'>autori</span> <span class='ocrx_word' id='word_1_94' title='bbox 2486 1023 2707 1098; x_wconf 85' lang='lat' dir='ltr'>peccati</span> <span class='ocrx_word' id='word_1_95' title='bbox 2736 1032 2794 1081; x_wconf 88' lang='lat' dir='ltr'>et</span> 
     </span>
     <span class='ocr_line' id='line_1_9' title="bbox 377 1099 598 1157; baseline 0.005 -2"><span class='ocrx_word' id='word_1_96' title='bbox 377 1099 598 1157; x_wconf 79' lang='lat' dir='ltr'>mortiS.</span> 
     </span>
    </p>

    <p class='ocr_par' dir='ltr' id='par_1_3' title="bbox 374 1179 2793 2196">
     <span class='ocr_line' id='line_1_10' title="bbox 462 1179 2787 1254; baseline 0.002 -18"><span class='ocrx_word' id='word_1_97' title='bbox 462 1179 616 1237; x_wconf 87' lang='lat' dir='ltr'><strong>XII.</strong></span> <span class='ocrx_word' id='word_1_98' title='bbox 661 1179 978 1237; x_wconf 76' lang='lat' dir='ltr'>Similitudo</span> <span class='ocrx_word' id='word_1_99' title='bbox 1007 1179 1120 1236; x_wconf 90' lang='lat' dir='ltr'>alia</span> <span class='ocrx_word' id='word_1_100' title='bbox 1142 1187 1229 1236; x_wconf 89' lang='lat' dir='ltr'>est</span> <span class='ocrx_word' id='word_1_101' title='bbox 1252 1188 1498 1236; x_wconf 75' lang='lat' dir='ltr'>externoe</span> <span class='ocrx_word' id='word_1_102' title='bbox 1519 1179 1871 1254; x_wconf 80' lang='lat' dir='ltr'>apparentiae</span> <span class='ocrx_word' id='word_1_103' title='bbox 1891 1186 2132 1254; x_wconf 87' lang='lat' dir='ltr'>tantum,</span> <span class='ocrx_word' id='word_1_104' title='bbox 2158 1179 2270 1237; x_wconf 88' lang='lat' dir='ltr'>alia</span> <span class='ocrx_word' id='word_1_105' title='bbox 2294 1199 2432 1238; x_wconf 88' lang='lat' dir='ltr'>vero</span> <span class='ocrx_word' id='word_1_106' title='bbox 2451 1180 2683 1238; x_wconf 64' lang='lat' dir='ltr'>internae</span> <span class='ocrx_word' id='word_1_107' title='bbox 2704 1203 2787 1240; x_wconf 85' lang='lat' dir='ltr'>ve·</span> 
     </span>
     <span class='ocr_line' id='line_1_11' title="bbox 379 1258 2789 1335; baseline 0.002 -20"><span class='ocrx_word' id='word_1_108' title='bbox 379 1259 580 1332; x_wconf 78' lang='lat' dir='ltr'>ritatis,</span> <span class='ocrx_word' id='word_1_109' title='bbox 613 1267 671 1317; x_wconf 91' lang='lat' dir='ltr'>et</span> <span class='ocrx_word' id='word_1_110' title='bbox 699 1258 1044 1316; x_wconf 80' lang='lat' dir='ltr'>naturalium</span> <span class='ocrx_word' id='word_1_111' title='bbox 1089 1259 1522 1335; x_wconf 89' lang='lat' dir='ltr'>proprietatum.</span> <span class='ocrx_word' id='word_1_112' title='bbox 1610 1259 1873 1316; x_wconf 89' lang='lat' dir='ltr'>Christus</span> <span class='ocrx_word' id='word_1_113' title='bbox 1915 1259 2126 1317; x_wconf 89' lang='lat' dir='ltr'>dicitur</span> <span class='ocrx_word' id='word_1_114' title='bbox 2167 1259 2352 1318; x_wconf 88' lang='lat' dir='ltr'>factus</span> <span class='ocrx_word' id='word_1_115' title='bbox 2388 1261 2445 1317; x_wconf 81' lang='lat' dir='ltr'>in</span> <span class='ocrx_word' id='word_1_116' title='bbox 2477 1261 2789 1319; x_wconf 77' lang='lat' dir='ltr'>similitudi-</span> 
     </span>
     <span class='ocr_line' id='line_1_12' title="bbox 378 1338 2793 1414; baseline 0.001 -18"><span class='ocrx_word' id='word_1_117' title='bbox 378 1360 503 1396; x_wconf 79' lang='lat' dir='ltr'>nem</span> <span class='ocrx_word' id='word_1_118' title='bbox 546 1339 796 1411; x_wconf 72' lang='lat' dir='ltr'>hominis,</span> <span class='ocrx_word' id='word_1_119' title='bbox 831 1339 981 1396; x_wconf 89' lang='lat' dir='ltr'>Phil.</span> <span class='ocrx_word' id='word_1_120' title='bbox 1015 1339 1071 1396; x_wconf 89' lang='lat' dir='ltr'>ii.</span> <span class='ocrx_word' id='word_1_121' title='bbox 1105 1343 1157 1412; x_wconf 84' lang='lat'>7,</span> <span class='ocrx_word' id='word_1_122' title='bbox 1183 1358 1298 1395; x_wconf 91' lang='lat' dir='ltr'>non</span> <span class='ocrx_word' id='word_1_123' title='bbox 1341 1339 1533 1414; x_wconf 85' lang='lat' dir='ltr'>priori,</span> <span class='ocrx_word' id='word_1_124' title='bbox 1567 1338 1670 1396; x_wconf 87' lang='lat' dir='ltr'>sed</span> <span class='ocrx_word' id='word_1_125' title='bbox 1697 1338 2000 1414; x_wconf 82' lang='lat' dir='ltr'>posteriori</span> <span class='ocrx_word' id='word_1_126' title='bbox 2043 1358 2232 1414; x_wconf 90' lang='lat' dir='ltr'>sensu,</span> <span class='ocrx_word' id='word_1_127' title='bbox 2266 1348 2329 1397; x_wconf 91' lang='lat' dir='ltr'>ut</span> <span class='ocrx_word' id='word_1_128' title='bbox 2360 1339 2551 1396; x_wconf 84' lang='lat' dir='ltr'>Adam</span> <span class='ocrx_word' id='word_1_129' title='bbox 2582 1340 2793 1400; x_wconf 85' lang='lat' dir='ltr'>dicitur</span> 
     </span>
     <span class='ocr_line' id='line_1_13' title="bbox 379 1418 2792 1494; baseline 0.001 -17"><span class='ocrx_word' id='word_1_130' title='bbox 379 1419 648 1494; x_wconf 84' lang='lat' dir='ltr'>genuisse</span> <span class='ocrx_word' id='word_1_131' title='bbox 711 1418 950 1476; x_wconf 87' lang='lat' dir='ltr'>Sethum</span> <span class='ocrx_word' id='word_1_132' title='bbox 1006 1418 1081 1476; x_wconf 89' lang='lat' dir='ltr'>ad</span> <span class='ocrx_word' id='word_1_133' title='bbox 1138 1418 1570 1476; x_wconf 88' lang='lat' dir='ltr'>similitudinem</span> <span class='ocrx_word' id='word_1_134' title='bbox 1624 1438 1804 1492; x_wconf 87' lang='lat' dir='ltr'>suam,</span> <span class='ocrx_word' id='word_1_135' title='bbox 1842 1418 1989 1476; x_wconf 88' lang='lat' dir='ltr'>Gen.</span> <span class='ocrx_word' id='word_1_136' title='bbox 2030 1439 2087 1476; x_wconf 91' lang='lat' dir='ltr'>v.</span> <span class='ocrx_word' id='word_1_137' title='bbox 2120 1422 2174 1477; x_wconf 89' lang='lat'>3.</span> <span class='ocrx_word' id='word_1_138' title='bbox 2263 1420 2340 1477; x_wconf 90' lang='lat' dir='ltr'>Et</span> <span class='ocrx_word' id='word_1_139' title='bbox 2393 1420 2551 1477; x_wconf 89' lang='lat' dir='ltr'>Elias</span> <span class='ocrx_word' id='word_1_140' title='bbox 2581 1420 2792 1479; x_wconf 87' lang='lat' dir='ltr'>dicitur</span> 
     </span>
     <span class='ocr_line' id='line_1_14' title="bbox 378 1498 2788 1575; baseline 0.001 -19"><span class='ocrx_word' id='word_1_141' title='bbox 378 1501 670 1574; x_wconf 69' lang='grc' dir='ltr'><strong><em>ὅμωοπαθὺς</em></strong></span> <span class='ocrx_word' id='word_1_142' title='bbox 725 1500 851 1573; x_wconf 66' lang='grc' dir='ltr'><strong>ὑμῖν,</strong></span> <span class='ocrx_word' id='word_1_143' title='bbox 900 1498 944 1557; x_wconf 89' lang='lat' dir='ltr'>J</span> <span class='ocrx_word' id='word_1_144' title='bbox 946 1519 1031 1557; x_wconf 91' lang='lat' dir='ltr'>ac.</span> <span class='ocrx_word' id='word_1_145' title='bbox 1082 1518 1138 1557; x_wconf 92' lang='lat' dir='ltr'>v.</span> <span class='ocrx_word' id='word_1_146' title='bbox 1198 1502 1288 1572; x_wconf 82' lang='lat'>17,</span> <span class='ocrx_word' id='word_1_147' title='bbox 1321 1498 1419 1574; x_wconf 90' lang='lat' dir='ltr'>qui</span> <span class='ocrx_word' id='word_1_148' title='bbox 1449 1506 1641 1557; x_wconf 89' lang='lat' dir='ltr'>tamen</span> <span class='ocrx_word' id='word_1_149' title='bbox 1671 1518 1807 1556; x_wconf 86' lang='lat' dir='ltr'>vere</span> <span class='ocrx_word' id='word_1_150' title='bbox 1837 1507 1895 1556; x_wconf 86' lang='lat' dir='ltr'>et</span> <span class='ocrx_word' id='word_1_151' title='bbox 1923 1518 2035 1555; x_wconf 90' lang='lat' dir='ltr'>non</span> <span class='ocrx_word' id='word_1_152' title='bbox 2067 1508 2407 1575; x_wconf 79' lang='lat' dir='ltr'>apparenter</span> <span class='ocrx_word' id='word_1_153' title='bbox 2435 1508 2660 1558; x_wconf 89' lang='lat' dir='ltr'>tantum</span> <span class='ocrx_word' id='word_1_154' title='bbox 2690 1501 2788 1558; x_wconf 86' lang='lat' dir='ltr'>ha-</span> 
     </span>
     <span class='ocr_line' id='line_1_15' title="bbox 378 1577 2791 1656; baseline 0.001 -20"><span class='ocrx_word' id='word_1_155' title='bbox 378 1579 502 1638; x_wconf 90' lang='lat' dir='ltr'>buit</span> <span class='ocrx_word' id='word_1_156' title='bbox 524 1580 762 1638; x_wconf 81' lang='lat' dir='ltr'>affectus</span> <span class='ocrx_word' id='word_1_157' title='bbox 785 1579 1085 1636; x_wconf 88' lang='lat' dir='ltr'>humanos.</span> <span class='ocrx_word' id='word_1_158' title='bbox 1172 1578 1250 1636; x_wconf 90' lang='lat' dir='ltr'>Et</span> <span class='ocrx_word' id='word_1_159' title='bbox 1279 1579 1327 1636; x_wconf 92' lang='lat' dir='ltr'>si</span> <span class='ocrx_word' id='word_1_160' title='bbox 1358 1577 1621 1636; x_wconf 88' lang='lat' dir='ltr'>Christus</span> <span class='ocrx_word' id='word_1_161' title='bbox 1644 1578 1854 1637; x_wconf 89' lang='lat' dir='ltr'>dicitur</span> <span class='ocrx_word' id='word_1_162' title='bbox 1883 1581 2111 1654; x_wconf 69' lang='grc' dir='ltr'>σχήματι</span> <span class='ocrx_word' id='word_1_163' title='bbox 2141 1600 2241 1636; x_wconf 88' lang='lat' dir='ltr'>scu</span> <span class='ocrx_word' id='word_1_164' title='bbox 2271 1580 2456 1636; x_wconf 77' lang='lat' dir='ltr'>habitu</span> <span class='ocrx_word' id='word_1_165' title='bbox 2479 1583 2791 1656; x_wconf 68' lang='lat' dir='ltr'>compertus</span> 
     </span>
     <span class='ocr_line' id='line_1_16' title="bbox 379 1658 2790 1736; baseline 0.001 -21"><span class='ocrx_word' id='word_1_166' title='bbox 379 1669 440 1715; x_wconf 78' lang='lat' dir='ltr'>ut</span> <span class='ocrx_word' id='word_1_167' title='bbox 465 1661 625 1717; x_wconf 78' lang='lat' dir='ltr'>homo</span> <span class='ocrx_word' id='word_1_168' title='bbox 679 1659 911 1731; x_wconf 86' lang='lat' dir='ltr'>ibidem,</span> <span class='ocrx_word' id='word_1_169' title='bbox 944 1678 1059 1716; x_wconf 91' lang='lat' dir='ltr'>non</span> <span class='ocrx_word' id='word_1_170' title='bbox 1103 1669 1404 1735; x_wconf 90' lang='lat' dir='ltr'>propterea</span> <span class='ocrx_word' id='word_1_171' title='bbox 1441 1667 1688 1734; x_wconf 87' lang='lat' dir='ltr'>negatur</span> <span class='ocrx_word' id='word_1_172' title='bbox 1725 1658 1938 1716; x_wconf 85' lang='lat' dir='ltr'>veritas</span> <span class='ocrx_word' id='word_1_173' title='bbox 1969 1670 2187 1716; x_wconf 81' lang='lat' dir='ltr'>naturae</span> <span class='ocrx_word' id='word_1_174' title='bbox 2217 1658 2480 1715; x_wconf 74' lang='lat' dir='ltr'>humanae</span> <span class='ocrx_word' id='word_1_175' title='bbox 2511 1661 2652 1736; x_wconf 77' lang='lat' dir='ltr'>ejuS,</span> <span class='ocrx_word' id='word_1_176' title='bbox 2687 1661 2790 1718; x_wconf 90' lang='lat' dir='ltr'>scd</span> 
     </span>
     <span class='ocr_line' id='line_1_17' title="bbox 376 1737 2789 1815; baseline 0 -20"><span class='ocrx_word' id='word_1_177' title='bbox 376 1738 585 1797; x_wconf 87' lang='lat' dir='ltr'>fortius</span> <span class='ocrx_word' id='word_1_178' title='bbox 612 1738 1008 1815; x_wconf 85' lang='lat' dir='ltr'>adstringitur,</span> <span class='ocrx_word' id='word_1_179' title='bbox 1041 1739 1177 1815; x_wconf 87' lang='lat' dir='ltr'>quia</span> <span class='ocrx_word' id='word_1_180' title='bbox 1204 1737 1350 1796; x_wconf 89' lang='lat' dir='ltr'>illud</span> <span class='ocrx_word' id='word_1_181' title='bbox 1378 1738 1454 1812; x_wconf 70' lang='grc' dir='ltr'>ὥς,</span> <span class='ocrx_word' id='word_1_182' title='bbox 1487 1758 1602 1796; x_wconf 89' lang='lat' dir='ltr'>non</span> <span class='ocrx_word' id='word_1_183' title='bbox 1633 1747 1723 1796; x_wconf 90' lang='lat' dir='ltr'>est</span> <span class='ocrx_word' id='word_1_184' title='bbox 1752 1746 1973 1796; x_wconf 86' lang='lat' dir='ltr'>tantum</span> <span class='ocrx_word' id='word_1_185' title='bbox 2005 1738 2414 1810; x_wconf 79' lang='lat' dir='ltr'>similitudinis,</span> <span class='ocrx_word' id='word_1_186' title='bbox 2448 1739 2550 1796; x_wconf 88' lang='lat' dir='ltr'>sed</span> <span class='ocrx_word' id='word_1_187' title='bbox 2578 1740 2789 1797; x_wconf 85' lang='lat' dir='ltr'>verita-</span> 
     </span>
     <span class='ocr_line' id='line_1_18' title="bbox 375 1817 2791 1896; baseline -0 -19"><span class='ocrx_word' id='word_1_188' title='bbox 375 1819 467 1893; x_wconf 89' lang='lat' dir='ltr'>tis,</span> <span class='ocrx_word' id='word_1_189' title='bbox 513 1829 576 1877; x_wconf 91' lang='lat' dir='ltr'>ut</span> <span class='ocrx_word' id='word_1_190' title='bbox 619 1839 769 1896; x_wconf 90' lang='lat' dir='ltr'>saepe</span> <span class='ocrx_word' id='word_1_191' title='bbox 799 1819 953 1892; x_wconf 87' lang='lat' dir='ltr'>alibi,</span> <span class='ocrx_word' id='word_1_192' title='bbox 985 1818 1124 1877; x_wconf 84' lang='lat' dir='ltr'>Joh.</span> <span class='ocrx_word' id='word_1_193' title='bbox 1155 1819 1192 1876; x_wconf 88' lang='lat' dir='ltr'>i.</span> <span class='ocrx_word' id='word_1_194' title='bbox 1229 1821 1319 1893; x_wconf 79' lang='lat'>14,</span> <span class='ocrx_word' id='word_1_195' title='bbox 1352 1822 1387 1876; x_wconf 85' lang='lat'>2</span> <span class='ocrx_word' id='word_1_196' title='bbox 1421 1819 1549 1876; x_wconf 89' lang='lat' dir='ltr'>Cor.</span> <span class='ocrx_word' id='word_1_197' title='bbox 1579 1817 1661 1876; x_wconf 90' lang='lat' dir='ltr'>iii.</span> <span class='ocrx_word' id='word_1_198' title='bbox 1698 1820 1788 1876; x_wconf 83' lang='lat'>18.</span> <span class='ocrx_word' id='word_1_199' title='bbox 1896 1818 2017 1876; x_wconf 86' lang='lat' dir='ltr'>Nec</span> <span class='ocrx_word' id='word_1_200' title='bbox 2061 1818 2110 1876; x_wconf 87' lang='lat' dir='ltr'>si</span> <span class='ocrx_word' id='word_1_201' title='bbox 2138 1826 2464 1893; x_wconf 88' lang='lat' dir='ltr'>compertus</span> <span class='ocrx_word' id='word_1_202' title='bbox 2492 1818 2703 1877; x_wconf 87' lang='lat' dir='ltr'>dicitur</span> <span class='ocrx_word' id='word_1_203' title='bbox 2731 1819 2791 1876; x_wconf 91' lang='lat' dir='ltr'>in</span> 
     </span>
     <span class='ocr_line' id='line_1_19' title="bbox 378 1898 2791 1974; baseline 0 -19"><span class='ocrx_word' id='word_1_204' title='bbox 378 1899 581 1957; x_wconf 88' lang='lat' dir='ltr'>habitu</span> <span class='ocrx_word' id='word_1_205' title='bbox 623 1910 879 1971; x_wconf 86' lang='lat' dir='ltr'>extern0,</span> <span class='ocrx_word' id='word_1_206' title='bbox 925 1907 990 1956; x_wconf 89' lang='lat' dir='ltr'>ut</span> <span class='ocrx_word' id='word_1_207' title='bbox 1030 1899 1203 1956; x_wconf 91' lang='lat' dir='ltr'>homo</span> <span class='ocrx_word' id='word_1_208' title='bbox 1243 1918 1453 1972; x_wconf 78' lang='lat' dir='ltr'>meruS,</span> <span class='ocrx_word' id='word_1_209' title='bbox 1499 1904 1556 1955; x_wconf 90' lang='lat' dir='ltr'>et</span> <span class='ocrx_word' id='word_1_210' title='bbox 1597 1907 1867 1974; x_wconf 87' lang='lat' dir='ltr'>peccator</span> <span class='ocrx_word' id='word_1_211' title='bbox 1906 1918 2024 1955; x_wconf 95' lang='lat' dir='ltr'>non</span> <span class='ocrx_word' id='word_1_212' title='bbox 2067 1918 2231 1955; x_wconf 88' lang='lat' dir='ltr'>secus</span> <span class='ocrx_word' id='word_1_213' title='bbox 2274 1918 2339 1955; x_wconf 86' lang='lat' dir='ltr'>ac</span> <span class='ocrx_word' id='word_1_214' title='bbox 2383 1898 2499 1972; x_wconf 90' lang='lat' dir='ltr'>alii,</span> <span class='ocrx_word' id='word_1_215' title='bbox 2544 1908 2791 1974; x_wconf 87' lang='lat' dir='ltr'>negatur</span> 
     </span>
     <span class='ocr_line' id='line_1_20' title="bbox 377 1977 2785 2055; baseline 0 -20"><span class='ocrx_word' id='word_1_216' title='bbox 377 1978 555 2037; x_wconf 85' lang='lat' dir='ltr'>fuisse</span> <span class='ocrx_word' id='word_1_217' title='bbox 604 1999 805 2037; x_wconf 86' lang='lat' dir='ltr'>verum</span> <span class='ocrx_word' id='word_1_218' title='bbox 847 1978 1139 2036; x_wconf 87' lang='lat' dir='ltr'>hominem</span> <span class='ocrx_word' id='word_1_219' title='bbox 1181 1978 1372 2055; x_wconf 90' lang='lat' dir='ltr'>quoad</span> <span class='ocrx_word' id='word_1_220' title='bbox 1414 1977 1775 2036; x_wconf 83' lang='lat' dir='ltr'>identitatem</span> <span class='ocrx_word' id='word_1_221' title='bbox 1818 1986 2056 2036; x_wconf 77' lang='lat' dir='ltr'>naturae.</span> <span class='ocrx_word' id='word_1_222' title='bbox 2142 1978 2408 2054; x_wconf 89' lang='lat' dir='ltr'>Denique</span> <span class='ocrx_word' id='word_1_223' title='bbox 2447 1978 2577 2054; x_wconf 89' lang='lat' dir='ltr'>quis</span> <span class='ocrx_word' id='word_1_224' title='bbox 2604 1977 2785 2036; x_wconf 89' lang='lat' dir='ltr'>homi·</span> 
     </span>
     <span class='ocr_line' id='line_1_21' title="bbox 374 2057 2788 2135; baseline 0 -20"><span class='ocrx_word' id='word_1_225' title='bbox 374 2078 507 2116; x_wconf 90' lang='lat' dir='ltr'>nem</span> <span class='ocrx_word' id='word_1_226' title='bbox 550 2059 726 2116; x_wconf 89' lang='lat' dir='ltr'>fuisse</span> <span class='ocrx_word' id='word_1_227' title='bbox 765 2067 955 2135; x_wconf 86' lang='lat' dir='ltr'>neget,</span> <span class='ocrx_word' id='word_1_228' title='bbox 988 2058 1085 2134; x_wconf 91' lang='lat' dir='ltr'>qui</span> <span class='ocrx_word' id='word_1_229' title='bbox 1109 2059 1308 2117; x_wconf 88' lang='lat' dir='ltr'>habitu</span> <span class='ocrx_word' id='word_1_230' title='bbox 1338 2057 1448 2116; x_wconf 87' lang='lat' dir='ltr'>fuit</span> <span class='ocrx_word' id='word_1_231' title='bbox 1476 2066 1805 2134; x_wconf 87' lang='lat' dir='ltr'>compertus</span> <span class='ocrx_word' id='word_1_232' title='bbox 1833 2067 1898 2115; x_wconf 92' lang='lat' dir='ltr'>ut</span> <span class='ocrx_word' id='word_1_233' title='bbox 1925 2059 2115 2134; x_wconf 89' lang='lat' dir='ltr'>h01n0,</span> <span class='ocrx_word' id='word_1_234' title='bbox 2148 2068 2206 2116; x_wconf 88' lang='lat' dir='ltr'>et</span> <span class='ocrx_word' id='word_1_235' title='bbox 2233 2078 2294 2116; x_wconf 91' lang='lat' dir='ltr'>sc</span> <span class='ocrx_word' id='word_1_236' title='bbox 2325 2078 2507 2134; x_wconf 89' lang='lat' dir='ltr'>usque</span> <span class='ocrx_word' id='word_1_237' title='bbox 2535 2057 2610 2115; x_wconf 86' lang='lat' dir='ltr'>ad</span> <span class='ocrx_word' id='word_1_238' title='bbox 2638 2078 2788 2116; x_wconf 92' lang='lat' dir='ltr'>mor-</span> 
     </span>
     <span class='ocr_line' id='line_1_22' title="bbox 374 2138 801 2196; baseline -0.005 0"><span class='ocrx_word' id='word_1_239' title='bbox 374 2147 491 2196; x_wconf 85' lang='lat' dir='ltr'>tem</span> <span class='ocrx_word' id='word_1_240' title='bbox 522 2138 801 2196; x_wconf 76' lang='lat' dir='ltr'>demisit?</span> 
     </span>
    </p>

    <p class='ocr_par' dir='ltr' id='par_1_4' title="bbox 374 2216 2789 2595">
     <span class='ocr_line' id='line_1_23' title="bbox 457 2216 2787 2295; baseline 0 -20"><span class='ocrx_word' id='word_1_241' title='bbox 457 2219 648 2277; x_wconf 88' lang='lat' dir='ltr'>XIII.</span> <span class='ocrx_word' id='word_1_242' title='bbox 695 2223 764 2274; x_wconf 71' lang='grc' dir='ltr'>Τὸ</span> <span class='ocrx_word' id='word_1_243' title='bbox 788 2216 1030 2292; x_wconf 68' lang='grc' dir='ltr'>ἇμοοῦσ-ιον</span> <span class='ocrx_word' id='word_1_244' title='bbox 1059 2217 1271 2275; x_wconf 81' lang='lat' dir='ltr'>Christi</span> <span class='ocrx_word' id='word_1_245' title='bbox 1293 2217 1592 2275; x_wconf 89' lang='lat' dir='ltr'>nobiscum</span> <span class='ocrx_word' id='word_1_246' title='bbox 1618 2217 1882 2276; x_wconf 82' lang='lat' dir='ltr'>consistit</span> <span class='ocrx_word' id='word_1_247' title='bbox 1908 2217 1969 2275; x_wconf 90' lang='lat' dir='ltr'>in</span> <span class='ocrx_word' id='word_1_248' title='bbox 1997 2217 2298 2277; x_wconf 88' lang='lat' dir='ltr'>identitate</span> <span class='ocrx_word' id='word_1_249' title='bbox 2326 2225 2562 2291; x_wconf 82' lang='lat' dir='ltr'>naturae,</span> <span class='ocrx_word' id='word_1_250' title='bbox 2583 2225 2642 2276; x_wconf 90' lang='lat' dir='ltr'>et</span> <span class='ocrx_word' id='word_1_251' title='bbox 2658 2239 2787 2295; x_wconf 90' lang='lat' dir='ltr'>pro-</span> 
     </span>
     <span class='ocr_line' id='line_1_24' title="bbox 374 2297 2785 2375; baseline 0.001 -22"><span class='ocrx_word' id='word_1_252' title='bbox 374 2297 680 2373; x_wconf 86' lang='lat' dir='ltr'>prietatum</span> <span class='ocrx_word' id='word_1_253' title='bbox 725 2298 1134 2371; x_wconf 85' lang='lat' dir='ltr'>essentialium,</span> <span class='ocrx_word' id='word_1_254' title='bbox 1167 2316 1284 2354; x_wconf 89' lang='lat' dir='ltr'>non</span> <span class='ocrx_word' id='word_1_255' title='bbox 1325 2317 1463 2354; x_wconf 90' lang='lat' dir='ltr'>vero</span> <span class='ocrx_word' id='word_1_256' title='bbox 1507 2297 1566 2353; x_wconf 90' lang='lat' dir='ltr'>in</span> <span class='ocrx_word' id='word_1_257' title='bbox 1609 2298 1997 2356; x_wconf 71' lang='lat' dir='ltr'>subsistentiae</span> <span class='ocrx_word' id='word_1_258' title='bbox 2027 2299 2246 2357; x_wconf 90' lang='lat' dir='ltr'>ratione</span> <span class='ocrx_word' id='word_1_259' title='bbox 2275 2319 2403 2375; x_wconf 83' lang='lat' dir='ltr'>quae</span> <span class='ocrx_word' id='word_1_260' title='bbox 2432 2304 2650 2356; x_wconf 73' lang='lat' dir='ltr'>naturae</span> <span class='ocrx_word' id='word_1_261' title='bbox 2681 2299 2785 2355; x_wconf 91' lang='lat' dir='ltr'>hu-</span> 
     </span>
     <span class='ocr_line' id='line_1_25' title="bbox 376 2376 2789 2454; baseline 0.002 -21"><span class='ocrx_word' id='word_1_262' title='bbox 376 2397 560 2434; x_wconf 84' lang='lat' dir='ltr'>manae</span> <span class='ocrx_word' id='word_1_263' title='bbox 590 2377 809 2450; x_wconf 88' lang='lat' dir='ltr'>defuit;</span> <span class='ocrx_word' id='word_1_264' title='bbox 855 2376 964 2434; x_wconf 88' lang='lat' dir='ltr'>suit</span> <span class='ocrx_word' id='word_1_265' title='bbox 992 2397 1130 2453; x_wconf 88' lang='lat' dir='ltr'>ergo</span> <span class='ocrx_word' id='word_1_266' title='bbox 1160 2387 1365 2435; x_wconf 86' lang='lat' dir='ltr'>natura</span> <span class='ocrx_word' id='word_1_267' title='bbox 1383 2377 1635 2434; x_wconf 89' lang='lat' dir='ltr'>humana</span> <span class='ocrx_word' id='word_1_268' title='bbox 1659 2377 1871 2436; x_wconf 90' lang='lat' dir='ltr'>Christi</span> <span class='ocrx_word' id='word_1_269' title='bbox 1903 2379 2214 2454; x_wconf 88' lang='lat' dir='ltr'>singularis</span> <span class='ocrx_word' id='word_1_270' title='bbox 2245 2378 2529 2454; x_wconf 89' lang='lat' dir='ltr'>completa</span> <span class='ocrx_word' id='word_1_271' title='bbox 2546 2378 2789 2454; x_wconf 86' lang='lat' dir='ltr'>physice</span> 
     </span>
     <span class='ocr_line' id='line_1_26' title="bbox 374 2456 2789 2536; baseline 0.002 -23"><span class='ocrx_word' id='word_1_272' title='bbox 374 2457 433 2513; x_wconf 92' lang='lat' dir='ltr'>in</span> <span class='ocrx_word' id='word_1_273' title='bbox 465 2477 591 2515; x_wconf 89' lang='lat' dir='ltr'>esse</span> <span class='ocrx_word' id='word_1_274' title='bbox 622 2456 975 2530; x_wconf 80' lang='lat' dir='ltr'>substantiae,</span> <span class='ocrx_word' id='word_1_275' title='bbox 1008 2467 1065 2515; x_wconf 87' lang='lat' dir='ltr'>et</span> <span class='ocrx_word' id='word_1_276' title='bbox 1093 2456 1284 2533; x_wconf 90' lang='lat' dir='ltr'>quoad</span> <span class='ocrx_word' id='word_1_277' title='bbox 1312 2466 1504 2533; x_wconf 85' lang='lat' dir='ltr'>partes</span> <span class='ocrx_word' id='word_1_278' title='bbox 1533 2457 1864 2534; x_wconf 80' lang='lat' dir='ltr'>integraleS,</span> <span class='ocrx_word' id='word_1_279' title='bbox 1899 2459 1999 2516; x_wconf 89' lang='lat' dir='ltr'>sed</span> <span class='ocrx_word' id='word_1_280' title='bbox 2031 2479 2146 2516; x_wconf 89' lang='lat' dir='ltr'>non</span> <span class='ocrx_word' id='word_1_281' title='bbox 2175 2458 2567 2536; x_wconf 86' lang='lat' dir='ltr'>metaphysice</span> <span class='ocrx_word' id='word_1_282' title='bbox 2596 2458 2789 2534; x_wconf 89' lang='lat' dir='ltr'>quoad</span> 
     </span>
     <span class='ocr_line' id='line_1_27' title="bbox 375 2536 1012 2595; baseline 0.002 -1"><span class='ocrx_word' id='word_1_283' title='bbox 375 2537 730 2595; x_wconf 87' lang='lat' dir='ltr'>subsistendi</span> <span class='ocrx_word' id='word_1_284' title='bbox 759 2536 1012 2595; x_wconf 90' lang='lat' dir='ltr'>modum.</span> 
     </span>
    </p>

    <p class='ocr_par' dir='ltr' id='par_1_5' title="bbox 369 2617 2790 3409">
     <span class='ocr_line' id='line_1_28' title="bbox 456 2617 2786 2695; baseline 0.001 -19"><span class='ocrx_word' id='word_1_285' title='bbox 456 2619 636 2678; x_wconf 87' lang='lat' dir='ltr'>XIV.</span> <span class='ocrx_word' id='word_1_286' title='bbox 683 2618 847 2676; x_wconf 89' lang='lat' dir='ltr'>Idem</span> <span class='ocrx_word' id='word_1_287' title='bbox 877 2618 977 2695; x_wconf 92' lang='lat' dir='ltr'>qui</span> <span class='ocrx_word' id='word_1_288' title='bbox 1006 2627 1138 2694; x_wconf 88' lang='lat' dir='ltr'>post</span> <span class='ocrx_word' id='word_1_289' title='bbox 1166 2617 1640 2677; x_wconf 84' lang='lat' dir='ltr'>resurrectionem</span> <span class='ocrx_word' id='word_1_290' title='bbox 1671 2617 1730 2675; x_wconf 90' lang='lat' dir='ltr'>in</span> <span class='ocrx_word' id='word_1_291' title='bbox 1760 2619 1969 2677; x_wconf 87' lang='lat' dir='ltr'>coelum</span> <span class='ocrx_word' id='word_1_292' title='bbox 2000 2619 2276 2693; x_wconf 87' lang='lat' dir='ltr'>ascendit,</span> <span class='ocrx_word' id='word_1_293' title='bbox 2308 2619 2684 2680; x_wconf 87' lang='lat' dir='ltr'>descenderat</span> <span class='ocrx_word' id='word_1_294' title='bbox 2713 2619 2786 2678; x_wconf 90' lang='lat' dir='ltr'>de</span> 
     </span>
     <span class='ocr_line' id='line_1_29' title="bbox 372 2699 2784 2776; baseline 0 -20"><span class='ocrx_word' id='word_1_295' title='bbox 372 2700 536 2772; x_wconf 87' lang='lat' dir='ltr'>coelo,</span> <span class='ocrx_word' id='word_1_296' title='bbox 563 2699 709 2776; x_wconf 83' lang='lat' dir='ltr'>Eph.</span> <span class='ocrx_word' id='word_1_297' title='bbox 735 2699 813 2757; x_wconf 80' lang='lat' dir='ltr'>iv,</span> <span class='ocrx_word' id='word_1_298' title='bbox 839 2701 893 2771; x_wconf 87' lang='grc'>9,</span> <span class='ocrx_word' id='word_1_299' title='bbox 919 2699 1110 2776; x_wconf 88' lang='lat' dir='ltr'>quoad</span> <span class='ocrx_word' id='word_1_300' title='bbox 1136 2699 1468 2774; x_wconf 84' lang='lat' dir='ltr'>Personam,</span> <span class='ocrx_word' id='word_1_301' title='bbox 1498 2719 1615 2756; x_wconf 92' lang='lat' dir='ltr'>non</span> <span class='ocrx_word' id='word_1_302' title='bbox 1642 2699 1835 2775; x_wconf 89' lang='lat' dir='ltr'>quoad</span> <span class='ocrx_word' id='word_1_303' title='bbox 1857 2708 2157 2776; x_wconf 90' lang='lat' dir='ltr'>utramque</span> <span class='ocrx_word' id='word_1_304' title='bbox 2190 2701 2459 2758; x_wconf 79' lang='lat' dir='ltr'>Personae</span> <span class='ocrx_word' id='word_1_305' title='bbox 2483 2710 2745 2758; x_wconf 85' lang='lat' dir='ltr'>naturam</span> <span class='ocrx_word' id='word_1_306' title='bbox 2770 2723 2784 2775; x_wconf 89' lang='lat'>;</span> 
     </span>
     <span class='ocr_line' id='line_1_30' title="bbox 371 2778 2787 2861; baseline 0 -25"><span class='ocrx_word' id='word_1_307' title='bbox 371 2778 671 2838; x_wconf 85' lang='lat' dir='ltr'>descendit</span> <span class='ocrx_word' id='word_1_308' title='bbox 698 2801 813 2856; x_wconf 88' lang='lat' dir='ltr'>qua</span> <span class='ocrx_word' id='word_1_309' title='bbox 859 2779 1018 2851; x_wconf 69' lang='grc' dir='ltr'><em>Λέγος</em></span> <span class='ocrx_word' id='word_1_310' title='bbox 1060 2800 1163 2857; x_wconf 90' lang='lat' dir='ltr'>per</span> <span class='ocrx_word' id='word_1_311' title='bbox 1209 2779 1496 2857; x_wconf 85' lang='lat' dir='ltr'>insignem</span> <span class='ocrx_word' id='word_1_312' title='bbox 1540 2780 2077 2854; x_wconf 84' lang='lat' dir='ltr'>manifestationem,</span> <span class='ocrx_word' id='word_1_313' title='bbox 2110 2781 2370 2839; x_wconf 86' lang='lat' dir='ltr'>ascendit</span> <span class='ocrx_word' id='word_1_314' title='bbox 2407 2801 2521 2857; x_wconf 92' lang='lat' dir='ltr'>qua</span> <span class='ocrx_word' id='word_1_315' title='bbox 2547 2781 2787 2861; x_wconf 58' lang='lat' dir='ltr'>&amp;adroga-</span> 
     </span>
     <span class='ocr_line' id='line_1_31' title="bbox 369 2859 2788 2937; baseline 0.001 -21"><span class='ocrx_word' id='word_1_316' title='bbox 369 2886 478 2926; x_wconf 73' lang='grc' dir='ltr'><strong>πος,</strong></span> <span class='ocrx_word' id='word_1_317' title='bbox 525 2880 630 2917; x_wconf 89' lang='lat' dir='ltr'>nec</span> <span class='ocrx_word' id='word_1_318' title='bbox 673 2880 908 2919; x_wconf 87' lang='lat' dir='ltr'>necesse</span> <span class='ocrx_word' id='word_1_319' title='bbox 951 2870 1038 2918; x_wconf 89' lang='lat' dir='ltr'>est</span> <span class='ocrx_word' id='word_1_320' title='bbox 1080 2868 1145 2917; x_wconf 89' lang='lat' dir='ltr'>ut</span> <span class='ocrx_word' id='word_1_321' title='bbox 1179 2879 1452 2918; x_wconf 89' lang='lat' dir='ltr'>ascensus</span> <span class='ocrx_word' id='word_1_322' title='bbox 1504 2859 1849 2936; x_wconf 88' lang='lat' dir='ltr'>respondeat</span> <span class='ocrx_word' id='word_1_323' title='bbox 1898 2862 2131 2917; x_wconf 91' lang='lat' dir='ltr'>omnino</span> <span class='ocrx_word' id='word_1_324' title='bbox 2181 2860 2501 2934; x_wconf 87' lang='lat' dir='ltr'>descensui,</span> <span class='ocrx_word' id='word_1_325' title='bbox 2554 2874 2788 2937; x_wconf 89' lang='lat' dir='ltr'>propter</span> 
     </span>
     <span class='ocr_line' id='line_1_32' title="bbox 371 2939 2786 3016; baseline 0.001 -20"><span class='ocrx_word' id='word_1_326' title='bbox 371 2939 765 2997; x_wconf 87' lang='lat' dir='ltr'>diversitatem</span> <span class='ocrx_word' id='word_1_327' title='bbox 796 2941 1204 3015; x_wconf 89' lang='lat' dir='ltr'>subjectorum,</span> <span class='ocrx_word' id='word_1_328' title='bbox 1237 2960 1387 2997; x_wconf 90' lang='lat' dir='ltr'>unus</span> <span class='ocrx_word' id='word_1_329' title='bbox 1416 2959 1588 2996; x_wconf 89' lang='lat' dir='ltr'>verus</span> <span class='ocrx_word' id='word_1_330' title='bbox 1612 2948 1700 2996; x_wconf 85' lang='lat' dir='ltr'>est</span> <span class='ocrx_word' id='word_1_331' title='bbox 1729 2948 1786 2996; x_wconf 90' lang='lat' dir='ltr'>et</span> <span class='ocrx_word' id='word_1_332' title='bbox 1814 2939 2033 3014; x_wconf 89' lang='lat' dir='ltr'>localis,</span> <span class='ocrx_word' id='word_1_333' title='bbox 2065 2940 2210 2996; x_wconf 86' lang='lat' dir='ltr'>alter</span> <span class='ocrx_word' id='word_1_334' title='bbox 2236 2949 2459 2998; x_wconf 88' lang='lat' dir='ltr'>tantum</span> <span class='ocrx_word' id='word_1_335' title='bbox 2490 2940 2786 3016; x_wconf 88' lang='lat' dir='ltr'>metapho-</span> 
     </span>
     <span class='ocr_line' id='line_1_33' title="bbox 370 3017 2784 3094; baseline 0.001 -19"><span class='ocrx_word' id='word_1_336' title='bbox 370 3019 552 3091; x_wconf 85' lang='lat' dir='ltr'>ricus;</span> <span class='ocrx_word' id='word_1_337' title='bbox 641 3018 816 3075; x_wconf 78' lang='lat' dir='ltr'>Panis</span> <span class='ocrx_word' id='word_1_338' title='bbox 844 3019 943 3092; x_wconf 86' lang='lat' dir='ltr'>qui</span> <span class='ocrx_word' id='word_1_339' title='bbox 968 3038 997 3075; x_wconf 80' lang='lat' dir='ltr'>e</span> <span class='ocrx_word' id='word_1_340' title='bbox 1025 3021 1155 3074; x_wconf 86' lang='lat' dir='ltr'>coelo</span> <span class='ocrx_word' id='word_1_341' title='bbox 1175 3019 1454 3074; x_wconf 81' lang='lat' dir='ltr'>descendit</span> <span class='ocrx_word' id='word_1_342' title='bbox 1479 3037 1581 3093; x_wconf 91' lang='lat' dir='ltr'>per</span> <span class='ocrx_word' id='word_1_343' title='bbox 1602 3037 1814 3073; x_wconf 87' lang='lat' dir='ltr'>manna</span> <span class='ocrx_word' id='word_1_344' title='bbox 1842 3017 1979 3074; x_wconf 91' lang='lat' dir='ltr'>olim</span> <span class='ocrx_word' id='word_1_345' title='bbox 2010 3018 2401 3090; x_wconf 77' lang='lat' dir='ltr'>adumbratuS,</span> <span class='ocrx_word' id='word_1_346' title='bbox 2428 3019 2469 3076; x_wconf 87' lang='lat' dir='ltr'><strong>J</strong></span> <span class='ocrx_word' id='word_1_347' title='bbox 2474 3018 2567 3075; x_wconf 90' lang='lat' dir='ltr'>oh.</span> <span class='ocrx_word' id='word_1_348' title='bbox 2588 3020 2665 3075; x_wconf 92' lang='lat' dir='ltr'>vi.</span> <span class='ocrx_word' id='word_1_349' title='bbox 2688 3022 2784 3094; x_wconf 89' lang='lat'>33,</span> 
     </span>
     <span class='ocr_line' id='line_1_34' title="bbox 371 3096 2784 3171; baseline 0.001 -18"><span class='ocrx_word' id='word_1_350' title='bbox 371 3116 491 3153; x_wconf 89' lang='lat' dir='ltr'>non</span> <span class='ocrx_word' id='word_1_351' title='bbox 533 3096 823 3171; x_wconf 86' lang='lat' dir='ltr'>significat</span> <span class='ocrx_word' id='word_1_352' title='bbox 865 3105 1128 3153; x_wconf 89' lang='lat' dir='ltr'>naturam</span> <span class='ocrx_word' id='word_1_353' title='bbox 1170 3096 1480 3152; x_wconf 88' lang='lat' dir='ltr'>humanam</span> <span class='ocrx_word' id='word_1_354' title='bbox 1523 3096 1581 3151; x_wconf 93' lang='lat' dir='ltr'>in</span> <span class='ocrx_word' id='word_1_355' title='bbox 1613 3096 1920 3166; x_wconf 84' lang='lat' dir='ltr'>abstractO,</span> <span class='ocrx_word' id='word_1_356' title='bbox 1948 3096 2049 3152; x_wconf 87' lang='lat' dir='ltr'>sed</span> <span class='ocrx_word' id='word_1_357' title='bbox 2079 3115 2380 3170; x_wconf 89' lang='lat' dir='ltr'>personam</span> <span class='ocrx_word' id='word_1_358' title='bbox 2412 3096 2469 3152; x_wconf 90' lang='lat' dir='ltr'>in</span> <span class='ocrx_word' id='word_1_359' title='bbox 2500 3107 2784 3171; x_wconf 89' lang='lat' dir='ltr'>concreto,</span> 
     </span>
     <span class='ocr_line' id='line_1_35' title="bbox 373 3173 2786 3251; baseline 0 -19"><span class='ocrx_word' id='word_1_360' title='bbox 373 3195 502 3251; x_wconf 76' lang='lat' dir='ltr'>quae</span> <span class='ocrx_word' id='word_1_361' title='bbox 544 3173 717 3231; x_wconf 89' lang='lat' dir='ltr'>modo</span> <span class='ocrx_word' id='word_1_362' title='bbox 759 3175 893 3232; x_wconf 90' lang='lat' dir='ltr'>talis</span> <span class='ocrx_word' id='word_1_363' title='bbox 935 3174 1146 3231; x_wconf 87' lang='lat' dir='ltr'>dicitur</span> <span class='ocrx_word' id='word_1_364' title='bbox 1186 3174 1363 3232; x_wconf 89' lang='lat' dir='ltr'>relate</span> <span class='ocrx_word' id='word_1_365' title='bbox 1405 3173 1479 3230; x_wconf 87' lang='lat' dir='ltr'>ad</span> <span class='ocrx_word' id='word_1_366' title='bbox 1516 3181 1780 3231; x_wconf 88' lang='lat' dir='ltr'>naturam</span> <span class='ocrx_word' id='word_1_367' title='bbox 1811 3173 2085 3246; x_wconf 87' lang='lat' dir='ltr'>divinam,</span> <span class='ocrx_word' id='word_1_368' title='bbox 2111 3194 2289 3250; x_wconf 90' lang='lat' dir='ltr'>quum</span> <span class='ocrx_word' id='word_1_369' title='bbox 2319 3194 2349 3231; x_wconf 91' lang='lat' dir='ltr'>e</span> <span class='ocrx_word' id='word_1_370' title='bbox 2374 3174 2519 3231; x_wconf 88' lang='lat' dir='ltr'>coelo</span> <span class='ocrx_word' id='word_1_371' title='bbox 2549 3175 2786 3232; x_wconf 86' lang='lat' dir='ltr'>descen-</span> 
     </span>
     <span class='ocr_line' id='line_1_36' title="bbox 373 3252 2790 3330; baseline 0 -18"><span class='ocrx_word' id='word_1_372' title='bbox 373 3255 527 3313; x_wconf 86' lang='lat' dir='ltr'>disse</span> <span class='ocrx_word' id='word_1_373' title='bbox 542 3254 768 3329; x_wconf 87' lang='lat' dir='ltr'>dicitur,</span> <span class='ocrx_word' id='word_1_374' title='bbox 789 3254 961 3311; x_wconf 93' lang='lat' dir='ltr'>modo</span> <span class='ocrx_word' id='word_1_375' title='bbox 984 3253 1161 3311; x_wconf 88' lang='lat' dir='ltr'>relate</span> <span class='ocrx_word' id='word_1_376' title='bbox 1185 3254 1257 3311; x_wconf 90' lang='lat' dir='ltr'>ad</span> <span class='ocrx_word' id='word_1_377' title='bbox 1278 3253 1604 3326; x_wconf 89' lang='lat' dir='ltr'>humanam,</span> <span class='ocrx_word' id='word_1_378' title='bbox 1632 3262 1696 3310; x_wconf 91' lang='lat' dir='ltr'>ut</span> <span class='ocrx_word' id='word_1_379' title='bbox 1718 3273 1893 3328; x_wconf 88' lang='lat' dir='ltr'>quum</span> <span class='ocrx_word' id='word_1_380' title='bbox 1917 3252 2127 3310; x_wconf 89' lang='lat' dir='ltr'>dicitur</span> <span class='ocrx_word' id='word_1_381' title='bbox 2144 3272 2275 3309; x_wconf 88' lang='lat' dir='ltr'>caro</span> <span class='ocrx_word' id='word_1_382' title='bbox 2300 3253 2512 3310; x_wconf 88' lang='lat' dir='ltr'>Christi</span> <span class='ocrx_word' id='word_1_383' title='bbox 2531 3252 2666 3311; x_wconf 89' lang='lat' dir='ltr'>data</span> <span class='ocrx_word' id='word_1_384' title='bbox 2688 3275 2790 3330; x_wconf 89' lang='lat' dir='ltr'>pro</span> 
     </span>
     <span class='ocr_line' id='line_1_37' title="bbox 371 3332 2788 3409; baseline 0 -17"><span class='ocrx_word' id='word_1_385' title='bbox 371 3335 572 3392; x_wconf 89' lang='lat' dir='ltr'>mundi</span> <span class='ocrx_word' id='word_1_386' title='bbox 602 3334 739 3393; x_wconf 87' lang='lat' dir='ltr'>vita.</span> <span class='ocrx_word' id='word_1_387' title='bbox 830 3334 1004 3391; x_wconf 89' lang='lat' dir='ltr'>Panis</span> <span class='ocrx_word' id='word_1_388' title='bbox 1032 3333 1129 3409; x_wconf 91' lang='lat' dir='ltr'>qui</span> <span class='ocrx_word' id='word_1_389' title='bbox 1154 3333 1269 3408; x_wconf 90' lang='lat' dir='ltr'>dat,</span> <span class='ocrx_word' id='word_1_390' title='bbox 1292 3342 1380 3391; x_wconf 89' lang='lat' dir='ltr'>est</span> <span class='ocrx_word' id='word_1_391' title='bbox 1411 3333 1666 3390; x_wconf 88' lang='lat' dir='ltr'>Persona</span> <span class='ocrx_word' id='word_1_392' title='bbox 1689 3332 1918 3407; x_wconf 89' lang='lat' dir='ltr'>Christi,</span> <span class='ocrx_word' id='word_1_393' title='bbox 1944 3332 2045 3409; x_wconf 90' lang='lat' dir='ltr'>qui</span> <span class='ocrx_word' id='word_1_394' title='bbox 2066 3332 2264 3407; x_wconf 61' lang='lat' dir='ltr'>datur,</span> <span class='ocrx_word' id='word_1_395' title='bbox 2285 3343 2371 3392; x_wconf 90' lang='lat' dir='ltr'>est</span> <span class='ocrx_word' id='word_1_396' title='bbox 2395 3333 2606 3391; x_wconf 85' lang='lat' dir='ltr'>Christi</span> <span class='ocrx_word' id='word_1_397' title='bbox 2637 3354 2788 3393; x_wconf 82' lang='lat' dir='ltr'>caro,</span> 
     </span>
    </p>

    <p class='ocr_par' dir='ltr' id='par_1_6' title="bbox 368 3412 2788 3892">
     <span class='ocr_line' id='line_1_38' title="bbox 453 3412 2788 3494; baseline -0 -21"><span class='ocrx_word' id='word_1_398' title='bbox 453 3415 598 3473; x_wconf 85' lang='lat' dir='ltr'>XV.</span> <span class='ocrx_word' id='word_1_399' title='bbox 645 3414 756 3488; x_wconf 83' lang='lat' dir='ltr'>Qui</span> <span class='ocrx_word' id='word_1_400' title='bbox 786 3415 1054 3471; x_wconf 88' lang='lat' dir='ltr'>mulieres</span> <span class='ocrx_word' id='word_1_401' title='bbox 1083 3414 1310 3490; x_wconf 82' lang='lat' dir='ltr'>fingunt</span> <span class='ocrx_word' id='word_1_402' title='bbox 1362 3412 1626 3494; x_wconf 60' lang='grc' dir='ltr'><strong>ἀπόρους,</strong></span> <span class='ocrx_word' id='word_1_403' title='bbox 1679 3423 1737 3471; x_wconf 91' lang='lat' dir='ltr'>et</span> <span class='ocrx_word' id='word_1_404' title='bbox 1766 3422 1982 3490; x_wconf 87' lang='lat' dir='ltr'>negant</span> <span class='ocrx_word' id='word_1_405' title='bbox 2003 3413 2190 3472; x_wconf 86' lang='lat' dir='ltr'>active</span> <span class='ocrx_word' id='word_1_406' title='bbox 2220 3434 2318 3471; x_wconf 89' lang='lat' dir='ltr'>eas</span> <span class='ocrx_word' id='word_1_407' title='bbox 2347 3434 2683 3473; x_wconf 89' lang='lat' dir='ltr'>concurrere</span> <span class='ocrx_word' id='word_1_408' title='bbox 2714 3415 2788 3472; x_wconf 87' lang='lat' dir='ltr'>ad</span> 
     </span>
     <span class='ocr_line' id='line_1_39' title="bbox 369 3494 2786 3573; baseline 0 -20"><span class='ocrx_word' id='word_1_409' title='bbox 369 3495 816 3572; x_wconf 86' lang='lat' dir='ltr'>generationem,</span> <span class='ocrx_word' id='word_1_410' title='bbox 849 3515 964 3552; x_wconf 90' lang='lat' dir='ltr'>non</span> <span class='ocrx_word' id='word_1_411' title='bbox 1009 3495 1179 3552; x_wconf 88' lang='lat' dir='ltr'>modo</span> <span class='ocrx_word' id='word_1_412' title='bbox 1227 3494 1584 3551; x_wconf 86' lang='lat' dir='ltr'>Medicorum</span> <span class='ocrx_word' id='word_1_413' title='bbox 1630 3494 1843 3551; x_wconf 83' lang='lat' dir='ltr'>scholae</span> <span class='ocrx_word' id='word_1_414' title='bbox 1873 3514 1933 3552; x_wconf 88' lang='lat' dir='ltr'>se</span> <span class='ocrx_word' id='word_1_415' title='bbox 1963 3502 2275 3570; x_wconf 88' lang='lat' dir='ltr'>opponunt,</span> <span class='ocrx_word' id='word_1_416' title='bbox 2309 3495 2410 3553; x_wconf 90' lang='lat' dir='ltr'>sed</span> <span class='ocrx_word' id='word_1_417' title='bbox 2440 3504 2499 3553; x_wconf 88' lang='lat' dir='ltr'>et</span> <span class='ocrx_word' id='word_1_418' title='bbox 2531 3495 2786 3573; x_wconf 87' lang='lat' dir='ltr'>Scriptu-</span> 
     </span>
     <span class='ocr_line' id='line_1_40' title="bbox 368 3574 2784 3653; baseline 0.001 -21"><span class='ocrx_word' id='word_1_419' title='bbox 368 3595 447 3634; x_wconf 86' lang='lat' dir='ltr'>rae</span> <span class='ocrx_word' id='word_1_420' title='bbox 478 3575 894 3650; x_wconf 89' lang='lat' dir='ltr'>contradicunt,</span> <span class='ocrx_word' id='word_1_421' title='bbox 928 3595 1056 3651; x_wconf 82' lang='lat' dir='ltr'>quae</span> <span class='ocrx_word' id='word_1_422' title='bbox 1086 3574 1421 3633; x_wconf 86' lang='lat' dir='ltr'>foetificandi</span> <span class='ocrx_word' id='word_1_423' title='bbox 1445 3574 1564 3633; x_wconf 87' lang='lat' dir='ltr'>vim</span> <span class='ocrx_word' id='word_1_424' title='bbox 1594 3574 1863 3633; x_wconf 88' lang='lat' dir='ltr'>collatam</span> <span class='ocrx_word' id='word_1_425' title='bbox 1894 3583 2011 3633; x_wconf 88' lang='lat' dir='ltr'>tam</span> <span class='ocrx_word' id='word_1_426' title='bbox 2042 3574 2289 3633; x_wconf 84' lang='lat' dir='ltr'>foeminae</span> <span class='ocrx_word' id='word_1_427' title='bbox 2320 3596 2491 3653; x_wconf 86' lang='lat' dir='ltr'>quam</span> <span class='ocrx_word' id='word_1_428' title='bbox 2521 3577 2665 3634; x_wconf 89' lang='lat' dir='ltr'>mari</span> <span class='ocrx_word' id='word_1_429' title='bbox 2696 3597 2784 3634; x_wconf 88' lang='lat' dir='ltr'>as-</span> 
     </span>
     <span class='ocr_line' id='line_1_41' title="bbox 371 3655 2785 3731; baseline 0.001 -18"><span class='ocrx_word' id='word_1_430' title='bbox 371 3656 526 3730; x_wconf 84' lang='lat' dir='ltr'>serit,</span> <span class='ocrx_word' id='word_1_431' title='bbox 561 3657 709 3715; x_wconf 89' lang='lat' dir='ltr'>Gen.</span> <span class='ocrx_word' id='word_1_432' title='bbox 741 3656 778 3714; x_wconf 92' lang='lat' dir='ltr'>i.</span> <span class='ocrx_word' id='word_1_433' title='bbox 810 3658 904 3730; x_wconf 82' lang='lat'>28,</span> <span class='ocrx_word' id='word_1_434' title='bbox 948 3665 1006 3714; x_wconf 90' lang='lat' dir='ltr'>et</span> <span class='ocrx_word' id='word_1_435' title='bbox 1049 3675 1242 3713; x_wconf 91' lang='lat' dir='ltr'>semen</span> <span class='ocrx_word' id='word_1_436' title='bbox 1287 3655 1403 3713; x_wconf 91' lang='lat' dir='ltr'>illis</span> <span class='ocrx_word' id='word_1_437' title='bbox 1432 3655 1649 3730; x_wconf 87' lang='lat' dir='ltr'>tribuit,</span> <span class='ocrx_word' id='word_1_438' title='bbox 1684 3656 1833 3714; x_wconf 89' lang='lat' dir='ltr'>Gen.</span> <span class='ocrx_word' id='word_1_439' title='bbox 1866 3656 1986 3713; x_wconf 84' lang='lat' dir='ltr'>xvi.</span> <span class='ocrx_word' id='word_1_440' title='bbox 2024 3659 2114 3731; x_wconf 86' lang='lat'>10,</span> <span class='ocrx_word' id='word_1_441' title='bbox 2146 3665 2205 3714; x_wconf 84' lang='lat' dir='ltr'>et</span> <span class='ocrx_word' id='word_1_442' title='bbox 2233 3657 2396 3715; x_wconf 83' lang='lat' dir='ltr'>xxiv.</span> <span class='ocrx_word' id='word_1_443' title='bbox 2430 3658 2525 3715; x_wconf 86' lang='lat'>60.</span> <span class='ocrx_word' id='word_1_444' title='bbox 2614 3657 2785 3716; x_wconf 90' lang='lat' dir='ltr'>Unde</span> 
     </span>
     <span class='ocr_line' id='line_1_42' title="bbox 369 3735 2788 3813; baseline 0 -20"><span class='ocrx_word' id='word_1_445' title='bbox 369 3735 539 3794; x_wconf 89' lang='lat' dir='ltr'>datur</span> <span class='ocrx_word' id='word_1_446' title='bbox 581 3736 1051 3813; x_wconf 87' lang='lat' dir='ltr'>consanguinitas</span> <span class='ocrx_word' id='word_1_447' title='bbox 1106 3736 1257 3794; x_wconf 87' lang='lat' dir='ltr'>inter</span> <span class='ocrx_word' id='word_1_448' title='bbox 1311 3735 1542 3794; x_wconf 87' lang='lat' dir='ltr'>fratrem</span> <span class='ocrx_word' id='word_1_449' title='bbox 1600 3745 1660 3794; x_wconf 88' lang='lat' dir='ltr'>et</span> <span class='ocrx_word' id='word_1_450' title='bbox 1702 3755 1954 3794; x_wconf 86' lang='lat' dir='ltr'>sororem</span> <span class='ocrx_word' id='word_1_451' title='bbox 2000 3736 2274 3812; x_wconf 88' lang='lat' dir='ltr'>uterinos,</span> <span class='ocrx_word' id='word_1_452' title='bbox 2307 3737 2442 3796; x_wconf 88' lang='lat' dir='ltr'>licet</span> <span class='ocrx_word' id='word_1_453' title='bbox 2499 3738 2788 3795; x_wconf 89' lang='lat' dir='ltr'>distinctis</span> 
     </span>
     <span class='ocr_line' id='line_1_43' title="bbox 369 3816 2433 3892; baseline 0 -19"><span class='ocrx_word' id='word_1_454' title='bbox 369 3817 630 3892; x_wconf 87' lang='lat' dir='ltr'>patribus</span> <span class='ocrx_word' id='word_1_455' title='bbox 659 3825 841 3890; x_wconf 77' lang='lat' dir='ltr'>natoS,</span> <span class='ocrx_word' id='word_1_456' title='bbox 877 3816 1018 3874; x_wconf 89' lang='lat' dir='ltr'>Lev.</span> <span class='ocrx_word' id='word_1_457' title='bbox 1044 3817 1207 3874; x_wconf 85' lang='lat' dir='ltr'>xviii.</span> <span class='ocrx_word' id='word_1_458' title='bbox 1229 3818 1283 3889; x_wconf 87' lang='lat'>9,</span> <span class='ocrx_word' id='word_1_459' title='bbox 1316 3818 1406 3873; x_wconf 84' lang='lat'>10.</span> <span class='ocrx_word' id='word_1_460' title='bbox 2428 3856 2433 3861; x_wconf 77' lang='lat'><em>,</em></span> 
     </span>
    </p>

    <p class='ocr_par' dir='ltr' id='par_1_7' title="bbox 369 3895 2781 4052">
     <span class='ocr_line' id='line_1_44' title="bbox 452 3895 2781 3970; baseline 0 -18"><span class='ocrx_word' id='word_1_461' title='bbox 452 3896 631 3954; x_wconf 86' lang='lat' dir='ltr'>XVI.</span> <span class='ocrx_word' id='word_1_462' title='bbox 678 3896 940 3955; x_wconf 89' lang='lat' dir='ltr'>Christus</span> <span class='ocrx_word' id='word_1_463' title='bbox 985 3897 1194 3954; x_wconf 86' lang='lat' dir='ltr'>Matth.</span> <span class='ocrx_word' id='word_1_464' title='bbox 1226 3895 1327 3952; x_wconf 83' lang='lat' dir='ltr'>xii.</span> <span class='ocrx_word' id='word_1_465' title='bbox 1359 3900 1454 3969; x_wconf 83' lang='lat'>47,</span> <span class='ocrx_word' id='word_1_466' title='bbox 1488 3897 1583 3968; x_wconf 88' lang='grc'><strong>48,</strong></span> <span class='ocrx_word' id='word_1_467' title='bbox 1616 3915 1733 3952; x_wconf 92' lang='lat' dir='ltr'>non</span> <span class='ocrx_word' id='word_1_468' title='bbox 1774 3903 1951 3970; x_wconf 87' lang='lat' dir='ltr'>negat</span> <span class='ocrx_word' id='word_1_469' title='bbox 1982 3895 2227 3952; x_wconf 86' lang='lat' dir='ltr'>Mariam</span> <span class='ocrx_word' id='word_1_470' title='bbox 2258 3915 2384 3953; x_wconf 88' lang='lat' dir='ltr'>esse</span> <span class='ocrx_word' id='word_1_471' title='bbox 2413 3904 2653 3952; x_wconf 88' lang='lat' dir='ltr'>matrem</span> <span class='ocrx_word' id='word_1_472' title='bbox 2688 3916 2781 3953; x_wconf 88' lang='lat' dir='ltr'>su-</span> 
     </span>
     <span class='ocr_line' id='line_1_45' title="bbox 369 3974 2781 4052; baseline 0 -19"><span class='ocrx_word' id='word_1_473' title='bbox 369 3997 461 4033; x_wconf 87' lang='lat' dir='ltr'>am</span> <span class='ocrx_word' id='word_1_474' title='bbox 508 3975 880 4052; x_wconf 84' lang='lat' dir='ltr'>simpliciter:</span> <span class='ocrx_word' id='word_1_475' title='bbox 926 3976 1028 4033; x_wconf 89' lang='lat' dir='ltr'>sed</span> <span class='ocrx_word' id='word_1_476' title='bbox 1069 3985 1310 4032; x_wconf 85' lang='lat' dir='ltr'>matrem</span> <span class='ocrx_word' id='word_1_477' title='bbox 1354 3985 1411 4033; x_wconf 91' lang='lat' dir='ltr'>et</span> <span class='ocrx_word' id='word_1_478' title='bbox 1454 3975 1660 4033; x_wconf 85' lang='lat' dir='ltr'>fratres</span> <span class='ocrx_word' id='word_1_479' title='bbox 1704 3974 2031 4051; x_wconf 87' lang='lat' dir='ltr'>spirituales</span> <span class='ocrx_word' id='word_1_480' title='bbox 2061 3975 2388 4032; x_wconf 89' lang='lat' dir='ltr'>carnalibus</span> <span class='ocrx_word' id='word_1_481' title='bbox 2426 3974 2674 4051; x_wconf 84' lang='lat' dir='ltr'>praesert,</span> <span class='ocrx_word' id='word_1_482' title='bbox 2717 3986 2781 4034; x_wconf 87' lang='lat' dir='ltr'>ut</span> 
     </span>
    </p>
   </div>
   <div class='ocr_carea' id='block_1_3' title="bbox 368 4056 2784 4210">
    <p class='ocr_par' dir='ltr' id='par_1_8' title="bbox 368 4056 2784 4210">
     <span class='ocr_line' id='line_1_46' title="bbox 368 4056 1454 4133; baseline -0.001 -20"><span class='ocrx_word' id='word_1_483' title='bbox 368 4056 579 4133; x_wconf 86' lang='lat' dir='ltr'>potiori</span> <span class='ocrx_word' id='word_1_484' title='bbox 610 4056 762 4132; x_wconf 89' lang='lat' dir='ltr'>apud</span> <span class='ocrx_word' id='word_1_485' title='bbox 794 4076 853 4114; x_wconf 90' lang='lat' dir='ltr'>se</span> <span class='ocrx_word' id='word_1_486' title='bbox 883 4057 1010 4113; x_wconf 92' lang='lat' dir='ltr'>loco</span> <span class='ocrx_word' id='word_1_487' title='bbox 1040 4076 1165 4113; x_wconf 83' lang='lat' dir='ltr'>esse</span> <span class='ocrx_word' id='word_1_488' title='bbox 1195 4063 1454 4112; x_wconf 85' lang='lat' dir='ltr'>testetur.</span> 
     </span>
     <span class='ocr_line' id='line_1_47' title="bbox 449 4131 2784 4210; baseline -0.001 -17"><span class='ocrx_word' id='word_1_489' title='bbox 449 4136 662 4194; x_wconf 89' lang='lat' dir='ltr'>XVII.</span> <span class='ocrx_word' id='word_1_490' title='bbox 710 4136 973 4194; x_wconf 88' lang='lat' dir='ltr'>Christus</span> <span class='ocrx_word' id='word_1_491' title='bbox 1029 4134 1239 4192; x_wconf 85' lang='lat' dir='ltr'>dicitur</span> <span class='ocrx_word' id='word_1_492' title='bbox 1281 4143 1592 4209; x_wconf 84' lang='lat' dir='ltr'>conceptus</span> <span class='ocrx_word' id='word_1_493' title='bbox 1623 4153 1695 4190; x_wconf 89' lang='lat' dir='ltr'>ex</span> <span class='ocrx_word' id='word_1_494' title='bbox 1732 4131 1949 4208; x_wconf 82' lang='lat' dir='ltr'>Spiritu</span> <span class='ocrx_word' id='word_1_495' title='bbox 1978 4141 2194 4206; x_wconf 88' lang='lat' dir='ltr'>sanct0,</span> <span class='ocrx_word' id='word_1_496' title='bbox 2239 4153 2353 4190; x_wconf 91' lang='lat' dir='ltr'>non</span> <span class='ocrx_word' id='word_1_497' title='bbox 2398 4132 2784 4210; x_wconf 75' lang='lat' dir='ltr'>materialiter,</span> 
     </span>
    </p>
   </div>
   <div class='ocr_carea' id='block_1_4' title="bbox 365 4213 2793 4831">
    <p class='ocr_par' dir='ltr' id='par_1_9' title="bbox 366 4213 2786 4452">
     <span class='ocr_line' id='line_1_48' title="bbox 368 4213 2785 4297; baseline -0.001 -23"><span class='ocrx_word' id='word_1_498' title='bbox 368 4217 470 4274; x_wconf 90' lang='lat' dir='ltr'>sed</span> <span class='ocrx_word' id='word_1_499' title='bbox 525 4214 880 4297; x_wconf 70' lang='grc' dir='ltr'>ὃημιουςγικός</span> <span class='ocrx_word' id='word_1_500' title='bbox 937 4225 993 4274; x_wconf 92' lang='lat' dir='ltr'>et</span> <span class='ocrx_word' id='word_1_501' title='bbox 1049 4215 1375 4287; x_wconf 88' lang='lat' dir='ltr'>efficienter,</span> <span class='ocrx_word' id='word_1_502' title='bbox 1438 4226 1500 4270; x_wconf 87' lang='lat' dir='ltr'>ut</span> <span class='ocrx_word' id='word_1_503' title='bbox 1529 4213 1859 4288; x_wconf 76' lang='lat' dir='ltr'>praepositio</span> <span class='ocrx_word' id='word_1_504' title='bbox 1892 4214 1992 4269; x_wconf 78' lang='lat' dir='ltr'>Ex</span> <span class='ocrx_word' id='word_1_505' title='bbox 2019 4220 2180 4270; x_wconf 90' lang='lat' dir='ltr'>notet</span> <span class='ocrx_word' id='word_1_506' title='bbox 2216 4213 2312 4269; x_wconf 90' lang='lat' dir='ltr'>hic</span> <span class='ocrx_word' id='word_1_507' title='bbox 2341 4233 2571 4270; x_wconf 80' lang='lat' dir='ltr'>causam</span> <span class='ocrx_word' id='word_1_508' title='bbox 2621 4216 2785 4286; x_wconf 63' lang='lat' dir='ltr'>effici·</span> 
     </span>
     <span class='ocr_line' id='line_1_49' title="bbox 366 4291 2786 4375; baseline -0.001 -21"><span class='ocrx_word' id='word_1_509' title='bbox 366 4298 608 4371; x_wconf 83' lang='lat' dir='ltr'>cientem,</span> <span class='ocrx_word' id='word_1_510' title='bbox 642 4298 778 4375; x_wconf 90' lang='lat' dir='ltr'>quia</span> <span class='ocrx_word' id='word_1_511' title='bbox 820 4299 946 4374; x_wconf 90' lang='lat' dir='ltr'>ejus</span> <span class='ocrx_word' id='word_1_512' title='bbox 979 4296 1191 4353; x_wconf 82' lang='lat' dir='ltr'>virtute</span> <span class='ocrx_word' id='word_1_513' title='bbox 1230 4303 1288 4352; x_wconf 90' lang='lat' dir='ltr'>et</span> <span class='ocrx_word' id='word_1_514' title='bbox 1337 4293 1669 4371; x_wconf 86' lang='lat' dir='ltr'>operatione</span> <span class='ocrx_word' id='word_1_515' title='bbox 1719 4291 2176 4351; x_wconf 86' lang='lat' dir='ltr'>extraordinaria</span> <span class='ocrx_word' id='word_1_516' title='bbox 2219 4304 2530 4369; x_wconf 88' lang='lat' dir='ltr'>conceptus</span> <span class='ocrx_word' id='word_1_517' title='bbox 2559 4302 2648 4351; x_wconf 88' lang='lat' dir='ltr'>est</span> <span class='ocrx_word' id='word_1_518' title='bbox 2670 4314 2786 4352; x_wconf 93' lang='lat' dir='ltr'>non</span> 
     </span>
     <span class='ocr_line' id='line_1_50' title="bbox 366 4378 1094 4452; baseline -0.001 -18"><span class='ocrx_word' id='word_1_519' title='bbox 366 4397 506 4435; x_wconf 85' lang='lat' dir='ltr'>vero</span> <span class='ocrx_word' id='word_1_520' title='bbox 536 4378 832 4435; x_wconf 82' lang='lat' dir='ltr'>materiam</span> <span class='ocrx_word' id='word_1_521' title='bbox 863 4398 936 4434; x_wconf 75' lang='lat' dir='ltr'>ex</span> <span class='ocrx_word' id='word_1_522' title='bbox 963 4397 1094 4452; x_wconf 83' lang='lat' dir='ltr'>qua.</span> 
     </span>
    </p>

    <p class='ocr_par' dir='ltr' id='par_1_10' title="bbox 365 4451 2793 4774">
     <span class='ocr_line' id='line_1_51' title="bbox 453 4451 2788 4530; baseline -0.001 -16"><span class='ocrx_word' id='word_1_523' title='bbox 453 4457 704 4515; x_wconf 85' lang='lat' dir='ltr'>XVIII.</span> <span class='ocrx_word' id='word_1_524' title='bbox 750 4458 931 4515; x_wconf 76' lang='lat' dir='ltr'>Filius</span> <span class='ocrx_word' id='word_1_525' title='bbox 956 4457 1071 4514; x_wconf 74' lang='lat' dir='ltr'>Dei</span> <span class='ocrx_word' id='word_1_526' title='bbox 1095 4454 1320 4514; x_wconf 76' lang='lat' dir='ltr'>viventis</span> <span class='ocrx_word' id='word_1_527' title='bbox 1348 4473 1464 4511; x_wconf 90' lang='lat' dir='ltr'>non</span> <span class='ocrx_word' id='word_1_528' title='bbox 1485 4460 1678 4530; x_wconf 90' lang='lat' dir='ltr'>potest</span> <span class='ocrx_word' id='word_1_529' title='bbox 1706 4451 1822 4509; x_wconf 90' lang='lat' dir='ltr'>dici</span> <span class='ocrx_word' id='word_1_530' title='bbox 1845 4451 1998 4509; x_wconf 90' lang='lat' dir='ltr'>filius</span> <span class='ocrx_word' id='word_1_531' title='bbox 2020 4452 2225 4510; x_wconf 78' lang='lat' dir='ltr'>Mariae</span> <span class='ocrx_word' id='word_1_532' title='bbox 2255 4452 2567 4511; x_wconf 89' lang='lat' dir='ltr'>secundum</span> <span class='ocrx_word' id='word_1_533' title='bbox 2596 4452 2653 4510; x_wconf 91' lang='lat' dir='ltr'>id</span> <span class='ocrx_word' id='word_1_534' title='bbox 2673 4474 2788 4530; x_wconf 91' lang='lat' dir='ltr'>quo</span> 
     </span>
     <span class='ocr_line' id='line_1_52' title="bbox 365 4532 2788 4612; baseline -0.001 -17"><span class='ocrx_word' id='word_1_535' title='bbox 365 4544 458 4595; x_wconf 89' lang='lat' dir='ltr'>est</span> <span class='ocrx_word' id='word_1_536' title='bbox 507 4537 695 4595; x_wconf 82' lang='lat' dir='ltr'>Filius</span> <span class='ocrx_word' id='word_1_537' title='bbox 728 4538 836 4595; x_wconf 88' lang='lat' dir='ltr'>Dei</span> <span class='ocrx_word' id='word_1_538' title='bbox 863 4560 876 4612; x_wconf 81' lang='lat'>3</span> <span class='ocrx_word' id='word_1_539' title='bbox 928 4536 1043 4595; x_wconf 86' lang='lat' dir='ltr'>Sed</span> <span class='ocrx_word' id='word_1_540' title='bbox 1071 4535 1207 4612; x_wconf 87' lang='lat' dir='ltr'>quia</span> <span class='ocrx_word' id='word_1_541' title='bbox 1245 4543 1509 4592; x_wconf 88' lang='lat' dir='ltr'>naturam</span> <span class='ocrx_word' id='word_1_542' title='bbox 1538 4534 1850 4590; x_wconf 86' lang='lat' dir='ltr'>humanam</span> <span class='ocrx_word' id='word_1_543' title='bbox 1881 4552 1955 4590; x_wconf 86' lang='lat' dir='ltr'>ex</span> <span class='ocrx_word' id='word_1_544' title='bbox 1984 4551 2053 4590; x_wconf 91' lang='lat' dir='ltr'>ea</span> <span class='ocrx_word' id='word_1_545' title='bbox 2081 4532 2393 4608; x_wconf 89' lang='lat' dir='ltr'>assumpsit</span> <span class='ocrx_word' id='word_1_546' title='bbox 2422 4532 2483 4590; x_wconf 90' lang='lat' dir='ltr'>in</span> <span class='ocrx_word' id='word_1_547' title='bbox 2510 4534 2788 4592; x_wconf 88' lang='lat' dir='ltr'>unitatem</span> 
     </span>
     <span class='ocr_line' id='line_1_53' title="bbox 366 4612 2786 4693; baseline -0.001 -19"><span class='ocrx_word' id='word_1_548' title='bbox 366 4636 649 4693; x_wconf 75' lang='lat' dir='ltr'>personae,</span> <span class='ocrx_word' id='word_1_549' title='bbox 683 4626 835 4675; x_wconf 88' lang='lat' dir='ltr'>recte</span> <span class='ocrx_word' id='word_1_550' title='bbox 878 4626 935 4675; x_wconf 90' lang='lat' dir='ltr'>et</span> <span class='ocrx_word' id='word_1_551' title='bbox 964 4636 1098 4674; x_wconf 87' lang='lat' dir='ltr'>vere</span> <span class='ocrx_word' id='word_1_552' title='bbox 1128 4615 1300 4672; x_wconf 86' lang='lat' dir='ltr'>etiam</span> <span class='ocrx_word' id='word_1_553' title='bbox 1332 4614 1520 4672; x_wconf 87' lang='lat' dir='ltr'>Filius</span> <span class='ocrx_word' id='word_1_554' title='bbox 1551 4614 1754 4671; x_wconf 77' lang='lat' dir='ltr'>Mariae</span> <span class='ocrx_word' id='word_1_555' title='bbox 1785 4614 1894 4671; x_wconf 91' lang='lat' dir='ltr'>hoc</span> <span class='ocrx_word' id='word_1_556' title='bbox 1923 4622 2187 4689; x_wconf 87' lang='lat' dir='ltr'>respectu</span> <span class='ocrx_word' id='word_1_557' title='bbox 2218 4612 2445 4671; x_wconf 86' lang='lat' dir='ltr'>dicitur.</span> <span class='ocrx_word' id='word_1_558' title='bbox 2535 4614 2629 4672; x_wconf 83' lang='lat' dir='ltr'>Sic</span> <span class='ocrx_word' id='word_1_559' title='bbox 2661 4616 2786 4672; x_wconf 88' lang='lat' dir='ltr'>Ma-</span> 
     </span>
     <span class='ocr_line' id='line_1_54' title="bbox 366 4693 2793 4774; baseline -0.001 -20"><span class='ocrx_word' id='word_1_560' title='bbox 366 4697 451 4754; x_wconf 88' lang='lat' dir='ltr'>ria</span> <span class='ocrx_word' id='word_1_561' title='bbox 492 4705 686 4774; x_wconf 91' lang='lat' dir='ltr'>potest</span> <span class='ocrx_word' id='word_1_562' title='bbox 717 4697 831 4754; x_wconf 92' lang='lat' dir='ltr'>dici</span> <span class='ocrx_word' id='word_1_563' title='bbox 855 4717 989 4755; x_wconf 88' lang='lat' dir='ltr'>vere</span> <span class='ocrx_word' id='word_1_564' title='bbox 1036 4695 1258 4759; x_wconf 66' lang='grc' dir='ltr'>θτοτέκος</span> <span class='ocrx_word' id='word_1_565' title='bbox 1305 4715 1405 4752; x_wconf 88' lang='lat' dir='ltr'>seu</span> <span class='ocrx_word' id='word_1_566' title='bbox 1456 4703 1639 4752; x_wconf 82' lang='lat' dir='ltr'>mater</span> <span class='ocrx_word' id='word_1_567' title='bbox 1667 4695 1796 4767; x_wconf 86' lang='lat' dir='ltr'>Dei,</span> <span class='ocrx_word' id='word_1_568' title='bbox 1832 4693 2111 4768; x_wconf 83' lang='lat' dir='ltr'>Deipara,</span> <span class='ocrx_word' id='word_1_569' title='bbox 2166 4694 2212 4751; x_wconf 91' lang='lat' dir='ltr'>si</span> <span class='ocrx_word' id='word_1_570' title='bbox 2243 4714 2358 4750; x_wconf 85' lang='lat' dir='ltr'>vox</span> <span class='ocrx_word' id='word_1_571' title='bbox 2394 4694 2503 4752; x_wconf 92' lang='lat' dir='ltr'>Dei</span> <span class='ocrx_word' id='word_1_572' title='bbox 2534 4706 2793 4753; x_wconf 84' lang='lat' dir='ltr'>sumatur</span> 
     </span>
    </p>

    <p class='ocr_par' dir='ltr' id='par_1_11' title="bbox 2355 4792 2382 4831">
     <span class='ocr_line' id='line_1_55' title="bbox 2355 4792 2382 4831; baseline 0 0"><span class='ocrx_word' id='word_1_573' title='bbox 2355 4792 2382 4831; x_wconf 89' lang='lat' dir='ltr'>s</span> 
     </span>
    </p>
   </div>
  </div>
 </body>
</html>
