3221 5200
316 333 553 380 Quazsr.
588 314 764 394 xvia]
1171 336 1247 374 nr.
1279 332 1616 375 vocarloxi:
1649 335 1721 374 εἰ·
1752 335 1906 374 rme.
2621 318 2733 375 551

320 491 500 530 sensu
548 474 820 532 Salomon
862 474 1287 551 intelligendus,
1320 496 1497 552 quum
1526 476 1624 550 ait,
1682 476 1851 533 Prov.
1886 496 1984 533 xx.
2017 477 2070 548 9,
2134 478 2168 507 “
2190 475 2493 533 Neminem
2543 476 2731 535 dicere

319 571 495 626 posse
519 554 794 611 mundum
815 574 940 612 esse
971 574 1069 611 cor
1091 556 1315 612 suum.'’
1372 554 1486 613 Sed
1515 575 1631 613 non
1662 555 1980 632 posteriori.
2026 555 2172 613 Nam
2196 554 2331 613 licet
2353 575 2521 613 nemo
2552 557 2733 632 possit

323 632 563 707 gloriari
594 634 663 690 de
687 634 930 709 justitiae
970 634 1300 692 inhaerentis
1329 634 1694 712 perfectione,
1727 644 1790 693 ut
1821 635 2025 692 LXX.
2055 643 2290 693 vertunt
2338 644 2405 696 τίς
2441 645 2732 705 nauffinna

320 722 468 779 ἅγιὴ.
487 721 608 782 {xm
632 719 828 785 καρδίαι,
874 714 1005 771 Νοῐι
1051 715 1308 790 sequitur
1335 734 1451 773 non
1479 735 1649 792 posse
1677 714 1906 772 fidelem
1936 714 2171 790 gloriari
2199 713 2269 772 de
2293 714 2479 789 gratia
2519 714 2733 772 Christi

320 790 606 865 imputata
647 801 705 850 et
746 813 848 870 per
896 793 1067 851 fidem
1112 795 1485 871 apprehensa,
1517 795 1654 870 quia
1682 794 1965 853 certitudo
1994 795 2117 852 haec
2145 813 2260 851 non
2291 793 2502 870 pendet
2529 813 2564 852 a
2598 794 2728 870 jus·

320 871 467 927 titiae
501 871 828 930 inhaerentis
856 873 1221 948 perfectione,
1253 874 1356 931 sed
1396 894 1432 932 a
1463 874 1711 950 Spiritus
1739 874 1895 932 intus
1924 874 2212 950 operantis
2240 873 2500 931 veritate.

411 950 623 1009 XXV.
671 952 955 1028 Exempla
983 953 1024 1011 J
1030 953 1141 1027 obi,
1188 953 1327 1012 Job.
1371 953 1450 1011 ix.
1488 957 1577 1026 12,
1616 956 1706 1027 15,
1731 956 1826 1027 28,
1858 962 1915 1012 et
1944 954 2109 1010 xxxi.
2139 956 2246 1027 143
2280 952 2542 1026 Davidis,
2577 952 2730 1010 Psal.

322 1029 449 1087 xix.
487 1034 556 1088 13
583 1053 597 1104 3
645 1031 829 1104 Pauli,
866 1037 892 1089 1
930 1033 1057 1090 Cor.
1089 1034 1166 1090 iv.
1197 1036 1252 1108 4,
1285 1041 1342 1090 et
1372 1033 1450 1091 ix.
1482 1037 1577 1106 27,
1609 1033 1708 1109 qui
1737 1052 1853 1090 non
1880 1032 2095 1091 audent
2114 1031 2399 1109 justitiam
2439 1032 2547 1090 sibi
2577 1051 2731 1090 arro-

324 1128 483 1184 gare,
533 1110 844 1169 ostendunt
904 1111 1136 1188 quidem
1183 1132 1282 1170 eos
1327 1112 1634 1189 agnovisse
1679 1112 2169 1189 imperfectionem
2226 1111 2548 1170 sanctitatis
2590 1130 2726 1186 suae,

325 1208 457 1262 quae
487 1209 601 1247 non
631 1191 910 1249 sustinere
939 1200 1113 1267 queat
1141 1211 1386 1249 examen
1419 1192 1628 1268 judicii
1673 1191 1857 1248 divini
1907 1191 1981 1249 ad
2030 1212 2192 1250 suam
2236 1191 2727 1268 justificationem.

326 1267 446 1326 Sed
474 1288 590 1326 non
619 1280 868 1346 arguunt
897 1291 1091 1329 eorum
1121 1271 1582 1330 incertitudinem
1606 1271 1679 1329 de
1722 1271 1908 1347 gratia
1939 1271 2047 1329 Dei
2077 1279 2133 1329 et
2162 1271 2233 1329 de
2260 1271 2375 1329 fide
2406 1291 2525 1344 sua,
2557 1290 2729 1346 quam

327 1347 470 1404 alibi
518 1356 634 1406 tam
678 1349 981 1426 magnifice
1025 1350 1371 1428 proedicant;
1417 1351 1627 1426 Jobus‚
1679 1371 1803 1427 cap.
1836 1351 1957 1409 xiii.
1993 1353 2085 1425 15,
2117 1359 2175 1409 et
2202 1351 2325 1408 xix.
2358 1353 2468 1423 253
2518 1350 2728 1425 David,

329 1427 484 1485 Psal.
515 1430 702 1487 xxxii.
748 1433 801 1502 5,
835 1438 893 1488 et
922 1430 1034 1488 ciii.
1072 1434 1122 1505 1,
1149 1435 1203 1503 2,
1237 1434 1291 1504 3,
1325 1438 1382 1489 et
1400 1431 1597 1490 cxviii.
1624 1433 1733 1505 1⁷3
1781 1431 2013 1505 Paulae,
2044 1431 2209 1489 Rom.
2233 1430 2354 1488 viii.
2392 1433 2487 1503 38,
2514 1434 2549 1487 2
2581 1431 2729 1489 Tim.

326 1506 363 1563 i.
403 1510 492 1579 12,
517 1509 647 1566 Gal.
680 1510 737 1567 ii.
759 1513 854 1584 20,
876 1519 935 1568 et
967 1510 1106 1567 alibi
1124 1511 1356 1586 passim.

409 1587 658 1645 XXVI.
706 1589 1026 1664 Particuloe,
1072 1609 1200 1666 quae
1239 1590 1657 1650 dubitationem
1703 1589 1973 1666 aliquam,
2006 1589 2103 1648 vel
2146 1588 2613 1648 incertitudinem
2642 1588 2729 1646 vi-

323 1665 534 1725 dentur
573 1667 780 1726 inferre
810 1669 1028 1744 gratiae,
1060 1670 1101 1728 J
1106 1671 1215 1727 oel.
1245 1669 1305 1727 ii.
1351 1671 1440 1743 12,
1478 1673 1568 1743 14,
1602 1672 1639 1702 “
1659 1669 2073 1728 Convertimini
2104 1668 2178 1726 ad
2208 1689 2297 1725 me
2321 1669 2380 1725 in
2409 1676 2531 1726 toto
2560 1668 2731 1727 corde

324 1755 535 1820 vestm,
582 1749 710 1823 quis
741 1748 851 1806 scit
879 1749 928 1806 si
955 1757 1323 1807 convertatur
1351 1757 1409 1807 et
1435 1750 1698 1825 ignoscat
1740 1750 1900 1806 Deus
1920 1749 1984 1805 ?''
2018 1749 2168 1805 Dan.
2198 1748 2277 1803 iv.
2308 1752 2403 1820 27,
2452 1750 2488 1780 “
2509 1748 2730 1805 Forsan

326 1825 592 1901 ignoscet
624 1828 783 1885 Deus
825 1827 1053 1885 delictis
1103 1828 1217 1886 tuis
1242 1829 1295 1902 ;''
1345 1829 1485 1886 Jon.
1517 1829 1596 1886 iii.
1630 1829 1685 1900 9,
1748 1827 1949 1901 “Quis
1998 1827 2108 1884 scit
2152 1826 2201 1883 si
2250 1834 2619 1884 convertatur
2673 1835 2732 1885 et

325 1915 604 1981 agnoscat
653 1908 811 1964 Deus
833 1908 899 1963 ?''
945 1907 1080 1963 Act.
1131 1907 1252 1964 viii.
1284 1911 1378 1980 22,
1430 1908 1464 1939 “
1491 1907 1897 1965 Poenitentiam
1939 1926 2048 1982 age
2077 1905 2149 1963 ab
2199 1905 2307 1962 hac
2356 1905 2627 1980 nequitia,
2673 1915 2732 1964 et

325 2004 468 2060 roga
499 1987 705 2059 Deum,
748 1986 795 2042 si
818 1984 962 2043 forte
1001 1985 1106 2043 tibi
1134 1986 1466 2044 remittat:''
1498 1986 1613 2043 Vel
1642 2005 1757 2043 non
1802 1994 1984 2061 agunt
2011 1984 2237 2061 proprie
2267 1983 2338 2042 de
2380 1985 2602 2060 peccati
2643 2004 2729 2042 re·

326 2064 598 2121 missione
628 2064 819 2140 quoad
839 2084 1067 2141 poenam
1098 2073 1386 2138 aeternam,
1419 2063 1519 2122 sed
1550 2064 1623 2122 de
1651 2085 1836 2141 poeuae
1864 2064 2197 2141 temporalis
2224 2063 2480 2139 plenaria
2508 2064 2731 2122 relaxa·

323 2142 498 2215 tione,
531 2163 659 2219 quae
702 2162 817 2200 non
861 2163 1087 2219 semper
1131 2144 1463 2202 conceditur
1506 2144 1679 2202 etiam
1723 2144 2231 2220 resipiscentibus;
2278 2143 2391 2200 Vel
2436 2162 2551 2201 non
2597 2151 2733 2202 sunt

326 2240 552 2298 semper
579 2233 730 2281 notae
751 2223 1155 2298 dubitantium,
1181 2223 1284 2281 sed
1305 2224 1498 2299 potius
1515 2224 1596 2281 rei
1622 2223 2015 2281 difficultatem
2036 2223 2480 2299 exprimentium
2502 2230 2735 2298 propter

321 2311 686 2378 peccatorum
710 2303 1072 2379 gravitatem,
1093 2311 1152 2361 et
1180 2303 1434 2361 studium
1455 2303 1711 2361 fidelium
1741 2302 1816 2361 ad
1844 2303 2087 2379 gratiam
2117 2310 2278 2360 tanto
2299 2302 2504 2378 majori
2530 2301 2733 2361 ardore

324 2382 706 2456 expetendam
725 2382 1118 2457 excitantium,
1144 2391 1202 2442 et
1223 2382 1598 2440 animantium
1615 2382 1687 2440 ad
1704 2382 1974 2440 fiduciam
1986 2388 2238 2458 optatam
2252 2381 2731 2457 consequendam.

326 2461 661 2537 Cujusmodi
717 2462 984 2539 exempla
1031 2470 1339 2521 occurrunt
1386 2463 1614 2539 saepius,
1660 2467 1695 2520 2
1729 2462 1876 2537 Reg.
1909 2462 2031 2519 xix.
2063 2465 2117 2535 4,
2181 2462 2352 2519 Prov.
2410 2461 2576 2519 xxiv.
2638 2463 2729 2536 18,

326 2541 551 2599 Eccles.
583 2562 638 2600 v.
670 2544 725 2617 5,
777 2542 916 2602 Joh.
948 2562 1004 2599 v.
1034 2545 1130 2618 46,
1164 2550 1221 2600 et
1248 2541 1368 2598 viii.
1405 2544 1495 2616 19,
1531 2541 1698 2600 Rom.
1730 2542 1810 2599 xi.
1854 2545 1950 2617 21,
1997 2539 2186 2600 Exod.
2218 2539 2405 2598 xxxii.
2438 2542 2553 2615 30;
2618 2539 2733 2599 Vel

324 2622 711 2681 conditionem
754 2622 861 2681 sub
891 2642 1006 2699 qua
1042 2622 1301 2680 remissio
1340 2622 1691 2698 promittitur
1718 2623 2065 2698 exprimunt,
2090 2630 2155 2680 ut
2189 2621 2325 2679 Act.
2356 2622 2477 2679 viii.
2508 2625 2603 2693 22,
2636 2621 2736 2679 ubi

325 2712 464 2774 ἴιὸςι
487 2712 755 2772 &pubinum
784 2702 935 2761 idem
966 2710 1070 2777 est,
1103 2702 1258 2779 quod
1290 2711 1377 2768 ἵνα,
1402 2702 1498 2760 vel
1528 2710 1645 2762 ἴτυς
1671 2708 1720 2760 δὴ
1762 2712 1823 2760 ul
1867 2703 2187 2760 remittatur
2215 2701 2324 2776 Cibi,
2376 2710 2440 2759 ut
2471 2700 2621 2761 Phil.
2652 2700 2733 2758 iil.

331 2785 421 2855 10,
449 2786 538 2857 11,
573 2792 704 2843 ιῖης
730 2792 1004 2840 κατηκόων
1026 2783 1244 2856 sisorte
1255 2783 1583 2859 perveniam
1601 2784 1686 2840 ad
1700 2783 2175 2857 resurrectionem,
2200 2780 2277 2839 id.
2298 2789 2363 2840 ut
2383 2781 2733 2858 perveniam,

322 2881 439 2937 quo
470 2882 644 2919 sensu
681 2881 835 2939 saepe
865 2863 1013 2921 sumi
1037 2863 1307 2921 observat
1347 2862 1613 2921 Eustath.
1644 2862 1704 2919 in
1736 2863 1974 2920 Homer.

405 2940 690 2998 XXVII.
737 2941 919 3000 Aliud
948 2950 1036 2999 est
1063 2942 1223 3018 loqui
1245 2942 1318 2999 de
1355 2942 1698 3000 certitudine
1726 2941 2017 3017 objectiva
2043 2940 2179 2999 fidei
2217 2960 2346 3017 quae
2376 2939 2643 3015 creditur,
2676 2938 2738 2997 id

326 3026 430 3093 est,
481 3018 756 3077 doctrinae
786 3019 984 3076 Verbo
1034 3020 1299 3077 traditae:
1345 3020 1528 3078 Aliud
1557 3020 1631 3077 de
1681 3020 2022 3078 certitudine
2064 3019 2390 3094 subjectiva
2435 3017 2573 3075 fidei
2621 3038 2738 3094 qua

326 3097 594 3171 creditur,
642 3098 702 3155 id
731 3106 836 3172 est,
868 3098 1100 3157 habitus
1128 3098 1230 3174 qui
1256 3106 1346 3156 est
1366 3098 1427 3154 in
1454 3097 1742 3156 fidelibus.
1829 3098 1943 3155 Illa
1970 3097 2143 3156 debet
2170 3096 2500 3154 immediate
2543 3106 2601 3154 et
2631 3116 2734 3155 ex·

326 3196 521 3253 presse
570 3177 629 3234 in
679 3177 976 3253 Scriptura
1012 3185 1228 3251 extare,
1260 3184 1318 3234 et
1366 3196 1441 3234 ex
1484 3196 1552 3234 ea
1580 3176 1711 3234 elici
1736 3198 1750 3250 ς
1799 3175 1916 3234 Sed
1964 3175 2077 3233 ista
2116 3195 2234 3234 non
2262 3174 2437 3233 debet
2490 3195 2618 3234 esse
2673 3176 2735 3234 in

329 3258 639 3333 Scriptura,
672 3257 775 3315 sed
822 3257 881 3313 in
911 3255 1082 3314 corde
1125 3255 1314 3313 fidelis
1343 3274 1418 3313 ex
1467 3255 1778 3331 Scriptura,
1808 3262 1868 3313 et
1916 3253 2231 3313 secundum
2258 3273 2387 3312 eam
2416 3253 2600 3329 digito
2626 3254 2736 3313 Dei

325 3337 568 3411 exarari,
620 3336 757 3412 quia
805 3335 984 3394 oritur
1039 3355 1114 3393 ex
1155 3335 1379 3393 visione
1428 3334 1636 3409 cordis,
1682 3354 1786 3392 seu
1835 3353 2008 3393 sensu
2037 3342 2096 3393 et
2143 3332 2500 3410 experientia
2526 3333 2734 3393 fidelis.

328 3418 382 3475 N
385 3438 450 3475 ec
479 3417 669 3474 minus
698 3424 889 3475 tamen
919 3415 1137 3473 censeri
1167 3414 1340 3473 debet
1367 3415 1638 3473 certitudo
1653 3414 1817 3491 fidei.
1890 3413 2038 3488 Quia
2065 3414 2202 3471 licet
2222 3414 2346 3471 haec
2374 3413 2590 3471 veritas
2617 3433 2735 3471 non

325 3497 688 3556 contineatur
730 3516 1001 3573 expresse
1044 3496 1103 3553 in
1136 3495 1432 3571 Scriptura
1459 3494 1653 3571 quoad
1700 3494 2086 3571 hypothesim,
2119 3514 2193 3552 ex
2223 3514 2292 3552 ea
2331 3501 2523 3551 tamen
2552 3493 2730 3552 dedu-

325 3578 475 3637 citur
502 3584 560 3635 et
581 3596 650 3635 ea
669 3577 874 3635 nititur
894 3574 1087 3652 quoad
1114 3574 1323 3634 thesim
1347 3596 1362 3650 ;
1406 3595 1483 3633 ex
1510 3574 1714 3652 regula
1741 3574 1996 3651 generali
2027 3574 2392 3650 Logicorum,
2418 3573 2734 3632 secundum

326 3676 499 3733 quam
541 3657 961 3734 propositiones
990 3655 1364 3733 particulares
1391 3654 1766 3713 includuntur
1793 3654 1853 3712 in
1882 3653 2323 3713 universalibus.
2410 3653 2554 3712 Cum
2597 3672 2736 3729 ergo

330 3737 626 3812 Scriptura
653 3737 808 3795 dicat
848 3756 1049 3795 omnes
1077 3735 1376 3795 credentes
1418 3734 1814 3794 remissionem
1843 3742 2208 3811 peccatorum
2236 3742 2295 3792 et
2341 3733 2586 3791 salutem
2634 3732 2736 3790 ob·

324 3822 602 3889 tenturos,
649 3816 737 3873 Eo
766 3816 893 3891 ipso
921 3816 1194 3891 relinquit
1233 3815 1392 3873 fideli
1433 3814 1912 3888 concludendum,
1944 3812 2099 3889 quod
2143 3811 2555 3869 sibicredenti
2602 3810 2736 3870 talis

326 3894 587 3951 remissio
635 3904 694 3953 et
738 3894 895 3952 salus
944 3894 1231 3953 destinata
1279 3893 1390 3967 sit3
1441 3893 1657 3952 Sensus
1686 3892 1898 3969 quippe
1926 3900 1985 3950 et
2012 3890 2369 3966 experientia
2396 3909 2513 3946 non
2550 3896 2737 3947 mutat

327 3972 587 4049 regulam
616 3972 675 4029 in
704 3992 783 4045 se,
808 3992 914 4030 nec
936 3972 1125 4030 reddit
1151 3972 1461 4030 humanam
1491 3973 1541 4035 si
1569 3971 1769 4030 divina
1797 3978 1901 4044 est,
1933 3968 2036 4028 sed
2064 3968 2315 4045 applicat
2341 3968 2402 4026 in
2428 3967 2738 4045 hypothesi

329 4052 589 4129 subiecto
616 4051 948 4128 particulari
977 4051 1236 4128 regulam
1266 4051 1612 4127 generalem.
1697 4049 1976 4123 Quamvis
2005 4067 2143 4106 vero
2185 4068 2303 4107 non
2332 4048 2579 4107 velimus
2634 4067 2731 4124 pa-

327 4152 447 4191 rem
477 4151 603 4190 esse
631 4130 879 4207 duplicis
920 4130 1088 4190 istius
1132 4128 1492 4189 certitudinis
1520 4139 1640 4190 tam
1680 4129 1968 4202 revelatae,
2026 4147 2198 4204 quam
2248 4126 2735 4204 experimentalis,

327 4212 747 4286 necessitatem,
779 4211 875 4269 vel
916 4209 1160 4287 gradum
1202 4208 1526 4283 evidentiae,
1577 4218 1644 4269 ut
1697 4216 1868 4266 antea
1920 4207 2150 4282 visum3
2193 4227 2310 4265 non
2354 4206 2565 4265 desinit
2609 4226 2736 4266 esse

326 4301 568 4369 utraque
610 4291 747 4349 fidei
776 4290 1006 4364 divinae,
1064 4289 1350 4366 siquidem
1406 4295 1649 4365 utraque
1704 4287 2034 4347 testimonio
2090 4287 2289 4345 divino
2346 4294 2405 4344 et
2447 4285 2738 4343 infallibili

327 4372 547 4448 nititur,
578 4372 679 4429 illa
706 4371 938 4448 quidem
973 4370 1219 4447 Spiritus
1246 4368 1535 4446 loquentis
1564 4369 1625 4425 in
1666 4367 1881 4442 Verbo,
1914 4367 2024 4425 ista
2051 4385 2189 4425 vero
2223 4366 2470 4443 Spiritus
2496 4365 2735 4441 loquen-

330 4451 405 4508 tis
432 4452 492 4508 in
521 4452 709 4525 corde,
735 4451 835 4529 qui
862 4451 1028 4510 testis
1056 4448 1213 4508 omni
1241 4448 1580 4525 exceptione
1608 4449 1794 4525 major
1809 4454 1915 4505 est.

414 4530 734 4588 XXVIII.
783 4531 865 4591 Ut
920 4551 1036 4589 non
1091 4529 1277 4588 omnis
1315 4528 1486 4587 timor
1530 4536 1620 4586 est
1647 4535 1904 4587 dean-mos
1938 4546 2068 4585 cum
2118 4524 2460 4584 certitudine
2499 4524 2734 4602 gratiae3

333 4609 426 4667 Ita
454 4629 559 4667 nec
589 4609 775 4668 omnis
803 4611 974 4669 timor
1005 4611 1096 4668 vel
1139 4608 1466 4686 praecipitur
1505 4607 1681 4684 fideli,
1714 4607 1808 4666 vel
1839 4606 1911 4664 ab
1941 4627 2008 4664 eo
2038 4613 2382 4664 removetur.
2449 4603 2622 4662 Alius
2650 4613 2740 4664 est
