3221 5200
428 320 547 377 408
616 330 631 339 ”
1232 354 1415 397 Locus
1443 358 1704 400 nnc-mus
1733 361 2029 410 QUARTUS.
2438 335 2689 419 [Quffis'r.
2721 352 2847 393 xlv.

434 479 539 568 πᾷ
552 498 668 552 Pro
689 482 780 574 ,ὢν
814 505 950 559 QUOS
976 490 1115 548 mihi
1138 495 1354 554 dedisti.
1458 500 1600 557 Cum
1636 521 1776 561 vero
1817 523 2018 580 preces
2059 501 2233 560 alicui
2272 497 2622 575 impendere,
2666 495 2849 554 multo

435 576 626 615 minus
657 571 731 619 Slt
752 583 925 639 quam
955 573 1294 647 sanguinem
1324 587 1381 635 et
1403 578 1583 637 vitam
1606 582 1759 659 dare,
1786 584 1916 660 quis
1937 583 2152 640 dixerit
2179 600 2309 640 eum
2339 598 2442 656 pro
2465 578 2537 634 iis
2558 585 2846 634 mortuum

437 656 581 728 esse,
613 641 823 715 quibus
852 665 1049 721 preces
1072 672 1206 711 suas
1235 655 1523 734 denegat?
1551 662 1648 719 vel
1670 683 1799 721 eum
1831 663 2247 740 denegaturum
2277 660 2453 717 fuisse
2482 676 2683 734 preces
2711 656 2847 730 illis,

435 735 496 808 Ψ
525 737 766 811 (luorum
805 728 1051 817 gratiam
1090 735 1430 810 sanguinem
1472 739 1660 816 ipsum
1698 743 2043 819 profundere
2081 741 2283 815 voluit,
2315 759 2384 798 eo
2412 744 2703 795 momento
2733 755 2850 812 quo

428 815 673 874 jamjam
704 815 1012 866 moriturus
1040 818 1206 871 erat?

518 877 743 969 252111,
776 884 829 941 N
833 904 897 943 ec
926 887 1020 947 hic
1049 890 1355 953 dicendum
1384 918 1515 956 cum
1546 900 2106 977 RemonstrantibuS,
2134 900 2488 977 “Duplicem
2511 897 2636 954 dari
2659 897 2849 954 Inter·

435 975 752 1052 cessionem
794 964 1023 1043 Christi,
1069 972 1241 1031 aliam
1269 976 1673 1056 universalem,
1718 1003 1846 1059 quae
1877 984 1952 1041 sit
1979 1003 2127 1059 resp.
2156 982 2334 1040 totius
2364 977 2579 1053 mundi,
2612 978 2684 1035 de
2713 996 2845 1052 qua,

438 1035 687 1130 1³³1·‚,l¹¹¹·
723 1046 813 1117 12,
847 1049 1160 1109 seeundum
1190 1073 1361 1129 quam
1390 1078 1494 1135 pro
1532 1064 1996 1137 persecutoribus
2039 1062 2158 1121 suis
2195 1079 2389 1119 orasse
2427 1059 2657 1134 legitur,
2706 1057 2845 1114 Luc.

437 1136 603 1210 xxiii.
635 1123 729 1193 34,
775 1124 945 1219 aliam
989 1132 1408 1211 particularem,
1453 1159 1582 1216 quae
1613 1143 1688 1200 sit
1715 1162 1865 1220 resp.
1894 1143 2169 1216 fidelium,
2202 1141 2274 1199 dc
2301 1159 2417 1216 qua
2450 1146 2671 1214 agatur,
2704 1138 2746 1196 J
2750 1137 2844 1194 oh.

435 1215 579 1255 xvn.
605 1208 662 1258 et
685 1202 853 1262 Rom.
877 1208 1040 1266 vrii.''
1088 1212 1443 1291 Supponitur
1471 1221 1623 1277 enim
1654 1222 1776 1281 sine
1805 1225 2042 1296 ratione,
2066 1222 2190 1280 dari
2222 1219 2701 1278 Intercessionem
2721 1217 2846 1274 uni·

436 1279 737 1367 versalem.
814 1285 896 1343 Ut
923 1288 1075 1346 enim
1106 1312 1330 1371 semper
1357 1299 1666 1358 exauditur
1686 1323 1721 1359 a
1744 1303 1934 1378 Patre,
1966 1304 2008 1362 J
2013 1303 2105 1361 oh.
2129 1303 2210 1361 xi.
2241 1305 2336 1375 42,
2370 1300 2418 1357 si
2446 1318 2550 1376 pro
2580 1297 2848 1356 omnibus

434 1361 832 1452 intercederet,
877 1386 1076 1428 omnes
1105 1381 1239 1432 actu
1267 1376 1645 1438 salvarentur.
1732 1383 1853 1441 Nec
1881 1384 1990 1441 hoc
2020 1382 2320 1455 evincitur,
2347 1380 2462 1437 Vel
2490 1398 2565 1436 ex
2596 1379 2710 1435 Isa.
2740 1376 2845 1434 liii.

442 1439 532 1510 12,
565 1439 665 1497 ubi
694 1441 904 1503 dicitur
944 1450 1178 1523 quidem
1221 1455 1638 1518 intercessurus
1679 1482 1782 1538 pro
1825 1463 2228 1536 defectoribus,
2272 1480 2391 1517 non
2427 1479 2531 1536 pro
2559 1457 2842 1531 omnibus),

436 1517 540 1573 sed
566 1538 670 1593 pro
699 1524 897 1582 multis
926 1527 1058 1604 illis,
1104 1551 1346 1607 quorum
1389 1540 1603 1597 mentio
1634 1541 1716 1598 ibi
1743 1542 1824 1617 fit,
1857 1552 1915 1601 et
1943 1562 2089 1618 quos
2118 1540 2438 1619 justificare
2467 1539 2691 1611 dicitur,
2721 1556 2842 1593 ver.

441 1598 533 1670 ll,
583 1597 797 1693 ‘'0¹5³'‘
831 1605 970 1664 Luc.
1022 1612 1189 1670 xxiii.
1242 1617 1337 1688 34,
1425 1617 1546 1676 Nec
1576 1621 1728 1678 enim
1760 1631 1886 1680 orat
1913 1643 2016 1698 pro
2045 1621 2313 1679 omnibus
2356 1617 2841 1694 crucifigentibuS,

436 1675 539 1733 sed
567 1698 670 1772 pro
692 1701 763 1740 us
786 1686 885 1759 qui
914 1691 1230 1762 peccabant
1258 1714 1333 1752 ex
1360 1695 1704 1774 ignorantia,
1735 1711 1801 1760 ut
1829 1702 2042 1761 ibidem
2069 1701 2330 1760 Christus
2359 1699 2536 1774 addit,
2568 1698 2668 1773 qui
2697 1698 2844 1754 sruc-

434 1762 557 1813 tum
586 1768 757 1818 etiam
789 1767 1062 1827 orationis
1091 1772 1476 1852 obtinuerunt,
1505 1778 1640 1839 Act.
1671 1781 1730 1839 ii.
1761 1791 1819 1841 et
1847 1782 1927 1840 iii.
2012 1783 2135 1840 Nec
2164 1782 2212 1839 si
2243 1780 2507 1839 Christus
2535 1798 2610 1836 ex
2638 1776 2849 1836 affectu

433 1834 701 1915 humane,
735 1853 895 1902 etex
924 1847 1219 1911 charitatis
1261 1854 1513 1932 impulsu
1544 1870 1813 1936 precatus
1853 1862 2057 1920 fuisset
2097 1861 2271 1920 etiam
2311 1880 2416 1937 pro
2454 1857 2844 1936 pereuntibUS,

436 1928 770 2014 sequeretur
794 1944 995 2000 preces
1026 1930 1483 2013 IntercessoriaS,
1528 1959 1673 2015 quas
1702 1962 1818 2018 qua
1847 1943 2136 2001 Mediator
2163 1941 2389 2016 obtulit,
2422 1948 2481 1998 et
2508 1958 2583 1996 ex
2612 1936 2847 2014 speciali

432 1994 536 2053 1110
576 1997 794 2075 Officio,
841 2004 1107 2067 debuisse
1137 2012 1212 2070 ad
1240 2014 1384 2074 alios
1413 2020 1666 2096 extendi,
1713 2042 1886 2098 quam
1928 2023 2002 2080 ad
2046 2023 2279 2080 Eiectos
2309 2030 2368 2080 et
2394 2021 2561 2077 datos
2590 2039 2624 2076 a
2654 2018 2843 2091 Patre,

432 2074 508 2132 ad
536 2095 683 2152 quos
711 2101 808 2139 eas
838 2088 1135 2165 restringit
1162 2092 1285 2169 ipse
1315 2096 1595 2157 Christus.

516 2155 776 2251 ᾎΧᾸῙΙ.
840 2164 960 2223 Nec
1001 2171 1205 2229 melius
1248 2174 1522 2253 elabetur,
1569 2179 1671 2256 qui
1713 2180 1942 2257 dixerit,
1988 2180 2221 2240 excludi
2263 2188 2487 2239 tantum
2516 2199 2550 2236 a
2578 2177 2847 2256 precibus

433 2232 647 2326 Christi
675 2242 954 2303 Mundum
984 2250 1432 2331 Incredulorum,
1469 2258 1570 2333 qui
1597 2279 1730 2319 reus
1758 2272 1847 2320 est
1874 2262 2071 2340 rejecti
2103 2260 2429 2337 Evangelii,
2462 2267 2520 2317 et
2548 2258 2847 2316 credentes

431 2313 566 2407 O‘hq
609 2317 799 2395 habet,
856 2344 972 2385 V‘³12
1010 2331 1099 2404 14,
1133 2332 1235 2390 sed
1276 2355 1392 2393 non
1437 2337 1724 2398 Mundum
1752 2362 1785 2400 a
1817 2343 1942 2400 Deo
1972 2342 2264 2414 dilectum,
2309 2340 2403 2398 cui
2433 2338 2647 2396 Filium
2679 2357 2844 2395 suum

433 2391 611 2470 dedit,
643 2399 783 2459 Joh.
813 2401 894 2461 iii.
930 2409 1022 2465 16.
1108 2410 1230 2470 Nec
1272 2415 1386 2472 alio
1429 2418 1665 2477 tendere
1706 2440 1906 2497 preces
1948 2422 2106 2494 istas,
2153 2440 2325 2496 quam
2364 2419 2439 2476 ad
2467 2417 2845 2476 obtinendum

430 2471 647 2566 don-um
692 2489 1133 2555 perseverantias
1178 2511 1282 2567 pro
1326 2495 1614 2554 fidelibus,
1717 2500 1866 2574 Quia
1906 2520 2037 2559 cum
2081 2499 2339 2557 Mundus
2378 2499 2485 2555 iste
2525 2506 2866 2574 opponatur

431 2550 583 2646 datls
611 2577 646 2614 a
676 2558 977 2654 Patre-per
1004 2567 1359 2647 electionem,
1401 2578 1724 2636 necessario
1754 2579 1926 2638 debet
1954 2578 2190 2638 extendi
2220 2577 2294 2635 ad
2323 2596 2520 2635 omnes
2550 2576 2842 2653 reprobOS,

430 2649 531 2721 qui
579 2655 710 2728 non·
746 2639 866 2698 dati
915 2654 1049 2704 sunt
1100 2648 1344 2725 Christo,
1387 2656 1793 2715 antecedenter
1833 2658 1907 2715 ad
1950 2678 2146 2716 eorum
2191 2656 2666 2728 incredulitatem,
2720 2655 2844 2712 sive

432 2714 714 2772 increduli
744 2738 888 2808 'esse
934 2722 1237 2786 debuerint
1294 2732 1619 2809 Evangelio
1668 2736 1777 2794 sibi
1836 2737 2046 2811 oblate,
2100 2737 2222 2794 sive
2281 2736 2390 2794 Rei
2445 2743 2669 2793 tantum
2719 2734 2842 2791 vio-

429 2787 562 2847 latae
614 2793 790 2870 Legis
834 2808 1070 2861 naturae.
1173 2807 1251 2866 Et
1299 2830 1427 2867 cum
1479 2815 1805 2890 reprobatio
1854 2817 1954 2874 illa
2003 2818 2076 2874 ab
2128 2826 2341 2874 aeterno
2390 2815 2541 2873 facta
2590 2815 2681 2889 sit,
2726 2834 2844 2872 non

428 2876 739 2962 potuerunt
783 2896 1036 2955 unquam
1085 2885 1252 2945 aliter
1300 2891 1651 2951 considerari
1690 2915 1725 2953 a
1769 2896 1913 2954 Deo.
2019 2897 2142 2954 Nec
2199 2895 2474 2971 MunduS,
2533 2914 2704 2971 quem
2755 2895 2843 2952 di·

430 2948 644 3042 lexjsse
704 2955 864 3015 Deus
920 2960 1131 3022 dicitur
1170 2967 1245 3025 ad
1287 2969 1540 3030 dandum
1598 2974 1813 3034 Filium
1858 2996 2043 3052 suum,
2090 2977 2283 3035 obstat
2326 2976 2458 3033 huic
2501 2975 2841 3050 exclusioni,

430 3042 669 3124 quaa-ut
699 3055 811 3128 ’suo
852 3039 981 3098 loco
1010 3043 1217 3123 visum,
1263 3069 1379 3108 non
1418 3054 1751 3113 extenditur
1778 3056 1852 3114 ad
1882 3077 2079 3115 omnes
2109 3066 2168 3116 et
2195 3057 2474 3134 singulOS,
2520 3055 2622 3114 sed
2665 3055 2844 3113 indis-

430 3122 787 3210 criminatim·
811 3118 887 3176 ad
926 3121 1177 3185 ElectOS.
1278 3130 1401 3189 Nec
1431 3133 1478 3190 si
1507 3154 1612 3211 pro
1648 3135 1951 3213 Apostolis
1984 3138 2109 3215 jam
2151 3136 2518 3196 credentibus
2558 3143 2841 3211 precatur,

428 3195 720 3270 poscendo
748 3218 819 3257 ns
847 3208 1289 3277 perseverentiae
1318 3211 1551 3289 donum,
1597 3216 1857 3292 sequitur
1885 3237 1987 3295 pro
2017 3217 2286 3275 fidelibus
2315 3224 2534 3275 tantum
2571 3234 2687 3291 qua
2714 3215 2844 3273 tali·

429 3273 541 3366 bus
569 3284 626 3333 et
654 3292 1071 3356 consequenter
1097 3287 1172 3344 ad
1201 3308 1397 3348 eorum
1426 3293 1597 3352 fidem
1629 3298 1883 3372 precari;
1928 3297 2044 3356 imo
2074 3318 2203 3355 cum
2232 3318 2336 3373 pro
2366 3296 2632 3354 omnibus
2662 3295 2843 3353 credi-

430 3361 575 3411 tm'ffi
599 3364 738 3430 Oret,
754 3364 985 3451 Ver-,12
1003 3368 1096 3438 21,
1123 3369 1158 3398 “
1180 3368 1263 3427 Ut
1281 3373 1710 3433 sanctificentur
1728 3377 1786 3433 in
1807 3377 2068 3451 veritate,
2083 3386 2142 3435 et
2164 3377 2222 3433 in
2244 3397 2421 3435 unum
2440 3394 2843 3434 consummen-

431 3436 583 3507 tur,’'
614 3455 720 3494 nec
749 3449 933 3513 possit
960 3441 1069 3499 hoc
1100 3445 1221 3503 sine
1253 3448 1404 3507 dono
1432 3452 1566 3510 fidei
1596 3454 1736 3528 fieri,
1763 3455 1936 3514 debet
1964 3457 2135 3513 fidem
2167 3458 2283 3514 illis
2312 3455 2624 3533 apprecari.
2669 3454 2842 3512 Adde

431 3512 588 3589 quod
616 3534 746 3606 curn
767 3536 827 3574 se
850 3520 1206 3608 sanctificare
1235 3526 1390 3585 dicat
1417 3549 1520 3604 pro
1549 3532 1636 3607 iis,
1662 3542 1808 3593 utet
1840 3535 1950 3612 ipsi
1979 3536 2471 3594 sanctificarentur
2498 3535 2557 3591 in
2580 3535 2839 3608 veritate,

430 3612 537 3650 nec
567 3594 1076 3684 sanctificationem
1118 3601 1287 3660 istam
1329 3619 1669 3685 assequatur
1697 3613 1757 3669 in
1786 3615 1915 3672 aliis
1943 3634 2116 3690 quam
2147 3614 2382 3688 Electis‚
2427 3635 2529 3692 pro
2559 3614 2674 3671 illis
2704 3615 2843 3672 solis

430 3691 631 3749 preces
667 3680 810 3730 lstas
848 3678 1178 3770 concepisse
1217 3688 1538 3747 censendus
1577 3700 1682 3765 est,
1715 3693 1791 3750 ad
1831 3693 1967 3751 fidei
1996 3704 2053 3752 et
2082 3702 2417 3753 caeterorum
2451 3695 2729 3752 donorum
2768 3694 2842 3751 ad

431 3752 677 3810 salutem
706 3773 1156 3817 necessariorum
1186 3762 1567 3843 largitionem,
1600 3779 1658 3829 et
1685 3773 2187 3848 perseverentiam.

1036 3839 1287 3902 XXIV.
1333 3846 1567 3924 QuartO,
1615 3851 1708 3909 Ex
1752 3853 2228 3929 inseparabilitate
2268 3854 2405 3912 doni
2429 3854 2580 3927 Filii,
2623 3862 2677 3911 et
2710 3855 2848 3912 doni

431 3915 473 3960 4·
504 3917 579 4021 {132¹
599 3920 909 4022 {pappa-rapi:
953 3918 1199 4011 sz‘m'fus
1240 3926 1451 3985 Sancti.
1554 3931 1700 3989 Cum
1743 3932 1895 3990 enim
1939 3933 2054 3992 duo
2083 3932 2194 3992 ista
2222 3933 2374 3992 dona
2403 3935 2654 3991 omnium
2697 3953 2841 4009 prae·

504 3991 911 4093 lili,aetd0(1)1¹i¹¹Spi·
952 4004 1305 4063 stantlssima
1332 4027 1366 4064 a
1397 4007 1522 4067 Deo
1560 4012 1729 4069 nobis
1757 4013 1893 4072 data
1926 4013 2042 4072 sint
2079 4013 2153 4071 ad
2198 4015 2459 4088 salutern,
2504 4022 2562 4072 et
2600 4014 2840 4090 conjun-

504 4096 634 4138 ritus
668 4094 752 4145 s.;
950 4096 1161 4163 gantur
1202 4088 1514 4146 identidem
1547 4091 1602 4148 in
1639 4092 1949 4169 Scriptura,
1991 4101 2056 4152 ut
2097 4113 2270 4151 causa
2312 4104 2369 4153 et
2411 4093 2666 4165 effectuS,
2699 4094 2839 4152 Joh.

954 4169 1075 4227 xvi.
1109 4174 1161 4243 7,
1196 4169 1327 4228 Gal.
1359 4169 1436 4226 iv.
1467 4173 1522 4245 4,
1556 4174 1609 4247 6,
1659 4172 1827 4231 Rom.
1858 4173 1980 4232 viii,
2032 4177 2086 4247 9,
2123 4176 2152 4229 1
2185 4174 2324 4232 Joh.
2359 4173 2440 4231 iii.
2486 4177 2581 4248 24,
2628 4173 2844 4232 debent

430 4249 670 4325 aequalis
708 4267 834 4306 esse
876 4248 1201 4307 latitudinis
1229 4258 1287 4307 et
1314 4249 1438 4325 pari
1474 4270 1650 4326 passu
1693 4252 1995 4327 incedere;
2041 4261 2105 4310 ut
2133 4273 2248 4310 non
2277 4273 2380 4328 pro
2409 4253 2538 4311 aliis
2567 4253 2737 4311 datus
2768 4254 2845 4312 sit

432 4329 618 4387 Filius
647 4328 721 4385 ad
750 4329 1156 4404 acquirendam
1187 4329 1447 4404 salutem,
1479 4349 1653 4405 quam
1682 4332 1893 4407 quibus
1922 4331 2093 4390 datur
2124 4332 2371 4409 Spiritus
2399 4332 2473 4389 ad
2502 4352 2628 4390 eam
2657 4334 2842 4410 appli-

429 4408 691 4466 candam.
793 4408 914 4466 Nec
956 4409 1076 4466 ulla
1118 4408 1281 4465 reddi
1322 4409 1506 4485 possit
1546 4411 1710 4483 ratic,
1756 4430 1858 4469 cur
1898 4412 2082 4487 major
2110 4411 2185 4469 sit
2213 4411 2475 4470 extensio
2505 4412 2640 4470 doni
2683 4413 2839 4488 Filii,

429 4507 601 4564 quam
632 4487 768 4545 doni
802 4488 1067 4564 Spiritus,
1126 4488 1365 4546 Constat
1393 4497 1582 4546 autem
1619 4489 1895 4566 Spiritum
1925 4510 2039 4548 non
2069 4491 2335 4549 omnibus
2363 4492 2504 4566 dari,
2537 4493 2640 4551 sed
2670 4493 2842 4551 Elee-

427 4568 503 4625 tis
545 4573 767 4625 tantum
795 4589 808 4640 3
857 4569 1015 4642 Ergo
1048 4567 1231 4624 Filius
1262 4588 1373 4625 non
1407 4588 1508 4642 pro
1538 4568 1668 4627 aliis
1697 4589 1823 4627 sese
1853 4570 2081 4627 Vadem
2125 4572 2325 4629 sistere
2369 4571 2585 4646 debuit,
2615 4581 2681 4631 ut
2708 4573 2833 4630 har·

429 4645 623 4701 monia
662 4645 896 4703 daretur
930 4648 1078 4705 inter
1105 4647 1271 4723 opius
1302 4648 1455 4722 Filii,
1487 4657 1545 4706 et
1573 4669 1719 4726 opus
1752 4650 2001 4728 Spiritus
2034 4650 2094 4708 S.
2195 4650 2393 4727 Atque
2436 4652 2549 4711 huc
2591 4653 2843 4731 pertinet
