3221 5200
327 370 542 417 Quaetsr.
575 350 736 431 vnn]
1065 371 1141 408 nr:
1173 370 1435 409 ransom
1467 370 1538 408 Ετ
1569 370 1746 408 sti-ru
1778 371 2027 408 cniusrr.
2624 353 2741 408 285

327 512 644 588 personae.’‘
729 511 872 569 Cum
917 530 1032 586 quo
1061 511 1198 569 facit
1251 511 1465 569 Paulus
1517 511 1744 568 Eberus
1796 508 2281 587 Wittebergensis
2324 510 2657 587 Theologus
2689 511 2746 568 in

326 592 426 649 lib.
459 592 530 650 de
560 593 668 648 hoc
698 599 1036 667 argumento
1066 591 1239 649 edito,

412 671 592 729 VIII.
639 672 768 729 Non
797 671 1072 748 qumritur
1101 692 1314 742 rursus,
1351 671 1445 728 An
1477 671 1855 748 proprietates
1884 675 2103 725 naturae
2132 670 2398 726 humanae
2428 671 2745 727 communi-

332 760 474 809 catae
506 752 620 809 sint
648 761 866 810 naturoe
904 751 1165 808 divinae‘?
1207 751 1362 827 quod
1406 751 1528 809 ficri
1570 771 1685 807 non
1729 771 1896 826 posse
1941 748 2190 807 fatentur
2220 750 2578 809 Adversarii.
2626 751 2748 809 Nec

333 829 433 888 An
475 852 673 889 omncs
715 831 1092 908 proprietates
1123 842 1340 888 naturae
1366 831 1577 887 divinae
1602 831 1717 888 sint
1740 829 2172 887 communicata:
2195 838 2413 887 naturae
2436 830 2701 888 humanae
2722 834 2751 888 Ρ

343 911 458 969 Sed
501 921 721 970 tantum
765 911 1048 987 quaedam,
1093 921 1159 968 ut
1198 911 1692 986 Omnipraesentia,
1732 908 2162 984 Omniscientia,
2205 909 2650 986 Omnipotcntia,
2692 920 2751 969 et

332 991 442 1050 Vis
472 992 806 1050 vivificandi
825 995 854 1049 Ρ
897 991 1064 1064 Quod
1093 990 1179 1047 illi
1209 999 1488 1063 asserunt,
1576 991 1699 1047 Nos
1727 1008 2024 1065 negamus

361 1110 769 1155 communicatio-
943 1071 1060 1127 IX.
1110 1071 1385 1127 Rationes
1416 1078 1587 1128 suut:
1678 1071 1728 1127 1.
1775 1070 1924 1143 Quia
1972 1068 2240 1125 Essentia
2279 1067 2476 1126 divina
2503 1090 2619 1127 non
2649 1091 2748 1146 po-

391 1184 500 1213 nem
519 1170 812 1213 Idiomatum
857 1159 970 1209 test
999 1149 1408 1206 communicari
1437 1159 1731 1222 creaturae,
1763 1150 1899 1225 quia
1941 1168 2031 1204 res
2054 1158 2246 1206 creata
2267 1168 2382 1205 non
2410 1159 2601 1225 potest
2628 1151 2752 1208 fieri

392 1227 440 1327 {1¹¹
459 1231 702 1295 apstraeto
721 1240 814 1269 '¹⁰¹¹
858 1231 1126 1303 increata,
1159 1230 1303 1287 alias
1342 1239 1496 1287 esset
1528 1230 1726 1304 Deus-:⁸3
1772 1249 1910 1304 crgo
1947 1248 2054 1284 nec
2096 1229 2474 1305 proprietates
2506 1231 2615 1287 Dei
2660 1251 2747 1288 es-

337 1348 379 1386 1.
422 1290 808 1391 ὅῖἰξΐὲέζζᾞω
858 1310 1144 1382 sentiales,
1169 1329 1298 1385 quae
1327 1308 1755 1366 identificantur
1776 1328 1905 1367 cum
1929 1308 2178 1365 essentia
2199 1308 2397 1366 divina
2420 1331 2433 1382 ;
2484 1311 2578 1368 Sic
2598 1311 2751 1368 enim

391 1402 549 1445 divina
584 1416 678 1444 non
718 1416 809 1458 po-
849 1390 1049 1448 eadem
1092 1399 1295 1447 natura
1338 1398 1490 1446 esset
1532 1389 1701 1446 simul
1746 1398 1936 1446 creata
1977 1397 2034 1445 et
2075 1388 2343 1462 increata,
2377 1389 2655 1448 immensa
2698 1401 2756 1449 et

395 1465 496 1530 ²⁶⁵¹?
545 1463 802 1503 ⁰⁰¹¹¹¹¹¹¹¹¹¹¹'
850 1470 1029 1543 finita,
1053 1469 1160 1527 Sec.
1192 1469 1348 1546 quod
1371 1480 1458 1526 est
1488 1468 2012 1526 contradictorium.
2100 1468 2221 1526 Nec
2244 1470 2619 1528 contradictio
2641 1472 2751 1528 sol-

399 1533 513 1563 can.
850 1551 1021 1625 vitur,
1049 1550 1293 1607 dicendo
1322 1570 1422 1626 per
1443 1559 1631 1607 actum
1652 1558 1874 1606 παιᾶνας
1894 1548 2202 1606 convenire
2232 1557 2450 1607 naturae
2470 1551 2752 1625 humanae,

335 1639 399 1688 ut
429 1630 502 1688 sit
530 1639 736 1704 creata,
770 1640 826 1689 et
855 1630 1033 1704 finita,
1067 1629 1169 1687 sed
1198 1650 1298 1706 per
1326 1639 1512 1687 actum
1524 1648 1788 1705 personae
1816 1648 1941 1686 esse
1970 1628 2280 1686 increatam
2311 1638 2369 1686 et
2398 1630 2753 1689 immensam.

343 1712 394 1767 1.
441 1711 587 1783 Quia
636 1711 1011 1787 personalitas
1066 1731 1181 1767 non
1239 1720 1326 1767 est
1367 1719 1548 1782 actuS,
1615 1708 1717 1766 sed
1772 1708 1980 1765 modus
2030 1709 2110 1765 rei
2143 1730 2156 1780 3
2223 1718 2280 1765 et
2320 1709 2366 1764 si
2410 1710 2754 1769 humanitati

341 1789 554 1847 Christi
582 1801 743 1848 actus
772 1811 1028 1868 personae
1058 1791 1346 1863 convenit,
1376 1791 1575 1866 utique
1605 1808 1852 1866 persona
1880 1788 2005 1846 erit.
2091 1788 2142 1844 N
2149 1808 2212 1844 cc
2252 1787 2523 1847 desinunt
2545 1810 2752 1866 propo·-

339 1869 577 1927 sitiones
626 1871 750 1928 istae
801 1891 951 1929 vcrae
987 1891 1130 1943 esse,
1185 1872 1421 1927 Verbum
1453 1871 1610 1928 Caro
1645 1871 1869 1944 sactum
1909 1877 2002 1941 est,
2041 1876 2094 1924 et
2132 1869 2321 1924 Homo
2352 1878 2432 1925 est
2463 1872 2660 1945 Deu35
2707 1871 2755 1926 si

339 1950 610 2008 Essentia
652 1951 849 2007 divina
889 1971 948 2008 se
991 1971 1106 2007 non
1140 1950 1524 2008 communicat
1551 1959 1771 2007 naturae
1802 1949 2083 2020 humanae,
2116 1948 2253 2023 quia
2281 1949 2497 2007 veritas
2527 1949 2756 2007 illarum

337 2049 452 2087 non
495 2030 696 2088 nititur
746 2030 1259 2088 communicatione
1304 2031 1714 2107 proprietatum
1762 2028 1817 2085 in
1863 2028 2189 2103 abstract03
2246 2027 2360 2086 Sed
2390 2028 2599 2086 unione
2631 2050 2756 2106 per-

339 2110 525 2167 sonali
551 2110 793 2167 duarum
823 2119 1150 2167 naturarum
1177 2110 1235 2165 in
1256 2118 1540 2168 concreto,
1587 2111 1700 2167 Per
1726 2108 2216 2184 regenerationem
2249 2108 2419 2166 fimus
2448 2110 2756 2186 participes

336 2199 556 2247 naturae
579 2188 809 2261 divinae,
856 2198 890 2246 2
939 2190 1062 2247 Pet.
1095 2189 1131 2246 i.
1164 2193 1219 2263 4,
1252 2209 1367 2246 non
1395 2189 1727 2261 formaliter,
1761 2188 1862 2246 sed
1885 2187 2182 2264 analogice
2207 2189 2424 2246 ratione
2447 2189 2751 2249 donorum.

342 2306 824 2364 2.QuiaProp1-ietn-
951 2269 1034 2326 X.
1084 2268 1366 2340 Secunde,
1401 2269 1549 2342 Quia
1586 2269 1743 2344 quod
1784 2268 2075 2345 proprium
2119 2277 2205 2325 est
2250 2269 2365 2342 uni,
2410 2289 2525 2326 non
2568 2278 2760 2345 potest

404 2369 478 2408 tes
500 2379 594 2406 non
617 2379 828 2407 commu·
869 2348 1031 2405 alteri
1072 2349 1496 2422 communicari,
1528 2349 1671 2406 alias
1700 2349 1991 2425 proprium
2021 2369 2145 2405 esse
2176 2348 2478 2424 desineret,
2511 2359 2569 2408 et
2596 2350 2759 2409 fieret

405 2423 646 2466 nicantur.
867 2447 1168 2485 commune
1192 2426 1293 2500 illi,
1327 2427 1418 2485 cui
1442 2428 1912 2486 communicatur.
2000 2429 2239 2486 Frustra
2261 2430 2544 2504 regeritur
2567 2432 2602 2462 “
2625 2430 2759 2488 Non
2830 2481 2833 2486 .

341 2529 509 2585 posse
533 2508 765 2584 quidem
789 2508 1194 2566 communicari
1213 2510 1354 2564 κατὰ
1373 2509 1549 2583 poietin
1573 2508 1672 2565 sed
1691 2511 1827 2565 κατὰ
1842 2505 2095 2567 συνδίκων
2111 2529 2213 2585 per
2234 2509 2531 2586 utriusque
2556 2509 2757 2569 union-

341 2611 449 2664 em,
481 2599 546 2648 ut
574 2590 761 2648 locum
795 2588 1001 2647 habeat
1031 2590 1089 2647 in
1119 2589 1392 2665 subjectis
1422 2585 1894 2664 mulabvoecpivocqff’
1941 2589 2089 2665 Quia
2118 2587 2370 2655 σ-ωὸὑασις
2400 2589 2499 2648 illa
2526 2612 2642 2649 non
2672 2600 2761 2650 est

341 2671 400 2727 in
456 2671 674 2727 naturis
732 2669 907 2728 unitis
963 2670 1021 2726 in
1078 2670 1404 2743 abstract03
1455 2671 1569 2729 Sed
1608 2671 1670 2727 in
1700 2672 1970 2744 Persona,
2030 2690 2131 2728 seu
2197 2671 2345 2729 Toto
2402 2690 2477 2728 ex
2537 2672 2759 2730 naturis

341 2751 517 2808 unitis
547 2760 845 2808 constante
875 2750 935 2808 in
965 2759 1248 2808 concretO.
1355 2755 1410 2809 2.
1445 2755 1479 2784 ‘⁴
1505 2752 1893 2827 Proprietates
1922 2751 2331 2809 communicari
2368 2772 2554 2828 posse,
2588 2761 2645 2810 et
2674 2762 2758 2810 ta-

339 2851 472 2888 men
526 2851 756 2888 mancre
811 2832 1205 2908 proprietateS,
1267 2852 1394 2889 cum
1438 2832 1545 2889 soli
1605 2832 1730 2889 Deo
1781 2831 2127 2888 conveniant
2170 2851 2271 2906 per
2313 2840 2594 2906 naturam,
2654 2833 2762 2890 hu-

340 2930 524 2968 manae
555 2931 692 2968 vero
721 2919 939 2968 naturae
962 2931 1063 2987 per
1084 2911 1390 2987 gratiam.''
1476 2912 1625 2985 Quia
1647 2911 1803 2987 quod
1826 2930 2125 2968 commune
2149 2910 2213 2967 fit
2235 2911 2416 2983 alteri,
2444 2911 2760 2987 quomodo·

342 3009 567 3065 cunque
598 2990 1065 3063 communicetur,
1097 3010 1213 3047 non
1241 2999 1431 3066 potest
1460 2991 1707 3066 amplius
1737 3010 1861 3047 esse
1892 2989 2202 3065 proprium.
2289 2991 2409 3047 Nee
2445 2990 2753 3050 diversitas

342 3076 559 3126 naturae
599 3069 865 3126 humanae
896 3064 1110 3126 Christi
1138 3069 1211 3124 ab
1241 3070 1368 3125 aliis
1398 3068 1569 3125 rebus
1600 3069 1807 3124 creatis
1838 3068 2030 3125 favere
2060 3076 2250 3141 potest
2278 3068 2412 3125 huic
2442 3072 2757 3128 communi-

343 3148 571 3222 cationi,
604 3168 733 3224 quoe
756 3148 946 3204 locum
986 3147 1043 3202 in
1090 3147 1161 3203 iis
1195 3146 1405 3202 habere
1434 3165 1550 3202 non
1584 3154 1793 3222 potest,
1827 3146 1962 3221 quia
1992 3146 2049 3201 in
2079 3147 2423 3203 excellentia
2456 3147 2756 3223 donorum,

345 3228 629 3304 dignitate
670 3226 941 3300 muueris,
986 3233 1045 3283 et
1087 3225 1477 3300 assumptione
1515 3225 1576 3281 in
1623 3226 1937 3283 Personam
1977 3224 2288 3303 θεᾰνθςόπου
2333 3227 2612 3301 consistit,
2644 3247 2762 3284 non

349 3309 408 3365 in
439 3306 958 3366 communicatione
986 3306 1417 3381 proprietatum.

347 3434 371 3471 ⁸
440 3426 568 3476 Quia
604 3430 690 3471 aut
731 3441 828 3469 om·
951 3385 1070 3443 XI.
1102 3384 1315 3459 Tertio,
1348 3384 1484 3460 quia
1502 3391 1600 3442 aut
1631 3403 1829 3441 omnes
1858 3384 2234 3461 proprietates
2282 3384 2515 3443 Naturae
2546 3386 2758 3445 divinae

376 3460 490 3530 'nes
512 3487 829 3530 debentcom-
873 3475 1005 3524 sunt
1035 3465 1486 3539 communicatae,
1518 3473 1619 3522 aut
1663 3465 1854 3539 nullae,
1888 3465 2025 3540 quia
2071 3474 2203 3523 sunt
2243 3465 2670 3542 inseparabileS,
2703 3477 2761 3527 et

401 3545 653 3599 municari,
718 3548 807 3587 aut
864 3546 1093 3604 realiter
1134 3565 1330 3603 unum.
1379 3546 1594 3602 Eorum
1625 3565 1763 3602 vero
1792 3566 1921 3622 quae
1953 3554 2086 3603 sunt
2117 3546 2346 3603 realiter
2375 3567 2570 3623 unum,
2603 3568 2758 3607 eom·

403 3604 566 3647 ‘'uuae’
867 3627 1157 3684 municato
1200 3646 1331 3699 uno,
1377 3627 1701 3683 necessario
1744 3626 2199 3684 communicatur
2240 3626 2500 3685 alterum.
2587 3628 2761 3688 Adde

342 3708 498 3784 quod
528 3708 574 3764 si
603 3716 836 3785 propter
867 3707 1154 3765 Unionem
1199 3705 1622 3782 hypostaticam
1662 3706 2094 3764 communicatae
2134 3715 2268 3764 sunt
2298 3708 2470 3764 Carni
2497 3709 2763 3784 quaedam

345 3787 738 3863 proprietateS,
765 3807 894 3843 cum
924 3796 1079 3858 Α’γος
1124 3806 1184 3843 se
1230 3795 1411 3844 totum
1463 3786 1715 3844 univerit
1757 3786 1931 3859 carni,
1977 3786 2300 3844 debuerunt
2343 3788 2514 3845 etiam
2564 3809 2765 3847 omnes

347 3867 514 3935 Λόγου
553 3868 928 3942 proprietates
973 3865 1397 3939 communicari,
1439 3865 1550 3922 nisi
1593 3865 1751 3936 Λόγον
1806 3866 2064 3923 dividere
2108 3866 2374 3923 ‘velimus
2460 3868 2581 3924 Nec
2638 3868 2762 3925 dari

349 3955 542 4023 potest
612 3945 776 4019 ratiO,
835 3966 936 4003 cur
1001 3945 1264 4021 quaedam
1314 3945 1749 4003 communicatae
1801 3946 1931 4016 sint,
1981 3946 2245 4021 quaedam
2291 3965 2406 4003 non
2438 3967 2451 4019 3
2519 3947 2667 4003 Nam
2712 3948 2762 4005 si

348 4028 545 4085 dicant
605 4025 870 4083 humanae
940 4034 1158 4082 naturae
1215 4044 1551 4101 repugnare,
1610 4033 1677 4083 ut
1733 4026 1807 4083 sit
1863 4035 2091 4097 oeterna,
2151 4024 2352 4100 quidni
2417 4027 2762 4102 repugnabit

347 4109 519 4166 ctiam
563 4126 688 4164 esse
733 4105 1273 4181 onmipraesentem3
1335 4106 1419 4161 At
1462 4124 1536 4162 ex
1576 4104 1887 4182 hypothesi
1932 4104 2387 4161 Lutheranorum
2418 4125 2534 4162 non
2562 4126 2762 4164 omnes

351 4197 487 4246 sunt
515 4185 970 4246 communicatae.
1058 4185 1216 4261 Ergo
1244 4184 1436 4242 nullae.
1523 4184 1646 4242 Nec
1692 4182 2083 4261 reponendum
2115 4183 2423 4241 discrimen
2455 4205 2582 4243 esse
2613 4186 2764 4244 inter

347 4267 726 4346 proprietates
758 4266 896 4340 Dei;
947 4265 1204 4341 aliasque
1249 4285 1374 4322 csse
1405 4265 1704 4344 ἔηςγητικιὶς
1742 4285 1870 4339 quae
1899 4264 2285 4339 peculiaribus
2333 4266 2764 4341 operationibus

346 4349 421 4406 ad
450 4358 615 4407 extra
634 4369 694 4406 se
716 4347 1026 4424 proferunt,
1059 4355 1117 4403 et
1145 4365 1387 4421 quarum
1430 4344 1873 4403 communicatio
1907 4344 2230 4400 necessaria
2259 4343 2366 4403 fuit
2394 4345 2468 4403 ad
2498 4345 2782 4405 Officium‘

351 4428 775 4502 Mediatorium,
807 4427 949 4485 alias
992 4429 1304 4506 ἄνιςγητικὰς
1363 4444 1506 4502 quas
1536 4424 1945 4482 communicari
1973 4443 2087 4480 non
2118 4422 2227 4482 suit
2255 4444 2415 4501 opus
2503 4425 2650 4499 Quia
2678 4437 2764 4485 ta-

348 4507 422 4565 lis
451 4507 771 4566 differentia
798 4517 1020 4566 tantum
1046 4507 1267 4564 obtinet
1291 4512 1554 4581 respectu
1583 4503 1933 4577 effectorum,
1966 4512 2024 4561 et
2051 4504 2249 4578 nostri,
2282 4524 2396 4560 non
2426 4525 2563 4562 vero
2592 4505 2651 4562 in
2683 4527 2762 4582 se,

350 4595 408 4645 et
432 4586 751 4661 intrinsece,
785 4588 882 4645 ubi
924 4587 1085 4645 nulla
1113 4587 1246 4645 talis
1275 4585 1599 4643 differentia
1627 4583 1751 4641 dari
1779 4592 1969 4660 potest
1998 4576 2230 4660 p'ropter
2258 4604 2538 4642 summam
2569 4606 2761 4645 essen·

349 4667 444 4726 tiae
475 4666 895 4743 simplicitatem
929 4690 942 4742 ;
989 4687 1094 4725 nec
1125 4665 1364 4743 proinde
1399 4664 1709 4722 diversitas
1738 4664 1794 4720 in
1827 4664 2360 4722 communicatione.
2446 4665 2567 4723 Nec
2590 4668 2765 4744 juvat
