3221 5200
379 366 602 414 QUAEST.
648 345 807 427 v111.]
1271 363 1349 402 DE
1391 363 1897 403 JUsTffch‘rwxss.
2672 344 2788 401 599

383 507 643 584 subjecto
693 503 1068 582 glorificando
1117 504 1426 582 requisitis,
1516 506 1598 565 Ut
1640 504 1797 563 aliud
1835 513 1923 564 est
1968 524 2222 580 quaerere
2267 523 2444 579 quare
2473 501 2593 560 vita
2621 500 2790 559 detur

381 588 666 659 fidelibus,
714 586 872 645 aliud
901 586 1093 660 quibus
1122 597 1221 643 aut
1250 587 1504 662 qualibus
1534 586 1634 643 illa
1661 585 2019 662 rependatur.
2110 584 2278 641 Prius
2308 602 2605 658 negamuS,
2651 583 2787 658 quia

380 686 553 743 opera
582 679 777 724 nostra
806 666 1226 742 qualiacunque
1258 686 1362 723 nec
1392 674 1636 742 possunt
1663 666 1868 723 mereri
1897 665 2094 736 vitam,
2126 683 2231 721 nec
2262 663 2477 719 habent
2507 663 2785 720 rationem

380 747 745 805 instrumenti
795 746 868 804 ad
897 766 1021 802 eam
1062 746 1622 822 apprehendendam.
1712 746 1827 802 Sed
1869 745 2151 822 posterius
2194 743 2580 800 concedimus.
2667 742 2787 799 Nee

381 827 540 884 aliud
571 826 863 901 colligitur
892 845 965 882 ex
1007 825 1216 882 Matth.
1249 846 1391 883 xxv.
1418 829 1511 898 34,
1539 829 1634 898 35,
1662 825 1759 883 ubi
1789 846 1961 901 opera
1987 844 2102 881 non
2133 823 2496 881 adducuntur
2520 843 2553 879 a
2575 823 2615 880 J
2623 822 2787 880 ndice

381 914 655 982 tanquam
689 909 1069 981 fundamenta
1124 905 1280 979 juris
1322 904 1478 980 quod
1520 906 1782 962 obtinent
1820 906 1879 962 in
1918 906 2095 962 vitam
2143 913 2430 976 aeternam,
2475 902 2611 978 quia
2657 922 2788 978 pro-

379 987 505 1063 pria
548 987 713 1043 istius
748 986 896 1062 juris
936 1004 1109 1041 causa
1151 984 1435 1041 indicatur
1458 984 1517 1040 in
1545 984 1740 1041 verbis
1781 985 2256 1061 praecedentibuS,
2302 1002 2478 1059 quum
2509 992 2789 1040 vocantur

381 1067 649 1123 benedicti
676 1066 884 1138 Patris,
930 1064 1028 1139 qui
1058 1064 1271 1121 debent
1307 1075 1586 1136 ‚canen-parv
1621 1065 1895 1139 Reqnum,
1930 1065 2006 1122 id.
2039 1067 2193 1122 titulo
2235 1062 2571 1120 haereditatis
2605 1064 2786 1136 possi·

381 1148 555 1214 dere;
604 1146 718 1202 Sed
760 1154 824 1202 ut
860 1153 1193 1218 aryumenta
1223 1151 1280 1200 ct
1308 1142 1638 1200 testimonia
1686 1144 2011 1202 indubitata
2038 1165 2072 1202 a
2099 1143 2418 1221 posteriori,
2464 1163 2538 1200 ex
2580 1141 2790 1218 quibus

382 1223 454 1281 de
484 1223 617 1279 fidei
649 1224 901 1300 ipsorum
937 1223 1179 1280 veritate
1221 1230 1482 1280 constare
1525 1223 1753 1299 poterit,
1799 1233 1856 1281 et
1886 1224 1957 1282 de
1988 1225 2285 1282 sententiae
2326 1224 2459 1282 latae
2503 1222 2788 1300 aequitate,

383 1312 445 1363 ut
472 1304 754 1379 particula
789 1313 881 1376 γὰρ
915 1323 1031 1359 non
1060 1303 1135 1360 sit
1169 1303 1755 1375 ala-..aoymfficausalia
1803 1303 1907 1361 sed
1934 1313 2156 1362 tanturn
2187 1304 2603 1362 ratiocinativa.

463 1384 667 1440 XXII
674 1428 687 1441 .
734 1387 877 1442 Cum
904 1383 1118 1441 Paulus
1141 1393 1199 1441 et
1220 1383 1261 1441 J
1266 1383 1480 1440 acobus
1503 1382 1705 1440 eodem
1733 1383 1950 1461 Spiritu
1973 1383 2146 1442 afflati
2165 1384 2393 1459 fuerint,
2415 1405 2529 1442 non
2553 1391 2794 1461 possunt

382 1463 497 1521 diei
528 1464 638 1521 sibi
669 1462 961 1521 adversari
990 1463 1050 1520 in
1080 1463 1322 1521 articulo
1351 1463 1817 1538 Justificationis,
1849 1474 1915 1522 ut
1943 1485 2092 1523 unus
2123 1464 2230 1523 soli
2282 1465 2433 1537 fidei,
2483 1465 2628 1522 alter
2657 1483 2794 1521 vero

381 1545 553 1602 etiam
585 1545 853 1621 operibus
874 1544 1349 1620 justificationem
1379 1544 1610 1602 tribuat.
1699 1545 2038 1604 Conciliatio
2068 1566 2182 1602 non
2202 1554 2290 1603 est
2308 1544 2574 1620 difficilis,
2601 1544 2647 1601 si
2672 1563 2795 1601 sco-

379 1644 488 1701 pus
517 1627 813 1702 utriusque
845 1634 1147 1702 spectetur,
1181 1632 1238 1683 et
1267 1633 1472 1682 natura
1500 1624 1652 1698 fidei,
1698 1634 1754 1683 et
1775 1625 2226 1699 justificationis,
2279 1625 2349 1681 de
2396 1644 2510 1700 qua
2556 1634 2795 1700 uterque

374 1705 514 1780 agit,
547 1705 923 1781 expendatur.
1010 1705 1226 1763 Paulus
1255 1704 1511 1781 disputat
1538 1704 1817 1763 adversus
1849 1705 2187 1778 PharisaeOS,
2220 1704 2319 1779 qui
2349 1723 2583 1779 operum
2628 1706 2797 1760 meri-

382 1792 444 1840 ta
471 1786 794 1859 urgebant;
840 1785 881 1843 J
888 1785 1102 1842 aeobus
1125 1784 1403 1841 adversus
1434 1783 1760 1840 Libertinos
1791 1792 1848 1840 et
1879 1784 2211 1859 Epicure05‚
2243 1782 2342 1858 qui
2366 1782 2490 1838 sola
2510 1782 2644 1838 fidei
2669 1801 2797 1857 pro-

380 1862 627 1921 fessione
659 1864 930 1937 contenti,
963 1883 1078 1921 non
1107 1862 1277 1920 modo
1308 1882 1543 1938 operum
1572 1863 1790 1934 merita,
1824 1863 1926 1920 sed
1955 1872 2012 1921 et
2056 1862 2455 1919 necessitatem
2487 1860 2795 1937 negabant.

380 1944 686 2002 Adversus
716 1943 846 2000 illos
874 1953 1026 1999 recte
1060 1942 1274 1998 Paulus
1305 1941 1485 1999 solam
1513 1941 1686 1998 fidem
1709 1951 1877 2018 urget
1898 1941 1973 1999 ad
1990 1941 2481 2018 justificationem.
2567 1940 2796 1998 Adver-

383 2044 480 2083 sus
512 2025 652 2081 istos
682 2024 825 2079 bene
856 2021 898 2080 J
903 2022 1117 2079 acobus
1146 2041 1384 2097 operum
1432 2021 1833 2079 necessitate111
1880 2022 2243 2080 commendat
2271 2022 2344 2078 ad
2365 2021 2798 2098 justificationis

383 2103 891 2161 confirmationem.
1006 2100 1222 2158 Paulus
1272 2101 1342 2158 de
1388 2100 1501 2158 fide
1568 2100 1706 2158 viva
1734 2111 1791 2159 et
1836 2102 2050 2160 efficaci
2099 2102 2370 2177 loquitur,
2416 2103 2456 2160 J
2462 2102 2676 2158 aeobus
2725 2100 2797 2158 de

382 2184 567 2240 otiosa
590 2191 646 2240 et
674 2191 915 2255 mortua,
941 2201 1069 2257 quae
1092 2200 1166 2238 ex
1186 2180 1454 2256 operibus
1484 2201 1598 2237 non
1629 2182 1812 2257 possit
1840 2181 2236 2255 demonstrari,
2271 2203 2318 2240 e.
2351 2182 2407 2239 ii.
2445 2184 2517 2239 18
2543 2204 2557 2256 ;
2583 2180 2797 2239 Paulus

383 2261 454 2318 de
470 2263 868 2338 justificatione
896 2282 933 2317 a
945 2261 1143 2335 priori
1168 2271 1225 2317 ct
1255 2261 1607 2334 constitutive,
1634 2262 1675 2319 J
1681 2261 1895 2319 acobus
1925 2262 1994 2319 de
2018 2265 2208 2319 eadem
2233 2283 2270 2319 a
2284 2263 2594 2337 posteriori
2619 2271 2675 2319 et
2704 2264 2797 2319 de-

383 2343 668 2399 clar-atine.
757 2341 927 2398 Illam
956 2341 1101 2398 bene
1136 2340 1351 2397 Paulus
1381 2340 1440 2396 in
1470 2340 1591 2398 sola
1621 2340 1732 2398 fide
1764 2342 2078 2399 constituit.
2129 2343 2306 2399 Istam
2337 2351 2491 2400 reete
2538 2340 2799 2400 Jacobus

381 2421 443 2478 in
472 2421 740 2497 operibus
769 2422 1029 2494 collocat,
1064 2419 1274 2496 quibus
1297 2420 1510 2478 veritas
1539 2420 1674 2477 fidei
1697 2430 1754 2479 et
1774 2422 2206 2499 justificationis
2224 2431 2434 2480 nostrae
2459 2421 2798 2497 declaratur,

383 2521 500 2559 non
530 2510 751 2560 tantum
782 2521 970 2559 coram
1001 2499 1348 2574 hominibusi,
1381 2499 1482 2557 sed
1511 2500 1686 2558 etiam
1715 2521 1906 2558 coram
1939 2502 2082 2560 Deo.
2170 2503 2357 2577 Quum
2383 2522 2520 2578 ergo
2543 2501 2686 2559 fides
2716 2501 2800 2558 di·

386 2581 535 2641 eitur
562 2592 867 2659 cooperata
896 2604 1020 2641 cum
1048 2582 1304 2658 operibus
1333 2582 1389 2639 in
1417 2582 1728 2656 Abraham,
1781 2590 1832 2640 et
1868 2604 1983 2659 per
2028 2604 2205 2659 opera
2254 2592 2653 2656 consummata,
2679 2603 2798 2641 ver.

386 2666 481 2737 22,
515 2665 623 2722 hoe
654 2663 899 2739 intelligi
930 2663 1104 2721 debet
1130 2663 1350 2720 ratione
1379 2662 1646 2720 efficaciae
1676 2662 1827 2736 fidei,
1860 2684 1988 2739 quae
2019 2684 2078 2721 se
2109 2665 2334 2722 exeruit
2361 2684 2463 2741 per
2491 2684 2681 2741 opera,
2702 2683 2805 2740 per

386 2765 515 2820 quae
546 2746 717 2804 etiam
748 2754 1143 2802 consummata
1172 2752 1259 2801 est
1288 2753 1345 2802 et
1373 2744 1663 2820 perfecta3
1696 2764 1811 2801 non
1860 2744 2257 2818 essentialiter,
2289 2745 2398 2803 hoc
2448 2745 2599 2802 enim
2629 2744 2805 2801 habet

386 2845 422 2882 a
450 2835 654 2883 natura
678 2846 797 2899 sua,
824 2825 925 2883 sed
949 2824 1315 2898 declarative,
1346 2824 1482 2900 quia
1504 2823 1896 2882 demonstrata
1924 2834 2011 2882 est
2032 2824 2285 2902 perfecta
2302 2834 2359 2883 et
2383 2824 2603 2883 sincera
2627 2847 2640 2900 ;
2663 2845 2801 2901 quo·

386 2906 560 2961 modo
605 2907 778 2962 virtus
810 2906 919 2963 Dei
950 2906 1160 2963 dieitur
1179 2905 1389 2981 perfici
1428 2905 1484 2962 in
1534 2905 1853 2981 infimnitate
1882 2915 2093 2977 nostra,
2127 2910 2162 2962 2
2195 2906 2324 2963 Cor.
2355 2906 2456 2962 xii.
2489 2908 2543 2980 9,
2576 2905 2652 2962 id.
2678 2925 2803 2981 per·

387 2981 537 3040 fecta
567 2986 839 3057 cognosci
869 2993 926 3041 et
956 2985 1253 3041 declarari.
1340 2983 1516 3041 Plura
1538 2985 1651 3041 huc
1675 2986 1994 3060 spectantia
2022 2985 2174 3042 Vide
2204 2985 2262 3041 in
2294 2985 2459 3061 Disp.
2489 2995 2686 3043 nostra
2715 2987 2808 3042 De

384 3062 707 3121 Concordia
733 3064 941 3119 Jacobi
965 3073 1017 3119 et
1043 3061 1236 3134 Pauli,
1264 3060 1371 3119 Sto.

463 3142 724 3199 XXIII.
772 3142 955 3198 Aliud
978 3149 1066 3197 est
1085 3161 1259 3216 opera
1288 3161 1417 3198 cum
1448 3139 1560 3198 fide
1591 3141 1857 3200 connecti
1886 3142 1944 3198 in
1974 3161 2217 3218 persona
2239 3141 2573 3218 justificati3
2622 3142 2804 3201 Aliud

378 3242 519 3279 vero
549 3222 607 3278 in
638 3221 871 3297 negotio
894 3220 1346 3296 justificationis.
1432 3217 1603 3277 Prius
1646 3221 2029 3297 agnoscimuS,
2063 3230 2120 3279 et
2137 3222 2430 3298 probaturi
2453 3243 2650 3281 sumus
2672 3244 2802 3300 pos·

379 3310 489 3376 tea,
521 3322 699 3377 quum
728 3301 799 3359 de
828 3301 1170 3358 necessitate
1198 3300 1479 3358 bonorum
1510 3299 1760 3377 Operum
1784 3309 2019 3377 agetur3
2071 3302 2185 3360 Sed
2203 3303 2489 3379 posterius
2506 3323 2802 3380 negamuS,

380 3402 513 3439 cum
550 3382 746 3455 Paulo,
781 3382 895 3437 imo
924 3381 1093 3456 plane
1124 3386 1373 3434 debeo-aera
1401 3399 1526 3437 esse
1556 3400 1689 3437 cum
1716 3380 1830 3438 fide
1854 3381 2177 3440 statuimus,

465 3461 717 3518 XXIV.
767 3462 947 3518 Recte
978 3459 1119 3518 dicit
1150 3459 1537 3535 AugustinuS,
1568 3459 1670 3517 lib.
1697 3460 1768 3518 de
1792 3461 1938 3517 Fide
1957 3469 2015 3520 et
2045 3460 2345 3539 OperibuS‚
2381 3465 2415 3497 “
2440 3463 2605 3521 Bona
2634 3483 2806 3540 opera

382 3561 501 3599 non
530 3542 859 3619 praecedere
882 3540 1342 3616 justificandum,
1367 3539 1468 3596 sed
1490 3541 1653 3616 sequi
1668 3541 2108 3617 justificatum.''
2156 3541 2304 3617 Quia
2317 3563 2445 3600 cum
2459 3544 2809 3621 justificetur

382 3623 555 3680 homo
586 3623 767 3699 gratis
797 3642 898 3698 per
926 3621 1100 3679 fidem
1129 3621 1346 3697 absque
1377 3620 1664 3697 operibuS,
1699 3621 1868 3679 Rom.
1920 3622 1999 3680 iii.
2050 3624 2145 3696 24,
2199 3623 2313 3681 imo
2352 3625 2689 3702 justificatio
2733 3625 2807 3681 sit

384 3703 565 3779 impii,
599 3704 768 3761 Rom.
801 3703 880 3760 iv.
929 3705 982 3776 5,
1016 3711 1075 3760 et
1103 3723 1159 3761 v.
1192 3704 1246 3777 6,
1278 3701 1438 3759 nulla
1466 3711 1709 3778 possunt
1753 3702 1877 3760 dari
1914 3723 2088 3779 opera
2132 3704 2300 3777 bona,
2353 3724 2481 3780 quae
2522 3704 2807 3778 justifica-

382 3784 599 3840 tionem
630 3785 756 3859 ejus
774 3784 1118 3858 praecedant,
1153 3792 1215 3841 ut
1259 3802 1464 3853 causae,
1519 3781 1620 3839 sed
1651 3791 1871 3841 tantum
1896 3803 2024 3859 quae
2055 3794 2382 3860 sequantur,
2415 3793 2480 3842 ut
2522 3784 2722 3842 effecta
2751 3792 2809 3841 et

383 3860 605 3919 fructus
635 3884 707 3919 ex
738 3862 850 3919 fide
882 3863 1234 3919 remissionis
1264 3861 1657 3937 procedenteS,
1693 3863 1832 3919 Luc.
1864 3863 1962 3919 vii.
1993 3866 2087 3934 47,
2121 3872 2178 3919 et
2212 3865 2240 3919 1
2274 3862 2422 3919 Tim.
2455 3862 2491 3921 i.
2517 3866 2571 3919 5.
2685 3863 2806 3920 Nec

382 3940 434 3997 si
458 3941 684 3997 vocatio
714 3961 827 4016 qua
850 3941 1169 3998 infunditur
1197 3940 1341 3997 fides
1370 3950 1427 3999 et
1457 3942 1731 3999 sanctitas
1759 3941 1915 4015 prior
1956 3951 2043 3998 est
2084 3940 2514 4017 justificatione,
2549 3942 2808 4018 sequitur

376 4019 742 4077 sanctitatem
771 4040 885 4076 non
915 4020 1105 4077 minus
1133 4040 1200 4075 ae
1230 4018 1399 4076 fidem
1432 4021 1678 4095 priorem
1708 4040 1832 4077 esse
1862 4020 1987 4094 ipsa
2011 4042 2023 4093 ;
2057 4020 2192 4095 quia
2220 4020 2542 4078 infunditur
2569 4022 2800 4097 quidem

384 4100 677 4170 sanctitaS,
711 4098 811 4156 sed
842 4118 945 4155 suo
976 4098 1192 4171 ordine,
1226 4108 1283 4156 et
1310 4119 1411 4176 per
1439 4100 1630 4173 fidem,
1668 4099 1796 4156 Act.
1828 4119 1926 4155 xv,
1959 4101 2013 4172 9,
2058 4099 2202 4156 fides
2250 4109 2438 4159 autem
2491 4113 2623 4160 ante
2669 4123 2802 4160 con-

382 4180 561 4238 currit
590 4179 664 4236 ad
684 4178 1178 4252 justificationem,
1211 4199 1382 4254 quam
1402 4179 1475 4236 ad
1498 4179 2026 4238 sanctificationem.
2077 4180 2136 4238 Si
2165 4180 2516 4256 poenitentiae
2546 4182 2805 4258 aliquan-

379 4260 457 4318 do
486 4259 840 4337 promittitur
869 4259 1149 4331 remissie,
1181 4259 1289 4317 hoe
1321 4258 1385 4315 fit
1413 4259 1663 4334 quidem,
1696 4266 1760 4315 ut
1789 4257 2105 4316 conditioni
2150 4280 2266 4317 non
2309 4262 2669 4321 antecedenti
2711 4262 2803 4320 vel

384 4339 797 4399 concomitanti
838 4339 1057 4397 ratione
1105 4339 1483 4412 contritionis,
1534 4337 1635 4395 sed
1682 4346 1902 4396 tantum
1937 4341 2311 4417 consequenti
2356 4342 2546 4421 quoad
2594 4361 2806 4402 novam

381 4420 789 4478 obedientiam.
