3221 5200
560 256 677 314 596
1402 275 1583 316 LOCUS
1617 247 1873 326 orcums
1904 275 2143 318 sanus,
2571 257 2866 338 [Qum.
2897 280 3014 319 vm.
3101 273 3102 280 ’

558 435 674 473 non
698 434 772 472 ex
801 413 1012 487 debito,
1043 423 1277 492 propter
1304 436 1475 494 opera
1503 416 1904 475 antecedentia
1930 416 2120 493 fidem,
2161 416 2256 475 vel
2306 418 2772 497 subsequentia,
2823 421 2931 480 sed
2956 442 3018 479 ex
3101 429 3102 464 ³

563 495 767 570 gratia,
788 505 852 553 ut
874 516 990 554 non
1012 494 1249 556 haberet
1271 497 1341 556 de
1361 518 1474 575 quo
1494 498 1853 575 gloriaretur.
1921 498 2068 555 Nam
2092 499 2141 555 si
2174 501 2208 530 ‘⁴
2232 497 2618 558 Abrahamus
2646 502 3018 577 justificatus
3101 557 3102 560 ,

563 585 652 633 est
681 597 754 634 ex
784 577 1069 653 operibuS,
1102 574 1277 638 habet
1306 579 1375 637 de
1406 599 1519 656 quo
1550 578 1844 654 glorietur,
1878 577 1980 635 sed
2009 597 2123 635 non
2152 578 2308 654 apud
2338 579 2600 653 Deum‚''
2642 583 2818 640 Rom
2855 584 2935 640 iv.
2965 587 3011 652 2,

563 656 783 714 scilicet
806 678 919 715 non
936 659 1113 719 habet
1143 669 1388 730 καύχημα,
1408 659 1705 734 ylorz'andi
1727 658 2041 732 materiam,
2068 659 2221 735 quod
2245 660 2640 736 repetendum
2669 671 2774 720 est
2794 684 2880 720 ex
2901 683 3017 721 rer·

562 735 651 794 bis
680 738 1157 815 praecedentibus.
1243 740 1670 816 Argumentum
1721 746 1809 797 est
1836 757 1870 795 a
1920 737 2309 796 destructione
2339 744 2787 817 consequentis
2819 744 2901 801 ad
2928 743 3013 800 de-

561 820 935 877 structionem
959 821 1351 879 antecedentis
1376 841 1389 894 ;
1440 820 1504 879 Si
1535 818 1833 877 Abraham
1850 819 2203 894 justificatus
2260 827 2349 877 est
2377 840 2452 878 ex
2482 823 2815 898 operibus,
2851 825 3010 882 habet

558 898 714 972 quod
744 899 814 958 de
845 920 905 957 se
936 901 1228 976 glorietur,
1262 900 1429 977 quasi
1473 899 1692 976 aliquid
1736 898 1806 957 de
1838 918 1941 956 suo
1971 899 2294 973 contulerit,
2347 899 2442 957 cui
2489 921 2743 961 merces
2805 905 3004 962 debes·

558 985 652 1036 tur
680 979 739 1036 in
772 980 881 1037 Dei
901 981 1165 1054 judicio:
1235 979 1423 1057 Atqui
1449 1001 1565 1039 non
1613 980 1789 1038 habet
1816 979 1972 1056 quod
2002 979 2073 1037 de
2130 998 2190 1038 se
2237 979 2519 1057 glorietur
2564 984 2744 1058 apud
2783 986 3005 1043 Deum:

560 1057 717 1133 Ergo
746 1079 861 1116 non
910 1067 998 1117 est
1038 1061 1391 1135 justificatus
1438 1081 1542 1138 per
1589 1080 1778 1137 opera.
1867 1059 1987 1117 Nec
2016 1059 2111 1117 hic
2140 1059 2254 1117 dici
2298 1068 2490 1137 potest
2520 1063 2790 1122 excludi
2848 1084 3004 1141 opera

555 1136 728 1194 fidem
756 1137 1156 1216 praecedentia,
1188 1161 1304 1199 non
1332 1161 1460 1218 quae
1490 1141 1605 1199 sint
1635 1161 1709 1198 ex
1736 1138 1851 1197 fide
1880 1138 2047 1212 facta,
2088 1147 2321 1217 propter
2347 1159 2478 1216 quae
2529 1145 2747 1217 potuit
2801 1145 3002 1203 habere

556 1214 801 1290 gloriam
829 1218 984 1293 apud
1014 1220 1220 1295 Deum,
1253 1229 1318 1280 ut
1346 1221 1563 1279 amicus
1594 1220 1707 1278 Dei
1735 1226 1824 1278 est
1872 1219 2212 1296 appellatus
2297 1218 2446 1293 Quia
2482 1220 2600 1278 hoc
2659 1233 2764 1282 est
2815 1233 3001 1302 aperte

556 1294 808 1371 obloqui,
841 1305 899 1354 et
925 1297 986 1355 in
1014 1320 1080 1358 os
1136 1301 1527 1359 contradicere
1574 1300 1775 1374 Paulo,
1806 1299 1907 1375 qui
1955 1305 2226 1376 expresse
2280 1307 2531 1358 testatur
2577 1301 2998 1362 Abrahamum

551 1394 668 1432 non
709 1376 980 1436 habuisse
1024 1379 1095 1438 de
1129 1400 1244 1456 quo
1275 1380 1619 1456 gloriaretur
1659 1379 1814 1457 apud
1848 1379 2056 1437 Deum.
2141 1379 2337 1438 Gratis
2379 1380 2534 1437 enim
2580 1389 2645 1439 et
2686 1382 2997 1443 falsissime

555 1456 912 1546 supponitur,
961 1460 1194 1519 excludi
1222 1468 1444 1519 tantum
1475 1479 1647 1537 opera
1688 1458 1860 1517 fidem
1903 1458 2336 1534 antecedentia3
2381 1459 2519 1535 quia
2548 1462 2850 1522 excludit
2891 1484 2993 1522 om·

554 1554 651 1594 ma
694 1537 926 1596 omnino
955 1559 1130 1618 opera
1177 1541 1299 1600 sine
1329 1539 1716 1614 distinctione,
1748 1547 1807 1598 et
1835 1537 2066 1616 quidem
2096 1559 2269 1616 opera
2297 1539 2555 1597 Abrahae
2590 1560 2724 1599 non
2773 1551 2994 1602 tantm
3101 1547 3102 1564 ¹

549 1615 817 1693 infidelis,
871 1619 975 1678 sed
1015 1623 1188 1680 etiam
1227 1620 1433 1695 fidelis,
1466 1640 1593 1679 cum
1636 1620 1746 1677 hoc
1775 1619 1994 1676 dictum
2036 1618 2110 1677 sit
2152 1619 2224 1677 de
2265 1619 2392 1695 ipso
2424 1619 2551 1692 jam
2596 1620 2782 1680 fideli
2814 1636 2880 1682 et
2920 1643 2994 1680 re·

550 1698 766 1773 genito,
842 1699 1069 1760 Deinde
1109 1702 1369 1761 excludit
1413 1720 1580 1759 omne
1631 1699 1906 1773 debitum,
1959 1718 2079 1757 ver.
2131 1701 2204 1757 4:
2269 1699 2429 1776 Ergo
2477 1707 2535 1758 et
2586 1719 2782 1760 omne
2839 1722 2994 1781 opus.

552 1776 816 1855 Denique
867 1780 915 1839 si
963 1801 1081 1840 non
1130 1781 1437 1841 excludere
1486 1779 1768 1838 voluisset
1816 1798 1989 1856 opera
2017 1798 2092 1836 ex
2138 1778 2253 1837 fide
2300 1778 2467 1852 facta,
2511 1799 2634 1837 non
2685 1782 2992 1842 debuisset

549 1876 835 1934 opponere
865 1871 1188 1936 operantem
1216 1862 1463 1920 credenti
1487 1859 1840 1936 simpliciter,
1873 1858 1975 1917 sed
2017 1866 2347 1936 operantem
2392 1859 2514 1917 sine
2541 1859 2686 1935 fide,
2724 1864 2990 1940 operanti

550 1955 625 1994 ex
652 1937 784 2012 fide,
817 1941 973 2016 quod
1001 1942 1264 2020 nuspiam
1306 1950 1499 2000 tamen
1527 1940 1682 1998 facit.

1151 2022 1270 2079 XI.
1315 2021 1548 2096 QuartO,
1582 2018 1730 2093 Quia
1752 2017 1932 2096 gratis
1945 2027 2002 2077 et
2022 2037 2124 2095 per
2146 2018 2390 2095 gratiam
2414 2017 2529 2076 Dei
2545 2018 2986 2093 justificamur:

548 2082 592 2129 ⁴¹·
631 2083 707 2128 Ex
765 2084 908 2187 ἕξω·
959 2101 1024 2131 ¹¹¹·
1069 2103 1226 2178 Ergo
1257 2101 1380 2159 sola
1405 2100 1537 2174 fide,
1569 2099 1707 2176 quia
1736 2098 1859 2158 sola
1900 2098 2046 2156 fides
2075 2105 2265 2175 potest
2294 2097 2610 2157 consistere
2655 2121 2804 2159 cum
2859 2123 2986 2180 gra·
3083 2137 3092 2152 .

691 2141 764 2195 ²¹²⁹
849 2174 860 2185 ·
1069 2183 1165 2248 tia,
1202 2181 1368 2239 Rom.
1399 2180 1479 2237 iii.
1511 2183 1607 2254 24,
1656 2182 1752 2237 25.
1840 2177 1960 2236 Nec
2004 2178 2326 2236 audiendus
2371 2178 2671 2254 neum„
2708 2182 2821 2257 qui
2852 2183 2977 2240 vult

541 2260 883 2337 particulam
905 2263 1089 2337 gyratis
1118 2282 1233 2319 non
1262 2259 1570 2320 excludere
1597 2259 1803 2317 merita
1844 2257 2123 2332 absolute,
2172 2257 2275 2316 sed
2312 2257 2518 2316 merita
2565 2262 2834 2336 propria,
2887 2282 2984 2320 seu

544 2360 672 2417 quae
702 2340 820 2399 sint
849 2362 923 2400 ex
952 2342 1137 2415 nobiS,
1169 2361 1285 2399 non
1330 2360 1404 2398 ex
1436 2339 1597 2414 Deo;
1650 2339 1788 2416 quia
1813 2337 2019 2396 merita
2063 2345 2190 2396 orta
2233 2357 2307 2395 ex
2336 2338 2524 2414 gratia
2551 2342 2980 2413 praeveniente,

542 2438 671 2496 quae
700 2429 982 2480 vocantur
1007 2422 1149 2498 ipsis
1178 2420 1382 2479 merita
1409 2418 1481 2478 de
1526 2438 1802 2496 congru0,
1834 2436 1951 2475 non
1993 2417 2375 2476 adversentur
2422 2417 2644 2494 gratim,
2677 2420 2802 2477 nisi
2835 2423 2981 2480 veli·

542 2518 670 2556 mus
692 2501 936 2574 gratiam
965 2521 1223 2577 pugnare
1253 2520 1383 2558 cum
1432 2500 1658 2575 gratia;
1724 2498 1927 2574 Neque
1975 2497 2111 2555 hinc
2161 2497 2342 2573 sequi,
2385 2496 2686 2555 hominem
2721 2502 2832 2576 qui
2853 2503 2982 2574 jus-

540 2577 790 2636 tificatur
818 2580 1014 2654 gram,
1039 2579 1349 2654 justificari
1378 2580 1501 2637 sola
1527 2577 1664 2655 fide,
1696 2578 1832 2656 quia
1878 2584 1945 2636 ut
1967 2576 2303 2655 justificatio
2342 2576 2595 2654 gratuita
2621 2597 2749 2637 non
2781 2582 2983 2640 exclu-

541 2655 628 2713 dit
668 2656 860 2730 fidem,
921 2659 1057 2734 quia
1112 2668 1201 2717 est
1256 2678 1290 2715 a
1327 2659 1530 2734 gratia,
1576 2660 1660 2717 ita
1714 2678 1820 2715 nec
1876 2657 2184 2716 excludere
2240 2657 2412 2716 debet
2458 2657 2878 2734 poenitentiam
2929 2672 2982 2720 et

542 2734 928 2813 dilectionem,
960 2755 1090 2813 quae
1120 2744 1254 2794 sunt
1283 2757 1317 2794 a
1345 2736 1548 2813 gratia.
1635 2737 1784 2795 Nam
1834 2745 1899 2795 ut
1927 2757 2100 2816 supra
2119 2739 2242 2814 jam
2294 2745 2384 2796 est
2412 2737 2818 2815 observatum,
2851 2761 2977 2819 par·

538 2815 718 2875 tieula
738 2818 923 2893 qratia
945 2816 1136 2875 omnia
1165 2816 1397 2875 omnino
1427 2816 1688 2875 excludit
1715 2817 1918 2876 merita
1943 2840 1957 2893 3
1998 2817 2274 2895 quicquid
2302 2817 2454 2876 enim
2483 2817 2670 2893 gratis
2697 2818 2982 2895 donatur,

539 2895 600 2956 id
628 2897 789 2956 nullo
817 2897 1022 2958 merito
1051 2897 1385 2974 acquiritur.
1471 2896 1593 2955 Nec
1624 2897 1812 2975 gratia
1839 2917 1968 2975 quae
1998 2907 2087 2957 est
2127 2896 2385 2956 indebita
2428 2896 2751 2957 subsistere
2780 2910 2981 2977 potest

538 2998 669 3037 cum
692 2979 914 3055 meritc,
945 2978 1102 3056 quod
1150 2978 1474 3038 mercedem
1523 2977 1662 3036 facit
1689 2977 1984 3037 debitam:
2030 2977 2201 3037 Unde
2249 2978 2417 3036 Rom.
2463 2975 2544 3034 xi.
2595 2978 2653 3051 6,
2705 2980 2750 3010 “
2772 2980 2842 3037 Si
2903 3000 2980 3039 ex

536 3058 725 3136 gratia
752 3068 876 3118 tum
903 3072 1021 3118 non
1050 3079 1126 3118 ex
1155 3060 1442 3137 operibuS,
1473 3058 1619 3117 alias
1647 3058 1835 3136 gratia
1862 3077 1980 3115 non
2007 3065 2160 3117 esset
2177 3056 2379 3135 gratia,
2410 3063 2469 3115 et
2496 3056 2547 3114 si
2564 3075 2642 3114 ex
2670 3059 2979 3133 operibus,

536 3157 653 3196 non
682 3159 757 3197 ex
786 3138 989 3217 gratia,
1022 3140 1165 3198 alias
1194 3159 1340 3217 opus
1367 3159 1484 3198 non
1513 3147 1667 3197 esset
1693 3137 1897 3217 opus.”
1983 3137 2148 3197 Licet
2195 3144 2388 3196 autem
2414 3135 2559 3194 fides
2587 3135 2647 3193 in
2670 3138 2977 3213 justifica·

535 3218 691 3277 tione
720 3238 837 3277 non
866 3220 1226 3294 excludatur,
1275 3219 1406 3278 ideo
1448 3238 1566 3277 non
1593 3218 1661 3277 fit
1688 3216 1845 3295 quod
1891 3217 1967 3275 sit
1995 3237 2031 3274 a
2057 3217 2261 3294 grat-ia,
2319 3234 2452 3274 nam
2483 3216 2565 3274 ita
2611 3235 2734 3274 non
2767 3220 2979 3279 exclu-

537 3295 728 3355 denda
761 3306 956 3357 essent
1000 3317 1175 3375 opera
1202 3318 1276 3357 ex
1320 3298 1508 3376 gratia
1546 3297 1715 3371 facta,
1758 3296 1861 3355 sed
1889 3297 2026 3373 quia
2071 3298 2195 3355 sola
2221 3316 2340 3373 prae
2379 3295 2601 3354 caeteris
2643 3296 2982 3358 virtutibus

538 3375 657 3432 vim
713 3376 889 3435 habet
943 3379 1297 3455 receptivam
1327 3388 1386 3435 et
1432 3377 1839 3456 applicativam
1878 3376 2122 3452 justitiae
2167 3376 2399 3450 Christi,
2445 3382 2617 3451 atque
2663 3375 2751 3433 ita
2779 3378 2981 3436 homi·

535 3472 678 3546 nem·
711 3456 1087 3531 supponendo
1136 3463 1496 3532 peccatorem
1552 3466 1613 3515 et
1675 3456 1832 3515 omni
1876 3456 2107 3533 justitia
2162 3475 2430 3527 vacuum,
2482 3454 2748 3513 excludit
2794 3474 2980 3516 omne

538 3541 824 3592 mentum.

549 3652 595 3698 5.
611 3653 685 3699 Ex
709 3653 850 3701 Rom.
871 3656 900 3698 1.
926 3652 995 3699 17.
1140 3612 1295 3671 XII.
1341 3612 1574 3688 QuintO,
1634 3615 1771 3689 quia
1802 3618 1838 3648 “
1860 3615 2106 3675 Justitia
2162 3615 2274 3674 Dei
2301 3614 2361 3671 in
2392 3612 2718 3690 Evangelio
2746 3613 2975 3674 dicitur

1051 3692 1297 3753 revelari
1334 3691 1406 3751 de
1434 3692 1547 3750 fide
1576 3692 1639 3750 in
1658 3692 1848 3770 fidem,
1871 3702 1938 3753 ut
1959 3694 2234 3771 scriptum
2251 3702 2357 3768 est,
2395 3694 2606 3753 Justus
2622 3711 2700 3750 ex
2727 3692 2852 3752 fide
2880 3696 2973 3752 vi·

526 3774 685 3849 vet‚'’
709 3775 876 3834 Rom.
900 3773 938 3834 i.
963 3777 1053 3852 17,
1068 3774 1167 3834 ubi
1192 3774 1399 3853 Apost.
1417 3773 1661 3851 probare
1677 3773 1925 3833 intendit
1943 3774 2329 3851 Evangelium
2350 3792 2476 3832 esse
2495 3772 2819 3850 potentiam
2834 3774 2971 3847 Dei,

534 3854 611 3912 id.
643 3856 829 3914 solum
858 3855 1304 3915 instrumentum
1334 3852 1809 3927 efficacissimum,
1841 3853 1916 3911 ad
1945 3855 2206 3929 salutem,
2238 3853 2562 3931 oppositum
2593 3851 2823 3911 scilicet
2853 3852 2968 3912 Le·

534 3935 627 4012 gis
655 3935 989 4011 infirmitati,
1026 3932 1193 3993 Rom.
1226 3934 1347 3993 viii.
1380 3937 1435 4009 3,
1467 3942 1527 3992 et
1556 3932 1710 3992 Heb.
1742 3933 1843 3991 vii.
1879 3936 1970 4007 19,
2022 3933 2159 4010 quia
2185 3934 2245 3990 in
2290 3952 2359 3991 eo
2387 3931 2634 3992 Justitia
2674 3931 2811 4007 Dei,
2843 3952 2968 3991 non

534 4015 851 4074 formaliter
877 4023 935 4073 et
964 4014 1303 4092 subjective,
1349 4033 1477 4090 quae
1528 4012 1604 4071 sit
1631 4012 1692 4069 in
1744 4011 1889 4086 De0,
1927 4012 2030 4071 sed
2079 4011 2359 4087 effective,
2411 4032 2540 4089 quae
2569 4031 2605 4069 a
2634 4011 2762 4070 Deo
2786 4011 2966 4071 nobis

534 4093 719 4169 datur,
751 4114 867 4153 non
896 4094 1198 4169 inhaerens,
1230 4094 1368 4171 quia
1394 4093 1605 4152 dicitur
1647 4091 1906 4169 patefieri
1949 4092 2167 4169 absque
2214 4092 2373 4169 Lege
2416 4111 2521 4168 per
2546 4090 2738 4165 fidem,
2783 4091 2961 4150 Rom.

532 4173 614 4232 iii.
645 4178 740 4249 21,
773 4182 831 4233 et
851 4173 1120 4252 imputari
1149 4174 1368 4250 absque
1398 4172 1689 4251 operibus,
1724 4172 1890 4230 Rom.
1922 4171 2001 4229 iv.
2034 4174 2089 4245 6,
2149 4171 2252 4230 sed
2279 4171 2576 4249 imputata,
2627 4189 2759 4247 quae
2778 4170 2962 4248 justi·

533 4252 630 4311 tiae
659 4253 923 4311 humanae
972 4260 1031 4311 et
1056 4252 1304 4330 propriis
1352 4252 1623 4329 operibns
1669 4251 1996 4329 opponitur,
2051 4251 2220 4310 Rom.
2250 4271 2310 4309 x.
2341 4254 2399 4324 3,
2446 4254 2502 4325 4,
2538 4249 2751 4327 Philip.
2779 4250 2867 4309 iii.
2898 4253 2961 4309 9.

535 4332 578 4391 J
582 4332 781 4391 ustitia
808 4331 1028 4391 scilicet
1058 4332 1271 4391 Christi
1300 4331 1733 4408 perfectissima,
1766 4351 1895 4408 quae
1952 4330 2077 4388 sola
2123 4338 2315 4407 potest
2363 4330 2647 4388 sustinere
2704 4349 2960 4389 examen

534 4410 577 4469 J
581 4410 757 4469 udicii
786 4410 987 4488 divini,
1019 4419 1219 4488 utpote
1250 4410 1449 4469 divina
1495 4419 1553 4469 et
1598 4411 1838 4486 infinita,
1886 4430 2016 4487 quae
2067 4429 2240 4468 causa
2277 4417 2366 4467 est
2410 4418 2469 4468 et
2512 4408 2960 4468 fundamentum

533 4488 670 4547 vitae
698 4498 756 4548 et
785 4490 1005 4565 salutiS,
1035 4495 1321 4551 revelatur
1342 4491 1536 4569 defide
1557 4491 1821 4569 infidem,
1874 4488 1952 4547 id.
1981 4508 2086 4567 per
2114 4487 2499 4565 Evangelium
2549 4489 2958 4564 annunciatur,

533 4575 594 4626 ut
616 4586 719 4643 per
756 4568 925 4627 fidem
967 4569 1150 4628 solam
1178 4569 1656 4647 apprehendatur,
1681 4568 1971 4646 quianihil
2008 4578 2216 4646 praeter
2253 4567 2424 4626 fidem
2437 4566 2509 4625 ad
2527 4586 2655 4625 eam
2673 4569 2963 4645 recipien-
