3221 5200
312 322 538 373 QuAEsr.
570 302 770 384 xxm]
1283 322 1361 362 m:
1390 323 1543 364 neos
1573 323 1693 365 nm.
2613 319 2723 377 131

313 467 523 524 umbroe
549 463 951 524 misericordiae
979 462 1108 538 Dei,
1140 470 1200 522 et
1240 464 1441 541 gratiae
1482 485 1586 542 per
1615 464 1906 524 Christum
1949 466 2326 546 conferendo,
2372 472 2496 531 Col.
2527 473 2585 533 ii.
2620 479 2713 552 17,

316 546 497 604 Hebr.
529 546 611 603 ix.
647 547 740 620 13,
777 548 870 603 14.
934 546 991 603 3.
1021 545 1306 620 Imayines
1346 553 1400 603 et
1429 546 1672 622 picturae
1713 547 1892 621 Qfficii,
1924 556 1983 606 et
2024 549 2215 608 cultus
2245 551 2374 610 Deo
2402 553 2717 614 exhibendi

315 625 374 682 in
401 626 581 684 animi
609 624 762 701 grati
789 624 1198 691 testimonium.
1223 626 1392 683 Rom.
1422 625 1525 684 xii.
1549 629 1602 685 l.
1676 626 1915 686 Miseria
1955 628 2340 689 humilitatem
2367 651 2565 692 eorum
2593 635 2715 692 ani-

312 704 420 764 mis
447 705 843 783 ingenerabat,
873 704 1266 764 misericordia.
1293 704 1578 780 solatium,
1609 713 1671 764 et
1708 707 2081 782 gratitudinis
2117 709 2368 769 officium
2396 713 2715 774 sanctifica·

312 786 556 862 tionem3
588 806 719 863 quse
746 785 859 843 tria
885 785 946 843 in
974 784 1269 843 sacrificiis
1297 804 1569 862 expresse
1597 784 2067 864 designabantur,
2091 796 2224 848 nam
2246 794 2713 854 111010111οἠὺο-

306 868 595 943 qraplmm
622 887 658 925 a
683 874 845 944 parte
877 865 1006 940 Dei,
1032 865 1155 923 Col.
1185 865 1244 923 ii.
1269 869 1361 938 14,
1385 864 1540 941 quod
1567 865 1826 926 debitum
1855 877 2092 944 peccato
2119 879 2476 931 contractum
2503 894 2712 952 reprae-

311 947 610 1023 sentabat3
670 947 765 1005 Ita
804 954 968 1005 erant
1016 946 1241 1004 Umbrae
1281 944 1465 1026 λότςοο
1505 966 1540 1005 a
1582 947 1812 1006 Christo
1852 949 2237 1026 persolvendi,
2270 952 2491 1013 Coloss.
2522 953 2581 1013 ii.
2616 960 2710 1031 17,

313 1027 496 1086 Hebr.
527 1048 588 1086 x.
619 1029 674 1102 5,
712 1029 803 1100 10,
835 1034 894 1084 et
919 1026 1167 1084 Picturae
1208 1029 1442 1107 λιτςσίις
1482 1033 1704 1101 aquic,
1736 1027 1927 1087 cultus
1954 1029 2253 1089 rationalis
2280 1041 2339 1091 et
2367 1032 2713 1112 Evangelici

308 1127 346 1164 a
373 1107 644 1166 fidelibus
674 1108 801 1166 Deo
829 1105 1159 1182 exhibendi,
1192 1108 1361 1165 Rom.
1393 1107 1493 1167 xii.
1531 1111 1582 1182 1,
1619 1111 1648 1165 1
1684 1109 1808 1166 Pet.
1839 1107 1898 1166 ii.
1930 1111 1986 1167 5.

391 1187 477 1246 X.
524 1188 757 1247 Certum
806 1194 894 1244 est
941 1193 1136 1245 tamen
1175 1187 1419 1265 primam
1465 1195 1526 1247 et
1571 1188 1931 1266 potissimam
1988 1189 2164 1267 Legis
2204 1189 2374 1251 istius
2425 1195 2596 1269 σχίσιν
2636 1194 2713 1254 ad

309 1267 606 1327 Christum
653 1266 995 1344 respexisse,
1046 1265 1147 1343 qui
1194 1275 1259 1327 ut
1306 1267 1563 1326 omnium
1609 1268 2051 1346 promissionum
2095 1279 2156 1329 et
2201 1273 2564 1333 oraculorum
2604 1275 2715 1336 fuit

308 1367 520 1425 scopus
570 1355 631 1406 et
679 1346 1134 1421 fundamentum,
1167 1352 1202 1405 2
1236 1349 1365 1407 Cor.
1395 1348 1434 1407 i.
1465 1351 1561 1423 20,
1606 1348 1690 1408 ita
1717 1348 1974 1409 omnium
2001 1357 2272 1427 typorum
2310 1361 2371 1411 et
2397 1353 2712 1430 figurarum

307 1427 418 1487 fuit
447 1448 656 1504 corpus
684 1436 743 1486 et
767 1428 1001 1500 veritas,
1033 1427 1157 1486 Col.
1185 1427 1246 1487 ii.
1273 1430 1367 1486 17.
1453 1427 1578 1487 Ista
1618 1439 1781 1488 etant
1807 1432 1929 1487 md
1956 1433 2046 1488 τῧν
2084 1432 2378 1508 paninum,
2401 1439 2455 1492 τὸ
2484 1431 2534 1493 δι
2566 1439 2715 1512 σόμι

305 1515 397 1567 τοῦ
423 1516 654 1588 Χριστοῦ,
677 1509 1264 1584 Umbroefiaturorum,
1285 1508 1508 1584 empus
1534 1517 1721 1568 autem
1745 1509 1971 1570 C'lm'sti.
2027 1511 2313 1573 Dicuntur
2339 1517 2556 1592 umbra,
2589 1527 2712 1576 tum

292 1590 526 1665 physice
554 1597 726 1666 prout
765 1587 1076 1666 opponitur
1115 1588 1370 1665 corpori:
1413 1589 1551 1665 quia
1591 1598 1657 1648 ut
1683 1590 1888 1648 umbra
1928 1590 2159 1667 signum
2200 1602 2291 1653 est
2318 1596 2591 1671 corporis,
2624 1597 2709 1655 sic

305 1669 664 1728 caeremonias
690 1678 858 1728 erant
883 1668 1052 1745 signa
1073 1667 1289 1727 Christi
1316 1668 1665 1744 exhibendi3
1695 1677 1762 1729 ut
1788 1689 1996 1748 corpus
2023 1679 2114 1730 est
2139 1691 2315 1731 causa
2340 1675 2576 1751 umbrae,
2597 1696 2714 1736 non

303 1759 524 1822 eontra,
556 1749 640 1808 sic
669 1749 932 1808 Christus
961 1747 1070 1806 fuit
1097 1768 1271 1808 causa
1299 1749 1678 1809 institutionis
1705 1750 1947 1810 istorum
1974 1751 2189 1810 rituum
2212 1774 2227 1827 ς
2286 1762 2351 1812 ut
2380 1754 2584 1813 umbra
2609 1776 2713 1832 per

307 1850 371 1888 80
398 1829 548 1888 nihil
576 1830 734 1888 valet
773 1838 874 1888 aut
900 1836 1108 1906 potest,
1152 1828 1256 1888 sed
1285 1829 1540 1907 corporis
1566 1837 1659 1888 est
1698 1830 1902 1905 virtus,
1933 1831 2015 1890 ita
2051 1832 2239 1890 omnis
2267 1832 2521 1892 efficacia
2559 1844 2651 1895 est
2677 1856 2714 1895 a

307 1909 560 1985 Christo,
585 1909 690 1969 sed
717 1909 1070 1968 caeremoniae
1097 1929 1201 1985 per
1228 1929 1290 1968 se
1318 1930 1484 1968 vanas
1512 1917 1648 1968 sunt
1675 1918 1734 1968 et
1754 1918 2024 1976 mortuae:
2054 1918 2176 1969 tum
2196 1913 2586 1992 artificialiter,
2607 1935 2712 1992 pro

304 1990 557 2049 obscura
583 1998 642 2049 et
669 1990 800 2049 rudi
826 1989 911 2048 rei
940 1989 1342 2065 delineatione,
1369 1990 1631 2067 opposite
1659 1989 1733 2047 ad
1755 1990 1927 2067 ιέιιᾶκι,
1948 1990 2260 2067 perfectam
2277 1993 2361 2051 rei
2379 1993 2708 2071 imaginem,

303 2089 423 2146 quo
451 2089 627 2129 sensu
655 2078 965 2147 usurpatur
991 2069 1065 2128 ab
1095 2067 1399 2147 Apostolo,
1434 2069 1587 2128 Heb.
1620 2089 1679 2128 x.
1714 2071 1766 2128 1.
1815 2071 2247 2147 Sapientissime
2274 2082 2467 2133 autem
2486 2073 2567 2133 ita
2595 2074 2711 2134 dis-

304 2158 611 2226 pensatum
653 2171 688 2208 a
718 2151 862 2224 De0,
893 2158 960 2210 ut
1001 2169 1133 2209 cum
1170 2150 1532 2227 gravissimis
1573 2147 1647 2208 de
1685 2150 1877 2208 causis
1912 2152 2092 2209 vellet
2122 2151 2355 2211 Messiae
2397 2152 2713 2216 adventum

305 2229 538 2289 differre
582 2238 714 2308 post
751 2230 934 2288 multa
977 2229 1189 2304 secula,
1220 2251 1338 2289 non
1366 2239 1592 2290 tantum
1636 2229 2066 2306 promitteretur
2104 2240 2164 2290 et
2244 2231 2612 2293 raediceretur
2651 2235 2713 2294 in

306 2311 591 2385 Oraculis,
624 2310 727 2369 sed
753 2320 813 2370 et
838 2318 1343 2387 repraesentaretur
1369 2310 1430 2370 in
1458 2309 1659 2386 Typis,
1691 2309 1971 2387 tantisper
1990 2309 2129 2370 dum
2235 2313 2459 2372 veniret
2485 2322 2715 2392 tempus

300 2387 603 2471 δωςθύσως,
618 2399 676 2449 01
691 2391 814 2468 ipse
841 2390 942 2449 Sol
963 2390 1208 2467 justitiae
1230 2390 1616 2449 illucesceret:
1646 2397 1770 2449 tum
1780 2398 1847 2448 ut
1858 2398 2027 2449 vetus
2046 2391 2295 2469 populus
2311 2393 2403 2452 his
2415 2394 2635 2453 umbris
2657 2405 2718 2455 et

305 2472 557 2530 oraculis
586 2491 647 2529 se
686 2479 1035 2530 sustentaret
1074 2470 1136 2526 in
1165 2490 1326 2546 spem
1354 2469 1586 2530 venturi
1616 2468 1867 2545 Messiae,
1900 2478 2072 2547 atque
2102 2471 2248 2531 adeo
2277 2474 2385 2532 sub
2412 2473 2541 2532 istis
2570 2474 2713 2533 ima-

306 2551 543 2629 ginibus
583 2551 818 2629 aliquod
848 2550 1138 2628 specimen
1165 2550 1405 2611 haberet
1432 2550 1635 2629 gratiae
1676 2549 1930 2610 coelestis
1969 2550 2030 2609 in
2062 2552 2289 2613 Christo
2327 2554 2712 2633 exhibendae;

306 2641 429 2690 tum
456 2643 526 2691 ut
551 2631 752 2691 fideles
791 2633 865 2689 N.
896 2631 964 2690 Τ.
994 2652 1070 2689 011
1097 2631 1226 2689 istis
1255 2631 1682 2691 characteribus
1710 2630 1938 2690 facilius
1973 2639 2034 2691 et
2060 2634 2273 2693 certius
2303 2635 2581 2693 Messiam
2609 2655 2712 2695 ex-

303 2712 554 2771 hibitum
583 2719 979 2788 agnoscerent,
1027 2731 1339 2788 eorumque
1367 2712 1512 2771 fides
1551 2711 1742 2789 magis
1783 2710 2216 2772 confirmaretur
2242 2714 2521 2776 intuendo
2558 2736 2713 2775 com·

304 2792 659 2868 plementum
687 2793 1020 2851 umbrarum
1057 2791 1118 2849 in
1148 2792 1415 2869 Corpore,
1447 2802 1506 2852 et
1532 2792 1848 2869 figurarum
1877 2792 1938 2850 in
1966 2793 2227 2854 veritate.

307 2908 386 2953 A„
430 2910 536 2956 Lex
569 2925 793 2956 mremo-
957 2870 1077 2929 XI.
1122 2870 1322 2948 Atque
1349 2873 1485 2931 hinc
1512 2871 1681 2932 facile
1710 2872 1908 2949 colligi
1935 2881 2142 2949 potest,
2168 2873 2310 2950 quid
2338 2875 2709 2936 statuendum

365 2970 509 3014 nialis
559 2970 626 3013 sit
673 2970 792 3014 data
833 2950 908 3011 sit
935 2951 996 3009 in
1023 2950 1126 3009 illa
1155 2952 1501 3027 Quaestione,
1542 2972 1672 3029 quse
1699 2952 1873 3011 hodie
1902 2972 1936 3010 a
1963 2954 2256 3013 nonnullis
2284 2965 2566 3031 movetur,
2614 2955 2715 3014 An

362 3042 426 3072 ex
447 3028 522 3072 5¹⁸
544 3028 593 3071 in
615 3027 755 3072 iram.
830 3032 957 3090 Lex
985 3032 1398 3091 caeremonialis
1426 3041 1556 3109 post
1582 3034 1919 3107 μοσχοπωΐαω
1944 3031 2225 3108 imperata
2249 3034 2518 3093 habuerit
2545 3056 2715 3095 usum

302 3113 739 3190 obsignativum
758 3120 953 3171 reatus
981 3120 1039 3170 et
1059 3111 1482 3170 maledictionis
1508 3110 1712 3169 fideles
1740 3111 1930 3169 adhuc
1952 3112 2416 3188 constringentis,
2449 3113 2712 3190 adeoque

299 3214 380 3252 ex
406 3194 494 3251 ira
521 3194 582 3251 in
622 3192 762 3250 iram
795 3191 871 3250 sit
908 3190 1059 3265 data,
1105 3198 1164 3250 et
1204 3190 1280 3249 ad
1321 3189 1755 3267 aggravandam
1798 3198 1971 3265 atque
2012 3189 2432 3265 obsignandam
2475 3193 2714 3251 Patrum

305 3274 416 3332 sub
465 3282 629 3332 reatu
670 3273 769 3331 irae
797 3280 857 3330 et
896 3270 1281 3330 execrationis
1323 3269 1661 3329 servitutem
1678 3271 1707 3328 Ῥ
1747 3277 1813 3327 ut
1853 3267 2089 3345 quidam
2132 3269 2383 3345 vellent;
2429 3269 2529 3329 An
2571 3292 2713 3333 vero

303 3354 592 3431 praecipue
624 3353 914 3411 Christum
956 3350 1292 3427 respexerit,
1336 3359 1396 3409 et
1423 3349 1559 3408 data
1586 3348 1664 3407 sit
1700 3347 1761 3407 in
1800 3357 2006 3426 typum
2046 3348 2329 3409 bonorum
2370 3350 2709 3427 futurorum,

301 3433 379 3491 ad
407 3432 714 3507 erigendos
740 3431 999 3491 fidelium
1027 3430 1295 3489 animos?
1335 3430 1492 3507 quod
1520 3429 1621 3487 alii
1659 3428 1932 3489 sentiunt.
2018 3429 2166 3487 Nam
2195 3437 2259 3490 ut
2288 3430 2505 3508 duplex
2535 3431 2714 3509 Legis

303 3513 473 3572 istius
501 3514 670 3588 σχέσις
698 3512 823 3588 fuit,
848 3531 978 3588 quae
1007 3510 1209 3570 sedulo
1237 3518 1327 3570 est
1354 3509 1734 3569 attendenda:
1778 3508 1987 3569 Altera
2012 3511 2258 3586 Leqalist,
2283 3531 2414 3588 quae
2442 3512 2713 3590 respicie-

303 3593 406 3652 bat
433 3592 623 3651 foedus
652 3611 906 3669 operum,
937 3600 996 3650 et
1025 3590 1245 3667 Legem
1273 3591 1399 3667 ejus
1436 3590 1747 3665 violatam;
1793 3589 2001 3649 Altera
2054 3592 2420 3667 Ευαηρεῖὶεα,
2465 3612 2581 3670 qua
2622 3613 2711 3652 re·

303 3672 597 3731 ferebatur
623 3671 698 3730 ad
741 3672 932 3731 foedus
975 3671 1194 3748 gratiae,
1238 3679 1298 3729 et
1342 3671 1467 3748 ejus
1510 3669 1929 3729 Mediatorem:
1974 3670 2069 3728 Ita
2112 3670 2499 3732 diversimode
2545 3672 2618 3731 de
2647 3693 2717 3732 ea

295 3754 474 3830 juxta
501 3753 793 3828 geminam
819 3752 990 3811 istam
1019 3751 1187 3827 exim
1215 3750 1674 3809 ratiocinandum
1703 3757 1809 3808 est.
1894 3749 1950 3808 N
1952 3768 2044 3808 am
2071 3760 2339 3827 respectu
2372 3752 2578 3829 prioris
2608 3752 2711 3812 du-

303 3833 465 3891 bium
507 3852 624 3890 non
665 3839 771 3907 est,
822 3831 964 3908 quin
1007 3851 1178 3890 usum
1217 3830 1485 3889 habuerit
1521 3838 1822 3907 peecatum
1863 3830 2182 3907 retegendi,
2223 3839 2284 3889 et
2321 3832 2450 3907 ejus
2491 3840 2715 3890 reatum

302 3911 672 3989 obsignandi,
716 3920 777 3971 et
802 3912 945 3970 iram
974 3930 1042 3969 ac
1085 3910 1508 3969 execrationem
1552 3909 1665 3968 Dei
1705 3918 1939 3986 propter
1979 3918 2277 3985 peccatum
2319 3909 2713 3970 imminentem

305 3992 729 4068 denunciandi;
774 4012 889 4069 quo
918 4009 1093 4051 sensu
1122 3990 1340 4049 Paulus
1369 3989 1450 4048 ait
1476 3989 1655 4049 fuisse
1682 3990 2120 4065 chirographum
2157 3989 2438 4048 adversus
2484 4009 2610 4056 1108.
2656 3999 2715 4050 et

302 4072 364 4129 in
391 4072 466 4130 iis
494 4072 704 4130 factam
735 4071 912 4131 fuisse
940 4078 1303 4148 peccatorum
1333 4070 1614 4145 ἀνάμνησιν.
1701 4068 1819 4129 Sed
1847 4088 2025 4144 quum
2065 4068 2350 4146 posterior
2376 4069 2711 4146 attenditur,

302 4161 527 4211 certum
572 4160 662 4210 est
688 4152 864 4210 etiam
892 4151 952 4209 in
980 4171 1049 4210 ea
1098 4149 1364 4226 symbola
1404 4150 1581 4215 fuisse
1607 4158 1685 4213 *et
1730 4148 1925 4226 sigilla
1969 4148 2171 4225 gratiae
2214 4148 2327 4207 Dei
2371 4149 2433 4207 in
2462 4149 2709 4226 Christo,

298 4233 515 4309 quibus
543 4231 745 4290 fideles
786 4231 1145 4309 erigerentur
1171 4229 1234 4287 in
1274 4250 1436 4307 spem
1465 4230 1788 4295 futurorum
1828 4228 2127 4305 bonorum,
2172 4236 2233 4288 et
2259 4227 2539 4288 adversus
2579 4250 2711 4306 pec-

300 4312 420 4370 cati
447 4320 508 4370 et
534 4311 634 4369 irae
664 4311 779 4369 Dei
806 4330 1039 4370 sensum
1067 4308 1557 4369 confirmarentur.

385 4391 544 4449 XII.
589 4391 684 4450 Ita
709 4400 903 4450 autem
930 4391 1057 4450 istae
1085 4388 1275 4463 σχίσεις
1315 4390 1466 4449 inter
1489 4409 1555 4449 80
1584 4409 1862 4449 connexae
1892 4396 2043 4463 sunt,
2082 4396 2149 4447 ut
2176 4387 2227 4447 si
2253 4386 2385 4465 quis
2422 4387 2531 4447 rite
2560 4409 2713 4450 0000-

301 4470 514 4529 nomiae
543 4471 680 4530 Vet.
711 4472 868 4530 Test.
912 4480 1194 4546 naturam,
1239 4479 1298 4529 et
1325 4470 1504 4547 Legis
1545 4468 1960 4529 caeremonialis
2000 4489 2169 4527 usum
2207 4476 2402 4528 tenere
2443 4468 2711 4547 voluerit,

300 4571 403 4609 eas
435 4570 662 4627 semper
688 4551 1043 4629 conjungere
1073 4550 1319 4625 debeat;
1363 4570 1471 4615 nec
1501 4550 1625 4608 sine
1655 4549 1821 4626 gravi
1848 4549 2113 4608 veritatis
2139 4548 2444 4626 dispendio
2471 4570 2507 4608 a
2536 4570 2595 4609 se
2625 4551 2713 4609 in·

301 4631 499 4690 vicem
527 4630 731 4690 divelli
756 4631 1000 4708 possint.
1086 4632 1235 4690 Nam
1263 4639 1329 4690 ut
1369 4630 1470 4713 qui
1498 4629 1680 4690 solam
1708 4630 1877 4705 σχίσιν
1919 4630 2332 4709 Evangelicam
2374 4630 2714 4707 attenderet,
