3221 5200
297 331 527 382 Qumsr.
557 309 631 392 1.]
1187 331 1267 373 na
1297 334 1548 376 resonas
1577 334 1843 376 enarra-2.
2599 323 2715 381 153

297 472 497 538 διαθιίαη
526 477 804 555 mgna-oph,
836 469 974 530 Act.
998 471 1098 532 vii.
1128 475 1185 533 8.
1245 475 1489 535 Roman.
1519 476 1602 535 ix.
1638 479 1694 552 4,
1726 475 2069 536 Judaeorum
2098 475 2371 536 dicuntur
2397 497 2523 537 esse
2551 480 2719 544 διαθῖ-

296 582 403 631 ααι,
457 575 574 612 non
622 554 823 630 utique
872 553 1258 631 Testamenta,
1299 577 1429 633 quae
1476 557 1661 634 plura,
1695 577 1810 615 non
1859 557 2106 631 fuerunt,
2160 557 2263 616 sed
2312 557 2544 633 soedera,
2589 580 2720 636 quae

300 635 514 713 saepius
542 641 822 692 renovata
862 641 1016 692 sunt.
1101 635 1234 694 Gal.
1264 636 1343 694 iv.
1375 640 1471 712 24,
1502 638 1616 695 illoe
1654 647 1783 696 sunt
1823 635 2066 712 διαοΐίααι,
2099 636 2215 695 duo
2259 636 2494 713 foedera,
2526 639 2721 717 legale

301 716 426 774 scil.
458 725 516 773 et
537 713 973 790 Evangelicum,
997 712 1068 771 de
1090 715 1300 791 quibus
1328 717 1424 793 agi
1453 726 1654 794 postea
1680 718 2036 795 probabitur.
2103 717 2181 776 Et
2203 718 2430 793 quoties
2457 719 2721 779 Christus

298 804 544 853 vocatur
563 793 851 852 Mediator
871 790 1093 858 διαθήκης
1113 795 1268 871 apud
1292 796 1493 871 Hebr.,
1512 796 1664 875 (cap.
1683 798 1825 874 viii„
1846 797 1977 877 ix.,)
1999 805 2057 855 et
2076 798 2314 873 sanguis
2332 798 2383 874 ej
2392 818 2459 855 us
2480 800 2719 876 sanguis

302 873 542 948 διαθήκης,
587 875 722 933 licet
762 873 910 932 ratio
939 874 1296 935 Testamenti
1337 886 1695 952 connotetur,
1724 897 1843 935 non
1884 886 2077 954 potest
2118 897 2225 935 nec
2268 877 2441 936 debet
2485 879 2720 938 excludi

305 977 469 1031 exa-15
514 954 821 1028 foederalis,
853 954 990 1029 quia
1018 954 1518 1014 Testamentorum
1551 957 1782 1034 proprie
1823 977 1941 1015 non
1970 957 2182 1015 dantur
2233 957 2569 1034 Sponsores,
2615 958 2719 1017 sed

297 1034 451 1093 inter
479 1043 673 1112 partes
701 1033 978 1091 adversas
1021 1035 1306 1094 mediator
1349 1037 1722 1096 constituitur
1762 1037 1838 1095 ad
1881 1057 1981 1096 eas
2026 1036 2499 1114 reconciliandas,
2530 1047 2588 1097 et
2615 1058 2721 1116 per

301 1114 492 1173 foedus
519 1115 671 1173 inter
699 1133 760 1172 se
788 1111 1090 1173 uniendas.

389 1194 502 1253 VI.
549 1193 873 1252 Fatendum
902 1194 1137 1269 quidem
1181 1194 1475 1254 notionem
1504 1197 2021 1256 Testamentariam
2063 1197 2158 1256 hie
2198 1197 2487 1275 praecipue
2527 1198 2723 1275 urgeri

307 1274 382 1331 ab
425 1273 730 1350 Apostolo,
779 1273 960 1332 Hebr.
992 1275 1072 1332 ix.
1108 1278 1199 1351 15,
1245 1284 1309 1334 ut
1352 1277 1667 1335 necessitas
1710 1277 1913 1336 mortis
1962 1287 2020 1337 et
2069 1276 2478 1336 satisfactionis
2507 1277 2723 1337 Christi

303 1364 581 1430 tanquam
610 1353 927 1411 Testatoris
970 1354 1180 1414 elarius
1221 1355 1573 1432 designetur,
1606 1365 1664 1416 et
1693 1357 1894 1434 gratiae
1924 1357 2194 1432 efficacia,
2239 1358 2333 1414 cui
2374 1358 2437 1414 in
2465 1357 2717 1416 solidum

309 1434 503 1492 omnia
532 1440 770 1510 accepta
794 1432 1033 1492 ferenda
1060 1444 1196 1494 sunt
1223 1435 1284 1493 in
1325 1435 1540 1495 foedere
1582 1439 1802 1514 gratiss,
1832 1437 2038 1495 fortius
2066 1445 2372 1495 asseratur.
2461 1437 2577 1496 Sed
2604 1457 2721 1495 non

309 1513 609 1572 exclusive
637 1513 748 1570 hoc
775 1512 1027 1590 intelligi
1054 1524 1245 1593 potest
1287 1515 1362 1573 ad
1389 1516 1727 1576 relationem
1756 1516 2106 1592 foederalem,
2138 1537 2266 1593 quae
2295 1516 2469 1575 fidem
2497 1526 2556 1576 et
2584 1518 2719 1576 obe·

310 1593 589 1652 dientiam
637 1613 672 1651 a
715 1601 878 1669 parte
928 1593 1176 1653 hominis
1218 1596 1494 1672 postulat.
1578 1597 1748 1672 Quod
1796 1617 1927 1655 cum
1969 1617 2072 1674 per
2113 1617 2175 1655 se
2218 1597 2436 1655 clarum
2479 1597 2570 1672 sit,
2612 1617 2720 1656 nec

308 1683 556 1750 negetur
583 1694 618 1731 a
644 1672 935 1747 fratribus,
966 1674 1180 1734 frustra
1206 1675 1440 1735 videtur
1468 1676 1541 1735 de
1568 1697 1640 1736 eo
1666 1678 1888 1735 moveri
1926 1676 2337 1751 controversia,
2368 1696 2496 1752 quae
2525 1696 2628 1753 per
2656 1697 2718 1735 se

308 1753 620 1829 evanescit,
653 1753 702 1811 si
731 1759 975 1830 utraque
1008 1755 1102 1813 hic
1135 1754 1313 1831 exim,
1343 1757 1778 1815 testamentaria
1805 1765 1863 1815 et
1891 1756 2200 1831 foederalis,
2232 1756 2580 1831 attendatur,
2613 1757 2718 1815 illa

305 1833 543 1926 quidem
583 1842 650 1892 ut
695 1833 989 1911 praecipua
1036 1844 1096 1894 et
1141 1837 1431 1914 primaria,
1462 1837 1576 1896 ista
1601 1856 1742 1895 vero
1784 1846 1849 1896 ut
1888 1836 2230 1895 secundaria
2267 1836 2446 1914 priori
2487 1836 2718 1895 subser-

306 1932 490 1972 viens.

900 1994 1049 2054 VII.
1095 1995 1320 2054 Latinis
1338 1998 1528 2072 soedus
1556 1995 1777 2054 variam
1807 1995 2248 2072 originationem
2279 1995 2543 2071 sortitur;
2575 1995 2716 2069 Qui-

399 2058 720 2160 Foecffiztffiff⁶
821 2074 972 2149 dam,
993 2083 1059 2133 ut
1078 2076 1306 2151 Festus,
1328 2096 1361 2133 a
1362 2078 1632 2151 feriendo
1650 2077 1870 2135 dictum
1888 2076 2109 2150 volunt,
2125 2076 2261 2152 quia
2289 2075 2348 2131 in
2369 2075 2716 2152 paciscendo

820 2155 1012 2213 hostia
1042 2154 1368 2231 feriebatur,
1401 2166 1460 2215 et
1487 2155 1817 2215 caedebatur
1858 2156 1974 2214 tale
2002 2156 2245 2213 exitium
2274 2155 2361 2212 illi
2388 2155 2713 2231 imprecan-

304 2232 394 2310 do,
410 2234 511 2311 qui
537 2235 757 2312 primus
784 2235 973 2294 foedus
996 2235 1298 2312 violasset;
1330 2237 1497 2313 cujus
1527 2234 1761 2293 modum
1792 2201 1997 2292 flivius
2026 2235 2349 2311 exequitur,
2379 2234 2481 2294 lib.
2513 2235 2568 2310 i.‚
2601 2236 2714 2293 for-

301 2315 517 2373 mulam
560 2315 793 2373 foederis
832 2314 961 2373 initi
1003 2314 1152 2373 inter
1180 2315 1405 2392 Regem
1435 2316 1503 2375 P.
1534 2315 1608 2374 R.
1655 2323 1713 2373 et
1741 2314 2105 2374 Albanorum
2134 2315 2491 2373 Dictatorem
2518 2334 2716 2374 recen-

301 2395 520 2471 sendo;
566 2395 647 2454 Et
675 2395 843 2472 Virg.
871 2395 994 2454 viii.
1023 2394 1264 2453 AEneid.
1291 2417 1307 2455 ι

970 2557 1055 2615 Et
1080 2576 1227 2615 coesa
1239 2555 1800 2634 junqebantfoedera
1817 2576 2025 2633 porca.

298 2713 426 2774 Alii
454 2715 812 2775 commodius
841 2736 876 2774 a
884 2718 1010 2795 fide
1037 2715 1255 2775 dictum
1272 2724 1497 2794 putant,
1526 2724 1593 2776 ut
1620 2717 1750 2777 vult
1770 2716 1968 2793 Isido.,
1999 2716 2102 2776 lib.
2125 2715 2245 2774 viii.
2268 2714 2469 2793 origi„
2489 2714 2626 2793 quia
2652 2715 2715 2774 in

297 2794 513 2854 foedere
560 2797 1034 2874 interponebatur
1075 2796 1258 2874 fides;
1303 2797 1456 2857 unde
1484 2798 1726 2873 Ennius,
1756 2806 1822 2857 ut
1870 2805 1959 2856 est
2006 2796 2161 2874 apud
2189 2796 2530 2872 Varronem,
2562 2796 2715 2856 dixit

278 2877 440 2954 fidus
466 2897 572 2954 pro
603 2880 797 2952 soedus
817 2901 842 2949 ;
887 2877 970 2936 Ut
998 2896 1136 2935 sane
1163 2875 1355 2936 foedus
1382 2898 1499 2936 non
1526 2878 1643 2937 alia
1684 2878 1757 2937 de
1802 2897 1977 2936 causa
2016 2877 2210 2952 initur,
2242 2896 2417 2954 quam
2457 2885 2524 2935 ut
2561 2876 2713 2935 inter

297 2965 492 3032 partes
518 2956 664 3015 fides
693 2965 934 3015 constet.

348 3091 358 3102 ,
704 3091 715 3103 ,
905 3036 1088 3095 VIII.
1133 3035 1397 3095 Foederis
1438 3044 1632 3095 autem
1662 3036 1775 3095 Dei
1818 3055 1934 3093 non
1976 3055 2094 3094 una
2134 3043 2224 3094 est
2265 3034 2612 3111 significatio
2653 3034 2713 3095 in

297 3089 420 3146 1⁴:³⁰⁸
439 3089 764 3148 ¹¹⁰¹¹¹⁰¹²y¹¹¹¹⁸h
829 3116 1141 3194 Scriptura.
1223 3117 1471 3191 Proprie
1511 3124 1674 3174 notat
1714 3121 1948 3192 pactum
1976 3123 2035 3173 et
2076 3115 2520 3172 conventionem
2559 3114 2714 3172 inter

302 3195 498 3253 Deum
528 3203 586 3254 et
612 3197 903 3255 hominem
946 3196 1167 3269 initam,
1199 3215 1327 3272 quae
1357 3203 1582 3254 constat
1624 3194 1834 3272 partim
1873 3195 2231 3269 stipulatione
2271 3194 2450 3268 officii,
2483 3212 2586 3251 seu
2626 3194 2712 3251 rei

298 3275 661 3353 praestandae,
692 3277 902 3353 partim
940 3276 1314 3352 promissione
1349 3275 1593 3351 proemii,
1626 3295 1742 3351 quo
1785 3293 1959 3333 sensu
2000 3273 2261 3347 sumitur,
2295 3274 2443 3332 Gen.
2475 3272 2618 3329 xvii.
2640 3276 2705 3347 2,

298 3356 401 3414 ubi
429 3356 640 3415 dicitur
668 3357 830 3415 Deus
871 3355 1060 3414 foedus
1088 3354 1240 3413 velle
1286 3354 1542 3413 stabilire
1587 3375 1719 3413 cum
1748 3354 2103 3412 Abrahamo.
2183 3352 2509 3429 Improprie
2537 3352 2709 3410 modo

300 3436 549 3495 sumitur
567 3456 671 3513 pro
691 3436 939 3514 simplici
959 3434 1355 3513 promissione,
1380 3445 1461 3510 ut,
1485 3435 1635 3495 Gen.
1665 3435 1747 3493 ix.
1767 3437 1823 3510 9,
1848 3433 2153 3512 promissio
2180 3433 2254 3492 de
2275 3453 2392 3491 non
2412 3431 2707 3510 perdendo

301 3516 517 3574 mundo
544 3537 648 3593 per
675 3516 961 3576 diluvium
988 3524 1230 3574 vocatur
1253 3514 1443 3573 foedus
1467 3536 1481 3590 ;
1525 3515 1699 3574 modo
1727 3522 1982 3592 metony.
2009 3534 2115 3591 pro
2141 3515 2396 3590 symbolis
2424 3522 2482 3572 et
2521 3532 2708 3571 sacra-

301 3596 511 3655 mentis
540 3596 790 3672 foederis,
820 3605 887 3655 ut
916 3594 1275 3654 circumcisio
1302 3603 1545 3654 vocatur
1570 3594 1777 3671 foedus,
1811 3596 1959 3655 Gen.
1990 3594 2153 3670 xvii„
2185 3603 2243 3653 et
2262 3593 2403 3652 Luc.
2434 3593 2578 3651 xxii.
2609 3596 2704 3668 20,

301 3675 474 3733 Calan
503 3676 936 3735 Eucharisticus
964 3675 1175 3734 dicitur
1215 3694 1328 3732 esse
1367 3677 1448 3733 N.
1473 3678 1537 3733 T.
1581 3676 1640 3733 in
1682 3676 1952 3752 sanquine
1983 3675 2210 3749 Christi,
2253 3673 2334 3731 id.
2377 3673 2607 3749 signum
2650 3681 2709 3730 et

177 3819 190 3833 ι
299 3755 555 3831 sigillum
605 3757 768 3833 ejus3
823 3754 996 3813 modo
1043 3775 1149 3832 pro
1194 3755 1392 3813 tabulis
1422 3756 1688 3831 scederis,
1719 3775 1848 3831 quae
1896 3756 1959 3812 in
2014 3754 2172 3813 Arca
2225 3752 2701 3825 recondebantur,

301 3837 332 3891 1
361 3835 507 3912 Reg.
539 3835 662 3893 viii.
694 3839 764 3894 21
795 3857 810 3911 ς
853 3835 1026 3893 modo
1066 3854 1172 3911 pro
1214 3834 1347 3909 ipsis
1374 3836 1697 3910 soederatis,
1723 3834 2013 3911 quomodo
2041 3834 2290 3911 populus
2322 3832 2434 3890 Dei
2462 3839 2705 3889 vocatur

295 3918 768 3990 sanctumsoedus,
816 3916 967 3973 Dan.
998 3914 1079 3972 xi.
1110 3917 1206 3989 28,
1239 3916 1352 3989 303
1402 3914 1575 3972 modo
1604 3935 1709 3992 pro
1741 3914 1976 3987 Messia,
2006 3913 2240 3971 foederis
2285 3911 2453 3969 istius
2496 3909 2702 3967 funda-

265 4002 509 4069 -mento,
541 3995 602 4052 in
630 4015 747 4071 quo
788 3995 1091 4053 nobiscum
1133 3994 1340 4053 initum
1368 4003 1473 4069 est,
1508 3994 1625 4054 Isa.
1656 3995 1803 4053 xlix.
1834 3995 1890 4068 8,
1922 3994 2057 4052 dedi
2080 4002 2131 4050 te
2158 3993 2216 4050 in
2247 3993 2442 4065 soedus
2478 3989 2700 4064 populi,

297 4071 405 4131 ἀρ.
474 4074 590 4133 Sed
619 4094 743 4150 nos,
773 4075 967 4133 missis
997 4074 1323 4152 impropriis
1351 4073 1888 4151 significationibus,
1919 4071 2208 4150 propriam
2235 4070 2330 4128 hie
2358 4078 2702 4146 spectamus,

294 4153 526 4230 quando
554 4154 627 4213 de
657 4154 871 4213 foedere
899 4154 1278 4232 disputamus.

377 4234 498 4293 IX.
542 4234 804 4293 Vocatur
831 4244 1024 4294 autem
1055 4234 1103 4293 F
1107 4234 1274 4292 oedus
1302 4232 1458 4293 istud
1470 4236 1664 4307 soedus
1697 4232 1921 4309 qratiae,
1952 4238 2076 4290 tum
2104 4228 2422 4303 causaliter,
2453 4225 2590 4304 quia
2617 4233 2708 4286 est

298 4331 373 4369 ex
395 4313 582 4390 gratia
610 4314 807 4373 stricte
837 4313 1009 4390 dicta,
1030 4314 1219 4389 qualis
1240 4314 1432 4372 locum
1455 4314 1630 4372 habet
1658 4332 1798 4389 erga
1823 4318 2201 4388 peccatorem,
2235 4310 2375 4367 Luc.
2406 4308 2446 4366 i.
2477 4310 2571 4382 54,
2605 4310 2701 4380 55,

299 4394 392 4468 72,
426 4396 520 4468 74,
567 4394 718 4471 Eph.
748 4394 786 4452 i.
819 4397 874 4469 6,
906 4394 1021 4453 Tit.
1052 4397 1107 4469 3,
1139 4397 1196 4467 4,
1239 4402 1364 4452 tum
1406 4393 1792 4466 materialiter,
1823 4390 1960 4467 quia
2001 4389 2194 4447 omnia
2235 4388 2294 4445 in
2334 4389 2446 4445 hoc
2487 4385 2703 4444 foedere

296 4480 432 4531 sunt
480 4475 750 4549 gratuita,
801 4474 1058 4551 ipsaeque
1103 4473 1249 4531 adeo
1293 4473 1671 4546 conditiones,
1715 4471 1758 4530 J
1762 4491 1842 4530 er.
1871 4469 2057 4544 xxxi„
2103 4469 2276 4527 Ezec.
2307 4466 2534 4541 xxxvi„
2577 4474 2705 4525 tum

283 4553 548 4629 finaliter
574 4555 712 4629 quia
739 4573 843 4631 per
869 4553 1016 4612 illud
1061 4553 1297 4611 divitias
1340 4573 1458 4612 suae
1488 4551 1689 4629 gratiss
1721 4552 1882 4610 Deus
1910 4549 2097 4607 voluit
2138 4547 2519 4622 manifestare,
2552 4547 2707 4624 Eph.

293 4630 356 4689 ii.
389 4634 444 4689 7.
528 4632 760 4693 Dicitur
787 4634 962 4693 etiam
988 4634 1411 4710 Evanqelicum,
1442 4631 1579 4709 quia
1619 4630 1896 4692 doctrinae
1925 4628 2237 4706 Evangelii
2276 4636 2366 4689 est
2392 4628 2709 4706 objectum,
