3221 5200
568 344 644 401 14
1491 328 1672 398 Locus
1702 354 2060 396 unnscmus.
2624 332 2878 414 [qums-r.
2910 353 2976 395 ιι.

641 498 831 558 XXI.
876 498 1234 590 Praeceptum
1264 495 1374 555 IV.
1423 503 1514 555 est
1539 495 1755 554 morale
1782 504 1841 554 et
1881 502 2218 588 perpetuum
2246 494 2438 571 quoad
2476 492 2859 553 substantiam
2888 494 2974 552 rei

557 577 861 650 mandatae,
891 576 1160 635 nimirum
1187 574 1345 653 quod
1388 575 1515 634 Deo
1543 575 1734 634 cultus
1761 573 1970 652 aliquis
1996 573 2253 633 solennis
2278 581 2553 632 externus
2581 572 2877 648 debeatur,
2908 581 2971 631 et

557 655 715 734 quod
742 664 961 715 certum
1008 664 1235 732 tempus
1281 654 1370 714 illi
1416 654 1494 714 sit
1533 653 1985 748 assignandum3
2028 672 2146 712 non
2198 652 2390 730 quoad
2430 651 2967 712 determinationem

556 735 902 813 peculiarem
930 735 1046 794 diei
1074 734 1321 812 septimi,
1351 754 1481 811 quoe
1507 732 1662 792 fuit
1635 733 1789 811 Juris
1814 732 2068 810 positivi,
2098 752 2343 809 quaeque
2367 739 2670 824 propterea
2694 739 2762 790 ut
2788 750 2964 790 εει-ε-

554 814 822 874 monialis
864 814 1053 892 potuit
1097 815 1323 889 mutari,
1372 821 1439 873 ut
1478 832 1584 871 suo
1612 813 1741 872 loco
1768 812 1953 872 fusius
1978 811 2333 890 probabitur.
2412 811 2538 871 Nec
2564 811 2618 870 si
2644 810 2967 869 Maccabaei

553 903 883 972 pugnarunt
916 893 1226 970 Sabbatho,
1256 893 1472 953 factum
1498 891 1607 951 fuit
1634 910 1738 969 per
1763 891 2248 986 dispensationem
2275 911 2312 950 a
2339 890 2517 967 Lege,
2561 889 2667 949 sed
2690 910 2794 967 per
2834 890 2968 966 ejus

556 973 1000 1032 declarationem
1028 980 1087 1032 et
1119 992 1317 1031 veram
1344 972 1891 1049 interpretationem,
1926 972 2102 1048 juxta
2127 990 2301 1047 quam
2327 970 2701 1048 prohibentur
2728 968 2970 1046 quidem

554 1072 729 1129 opera
753 1051 1071 1127 arbitraria,
1100 1052 1204 1111 sed
1230 1072 1348 1111 non
1374 1051 1713 1145 necessaria,
1736 1050 1926 1127 qualis
1952 1058 2040 1109 est
2066 1049 2328 1127 legitima
2352 1049 2444 1108 sui
2469 1048 2727 1108 defensio
2754 1048 2969 1107 adver-

558 1151 659 1191 sus
686 1132 900 1206 hostes,
929 1131 1089 1208 quod
1115 1130 1420 1190 Christus
1403 1149 1528 1223 ipse
1554 1150 1672 1188 non
1699 1131 1879 1189 semel
1905 1129 2221 1203 eonfirmat,
2252 1129 2463 1187 Matth.
2485 1128 2588 1187 xii.
2622 1131 2714 1186 11.
2760 1127 2969 1202 “Quis

552 1210 721 1286 erit,’'
762 1210 1038 1286 inquit,“
1054 1230 1130 1270 ex
1158 1210 1344 1286 vobis,
1374 1209 1475 1288 qui
1501 1209 1723 1269 habens
1742 1228 1912 1268 ovem
1939 1228 2130 1284 unam,
2161 1209 2212 1267 si
2237 1228 2310 1266 ea
2331 1206 2639 1267 inciderit'
2622 1227 2683 1265 ιιι
2708 1206 2966 1283 foveam,

554 1308 673 1348 non
721 1288 1128 1367 apprehendat,
1178 1298 1239 1350 et
1283 1309 1411 1349 eam
1458 1289 1647 1366 erigat
1664 1289 1731 1347 ?”
1814 1289 1894 1347 Et
1922 1289 2104 1346 Marc.
2132 1287 2192 1346 ii.
2222 1291 2319 1362 27,
2350 1289 2448 1346 28.
2532 1286 2968 1346 “Sabbatbum

550 1376 784 1445 propter
810 1368 1098 1427 hominem
1126 1369 1340 1427 factum
1368 1377 1474 1444 est,
1503 1387 1622 1426 non
1648 1368 1822 1427 homo
1843 1375 2076 1445 propter
2105 1366 2481 1427 Sabbathum.
2486 1366 2521 1393 ''
2588 1366 2760 1425 Unde
2789 1385 2964 1424 sana·-

553 1447 642 1507 vit
684 1447 974 1506 bominem
1022 1447 1335 1524 Sabbatho,
1382 1455 1443 1506 et
1488 1446 1759 1524 discipuli
1809 1446 2023 1506 Christi
2065 1446 2382 1506 esurientes
2433 1444 2726 1504 Sabbatho
2767 1444 2965 1523 spicas

553 1525 905 1586 evellebant.

631 1606 858 1664 XXII.
903 1604 1091 1680 Quum
1122 1605 1385 1664 Christus
1403 1604 1575 1684 jubet
1600 1605 1780 1664 odisse
1805 1613 2091 1682 parentes,
2134 1604 2276 1664 Luc.
2303 1603 2426 1662 xiv.
2456 1605 2552 1678 26,
2580 1621 2699 1661 ιιοιι
2724 1601 2961 1680 dispen-

553 1692 644 1743 sat
692 1683 765 1744 de
815 1685 1010 1743 Praece
1012 1694 1111 1763 pto
1157 1684 1387 1759 Quinto,
1440 1683 1544 1743 sed
1570 1703 1775 1744 verum
1802 1703 2033 1743 sensum
2060 1683 2217 1742 illius
2243 1683 2499 1759 exponit,
2529 1690 2590 1741 et
2615 1682 2964 1741 subordina-

552 1764 765 1823 tionem
796 1764 1063 1831 secundae
1091 1763 1305 1823 tabulae
1333 1763 1407 1822 ad
1434 1763 1697 1840 primam,
1727 1772 1787 1822 et
1834 1762 2085 1821 hominis
2117 1782 2258 1839 erga
2285 1762 2474 1820 Deum
2501 1769 2681 1820 notat.
2765 1762 2863 1820 Ita
2899 1767 2964 1821 τὶ

548 1849 704 1901 uso-¹7
685 1863 846 1902 ιιοιι
874 1843 1136 1901 absolute
1163 1850 1224 1901 et
1250 1841 1587 1919 simpliciter
1622 1841 2063 1933 intelligendum
2110 1849 2216 1915 est,
2264 1860 2368 1917 pro
2412 1841 2546 1899 odio
2582 1860 2859 1916 expresso
2898 1852 2964 1907 et

547 1918 2161 2076 fflmffiszifflffifflp.²1}1·;3‘20¹{¹¹33{¹..35
2178 1920 2794 2057 3ξῖῗέᾍὲἕὲῗὲ
2827 1921 2962 2075 ἱξῗέἶ,

548 2079 684 2139 tatis
712 2078 917 2155 officio,
969 2078 1158 2136 Deum
1186 2098 1360 2154 supra
1395 2097 1593 2136 omnes
1634 2078 1944 2136 amandum
1970 2098 2096 2136 esse
2124 2086 2184 2137 et
2210 2077 2546 2152 colendum3
2592 2078 2677 2136 Ut
2704 2077 2755 2134 si
2794 2098 2960 2136 amor

549 2166 849 2235 parentum
878 2158 955 2217 sit
981 2155 1212 2216 αισΰστατ
1213 2184 1262 2222 ος
1305 2177 1435 2216 ειιιιι
1464 2176 1658 2215 amore
1690 2156 1818 2231 Dei,
1862 2157 2050 2234 parati
2093 2157 2272 2215 simus
2300 2156 2376 2215 ad
2401 2155 2811 2248 relinquendos
2851 2177 2954 2233 pa-

549 2246 741 2295 rentes
780 2237 990 2314 potius,
1041 2258 1215 2314 quam
1259 2236 1335 2294 ad
1378 2236 1783 2313 abnegandum
1811 2236 2019 2310 Deum,
2071 2244 2131 2294 et
2157 2255 2382 2328 semper
2406 2244 2675 2312 praestare
2703 2235 2962 2295 sciamus

552 2316 786 2374 obedire
831 2316 958 2375 Deo
998 2336 1172 2393 quam
1198 2315 1544 2375 hominibus.
1633 2315 1730 2374 Sic
1757 2334 1910 2392 saepe
1937 2315 2116 2373 odisse
2141 2315 2373 2406 ponitur
2398 2334 2501 2390 pro
2528 2315 2708 2372 minus
2734 2334 2955 2390 amare,

551 2403 617 2453 ut
645 2395 795 2454 Gen.
823 2394 991 2453 xxix.
1021 2399 1118 2469 31,
1148 2398 1244 2470 33,
1275 2395 1465 2454 Jacob
1506 2395 1719 2453 dicitur
1758 2395 1936 2453 odisse
1962 2396 2158 2468 Leam,
2201 2392 2282 2451 id.
2323 2393 2514 2452 minus
2542 2413 2803 2470 amasse3
2847 2414 2960 2454 nec

551 2472 705 2531 enim
747 2480 865 2532 tam
909 2474 1158 2532 crudelis
1198 2474 1521 2533 censendus
1547 2482 1638 2532 est
1663 2473 1872 2548 Jacob,
1902 2481 1968 2531 ιιι
1994 2493 2121 2539 eam
2149 2472 2282 2530 odio
2307 2472 2592 2531 habuerit.
2676 2472 2774 2531 Sic
2815 2492 2962 2532 vero

549 2552 661 2611 hoc
702 2553 830 2611 loco
868 2551 1305 2629 intelligendum
1333 2570 1460 2611 esse
1486 2551 1672 2629 liquet
1698 2572 1774 2611 ex
1801 2552 2106 2611 collatione
2149 2552 2318 2611 Matt.
2348 2572 2408 2610 x.
2437 2554 2533 2627 37,
2575 2550 2676 2611 ubi
2715 2552 2959 2629 exponi-

549 2639 646 2766 dur
684 2651 788 2707 per
814 2632 1005 2690 minus
1031 2650 1262 2689 amare.
1307 2631 1439 2690 “Si
1466 2631 1596 2708 quis
1632 2639 1900 2708 parentes
1927 2631 2198 2691 dilexerit
2236 2650 2411 2709 supra
2435 2651 2546 2707 me,
2588 2651 2706 2693 non
2734 2641 2825 2696 est
2861 2652 2965 2691 me

592 2709 822 2785 ignus.’'

631 2786 894 2845 XXIII.
938 2786 1070 2846 Non
1118 2786 1513 2863 dispensatum
1561 2787 1672 2846 fuit
1715 2786 1789 2846 de
1842 2796 2013 2848 sexto
2069 2790 2366 2866 Praecepto
2418 2788 2732 2864 homicidii,
2775 2810 2960 2866 quum
3063 2775 3068 2778 ’

542 2865 745 2942 jussus
771 2874 861 2924 est
888 2865 1258 2924 Abrahamus
1284 2874 1533 2924 mactare
1561 2866 1744 2924 filium
1772 2886 1979 2927 suum:
2020 2868 2158 2944 quia
2192 2869 2524 2927 mandatum
2552 2868 2662 2928 suit
2688 2870 2959 2946 explora-

550 2945 761 3003 torium
789 2952 1030 3019 tantum,
1060 2964 1177 3004 non
1204 2945 1567 3005 absolutum.
1613 2946 1734 3004 Nec
1776 2946 1826 3004 si
1867 2955 2175 3006 mactasset
2204 2949 2331 3006 Deo
2350 2948 2611 3025 jubente,
2641 2948 2701 3005 in
2734 2948 2958 3025 Legem

549 3023 621 3083 de
665 3023 975 3082 homicidio
1022 3033 1334 3101 peccasset,
1391 3025 1529 3102 quia
1580 3025 1927 3085 authoritate
2010 3026 2204 3086 ublica
2243 3027 2558 3086 instructus
2599 3027 2662 3085 id
2699 3027 2958 3104 fecisset,

547 3103 818 3162 mandato
847 3103 1067 3163 scilicet
1095 3104 1227 3165 Dei.
1310 3104 1438 3164 Lex
1465 3124 1604 3164 vero
1652 3124 1768 3164 non
1810 3047 2108 3183 quodfibet
2132 3106 2505 3165 homicidium
2533 3106 2784 3199 damnat,
2816 3107 2960 3183 quia

547 3191 776 3243 tenetur
810 3183 1185 3261 magistratus
1229 3184 1512 3262 supplicia
1556 3184 1619 3243 in
1663 3192 1860 3244 sontes
1907 3205 2193 3262 exercere,
2240 3193 2300 3243 et
2326 3185 2533 3263 cuique
2559 3185 2788 3263 privato
2814 3185 2958 3247 licet

544 3261 824 3340 injustum
867 3284 1268 3342 aggressorem
1315 3273 1376 3324 et
1417 3265 1699 3323 latronem
1739 3264 1878 3323 vitae
1919 3264 2148 3323 tuendae
2185 3284 2359 3323 causa
2385 3264 2662 3339 occidere,
2692 3264 2960 3324 adhibito

542 3343 932 3402 moderamine
973 3344 1280 3419 inculpatae
1307 3344 1543 3418 tutelae3
1597 3343 1715 3402 Sed
1758 3343 2129 3403 homicidium
2159 3351 2381 3402 tantum
2409 3363 2446 3401 a
2482 3343 2710 3421 privato
2736 3343 2959 3420 injuste

544 3427 603 3479 et
647 3422 770 3478 sine
820 3422 1167 3479 authoritate
1213 3440 1388 3496 perpe
1316 3429 1622 3495 petratum.
1706 3422 1892 3480 Mosis
1939 3422 2311 3481 homicidium
2353 3442 2471 3482 non
2512 3431 2704 3500 potest
2731 3423 2958 3514 censeri

545 3505 747 3555 contra
774 3497 1010 3572 Legem,
1039 3496 1197 3572 quod
1239 3498 1463 3555 Deusa
1428 3498 1835 3590 atprobaverit
1860 3519 1963 3576 per
1988 3501 2491 3593 dispensationem,
2538 3500 2729 3560 Exod.
2758 3501 2819 3560 ii.
2853 3503 2954 3576 12,

544 3573 682 3650 quia
710 3575 908 3632 Moses
935 3573 1044 3632 fuit
1069 3594 1380 3652 personap
1341 3576 1500 3651 pub
1506 3597 1590 3652 ca,
1633 3575 1902 3636 habens
1875 3598 1999 3655 Jam
2027 3579 2309 3639 internam
2337 3579 2733 3656 vocationem3
2780 3580 2953 3654 Quod

542 3652 714 3710 etiam
760 3652 833 3710 de
860 3652 1080 3711 Phinea
1106 3653 1432 3728 dicendum,
1478 3655 1580 3731 qui
1622 3655 1855 3733 publica
1875 3599 2238 3718 Jauthoritate
2267 3659 2374 3718 fuit
2400 3660 2732 3734 instructus,
2762 3668 2822 3718 et
2859 3659 2947 3716 in·

542 3739 762 3796 ternam
810 3730 1012 3789 habuit
1054 3732 1130 3790 ad
1157 3732 1218 3790 id
1260 3734 1642 3809 vocationem,
1688 3735 1739 3793 si
1781 3755 1899 3828 non
1935 3745 2252 3796 externam.
2338 3738 2634 3797 Samsonis
2658 3739 2954 3816 avr-pagias

540 3828 658 3868 non
706 3809 814 3870 fuit
858 3810 1193 3888 simpliciter
1236 3819 1436 3870 contra
1479 3814 1717 3888 Legem,
1763 3814 1901 3906 quia
1946 3835 2062 3873 non
2109 3814 2219 3875 fuit
2266 3816 2417 3875 facta
2440 3817 2667 3893 privato
2696 3818 2951 3894 impulsu

540 3897 781 3965 tantum,
821 3909 951 3966 quae
986 3889 1306 3965 damnatur,
1346 3890 1450 3949 sed
1488 3892 1765 3969 peculiari
1805 3893 2098 3967 instinctu,
2138 3902 2198 3952 ει
2237 3894 2608 3986 inspiratione
2649 3895 2808 3954 illius
2846 3896 2952 3973 qui

537 3969 865 4028 absolutum
905 3969 1007 4046 jus
1055 3969 1230 4027 habet
1276 3969 1337 4026 ιιι
1381 3970 1559 4028 vitam
1608 3979 1668 4030 et
1714 3971 1882 4046 bona,
1930 3972 2189 4048 adeoque
2217 3971 2316 4048 qui
2344 3974 2524 4032 vitam
2552 3982 2808 4032 nostram
2848 3975 2949 4032 vel

535 4049 781 4107 alienam
808 4056 1064 4124 repetere
1092 4055 1284 4125 potest
1309 4049 1540 4124 quando
1566 4049 1744 4124 libet3
1787 4070 1960 4127 quam
1986 4051 2081 4109 hic
2109 4050 2361 4110 adfuisse
2388 4060 2688 4127 testantur,
2725 4055 2776 4110 1.
2810 4053 2949 4112 Pre-

534 4148 631 4187 ces
658 4146 803 4204 quas
831 4145 1006 4185 conce
1048 4126 1094 4185 it
1134 4125 1212 4184 ad
1256 4128 1445 4187 Deum
1472 4148 1576 4221 pro
1620 4129 1822 4187 robore
1863 4130 2315 4189 extraordinario
2361 4130 2437 4188 ad
2464 4131 2729 4190 ultimum
2769 4131 2949 4191 istum
3071 4163 3076 4168 ·

535 4214 727 4265 actum
756 4205 992 4264 obtinen
1034 4225 1087 4280 0,
1118 4225 1247 4282 quae
1276 4206 1564 4266 exauditis
1591 4207 1842 4283 fuerunt,
1873 4208 2132 4286 adeoque
2160 4228 2235 4267 ex
2261 4208 2376 4268 fide
2402 4209 2691 4286 profectae.
2736 4214 2793 4267 2.
2820 4211 2940 4270 Ro-

534 4285 646 4344 bur
672 4283 829 4344 istud
856 4283 1163 4343 divinum
1146 4285 1260 4360 ipsi
1287 4285 1799 4362 subministratum,
1831 4307 1946 4362 quo
1973 4287 2290 4346 instructus
2315 4297 2534 4347 tantam
2561 4289 2773 4346 molem
2802 4290 2941 4347 sub-

536 4363 725 4432 vertit,
777 4363 931 4422 unde
976 4362 1345 4455 Augustinus
1387 4364 1534 4424 bene
1581 4374 1778 4424 monet
1828 4365 2102 4443 Spiritum
2141 4366 2388 4424 latenter
2412 4367 2569 4425 hoc
2542 4367 2808 4443 Jussisse,
2837 4368 2942 4444 qui

533 4460 638 4533 per
679 4440 842 4498 illum
869 4441 1146 4501 miracula
1185 4441 1449 4501 faciebat.
1531 4447 1591 4504 3.
1633 4444 2050 4503 Testimonium
2078 4444 2366 4521 Apostoli,
2400 4444 2554 4503 Heb.
2582 4446 2665 4503 xi.
2694 4449 2792 4519 32,
2836 4447 2940 4523 qui

530 4518 683 4576 inter
708 4520 974 4596 exempla
998 4521 1134 4580 fidei
1164 4522 1499 4582 Samsonem
1526 4522 1717 4597 refert,
1747 4523 1903 4598 quod
1930 4522 2128 4600 utique
2144 4542 2259 4581 non
2287 4523 2535 4599 fecisset,
2565 4525 2616 4583 si
2644 4525 2755 4583 hoc
2775 4489 2941 4585 ²facto

529 4605 840 4673 peccasset,
871 4607 930 4655 et
960 4599 1175 4676 Legem
1204 4601 1495 4660 violasset.
