3221 5200
323 389 554 438 QUAEST.
585 370 704 454 111.]
1182 396 1260 436 ns
1290 397 1540 438 roensan
1579 398 1836 440 Gnarus.
2621 381 2732 438 165

921 535 1004 594 ΙΙ.
1054 539 1104 594 1.
1140 536 1399 598 Condicio
1427 539 1688 616 sumitur,
1714 541 1809 599 vel
1837 543 2222 601 antecedenter
2249 549 2308 599 et
2334 560 2372 597 α
2391 538 2599 615 priori,
2631 556 2733 614 pro

849 634 919 673 ea
945 635 1074 692 quae
1117 617 1292 678 habet
1334 618 1455 677 vim
1482 640 1672 679 causas
1709 621 2016 680 meritoriae
2069 630 2129 680 et
2156 620 2479 697 impulsiva}
2513 617 2588 676 ad
2633 617 2733 676 ob·

848 694 1086 755 tinenda
1114 697 1393 758 beneficia
1417 697 1669 776 foederis,
1700 721 1829 777 quas
1856 702 2115 779 praestita
2140 700 2360 759 homini
2390 699 2492 777 jus
2519 697 2619 755 dat
2660 696 2736 761 ad

324 777 641 853 praemium,
666 776 762 835 vel
790 777 1222 837 concomitanter
1247 788 1301 838 et
1326 790 1720 858 consequenter
1744 802 1784 840 α
1802 782 2125 858 posteriori,
2155 801 2259 859 pro
2299 800 2369 839 ea
2397 799 2525 855 quae
2558 777 2735 835 habet

325 856 607 914 rationem
634 858 810 915 medii
832 865 887 916 et
911 857 1283 933 depos-iam}
1307 860 1366 918 in
1392 861 1650 937 meectO,
1682 880 1812 938 quae
1840 861 2150 938 requiritur
2188 861 2248 919 in
2274 858 2588 918 foederatis.
2673 860 2729 915 2.

327 937 590 995 Condicio
617 937 714 994 vel
742 945 832 995 est
858 939 1153 1012 naturalis,
1177 937 1363 997 fluens
1390 959 1465 999 ex
1491 941 1740 1018 propriis
1767 951 1987 1001 naturas
2014 941 2254 1016 viribus,
2285 939 2380 999 vel
2392 946 2729 1015 supernatu-

322 1017 469 1074 ralis
498 1024 558 1075 et
584 1015 801 1092 divina,
832 1036 869 1075 a
895 1017 1084 1093 gratia
1119 1017 1395 1094 pendens.
1478 1023 1536 1080 3.
1570 1021 1885 1080 Promissio
1922 1021 2214 1081 foederalis
2241 1029 2330 1080 est
2367 1019 2603 1096 duplex,
2634 1017 2731 1075 vel

324 1094 549 1174 desine,
581 1096 677 1154 vel
716 1096 788 1154 de
827 1096 1037 1170 mediis,
1080 1096 1157 1156 id.
1186 1098 1285 1157 vel
1312 1097 1383 1157 de
1424 1098 1627 1176 salute,
1668 1101 1764 1160 vel
1792 1100 1865 1160 de
1902 1101 2016 1161 fide
2056 1109 2118 1160 et
2153 1099 2563 1178 resipiscentia,
2595 1096 2732 1174 quia

323 1182 568 1254 utraque
595 1185 684 1235 est
712 1175 928 1235 donum
957 1177 1088 1236 Dei.
1135 1180 1192 1236 4.
1239 1178 1458 1238 Foedus
1484 1187 1679 1256 potest
1707 1181 1971 1257 spectari,
2002 1181 2100 1240 vel
2128 1181 2350 1240 ratione
2379 1178 2731 1237 institutionis

317 1275 354 1314 a
386 1257 529 1331 Deo,
559 1256 655 1315 vel
684 1256 903 1315 ratione
935 1257 1145 1332 primoe
1183 1259 1577 1334 applicationis
1615 1260 1675 1319 in
1704 1260 1879 1337 fideli,
1911 1260 2007 1321 vel
2046 1261 2266 1322 ratione
2294 1258 2562 1338 perfectae
2596 1274 2725 1317 con·

315 1337 719 1394 summataebnis.

406 1416 527 1475 111.
574 1416 688 1474 His
714 1416 936 1494 positis,
971 1415 1234 1477 Dicimus
1265 1418 1479 1495 Primo,
1513 1419 1576 1479 Si
1604 1420 1860 1479 conditio
1890 1428 2149 1480 sumatur
2176 1417 2582 1480 antecedenter
2608 1424 2667 1476 et
2695 1436 2729 1475 a

319 1495 497 1572 priori
524 1515 628 1574 pro
669 1516 844 1555 causa
880 1497 1172 1557 meritoria
1207 1507 1269 1556 et
1300 1498 1628 1576 impulsiva,
1670 1509 1728 1561 et
1764 1520 1869 1577 pro
1910 1501 2238 1561 conditione
2276 1498 2543 1573 naturali,
2575 1505 2728 1555 recte

319 1576 522 1652 negari
546 1575 983 1653 Foedusfgratiae
1004 1597 1130 1636 esse
1159 1578 1652 1656 conditionatum3
1682 1580 1820 1658 quia
1847 1589 1935 1641 est
1961 1602 2116 1641 mere
2145 1580 2478 1659 gratuitum,
2510 1577 2665 1655 quod
2693 1596 2729 1635 a

315 1655 445 1714 sola
474 1656 584 1714 Dei
611 1653 803 1734 162an
841 1657 1072 1734 pendet,
1117 1677 1151 1716 a
1192 1659 1352 1718 nullo
1388 1680 1525 1719 vero
1567 1661 1821 1720 hominis
1859 1662 2104 1737 merito;
2149 1682 2254 1721 nec
2290 1662 2392 1738 jus
2430 1658 2508 1718 ad
2546 1658 2727 1717 vitam

318 1744 509 1812 potest
538 1735 765 1795 fundari
794 1738 853 1794 in
881 1737 1003 1796 ulla
1029 1739 1255 1797 actione
1283 1748 1498 1816 nostra,
1536 1741 1640 1800 sed
1682 1741 1743 1798 in
1783 1741 1909 1800 sola
1939 1741 2169 1818 justitia
2198 1740 2430 1800 Christi.
2517 1737 2634 1797 Sed
2677 1737 2725 1794 si

315 1824 580 1875 sumatur
623 1826 1041 1895 consequenter
1086 1825 1147 1877 et
1199 1839 1236 1876 a
1282 1821 1586 1896 posteriori
1630 1840 1735 1898 pro
1785 1841 1959 1880 eausa
2000 1819 2443 1894 instrumentali,
2489 1816 2725 1875 foederis

316 1896 758 1973 promissionum
788 1898 1096 1974 receptiva,
1128 1906 1188 1957 ct
1214 1899 1589 1976 dispositione
1621 1901 1886 1978 subjecti,
1910 1901 2066 1977 quod
2094 1901 2155 1959 in
2184 1900 2516 1959 societatem
2544 1895 2723 1956 foede-

314 1977 394 2033 ris
416 1975 754 2052 admittitur,
784 1996 914 2054 quae
932 1977 1007 2035 ab
1033 1978 1158 2055 ipsa
1186 1979 1373 2055 gratia
1394 1989 1604 2057 manat,
1638 2001 1755 2041 non
1782 1990 1974 2058 potest
1992 1981 2191 2058 negari
2221 1979 2411 2038 soedus
2434 1997 2561 2037 esse
2584 1997 2718 2035 con-

314 2054 679 2116 ditionatum.
767 2056 818 2116 1.
865 2057 1012 2132 Quia
1048 2077 1178 2117 cum
1209 2060 1537 2119 conditione
1578 2081 1855 2138 expressa
1881 2061 2235 2138 proponitur,
2266 2059 2484 2119 Johan.
2513 2057 2594 2116 iii.
2630 2058 2720 2132 16,

313 2137 413 2211 36,
448 2136 616 2195 Rom.
645 2156 705 2195 x.
737 2139 793 2214 9,
827 2137 963 2197 Act.
992 2138 1114 2197 viii.
1145 2142 1240 2214 37,
1274 2140 1456 2199 Mare.
1487 2141 1610 2200 xvi.
1639 2145 1730 2218 16,
1759 2149 1821 2201 et
1848 2142 1987 2200 alibi
2015 2141 2250 2219 passim.
2332 2144 2391 2199 2.
2436 2137 2584 2212 Quia
2611 2137 2725 2195 nisi

308 2224 470 2275 esset
497 2216 970 2293 conditionatum,
1011 2219 1555 2280 comminationibus
1603 2242 1720 2280 non
1770 2221 1917 2280 soret
1943 2221 2106 2280 locus
2134 2221 2195 2280 in
2218 2218 2562 2296 Evangelio,
2594 2236 2722 2295 quae

313 2315 430 2354 non
457 2305 700 2373 possunt
727 2297 1069 2372 denuntiari,
1095 2299 1207 2357 nisi
1234 2299 1514 2359 adversus
1542 2321 1643 2361 eos
1663 2301 1764 2378 qui
1793 2300 2180 2361 conditionem
2201 2299 2593 2379 praescriptam
2623 2317 2721 2355 ne·

310 2376 640 2453 glexerint3
686 2378 1003 2455 Neglectus
1031 2379 1184 2437 enim
1212 2379 1348 2438 fidei
1379 2388 1436 2439 et
1466 2381 1809 2440 obedientiae
1847 2401 1963 2439 non
1999 2390 2189 2459 potest
2226 2400 2354 2439 esse
2396 2377 2718 2455 culpabilis,

313 2456 365 2514 si
393 2475 508 2514 non
537 2456 809 2534 exigitur.
879 2462 936 2517 3.
969 2458 1118 2533 Quia
1145 2459 1290 2518 alias
1319 2470 1657 2538 sequeretur
1687 2462 1877 2521 Deum
1905 2461 1965 2519 in
1993 2462 2104 2520 hoc
2131 2461 2347 2520 foedere
2378 2459 2719 2518 obstrictum

307 2556 437 2595 esse
465 2537 701 2615 homini,
721 2558 838 2597 non
866 2548 1058 2599 autem
1085 2539 1374 2599 hominem
1408 2541 1554 2618 Deo,
1573 2541 1732 2619 quod
1758 2541 2252 2619 absurdissimum,
2284 2549 2341 2600 et
2369 2538 2719 2599 eontrarium

311 2626 531 2677 naturae
557 2619 817 2678 omnium
846 2619 1144 2697 foederum,
1177 2620 1236 2679 in
1265 2622 1477 2698 quibus
1512 2623 1684 2683 datur
1724 2623 2032 2682 conventio
2075 2632 2293 2697 mutua,
2325 2631 2385 2681 et
2427 2620 2720 2696 reciproca

307 2697 605 2775 obligatio,
650 2700 786 2776 quia
823 2701 1095 2777 utrinque
1136 2710 1406 2762 tenentur
1445 2711 1639 2780 partes
1680 2703 2100 2778 contrahentes,
2131 2711 2197 2763 ut
2235 2702 2384 2762 inter
2423 2700 2633 2759 Virum
2662 2708 2720 2758 et

317 2777 589 2855 Uxorem,
622 2780 845 2856 Regem
874 2788 932 2839 et
965 2781 1258 2856 Subdit0s‚
1290 2780 1398 2841 ὣς.

393 2858 504 2918 IV.
552 2860 836 2935 Secunde,
867 2860 929 2920 Si
949 2862 1348 2938 promissiones
1377 2861 1609 2922 foederis
1638 2864 2039 2941 intelligantur
2063 2866 2134 2923 de
2143 2865 2283 2943 fine,
2307 2882 2478 2923 nemo
2505 2880 2718 2937 negare

308 2946 501 3016 potest
528 2959 655 2998 esse
682 2940 1118 3017 conditionaleS,
1150 2942 1286 3019 quia
1313 2943 1461 3001 fiunt
1503 2963 1728 3020 semper
1770 2945 1878 3003 sub
1920 2943 2248 3004 conditione
2276 2941 2412 3003 fidei
2440 2950 2499 3002 et
2536 2940 2716 3018 poeni-

307 3019 505 3077 tentiae
529 3041 543 3094 3
579 3019 694 3091 Sed
717 3020 766 3079 si
794 3029 1096 3080 sumantur
1135 3042 1240 3099 pro
1267 3023 1746 3099 promissionibus
1774 3024 1846 3082 de
1876 3025 2085 3098 mediis,
2118 3023 2387 3081 nimirum
2417 3022 2489 3080 de
2516 3020 2630 3078 fide
2661 3028 2719 3078 et

309 3100 745 3176 regeneratione
791 3120 893 3160 seu
936 3101 1292 3178 poenitentia,
1325 3110 1543 3161 certum
1588 3111 1679 3161 est
1724 3123 1839 3161 non
1882 3122 2052 3179 posse
2098 3122 2225 3161 esse
2271 3101 2712 3173 conditionataS,

305 3178 415 3237 sed
443 3179 733 3257 simplices
760 3201 888 3240 esse
916 3190 976 3240 et
1004 3182 1316 3256 absolutae,
1348 3181 1485 3257 quia
1526 3182 1672 3239 alias
1714 3182 1946 3240 daretur
1986 3200 2291 3259 processus
2320 3181 2380 3238 in
2408 3179 2714 3253 infinitum,

304 3268 369 3317 et
395 3259 650 3319 conditio
678 3260 1025 3320 conditionis
1055 3281 1282 3339 semper
1307 3261 1714 3339 postularetur,
1746 3261 1901 3338 quod
1930 3261 2262 3321 absurdum.

391 3340 465 3399 V.
511 3340 724 3416 Tertio,
761 3341 823 3399 Si
850 3340 1039 3401 foedus
1067 3349 1359 3419 spectetur
1385 3342 1606 3400 ratione
1634 3343 1935 3401 sanctionis
1977 3340 2175 3418 primm
2218 3341 2277 3399 in
2307 3339 2554 3414 Christo,
2586 3338 2713 3397 nul·

311 3419 427 3476 lam
456 3420 632 3480 habet
659 3420 1048 3480 conditionem
1077 3422 1371 3499 praeviam,
1418 3421 1517 3481 sed
1549 3422 1675 3481 sola
1704 3422 1892 3500 gratia
1922 3422 2034 3480 Dei
2061 3430 2121 3481 et
2150 3421 2365 3480 Christi
2393 3419 2598 3479 merito
2627 3419 2712 3477 ni-

306 3500 466 3559 titur.
541 3500 660 3560 Sed
686 3502 736 3560 si
763 3501 1095 3562 attendatur
1120 3503 1342 3563 ratione
1370 3503 1768 3579 acceptationis
1795 3513 1848 3563 et
1873 3503 2265 3580 afflictationis
2292 3502 2353 3560 in
2379 3500 2556 3571 fideli,
2580 3520 2713 3558 con-

306 3577 586 3639 ditionem
612 3581 789 3641 habet
815 3582 1006 3658 fidem,
1037 3603 1167 3660 quae
1194 3584 1486 3642 hominem
1515 3583 1643 3642 unit
1672 3584 1919 3658 Christo,
1952 3591 2010 3642 et
2053 3583 2137 3642 sic
2164 3583 2224 3640 in
2253 3581 2713 3642 communionem

307 3658 541 3719 foederis
588 3661 803 3737 mittit3
849 3662 900 3720 si
942 3682 1082 3722 vero
1126 3664 1347 3723 ratione
1393 3664 1895 3741 consummationes,
1937 3684 2068 3724 cum
2111 3662 2243 3738 fide,
2285 3662 2614 3723 obedientia
2656 3669 2716 3719 et

306 3742 632 3800 sanctitatis
680 3742 936 3801 studium
980 3743 1156 3803 habet
1201 3744 1484 3803 rationem
1534 3744 1884 3804 conditionis
1929 3753 1987 3804 et
2034 3744 2228 3819 medii,
2259 3743 2396 3821 quia
2443 3743 2568 3803 sine
2614 3740 2716 3800 illa

303 3839 475 3879 nemo
503 3821 726 3882 videbit
755 3824 962 3882 Deum.

910 3902 1022 3961 VI.
1047 3902 1326 3978 Quamvis
1354 3903 1808 3963 conditionatum
1839 3911 2124 3963 statuatur
2142 3903 2333 3963 foedus
2360 3902 2579 3979 gratiae,
2597 3921 2714 3959 non

393 3965 731 4073 Γοὲζζῗζω·
832 3991 1138 4061 propterea
1168 3983 1599 4043 confunduntur
1625 3984 2036 4062 promissiones
2068 3984 2245 4061 Legis
2272 3991 2331 4041 et
2363 3981 2670 4059 Evangelii
2696 4004 2710 4039 :

831 4072 1026 4123 manet
1075 4083 1301 4141 semper
1346 4064 1654 4142 multiplex
1702 4063 2026 4137 discrimen,
2076 4066 2128 4121 1.
2170 4063 2242 4121 In
2291 4062 2547 4135 materia,
2578 4060 2716 4137 quia

300 4140 557 4201 conditio
582 4142 818 4221 Legalis
840 4152 928 4202 est
955 4143 1183 4221 integra
1212 4153 1270 4203 et
1297 4143 1551 4221 perfecta
1571 4143 1749 4220 Legis
1777 4142 2121 4218 obedientia,
2157 4143 2401 4200 Roman.
2433 4163 2490 4200 x.
2523 4144 2577 4215 5,
2610 4140 2713 4197 sed

308 4220 666 4300 Evangelica
692 4231 781 4282 est
790 4226 959 4303 fides,
993 4224 1162 4283 Rom.
1192 4244 1252 4282 x.
1272 4227 1327 4296 9,
1360 4225 1404 4283 J
1407 4225 1499 4283 oh.
1531 4224 1613 4282 iii.
1637 4226 1730 4298 16,
1760 4242 1877 4281 non
1903 4221 2175 4299 perfecta,
2205 4230 2263 4281 et
2286 4240 2499 4298 expers
2527 4220 2714 4279 omnis

303 4302 474 4376 naevi,
520 4302 624 4361 sed
664 4290 805 4361 viva
852 4312 913 4363 et
961 4304 1201 4380 sincera,
1238 4308 1267 4363 1
1301 4304 1449 4362 Tim.
1481 4304 1518 4362 i.
1563 4306 1619 4378 5,
1650 4304 1782 4362 Jac.
1826 4302 1884 4362 ii.
1914 4306 2012 4361 14.
2092 4307 2156 4362 2.
2200 4303 2272 4361 In
2310 4302 2545 4378 oriqine,
2577 4300 2715 4376 quia

302 4381 560 4441 conditio
589 4382 798 4460 legalis
827 4383 1075 4444 debebat
1124 4404 1252 4444 esse
1297 4384 1594 4459 naturalis,
1627 4382 1813 4443 fluens
1859 4382 2081 4442 scilicet
2123 4403 2159 4441 a
2202 4381 2448 4459 propriis
2492 4388 2712 4439 naturae

304 4461 564 4539 viribus3
610 4463 714 4521 sed
746 4463 1105 4542 Evangeliea
1132 4474 1223 4524 est
1243 4464 1712 4542 supernaturalis,
1745 4463 2006 4540 pendens
2033 4483 2068 4521 a
2096 4463 2323 4540 gratia:
2369 4461 2482 4520 Illa
2510 4461 2711 4538 praeci·

300 4540 570 4618 piebatur
596 4551 840 4619 tantum,
875 4545 978 4605 sed
1006 4565 1122 4604 non
1151 4544 1415 4620 dabatur,
1445 4544 1543 4603 vel
1586 4543 2068 4621 promittebatur3
2116 4542 2215 4601 sed
2260 4542 2372 4601 ista
2411 4548 2471 4600 ct
2512 4542 2709 4619 praeci-

279 4621 459 4697 -pitur
487 4630 544 4681 et
573 4623 929 4699 promittitur
956 4645 1022 4684 ac
1052 4625 1238 4701 datur,
1270 4627 1313 4685 J
1317 4646 1395 4684 er.
1421 4625 1587 4683 xxxi.
1614 4628 1709 4700 33,
1741 4625 1785 4683 J
1788 4644 1915 4682 oan.
1935 4623 2013 4682 vi.
2034 4627 2130 4699 45,
2165 4624 2313 4701 Eph.
2344 4622 2402 4682 ii.
2424 4625 2479 4682 8.
2565 4626 2620 4681 3.
2643 4624 2713 4680 In

284 4702 443 4778 fine.-
475 4703 730 4762 conditio
765 4706 997 4783 Legalis
1026 4707 1199 4765 habet
1228 4708 1507 4765 rationem
1538 4726 1725 4764 causae
1768 4704 2089 4779 meritoriae,
2123 4705 2321 4763 saltem
2354 4725 2426 4763 cx
2458 4724 2711 4780 congruo

383 598 559 643 Status
583 597 747 648 Quas-

485 656 650 701 tionis.
