3221 5200
318 394 542 444 QcAEs'r.
575 373 668 457 11.]
1026 398 1102 436 m:
1133 397 1365 437 orric-10
1395 396 1630 438 cums-rr
1662 396 2049 438 Mamm-omo,
2620 384 2736 441 337

310 537 583 611 tionibus,
616 557 730 594 non
772 536 964 595 minus
1006 558 1073 596 ac
1116 542 1354 598 naturis.
1443 539 1723 598 Actiones
1766 539 1944 615 igitur
1984 537 2059 596 ad
2102 537 2516 598 Mediationem
2556 539 2729 618 perti·

308 628 512 677 nentes
545 617 850 676 Divinitati
882 627 1016 676 sunt
1043 618 1454 695 adscribendae,
1488 631 1761 697 tanquam
1804 618 2085 696 principio
2116 618 2378 695 formali;
2429 620 2727 698 Siquidem

309 699 574 758 Christus
602 697 733 755 ideo
762 698 1093 757 incarnatus
1122 711 1226 776 est,
1261 711 1325 760 ut
1366 709 1519 759 esset
1564 699 1890 776 Mediator;
1936 698 2249 757 absurdum
2279 709 2369 757 est
2396 710 2584 759 autem
2621 702 2725 759 Di-

307 778 608 838 vinitatem
639 778 853 837 Christi
882 778 1209 839 cohibuisse
1240 801 1300 839 se
1330 780 1404 839 ab
1447 800 1618 858 opere
1660 788 1894 858 propter
1935 779 2092 855 quod
2120 779 2482 855 potissimum
2513 781 2727 841 missus

305 868 395 917 est
426 860 721 934 Christus;
767 867 826 916 et
854 858 902 916 si
931 858 990 916 in
1019 860 1310 919 miraculis
1340 881 1401 918 se
1430 861 1672 935 exeruit,
1704 860 1886 918 multo
1915 860 2103 937 magis
2132 859 2405 920 inclaruit
2436 861 2724 939 Redemp-

305 938 480 997 tionis
508 959 696 1018 opere,
728 939 996 996 omnibus
1025 940 1315 999 miraculis
1345 942 1654 1000 illustriore
1678 963 1693 1014 ;
1739 960 1845 998 nec
1874 941 1986 999 alia
2014 940 2087 998 de
2117 959 2291 998 causa
2318 948 2406 999 tot
2433 942 2725 1002 miraculis

304 1021 646 1093 coruscavit,
680 1038 850 1096 quam
883 1029 946 1078 ut
974 1021 1084 1078 hoc
1113 1021 1238 1097 ipso
1268 1042 1328 1081 se
1359 1042 1557 1080 verum
1593 1021 1957 1079 Servatorcm
1987 1020 2402 1097 comprobaret.

902 1100 1093 1158 XIII.
1139 1102 1324 1176 Quum
1389 1104 1644 1162 Christus
1691 1102 1852 1159 homo
1907 1100 2118 1160 dicitur
2144 1120 2270 1158 esse
2328 1100 2632 1174 Mediator,
2692 1106 2719 1160 1

364 1178 549 1251 Fontes
573 1180 714 1225 Solu·
832 1180 980 1238 Tim.
1011 1180 1069 1238 ii.
1107 1184 1161 1256 5,
1212 1195 1329 1240 non
1371 1182 1658 1240 evincitur
1705 1200 1831 1239 esse
1877 1189 2098 1240 tantum
2158 1181 2472 1239 secundum
2523 1182 2722 1241 huma-

444 1244 650 1284 ‘¹⁰¹²¹¹¹¹¹·
826 1280 960 1317 nam
981 1268 1264 1320 naturam.
1327 1266 1378 1320 1.
1399 1262 1548 1336 Quia
1570 1261 1997 1321 exclusivanon
2014 1261 2247 1319 additur
2266 1281 2382 1337 qua
2400 1261 2574 1320 homo
2597 1272 2721 1321 tan·

304 1347 447 1397 tum.
532 1342 588 1397 2.
637 1339 893 1398 Additur
920 1340 1029 1398 hoc
1057 1342 1374 1418 exegetica,
1405 1363 1522 1400 non
1552 1343 1627 1400 ad
1655 1341 2076 1400 excludendam
2107 1340 2488 1416 divinitatem,
2515 1343 2618 1401 sed
2646 1344 2722 1402 ad

303 1418 709 1477 includendam
731 1420 1163 1496 humanitatem,
1184 1432 1249 1481 ut
1271 1423 1345 1481 ad
1366 1443 1497 1481 eum
1527 1421 1731 1499 majori
1752 1442 1883 1480 cum
1901 1421 2112 1480 fiducia
2130 1421 2487 1496 accedamus,
2520 1432 2719 1501 utpote

300 1499 401 1576 qui
431 1499 692 1576 ejusdem
734 1508 954 1558 naturae
998 1502 1297 1560 nobiscum
1340 1503 1416 1562 sit
1457 1503 1761 1580 particeps,
1794 1510 1853 1561 et
1893 1500 2030 1578 quia
2067 1502 2138 1559 de
2168 1502 2476 1561 traditione
2506 1504 2631 1580 ejus
2660 1504 2721 1562 in

304 1589 544 1637 mortem
576 1581 771 1640 statim
800 1589 923 1639 erat
965 1582 1143 1640 verba
1181 1583 1453 1642 facturus.
1538 1587 1594 1642 3.
1644 1584 2073 1659 Argumentum
2106 1582 2541 1641 Pontificiorum
2571 1584 2719 1642 nibil

304 1660 613 1734 concludit,
643 1661 755 1719 nisi
786 1670 1157 1737 supponatur,
1198 1664 1526 1741 ubicunque
1566 1663 1816 1722 occurrit
1851 1683 2063 1721 nomen
2102 1670 2431 1721 concretum
2474 1663 2584 1721 Dei
2623 1665 2721 1722 vel

303 1739 553 1797 hominis
582 1741 640 1797 in
674 1741 970 1818 Scriptura
1012 1743 1241 1801 Christo
1284 1745 1641 1818 attributum,
1675 1743 1757 1801 ibi
1798 1742 2091 1820 designari
2121 1750 2383 1800 naturam
2415 1744 2541 1820 ejus
2571 1743 2718 1802 divi-

302 1840 434 1877 nam
467 1820 560 1877 vel
588 1820 914 1895 humanam,
947 1821 1104 1898 quod
1132 1823 1246 1881 dici
1287 1844 1399 1882 non
1447 1833 1653 1901 potest,
1686 1843 1815 1881 cum
1846 1830 2174 1881 concretum
2205 1841 2506 1898 personam
2538 1832 2716 1899 notet,

302 1919 418 1958 non
447 1909 728 1960 naturam.
813 1905 869 1959 4.
917 1901 1140 1960 Nomen
1173 1905 1290 1962 Dei
1315 1904 1472 1981 quod
1512 1905 1607 1962 hic
1636 1903 1960 1980 apponitur,
1993 1903 2090 1960 vel
2117 1902 2496 1978 personaliter
2541 1904 2716 1961 sumi·

300 1988 395 2039 tur
423 1979 498 2037 ad
521 1981 752 2040 Patrem
780 1981 1202 2059 designandum
1244 1984 1613 2057 oeconomice,
1646 1984 1795 2041 inter
1835 2002 2006 2060 quem
2050 1990 2109 2041 et
2148 1981 2411 2040 homines
2454 1983 2717 2041 Christus*

304 2060 593 2120 Mediator
657 2070 762 2130 est.
814 2062 909 2120 vel
956 2062 1004 2120 si
1053 2063 1226 2122 latius
1276 2067 1521 2123 sumitur
1567 2084 1672 2140 pro
1717 2071 1840 2121 tota
1884 2062 2183 2135 Trinitate‚
2228 2081 2345 2119 non
2390 2062 2705 2121 excluditur

301 2148 494 2199 tamen
523 2151 728 2200 natura
755 2142 954 2200 divina
982 2163 1016 2200 a
1045 2144 1407 2203 mediatione.
1496 2144 1678 2201 Aliud
1702 2154 1790 2201 est
1818 2143 2028 2220 quippe
2060 2141 2349 2199 Christum
2381 2161 2507 2199 esse
2537 2144 2701 2201 medi-

290 2230 527 2280 atorem
572 2222 887 2281 secundum
930 2232 1192 2282 naturam
1244 2225 1500 2282 divinam
1552 2224 1832 2297 absolute,
1901 2231 2187 2299 quatenus
2236 2230 2324 2280 est
2393 2224 2708 2280 communis

300 2301 484 2359 tribus
516 2302 817 2378 Personis;
863 2304 1019 2361 aliud
1043 2304 1357 2363 secuudum
1380 2325 1503 2363 eam
1530 2311 1845 2381 spectatam
1873 2301 2240 2377 oeconomice,
2266 2302 2485 2360 ratione
2511 2304 2706 2361 volun-

302 2382 462 2439 tariae
493 2401 610 2439 suae
636 2384 1082 2443 ExinanitioniS.

386 2461 564 2520 XIV.
613 2463 771 2521 Nihil
799 2474 887 2522 est
915 2464 1152 2522 absurdi
1180 2473 1400 2542 partem
1430 2464 1628 2522 laesam
1656 2464 1779 2523 fieri
1810 2463 2130 2522 voluntarie
2166 2462 2563 2521 Mediatricem
2607 2464 2709 2524 sub

301 2541 532 2600 diverso
560 2554 841 2621 respectu.
928 2544 1127 2604 Talem
1173 2566 1233 2604 se
1262 2545 1429 2604 nobis
1468 2546 1739 2622 proponit
1784 2545 2047 2604 Christus
2092 2544 2147 2600 in
2178 2544 2468 2622 parabola,
2505 2545 2693 2603 Matth

298 2623 421 2680 xxi.
454 2627 548 2700 37,
581 2633 639 2682 et
658 2626 765 2684 hoc
794 2626 915 2684 fieri
945 2626 1073 2684 vult
1101 2647 1135 2683 a
1164 2627 1300 2700 suis,
1336 2626 1544 2684 Matth.
1577 2646 1633 2683 v.
1664 2630 1759 2700 24,
1792 2633 1850 2683 et
1879 2625 2042 2683 xviii.
2080 2629 2169 2683 16.
2256 2625 2377 2682 Ν66
2400 2625 2707 2705 insolitum,

297 2711 361 2761 ut
379 2706 921 2768 ,reconciliationem
967 2706 1220 2765 offensus
1248 2707 1512 2766 instituat
1540 2707 1691 2783 apud
1723 2705 2095 2776 offendenteS,
2141 2719 2205 2764 ut
2238 2706 2395 2762 Deus
2424 2705 2576 2781 apud
2599 2705 2707 2782 pri·

298 2802 422 2841 mos
451 2794 734 2861 parentes,
767 2788 916 2845 Gen.
961 2787 1059 2861 iii.,
1105 2791 1140 2845 2
1174 2787 1301 2845 Cor.
1327 2808 1383 2845 v.
1421 2789 1510 2856 18,
1550 2789 1640 2861 19,
1687 2790 1782 2861 20,
1823 2787 2099 2844 Israelita}
2144 2785 2296 2862 apud
2340 2786 2709 2861 BcnjamitaS,

295 2863 439 2922 Jud.
473 2866 594 2924 xxi.
625 2875 684 2925 et
714 2867 908 2924 David
936 2867 1090 2944 apud
1139 2868 1382 2925 rebelles
1426 2867 1706 2940 subditos,
1765 2872 1801 2924 2
1837 2867 1988 2925 Sam.
2023 2867 2146 2924 xix.
2188 2870 2293 2939 12;
2341 2866 2393 2923 13
2403 2877 2425 2924 t
2471 2869 2714 2923 Senator

298 2963 479 3018 agens
508 2964 740 3003 causam
784 2946 883 3019 rei,
916 2948 1016 3023 qui
1070 2947 1307 3005 Senatui
1356 2956 1444 3005 est
1488 2946 1965 3019 reconcilianduS,
2012 2946 2165 3022 quod
2210 2946 2347 3003 olim
2407 2947 2713 3004 Menenius

300 3022 566 3099 Agrippa
593 3025 860 3099 praestitit
887 3026 1036 3082 inter
1062 3027 1332 3083 Senatum
1364 3036 1422 3084 et
1463 3026 1687 3102 plebem
1723 3027 2060 3083 Romanam.
2150 3025 2320 3083 Unde
2348 3025 2491 3081 nihil
2523 3026 2717 3085 obstat

301 3102 593 3160 Christum
635 3123 751 3179 qua
790 3104 1094 3184 &obtegam-ov
1134 3105 1485 3163 oecouomice
1543 3103 1984 3175 consideratum,
2029 3124 2155 3161 esse
2203 3102 2583 3161 Mediatorem
2640 3103 2716 3162 ad

301 3182 574 3259 seipsum,
622 3203 736 3259 qua
794 3184 954 3242 Deus
1009 3193 1098 3242 est
1158 3181 1415 3246 δυο-ιυὸῦς.
1529 3183 1695 3240 Licet
1743 3184 1894 3240 enim
1948 3183 2109 3239 Deus
2178 3182 2363 3239 Filius
2412 3183 2506 3240 vel
2556 3184 2716 3253 Λόγος

298 3281 414 3320 non
443 3261 621 3322 distet
648 3283 682 3321 a
712 3263 942 3322 Christo
993 3262 1332 3337 Mediatore,
1364 3263 1459 3321 vel
1491 3263 1761 3335 Persona,
1793 3262 1888 3319 vel
1930 3270 2136 3319 natura
2170 3262 2230 3318 in
2276 3281 2336 3318 se
2366 3269 2424 3319 et
2453 3262 2716 3321 absolute

299 3343 590 3419 spectatis,
622 3343 800 3403 distat
826 3352 1019 3402 tamen
1048 3343 1369 3402 oeconomia
1395 3352 1454 3401 et
1482 3342 1759 3401 relatione
1788 3342 2042 3400 muneris
2083 3341 2431 3400 Mediatorii.
2531 3342 2716 3401 Aliud

296 3423 510 3501 quippe
539 3433 629 3484 est
658 3425 848 3483 Deum
893 3424 1105 3482 Filium
1136 3444 1279 3498 esse,
1333 3423 1516 3481 Aliud
1545 3442 1671 3480 esse
1732 3422 2145 3497 Mediatorem3
2194 3421 2376 3479 Aliud
2432 3420 2714 3480 offensum

295 3524 424 3563 esse
453 3513 518 3563 ut
549 3505 754 3580 Deum,
789 3504 974 3563 Aliud
1004 3505 1385 3563 Mediatorem
1414 3523 1586 3580 agere
1627 3504 1946 3583 &drogum-ov.
2021 3502 2117 3561 Sic
2161 3501 2442 3560 Mediatio
2492 3522 2718 3579 semper

296 3586 406 3643 erit
447 3584 522 3643 ad
563 3586 824 3661 alterum,
869 3594 994 3645 tum
1037 3585 1172 3663 quia
1216 3584 1402 3642 Filius
1445 3594 1502 3643 et
1543 3594 1704 3655 Λογος
1734 3583 1924 3642 differt
1953 3603 1989 3640 a
2013 3582 2325 3663 &encenia-q,
2353 3582 2541 3640 sinon
2574 3582 2717 3653 φύσει

299 3664 504 3723 saltem
531 3667 791 3744 ὖικοιομίᾳ,
825 3675 948 3725 tum
976 3666 1113 3743 quia
1146 3665 1331 3723 Filius
1359 3664 1551 3724 differt
1578 3685 1614 3722 a
1644 3665 1833 3738 Patre,
1879 3663 2034 3741 apud
2075 3676 2246 3741 quem
2290 3664 2716 3740 appropriative

300 3744 512 3802 dicitur
559 3747 863 3822 Mediator,
922 3747 1108 3824 primo
1149 3745 1544 3823 personaliter,
1592 3745 1730 3822 quia
1758 3752 1847 3804 est
1888 3745 2004 3801 alia
2053 3744 2309 3802 Persona
2338 3764 2372 3800 a
2404 3744 2591 3817 Patre,
2625 3765 2715 3803 se-

300 3823 490 3881 cundo
518 3824 925 3903 dispensative,
977 3826 1114 3903 quia
1158 3826 1317 3884 solus
1368 3825 1571 3901 Filius,
1623 3846 1738 3883 non
1789 3825 1978 3899 Pater,
2037 3823 2224 3883 factus
2247 3834 2336 3881 est
2364 3823 2537 3881 homo
2567 3835 2624 3881 et
2653 3845 2715 3883 sc

298 3902 639 3962 exinanivit.

383 3982 527 4041 XV.
575 3984 704 4041 Etsi
734 3985 997 4044 Officium
1028 3987 1435 4045 Mediatorium
1481 3986 1758 4064 competit
1801 3986 2031 4044 Christo
2083 3984 2398 4042 secundum
2434 3984 2714 4042 Naturam

296 4063 590 4138 Divinam,
616 4084 731 4124 non
750 4066 1008 4142 sequitur
1037 4066 1263 4125 Patrem
1296 4077 1353 4126 et
1387 4068 1663 4145 Spiritum
1696 4067 1966 4125 Sanctum
2000 4084 2162 4141 aeque
2191 4083 2318 4122 esse
2362 4063 2716 4122 Mediatores

280 4164 425 4203 -cum
457 4144 629 4203 Filio.
716 4145 864 4220 Quia
893 4145 1172 4205 Mediatio
1202 4150 1475 4224 competit
1504 4148 1757 4219 Naturae,
1790 4165 1909 4203 non
1951 4164 2065 4221 qua
2108 4143 2428 4202 communis
2456 4151 2545 4201 est
2578 4144 2713 4201 Pcr-

298 4225 471 4298 soniS,
504 4225 609 4284 sed
637 4246 753 4303 qua
795 4226 1241 4285 characterizata
1290 4236 1395 4303 est,
1428 4237 1485 4285 et
1528 4226 1793 4285 subsistit
1841 4224 2111 4283 distincte
2150 4223 2210 4279 in
2258 4223 2514 4280 Persona
2559 4223 2714 4282 Filii.

296 4306 572 4364 Externae
595 4307 956 4383 operationes
986 4317 1120 4366 sunt
1149 4308 1378 4384 quidem
1424 4308 1602 4366 totius
1631 4305 1931 4364 Trinitatis
1960 4311 2018 4362 et
2046 4303 2302 4361 omnium
2332 4302 2716 4361 Personarum

294 4404 646 4462 communeS,
694 4407 810 4463 qua
858 4388 1136 4446 rationem
1182 4388 1396 4446 habent
1439 4387 1613 4446 unius
1661 4384 1927 4463 principii
1957 4382 2293 4455 communiS,
2327 4382 2430 4440 sed
2462 4383 2717 4441 Persona

297 4465 401 4522 illa
427 4465 501 4523 ad
523 4486 696 4542 quam
727 4469 983 4544 operatio
1014 4468 1208 4545 aliqua
1237 4468 1592 4541 terminatur,
1624 4486 1741 4523 non
1770 4465 1982 4523 desinit
2012 4464 2221 4521 habere
2249 4462 2527 4520 rationem
2560 4463 2713 4539 prin·

299 4544 434 4620 cipii
466 4545 792 4622 singularis,
826 4557 890 4605 ut
918 4556 1078 4625 patet
1127 4569 1202 4606 ex
1255 4547 1681 4619 Incarnatione,
1714 4565 1843 4621 quae
1885 4545 2023 4603 licet
2066 4544 2141 4602 sit
2190 4541 2368 4600 totius
2413 4542 2716 4602 Trinitatis

298 4625 672 4702 originaliter,
698 4636 786 4685 est
814 4636 1008 4687 tamen
1040 4629 1219 4687 solius
1251 4628 1388 4686 Filii
1444 4626 1829 4701 terminative,
1861 4646 1897 4683 a
1945 4646 2060 4702 quo
2089 4633 2359 4700 tanquam
2392 4642 2427 4680 a
2471 4625 2714 4683 termino

297 4705 407 4763 hoc
437 4725 583 4782 opus
611 4705 1032 4767 denominatur.
1067 4708 1228 4766 Idem
1260 4707 1333 4767 de
1367 4708 1721 4767 Mediatione
1752 4706 2079 4765 dicendum.

379 4803 527 4844 raas
560 4805 620 4844 11.
2349 4802 2389 4841 Y
