3221 5200
535 385 612 442 ⁷8
1463 400 1649 441 Locus
1680 398 2037 441 nnnsmnms.
2522 375 2772 458 [Qnaes'r.
2803 397 2938 438 1111.

532 595 573 640 '1’
657 595 668 607 ,
728 594 767 639 P
915 593 970 638 't'
1140 540 1438 600 XXXII.
1468 541 1667 601 Tertia
1688 539 2045 618 Propositio:
2087 540 2442 614 Proecepwm
2471 536 2941 597 iv.deSaI›batho

561 599 1018 709 ἕῗὲὲθρῖἒξξᾝξξ
1059 629 1140 679 est
1163 621 1386 697 partim
1412 625 1647 697 morale,
1681 622 1903 697 partim
1940 620 2340 678 coeremom'ale.
2427 618 2837 676 Caeremoniale
2875 618 2941 675 in

541 712 744 781 „partim
815 711 1015 760 morale.
1056 700 1242 759 tribus
1271 701 1518 777 spectari
1561 709 1781 778 potest;
1831 704 1882 759 1.
1910 701 1985 759 In
2008 700 2125 759 diei
2145 697 2367 774 septimi
2389 698 2783 773 desiynatione,
2814 698 2936 774 qui,

557 773 738 874 {ffigm
788 782 1010 815 ememo-
1051 788 1119 839 ut
1145 788 1401 839 mutatus
1429 790 1517 840 est
1543 781 1604 838 in
1625 781 1795 839 Novo
1813 780 1990 855 Test.‚
2022 776 2436 838 caeremonialis
2465 776 2666 836 debuit
2694 796 2840 835 esse.
2876 781 2937 836 2.

691 857 703 870 “
1054 860 1588 939 InSanctzficatione
1614 861 1784 920 istius
1812 859 1946 934 diei,
1978 860 2179 918 stricta
2204 878 2271 917 ac
2292 856 2483 934 rigida
2508 857 2636 933 ejus
2664 857 2939 915 observa-

527 938 683 999 tione
713 960 748 998 a
775 958 1017 1016 vespera
1044 939 1118 997 ad
1145 959 1464 1017 vesperam,
1495 949 1621 1000 tum
1638 940 1930 1016 privativa
2032 959 2062 997 r
2088 937 2467 997 cessationem
2512 936 2700 994 omnis
2737 937 2940 1013 operis

527 1019 776 1095 servilis,
808 1018 1125 1078 secundum
1165 1039 1340 1096 quam
1388 1040 1496 1078 nec
1535 1020 1729 1080 focum
1771 1039 1946 1078 accen
1989 1038 2085 1078 ere
2132 1038 2239 1077 nec
2281 1017 2473 1076 cibum
2506 1036 2708 1093 parare
2736 1025 2794 1076 et
2834 1035 2936 1075 co-

525 1118 717 1175 quere,
742 1119 850 1157 nec
878 1099 1170 1158 ambulare
1200 1108 1259 1159 et
1286 1099 1396 1159 iter
1416 1099 1601 1159 facere
1629 1100 1858 1175 liceret;
1903 1107 2027 1158 tum
2037 1099 2285 1175 positiva
2304 1097 2365 1154 in
2385 1115 2624 1173 operum
2643 1095 2938 1155 variorum

528 1177 1013 1237 caeremonialium
1056 1178 1351 1254 exercitio,
1393 1180 1603 1256 partim
1645 1179 2035 1240 communium
2076 1178 2205 1237 aliis
2247 1177 2469 1251 diebus,
2513 1175 2709 1253 qualia
2769 1185 2940 1235 erant

528 1258 871 1322 sacrificium
905 1259 1068 1334 juge,
1113 1268 1173 1318 et
1201 1259 1576 1336 circumcisio,
1606 1260 1818 1337 partim
1858 1259 2217 1337 propriorum
2259 1256 2395 1316 huic
2436 1255 2568 1331 diei,
2615 1255 2939 1332 singularia

524 1345 667 1475 {uta
696 1337 978 1398 sacrificia
1016 1338 1174 1397 illius
1202 1338 1317 1397 diei
1357 1359 1462 1416 pro
1504 1348 1629 1399 tota
1657 1340 1936 1414 Ecclesia,
1969 1347 2027 1397 et
2069 1338 2184 1398 duo
2226 1336 2365 1414 agni
2405 1335 2676 1410 anniculi,
2713 1344 2773 1394 et
2800 1335 2933 1394 duae

568 1416 764 1475 ecimae
793 1417 996 1475 similae
1026 1418 1153 1475 oleo
1180 1417 1445 1495 perfusae,
1478 1419 1715 1478 Numer.
1760 1418 1967 1477 xxviii.
2000 1420 2055 1492 8,
2097 1420 2152 1493 9,
2197 1425 2257 1476 et
2282 1435 2461 1493 panes
2502 1415 2931 1492 propositioniS,

525 1497 628 1572 qui
670 1496 917 1572 singulis
969 1495 1281 1557 Sabbathis
1331 1497 1623 1557 debebant
1669 1500 1881 1576 apponi
1928 1499 1989 1555 in
2019 1497 2277 1574 Temple,
2311 1495 2555 1555 Levitie.
2585 1495 2752 1553 xxiv.
2784 1498 2839 1569 ⁷,
2873 1497 2932 1555 8.

525 1581 582 1636 3.
600 1576 671 1633 In
685 1577 873 1651 typica
893 1576 1046 1633 istius
1059 1577 1171 1635 diei
1190 1577 1604 1656 siqrnficatione,
1620 1577 2158 1637 adadumbrandam
2179 1574 2647 1635 sanctificationis
2665 1573 2933 1651 gratiam,

524 1664 584 1716 et
611 1676 690 1794 eg
715 1675 784 1793 {a
804 1656 1058 1733 quietem
1087 1657 1443 1734 spiritualem
1473 1667 1531 1718 et
1559 1659 1853 1718 coelestem
1879 1659 1942 1716 in
1964 1657 2211 1732 Christe,
2235 1656 2309 1715 de
2335 1675 2452 1733 qua
2476 1655 2734 1732 loquitur
2756 1654 2934 1714 Paul·

523 1755 612 1811 us,
685 1756 728 1794 -o
756 1780 769 1794 .
799 1736 859 1794 ii.
895 1738 987 1811 16,
1024 1738 1116 1794 17.

604 1816 934 1875 ΧΧΧΙΙΙ.
977 1818 1208 1875 Mor-ale
1235 1815 1296 1875 in
1336 1817 1521 1877 tribus
1564 1816 1738 1876 etiam
1782 1823 2063 1876 versatur.
2151 1818 2204 1874 1.
2235 1815 2308 1873 In
2333 1815 2645 1873 Indictione
2678 1814 2932 1889 publico·

523 1916 652 1958 rum
686 1903 1046 1955 conventuum
1087 1896 1163 1954 ad
1205 1896 1394 1955 Deum
1423 1897 1730 1956 colendum
1767 1904 1924 1956 certo
1963 1904 2022 1955 et
2064 1895 2302 1954 definito
2330 1895 2526 1972 aliquo
2566 1901 2825 1970 tempore
2872 1903 2934 1954 et

522 1971 634 2034 die,
719 1979 775 2035 2.
822 1975 894 2032 In
920 1976 1352 2068 sanctificatione
1399 1977 1570 2052 ipsius
1620 1977 1747 2052 diei,
1793 1983 1915 2035 tum
1949 1976 2241 2051 privativa
2282 1994 2387 2051 per
2429 1973 2809 2033 cessationem
2856 1974 2932 2033 ab

521 2055 792 2132 operibus
841 2055 1143 2113 ordinarwe
1172 2056 1509 2131 vocationis,
1551 2063 1618 2113 ut
1659 2055 1837 2114 sacris
1877 2054 2350 2113 meditationibus
2395 2062 2454 2113 et
2497 2053 2680 2112 cultui
2728 2053 2930 2112 divino

522 2154 729 2194 vacare
756 2135 944 2209 liceat,
977 2134 1238 2212 exceptis
1266 2142 1458 2194 tamen
1488 2135 1758 2212 operibus
1786 2135 2079 2193 charitatis
2106 2143 2166 2193 et
2211 2134 2545 2192 necessitatis
2561 2157 2586 2206 ,·
2628 2141 2750 2191 tum
2773 2135 2927 2209 posi-

522 2215 653 2289 tiva,
684 2235 787 2291 per
820 2216 1115 2274 solennem
1157 2223 1216 2273 et
1257 2214 1556 2291 publicum
1600 2215 1713 2273 Dei
1761 2214 1982 2273 cultum
2024 2214 2087 2271 in
2131 2214 2578 2290 congregatione
2629 2213 2928 2273 Ecclesiae.

522 2297 579 2351 3.
613 2294 684 2350 In
710 2296 1081 2354 sublevatione
1106 2314 1395 2353 servorum
1423 2304 1476 2353 et
1484 2298 1888 2370 jumentorum,
1919 2313 2163 2370 quorum
2205 2294 2486 2353 rationem
2514 2292 2715 2350 haberi
2740 2293 2930 2352 voluit

518 2374 702 2510 geue,
734 2394 808 2433 ne
836 2375 1170 2434 continuato
1199 2394 1369 2451 opere
1397 2374 1748 2451 fatiscerent,
1780 2383 1840 2434 et
1865 2384 1931 2434 ut
1964 2373 2073 2452 ipsi
2101 2373 2257 2433 servi
2284 2372 2457 2432 etiam
2486 2372 2665 2432 sacris
2693 2392 2927 2451 operam

561 2472 656 2511 are
762 2463 938 2514 ssent.

519 2586 568 2633 A
684 2473 760 2530 ΡΟ
840 2589 852 2602 ,
1131 2533 1452 2592 XXXIV.
1497 2534 1616 2593 Hic
1642 2554 1782 2593 vero
1811 2553 1965 2592 nova
1992 2532 2285 2592 suboritur
2313 2531 2569 2609 Quaestio
2587 2531 2929 2591 circaistam

527 2660 534 2665 .
571 2588 1008 2705 ’ὲζῖζῗὶἳὴὲζξξξῗ
1049 2613 1440 2688 maraticam,
1470 2633 1599 2690 quae
1630 2615 1804 2674 etiam
1831 2615 1981 2673 inter
2002 2614 2372 2673 Orthodoxos
2400 2613 2652 2690 agitatur
2676 2635 2691 2672 ε
2733 2611 2832 2670 An
2850 2632 2929 2671 ex

577 2708 694 2749 neat
728 2706 870 2749 unius
904 2704 1003 2749 diei
1044 2692 1106 2749 vi
1135 2700 1193 2751 et
1220 2691 1490 2767 anologia
1516 2694 1693 2770 hujus
1719 2694 1991 2771 praecepti
2021 2694 2096 2752 ad
2137 2714 2264 2753 eam
2302 2694 2603 2771 pertineat,
2644 2713 2760 2750 non
2797 2700 2925 2751 tan-

576 2766 820 2865 {¹52⁵ng
844 2762 1002 2808 deter-
1042 2779 1166 2829 tum
1194 2770 1595 2831 determinatio
1624 2772 1929 2850 cujusdam
1967 2774 2243 2850 temporis
2272 2783 2330 2833 et
2357 2773 2472 2832 diei
2500 2771 2929 2831 indeterminati

520 2862 538 2876 ’
785 2852 797 2865 ”
1042 2850 1117 2908 ad
1166 2850 1385 2909 cultum
1432 2852 1770 2928 publicum:
1824 2852 1928 2911 sed
1956 2853 2130 2911 etiam
2172 2853 2497 2930 designatio
2535 2852 2708 2911 unius
2749 2852 2867 2910 diei
2894 2872 2926 2912 e

516 2936 738 3007 septem
766 2929 827 2988 in
856 2929 1022 3008 cyclo
1048 2929 1471 3006 hebdomadali,
1502 2932 1603 3009 qui
1634 2932 1882 3010 singulis
1919 2933 2254 3009 septimanis
2281 2934 2342 2991 in
2384 2933 2582 2991 orbem
2623 2951 2923 2991 recurrens

1039 3010 1115 3070 sit
1142 3011 1464 3070 necessario
1493 3012 1908 3072 observandus.
1993 3013 2159 3072 Circa
2186 3033 2378 3091 quam,
2404 3016 2456 3072 1.
2488 3013 2621 3072 Non
2648 3012 2927 3089 quaeritur

575 3064 930 3172 smffifflfoe*
1037 3090 1112 3150 de
1139 3092 1516 3152 convenientia
1543 3093 1644 3168 rei,
1682 3093 1783 3152 An
1811 3093 2162 3153 conveniens
2202 3093 2391 3169 fuerit,
2436 3101 2496 3151 et
2535 3092 2747 3150 rationi
2788 3112 2925 3150 con·

1037 3180 1375 3231 sentaneum
1403 3172 1514 3232 hoc
1542 3173 1625 3231 ita
1652 3173 1978 3250 designari:
2036 3173 2322 3232 Convenit
2354 3172 2507 3231 enim
2534 3172 2685 3231 inter
2704 3190 2922 3249 omnes,

515 3270 693 3312 unum
723 3251 875 3312 diem
904 3272 937 3312 e
966 3260 1185 3329 septem
1208 3252 1316 3312 rite
1342 3254 1599 3329 potuisse
1629 3254 1854 3313 institui
1882 3253 1956 3311 ad
1994 3253 2213 3312 cultum
2254 3253 2384 3327 Dei,
2430 3261 2488 3312 et
2528 3271 2646 3310 non
2692 3252 2923 3310 institu-

512 3340 638 3391 tum
677 3332 856 3390 fuisse
895 3332 1018 3390 sine
1048 3332 1225 3390 variis
1273 3332 1552 3407 gravibus
1600 3334 1831 3393 causis:
1877 3332 1995 3392 Sed
2037 3331 2111 3392 de
2155 3333 2487 3407 necessitate,
2540 3331 2641 3390 An
2687 3350 2924 3391 necesse

513 3410 686 3468 fuerit
707 3410 968 3468 absolute
997 3430 1073 3467 ex
1100 3418 1306 3467 natura
1339 3412 1423 3469 rei
1462 3412 1575 3469 hoc
1612 3412 1694 3471 ita
1736 3412 1964 3489 disponi
2004 3432 2081 3471 ex
2107 3413 2169 3470 vi
2218 3421 2277 3472 et
2320 3412 2589 3489 analogia
2630 3411 2924 3489 praecepti.

511 3493 571 3546 2.
617 3488 748 3546 Non
776 3488 1054 3565 quaeritur
1080 3487 1153 3545 de
1179 3490 1391 3546 morali
1421 3491 1607 3548 stride
1636 3490 1809 3565 dicte,
1841 3492 1997 3568 quod
2027 3493 2153 3550 Deo
2183 3500 2271 3551 est
2311 3492 2589 3567 naturale,
2620 3490 2925 3550 fundatum

513 3567 726 3642 quippe
753 3567 814 3623 in
843 3567 971 3642 ejus
999 3573 1204 3624 natura
1232 3575 1291 3625 et
1319 3568 1641 3644 sanctitate,
1672 3578 1733 3629 et
1758 3570 1944 3630 fluens
1993 3572 2066 3630 ab
2095 3573 2222 3649 ejus
2263 3572 2534 3648 imagine,
2580 3572 2746 3648 cujus
2786 3590 2925 3629 con-

512 3645 751 3704 trarium
781 3645 904 3703 sine
934 3645 1384 3706 contradictione
1411 3648 1723 3726 praecipere
1766 3670 1882 3709 non
1920 3658 2129 3728 potest,
2159 3671 2266 3710 nee
2311 3651 2384 3710 de
2429 3671 2499 3709 eo
2547 3650 2881 3728 dispensare
2909 3671 2925 3712 ι

516 3725 648 3782 Hoc
676 3724 829 3782 enim
859 3744 1033 3784 sensu
1061 3744 1261 3785 omnes
1287 3729 1657 3789 consentiunt
1684 3729 2145 3807 designationem
2183 3730 2318 3790 talis
2347 3731 2464 3789 diei
2490 3750 2607 3789 non
2636 3750 2763 3790 esse
2794 3731 2924 3789 Deo

511 3804 851 3878 naturalem,
882 3813 941 3864 et
966 3805 1215 3865 liberum
1244 3808 1372 3866 Deo
1401 3807 1577 3867 fuisse
1605 3810 1705 3869 vel
1730 3830 1910 3870 unum
1938 3831 2014 3870 ex
2043 3820 2280 3888 septem,
2311 3812 2409 3870 vel
2436 3830 2512 3869 ex
2540 3819 2690 3886 octo,
2720 3810 2816 3869 vel
2845 3829 2923 3868 ex

511 3884 711 3944 decem
739 3883 945 3944 diebus
974 3885 1217 3962 seligere
1245 3886 1321 3944 ad
1348 3887 1439 3946 sui
1467 3889 1705 3966 cultum,
1745 3910 1852 3949 nec
1894 3891 1971 3950 ad
2011 3891 2250 3949 alteram
2292 3890 2763 3949 contradictionis
2790 3910 2923 3967 par-

511 3973 629 4024 tem
656 3985 733 4024 ex
760 3966 881 4025 ulla
908 3974 1127 4024 naturae
1155 3985 1275 4026 suae
1303 3969 1647 4028 necessitate
1685 3970 2027 4030 adstrictum
2062 3970 2240 4029 fuisse
2265 3993 2279 4030 ε
2327 3970 2446 4029 Sed
2472 3971 2665 4046 agitur
2704 3969 2777 4028 de
2804 3990 2924 4029 mo·

509 4046 631 4103 rali
655 4048 766 4105 late
794 4046 877 4105 sic
904 4046 1078 4122 dicto,
1110 4047 1267 4123 quod
1292 4047 1429 4108 licet
1455 4049 1770 4125 positivum
1815 4050 1891 4109 sit
1931 4070 1966 4108 a
2005 4058 2167 4127 parte
2213 4050 2341 4125 Dei,
2386 4058 2477 4109 est
2516 4059 2711 4109 tamen
2751 4049 2923 4110 nobis

510 4126 789 4263 naturge,
820 4136 1107 4203 quatenus
1128 4128 1401 4188 convenit
1427 4138 1648 4188 naturae
1675 4129 1960 4205 rationali,
1986 4138 2044 4188 et
2065 4130 2332 4189 relationi
2359 4130 2610 4188 hominis
2636 4149 2705 4188 ac
2732 4128 2924 4188 officio

505 4224 649 4282 erga
736 4226 885 4265 eum.

609 4285 893 4346 XXXV.
953 4284 1232 4361 Quamvis
1275 4306 1415 4346 vero
1455 4287 1865 4365 problematice
1909 4288 2004 4346 hic
2044 4288 2318 4366 utrinque
2359 4288 2714 4367 disceptetur
2757 4286 2923 4347 salvo

507 4375 777 4425 manente
832 4364 969 4424 fidei
1023 4375 1082 4425 et
1136 4367 1434 4426 charitatis
1481 4368 1733 4442 vincu10,
1792 4387 1899 4427 nec
1946 4367 2139 4426 desint
2192 4369 2444 4427 rationes
2499 4388 2710 4446 graves
2759 4368 2923 4428 Viris

506 4445 754 4520 magnis,
784 4446 884 4522 qui
913 4454 1069 4505 stant
1094 4467 1199 4524 pro
1226 4447 1517 4523 negativa,
1548 4446 1625 4506 ad
1652 4446 1994 4506 sententiam
2023 4467 2186 4506 suam
2215 4447 2488 4507 tuendam
2514 4470 2528 4507 ε
2593 4448 2725 4506 Non
2771 4447 2922 4506 diffi-

508 4530 697 4581 temur
723 4532 914 4583 tamen
943 4545 1049 4585 nos
1076 4527 1138 4585 in
1158 4526 1558 4586 affirmativam
1587 4526 1942 4604 propendere
1962 4546 2092 4586 cum
2115 4528 2261 4603 aliis,
2286 4537 2345 4587 et
2371 4529 2642 4606 rationes,
2657 4547 2787 4606 quae
2814 4548 2923 4607 pro

508 4601 612 4661 illa
639 4601 969 4679 afferuntur,
1002 4606 1304 4666 solidiores
1330 4606 1498 4665 nobis
1525 4606 1730 4666 videri.

590 4682 910 4742 XXXVI.
956 4683 1169 4760 Primo,
1202 4686 1297 4743 Ex
1325 4694 1535 4745 natura
1562 4687 1665 4745 rei.
1751 4686 1893 4745 Cum
1923 4689 2077 4747 enim
2122 4688 2384 4746 naturale
2431 4686 2524 4761 sit,
2570 4695 2631 4746 ct
2678 4687 2916 4764 morale,
