3221 5200
286 339 506 388 Qunsr.
541 317 702 398 ναι]
1007 335 1084 374 nn
1114 333 1345 376 orrtcio
1374 335 1608 374 cumsrx
1642 335 2027 377 ›tamn-ome.
2599 325 2716 380 355

902 475 1090 533 XIX.
1139 474 1257 534 Sed
1303 494 1418 534 non
1460 475 1683 534 caeteris
1725 477 2020 554 prophetis
2059 476 2319 553 superior
2348 486 2569 537 tantum
2599 480 2709 539 suit

821 555 1100 630 Christus,
1147 555 1250 613 sed
1278 562 1336 613 et
1364 555 1550 631 ipsum
1592 556 1817 614 Mosem
1849 558 2159 634 superavit,
2190 558 2325 616 licet
2352 558 2483 617 aliis
2531 558 2706 636 longe

815 636 1269 711 praestantiorem
1298 643 1356 692 et
1381 635 1719 693 familiarius
1747 655 1878 694 cum
1910 637 2035 695 Deo
2067 646 2407 710 versantem,
2448 646 2507 697 et
2534 657 2707 714 quem

295 714 457 773 Deus
485 733 602 772 non
629 713 690 771 in
720 713 941 772 visione
975 723 1034 773 et
1081 715 1403 791 aenigmate,
1434 715 1530 772 vel
1579 715 1802 772 somnio
1850 715 2265 793 alloquebatur,
2299 726 2365 775 ut
2409 717 2571 789 alios,
2604 718 2707 776 sed

289 814 390 852 ore
417 797 500 852 ad
523 814 598 867 os,
631 792 709 851 id.
740 813 931 851 coram
960 803 1018 852 et
1040 794 1496 867 familiarissime,
1527 803 1592 852 ut
1633 795 1852 852 amicus
1893 795 2139 852 amicum
2168 794 2497 872 alloquitur,
2530 796 2702 855 Num.

291 873 396 931 xii.
427 876 482 931 8.
532 872 750 932 Similis
778 873 1010 949 quidem
1041 873 1252 931 dicitur
1291 874 1516 931 futurus
1547 874 1717 947 Mosi,
1752 874 1924 933 Deut.
1970 874 2135 933 xviii.
2184 877 2274 949 15,
2306 884 2365 933 et
2402 875 2545 932 sicut
2569 877 2704 951 ipse,

288 960 349 1011 et
376 953 510 1011 talis
559 953 666 1012 fuit
707 953 766 1009 in
808 953 1002 1011 variis.
1090 953 1286 1010 Moses
1327 960 1385 1010 ct
1414 952 1678 1010 Christus
1706 952 1898 1011 statim
1928 953 2001 1011 ab
2050 961 2180 1012 ortu
2220 954 2369 1011 male
2398 953 2700 1030 habentur,

293 1032 520 1091 Mosem
545 1032 787 1106 Pharao,
816 1031 1081 1090 Herodes
1110 1030 1401 1090 Christum
1429 1032 1804 1108 persequitur,
1832 1033 2029 1090 Moses
2046 1032 2320 1109 populum
2349 1053 2424 1091 ex
2449 1033 2703 1110 Egypto,

292 1112 558 1171 Christus
585 1131 661 1169 ex
709 1120 945 1187 peccato
993 1111 1216 1184 liberat,
1251 1111 1446 1168 Moses
1477 1110 1765 1168 Mediator
1791 1111 1901 1169 fuit
1926 1112 2076 1170 inter
2105 1112 2293 1170 Deum
2322 1120 2380 1170 et
2406 1114 2706 1190 populum⁹

293 1192 558 1249 Christus
585 1191 734 1249 inter
764 1191 953 1249 Deum
983 1199 1041 1248 et
1068 1190 1346 1257 homines,
1389 1198 1632 1266 uterque
1659 1189 1977 1248 doctrinam
2020 1210 2183 1249 suam
2232 1192 2525 1250 miraculis
2567 1212 2704 1251 con-

287 1270 558 1344 firmavit,
590 1279 829 1347 uterque
858 1269 1241 1346 quadraginta
1277 1269 1400 1326 dies
1422 1269 1729 1345 jejunavit,
1772 1277 2014 1346 uterque
2054 1271 2257 1328 faciem
2286 1271 2485 1329 divino
2514 1271 2705 1348 splen-

291 1350 430 1407 dore
460 1349 841 1407 illuminatam
869 1349 1088 1408 habuit.
1125 1348 1240 1407 Sed
1283 1347 1546 1407 Christus
1576 1357 1768 1407 tamen
1795 1349 1969 1426 longe
1991 1350 2173 1426 major
2201 1350 2401 1426 Mose;
2436 1350 2556 1409 Iste
2600 1351 2708 1410 fuit

291 1437 516 1488 tantum
546 1448 748 1487 servus
775 1428 836 1485 in
865 1429 1036 1487 domo
1069 1428 1194 1502 Dei,
1230 1427 1344 1485 Sed
1376 1427 1640 1486 Christus
1679 1436 1746 1486 ut
1772 1427 1927 1486 filius
1967 1437 2026 1487 et
2070 1429 2370 1502 Dominus,
2425 1430 2576 1488 Heb.
2624 1431 2702 1489 iii.

293 1509 491 1567 Moses
523 1509 756 1584 Legem,
778 1508 1042 1566 Christus
1073 1506 1455 1583 Evangelium
1485 1507 1833 1584 promulgat.
1893 1508 2090 1567 Moses
2118 1509 2365 1585 simplex
2395 1509 2503 1568 fuit
2533 1510 2705 1568 inter·

292 1588 553 1662 nuncius,
587 1587 689 1645 sed
718 1587 980 1646 Christus
1008 1605 1181 1646 verus
1208 1592 1246 1644 u·
1275 1590 1505 1650 quw-035.
1552 1587 1751 1645 Moses
1779 1586 2025 1663 gloriam
2053 1588 2257 1647 habuit
2284 1589 2341 1644 in
2367 1588 2703 1663 ministerio,

289 1667 391 1725 sed
421 1669 818 1746 καταργουμένην
838 1667 1028 1744 qualis
1046 1667 1154 1724 fuit
1182 1685 1249 1742 sp
1274 1666 1455 1725 endor
1476 1665 1645 1725 faciei
1666 1666 1794 1742 ejus
1815 1687 1830 1741 ;
1880 1666 1996 1724 Sed
2017 1666 2204 1743 gloria
2223 1667 2435 1725 Christi
2458 1674 2547 1726 est
2567 1687 2703 1726 con-

292 1755 453 1805 stans
481 1756 539 1805 et
567 1757 796 1820 aeterna,
828 1751 865 1804 2
887 1748 1015 1803 Cor.
1046 1746 1126 1803 iii.
1161 1748 1253 1802 ll.

372 1826 529 1885 XX.
579 1828 857 1902 Objectum
886 1826 1145 1883 Muneris
1173 1824 1508 1900 Prophetict',
1558 1823 1855 1897 Quatenus
1884 1823 2147 1882 Christus
2194 1822 2340 1881 illud
2378 1823 2706 1884 immediate

288 1906 567 1979 exercuit,
597 1906 627 1962 s
624 1913 828 1963 uerunt
855 1905 898 1963 J
902 1904 1068 1977 udaei‚
1100 1922 1216 1980 qua
1242 1903 1313 1961 de
1343 1922 1517 1961 causa
1538 1902 1749 1960 dicitur
1769 1903 2030 1960 Minister
2056 1903 2501 1976 οὐσατηείεἰοηιζς,
2534 1903 2705 1962 Rom.

271 2005 390 2043 σιν.
416 1987 469 2058 8,
503 1995 562 2043 et
588 1985 889 2061 profitetur
910 2003 971 2041 se
993 1984 1230 2041 missum
1258 1981 1334 2039 ad
1363 2001 1502 2040 oves
1523 1982 1779 2058 perditas
1800 1981 2006 2039 domus
2033 1982 2230 2055 IsraiSL
2258 1982 2467 2039 Matth.
2488 2002 2587 2040 xv.
2608 1986 2705 2041 24.

291 2064 587 2137 Quatenus
614 2084 753 2122 vero
781 2063 928 2121 illud
956 2063 1203 2121 mediate
1230 2070 1461 2119 exercet
1503 2062 1563 2118 in
1591 2061 1793 2119 Veteri
1835 2061 2205 2119 Testamento
2254 2060 2484 2118 fuerunt
2531 2061 2706 2119 iidem

289 2144 333 2202 J
339 2143 505 2217 udaei,
540 2144 707 2201 Rom.
739 2143 819 2201 ix.
850 2146 906 2216 4,
938 2141 1197 2219 exeeptis
1238 2140 1438 2216 paucis
1467 2140 1750 2213 Ethnicis,
1782 2139 1883 2216 qui
1910 2146 1978 2197 ut
2004 2139 2269 2214 primitiae
2299 2139 2571 2198 Gentium
2604 2159 2704 2198 vo-

290 2223 404 2280 cati
428 2231 580 2296 sunt,
607 2223 812 2298 quales
841 2220 1320 2294 Melchisedecus,
1351 2219 1394 2277 J
1397 2221 1578 2295 ethro,
1613 2219 1836 2291 Rahab,
1863 2218 2180 2293 Nahaman,
2205 2226 2264 2277 et
2292 2218 2525 2277 similes.
2589 2220 2707 2279 Sed

290 2302 352 2358 in
382 2302 550 2358 Novo
578 2302 947 2360 Testamento
989 2308 1125 2359 sunt
1151 2317 1352 2358 omnes
1392 2307 1596 2375 gentes
1624 2296 2123 2356 indiscriminatim
2166 2318 2297 2375 quae
2324 2306 2606 2357 vocantur
2631 2299 2708 2358 ad

291 2381 752 2440 communionem
783 2381 1003 2439 salutis.

316 537 385 583 Et
408 539 694 582 nominatim
728 552 759 582 a

468 597 623 640 Mose.

1179 2616 1568 2693 QUAESTIO
1609 2617 1793 2675 VIII.

936 2797 1015 2837 DE
1059 2795 1292 2836 omnmo
1335 2793 1747 2836 SACERDOTALI
1787 2793 2041 2834 CHRISTI.

290 2936 386 2994 An
430 2937 684 2994 Christus
703 2936 1036 3008 fioeritveri
1071 2936 1307 2993 nominis
1350 2936 1648 3006 Sacerdos,
1695 2933 1797 3008 qui
1838 2934 1897 2990 in
1946 2933 2523 2992 terrisSacerdotaan
2547 2953 2711 2992 suum

355 3017 487 3089 jam
517 3014 873 3085 inchoaverit,
905 3015 1262 3090 Anfiyurate
1304 3021 1517 3070 tantum
1546 3013 1742 3084 dictus,
1787 3012 1886 3085 qui
1910 3012 1969 3068 in
1996 3012 2143 3068 coelis
2170 3014 2392 3069 demum
2426 3021 2562 3087 post
2601 3014 2709 3070 As-

367 3111 673 3232 cesongltgnem
697 3094 906 3148 Munus
930 3111 1093 3148 suum
1119 3091 1469 3165 impleverit!
1512 3089 1737 3147 Affirm.
1770 3089 1977 3163 Prius;
2011 3089 2159 3164 Neg.
2192 3090 2453 3163 Poster.;
2512 3099 2712 3149 contra

373 3333 423 3390 1.
473 3329 739 3390 Secunda
765 3347 898 3407 pars
928 3325 1098 3386 officii
1129 3323 1460 3384 Mediatorii
1489 3323 1703 3384 Christi
1731 3332 1821 3382 est
1846 3324 2229 3383 Sacerdotalis
2265 3324 2547 3399 Diqnitas,
2579 3343 2709 3400 quae

289 3421 380 3471 est
408 3412 563 3470 basis
593 3411 848 3469 omnium
890 3406 1315 3481 beneficiorum,
1346 3424 1475 3482 quse
1507 3403 1771 3463 Christus
1813 3422 1917 3480 per
1963 3412 2202 3462 mortem
2234 3403 2559 3479 acquisivit.
2620 3404 2709 3461 De

290 3512 423 3569 quo,
455 3492 592 3568 quia
619 3490 795 3548 variae
823 3496 1130 3546 moventur
1161 3506 1196 3544 a
1224 3484 1402 3544 variis
1429 3483 1855 3556 controversiae,
1899 3482 2169 3542 distincte
2197 3482 2269 3541 de
2300 3483 2371 3540 iis
2399 3482 2708 3558 agendum.

293 3572 377 3631 Ut
397 3572 581 3648 primo
600 3570 671 3628 de
695 3568 990 3629 sacerdote
1013 3566 1289 3639 dicamus,
1322 3563 1529 3622 deinde
1559 3563 1632 3620 de
1662 3562 2000 3637 sacerdotiO,
2031 3561 2223 3639 quoad
2256 3560 2551 3638 geminum
2580 3563 2709 3640 ejus

291 3650 553 3727 gradum,
585 3649 1032 3709 satisfactionem
1063 3645 1300 3719 scilicet,
1332 3652 1391 3703 et
1416 3641 1904 3701 intercessionem.

935 3722 1020 3783 ΙΙ.
1067 3724 1464 3783 Sacerdotium
1488 3721 1704 3781 Christi
1725 3729 1814 3780 est
1833 3720 2052 3780 functio
2073 3720 2328 3779 muneris
2356 3719 2706 3794 Mediatorii,

822 3804 1137 3864 secundum
1167 3823 1339 3881 quam
1370 3801 1635 3860 Christus
1669 3820 1738 3859 ea
1757 3800 1982 3876 peregit
2003 3799 2155 3876 apud
2180 3800 2387 3870 Deum,
2431 3817 2561 3874 quae
2602 3818 2708 3874 pro

817 3883 1214 3961 peccatoribus
1241 3890 1404 3941 erant
1423 3879 1771 3958 peragenda,
1789 3887 1913 3937 tum
1935 3878 2188 3954 seipsum
2210 3876 2389 3935 semel
2415 3875 2709 3934 offerendo

294 3964 354 4021 in
382 3954 678 4035 victimam
706 3981 809 4038 pro
847 3962 1006 4040 ipsis,
1053 3970 1175 4020 tum
1205 3981 1310 4039 pro
1338 3961 1479 4038 ipsis
1508 3977 1734 4035 semper
1777 3956 1935 4033 apud
1987 3957 2218 4014 Patrem
2273 3954 2703 4013 intercedendo.

293 4042 477 4118 Cujus
500 4041 809 4099 functionis
830 4048 1049 4118 quanta
1071 4041 1147 4098 sit
1167 4039 1519 4119 praestantia,
1542 4039 1639 4095 vel
1662 4037 1796 4094 hinc
1814 4044 2066 4111 apparet,
2098 4034 2257 4111 quod
2297 4032 2523 4090 nullum
2549 4052 2707 4109 mys-

292 4122 502 4180 terium
530 4120 626 4178 vel
653 4120 1133 4179 luculentioribus
1172 4119 1464 4179 vaticiniis
1492 4116 1633 4176 olim
1661 4113 2001 4193 praedictum
2050 4113 2141 4188 sit,
2189 4112 2288 4171 vel
2329 4110 2708 4188 frequentior-

295 4201 429 4260 ibus
470 4200 626 4277 typis
654 4200 1076 4259 adumbratum.

906 4278 1027 4336 111.
1055 4277 1248 4335 Prima
1268 4275 1524 4351 Quaestio
1544 4273 1716 4332 nobis
1743 4271 2048 4330 intercedit
2064 4290 2193 4331 cum
2221 4268 2560 4344 Socinianis,
2585 4270 2704 4346 qui,

310 4340 354 4385 D
358 4354 383 4384 ‘³
400 4338 597 4441 0¹²¹}ssss
618 4338 782 4384 Sacer-
826 4359 965 4417 licet
1004 4357 1294 4416 Christum
1344 4352 1713 4414 Sacerdotem
1741 4370 1839 4409 ore
1868 4360 2036 4410 tenus
2083 4350 2478 4423 confiteantur,
2523 4349 2713 4426 reipsa

600 4427 612 4438 ⁶
827 4447 1022 4498 tamen
1049 4443 1282 4514 negant,
1313 4434 1450 4493 dum
1484 4429 1878 4491 Sacerdotium
1906 4430 2036 4506 ejus
2064 4450 2139 4489 ex
2158 4428 2389 4506 proprio
2411 4428 2469 4485 in
2497 4427 2709 4504 figura-

295 4522 422 4573 tum
449 4524 691 4591 mutant,
721 4526 788 4577 ut
815 4518 897 4577 ita
925 4516 1151 4575 facilius
1178 4515 1480 4574 veritatem
1510 4509 1917 4570 satisfactionis
1945 4510 2072 4587 ejus
2113 4507 2438 4568 convellere
2465 4507 2706 4584 possint.

301 4594 399 4652 Sic
427 4604 677 4655 mentem
707 4616 868 4656 suam
912 4596 1206 4674 explicant
1235 4593 1468 4652 Catech.
1499 4590 1690 4651 Rako,
1721 4590 1793 4648 de
1824 4590 2065 4649 Munere
2097 4587 2310 4649 Christi
2335 4586 2709 4663 sacerdotali,

293 3788 425 3837 Quid
469 3789 534 3831 sit
554 3786 780 3845 Sacerdo-

352 3844 680 3915 tiumChristl
700 3844 718 3888 ³
