3221 5200
520 382 639 439 290
1351 394 1536 436 Locus
1566 394 1825 435 nscmus
1854 394 2120 436 marius.
2516 374 2772 456 [QuAEs‘r.
2805 396 2934 436 vm.

523 543 578 598 2.
605 536 840 596 Phrasis
857 533 1079 594 non‘est
1096 535 1342 613 propria,
1370 536 1473 594 sed
1495 536 1885 612 metaphorica
1903 545 1961 595 et
1981 536 2243 612 figurata,
2265 554 2393 611 quae
2411 555 2609 594 nomen
2630 537 2796 607 officii
2810 557 2934 613 per-

522 636 678 676 sonae
690 617 903 694 proprii
915 616 1118 688 innuit,
1132 635 1246 672 non
1260 617 1637 691 παηαχουσίιω
1652 617 1739 673 vel
1752 617 2153 694 proprietatem
2166 624 2402 690 naturae,
2416 616 2705 691 imperium
2720 617 2941 675 scilicet

521 706 580 756 et
597 695 1045 755 dominationem
1065 695 1292 754 Christo
1311 696 1578 754 collatam
1596 696 1657 752 in
1688 696 1972 755 Mundum
1990 705 2049 754 et
2067 696 2403 770 Ecclesiam,
2423 706 2490 754 ut
2513 696 2830 771 Apostolus
2851 696 2937 753 in-

521 785 883 853 terpretatur,
902 777 937 808 “
956 777 1187 851 Oportet
1199 776 1379 851 ipsum
1388 776 1688 851 reynare,”
1710 778 1738 831 1
1757 776 1886 835 Cor.
1906 796 2006 835 xv,
2023 778 2118 849 25,
2134 795 2373 852 regnare
2385 795 2524 834 vero
2537 795 2651 833 non
2664 784 2752 834 est
2763 776 2937 852 hujus

519 857 616 914 vel
644 856 802 914 illius
829 863 1068 927 naturae,
1102 855 1205 913 sed
1232 875 1490 932 personae
1517 855 1846 933 θυινθςύπου.
1931 859 1987 913 3.
2033 855 2296 914 Christus
2324 875 2441 913 nou
2468 856 2699 932 ubique,
2746 856 2847 912 sed
2876 856 2935 913 in

520 935 684 994 coelis
705 943 930 994 tantum
960 934 1170 992 dicitur
1187 935 1403 1009 sedere,
1431 936 1580 1012 Eph.
1604 937 1642 992 i.
1674 941 1769 1007 20,
1809 935 1957 993 Heb.
1981 935 2101 992 viii.
2138 939 2188 1009 1,
2222 935 2388 1010 cujus
2415 936 2499 992 rei
2520 935 2707 1011 gratia
2727 934 2938 993 dicitur

519 1015 582 1073 in
604 1015 813 1074 coslum
842 1014 1187 1089 ascendisse,
1212 1014 1313 1073 ubi
1342 1015 1566 1091 phrasis
1595 1016 1653 1072 in
1682 1016 1826 1073 coelis
1848 1015 2247 1073 determinatio
2269 1021 2358 1072 est
2376 1014 2508 1090 loci,
2539 1035 2711 1090 quem
2741 1015 2934 1073 Chris-

511 1099 614 1154 'tus
636 1094 953 1153 ascendens
981 1095 1301 1170 occupavit,
1323 1094 1464 1154 Joh.
1494 1095 1615 1152 xiv.
1648 1098 1703 1168 2,
1724 1098 1780 1168 3,
1801 1103 1860 1153 et
1888 1094 2030 1152 xvii.
2066 1098 2156 1169 13,
2176 1114 2293 1152 non
2315 1095 2514 1170 gloriae
2537 1094 2789 1153 coelestis
2818 1095 2934 1171 sig-

518 1174 791 1248 nificatio,
823 1194 953 1250 quae
974 1175 1227 1231 sessionis
1256 1174 1538 1233 vocabulo
1567 1174 1709 1232 satis
1737 1174 2094 1251 exprimitur.

602 1253 826 1312 XXX.
872 1253 1135 1311 Christus
1163 1253 1373 1312 dicitur
1407 1254 1737 1312 ascendisse
1766 1255 1827 1311 in
1848 1254 2075 1328 coelum,
2098 1263 2165 1312 ut
2185 1254 2372 1312 omnia
2396 1256 2649 1329 repleret,
2674 1253 2824 1329 Eph.
2855 1253 2934 1312 iv.

523 1335 615 1405 10,
647 1353 764 1391 non
790 1334 918 1391 loca
947 1352 1200 1408 corpore,
1251 1333 1355 1391 sed
1396 1335 1653 1392 membra
1694 1333 1972 1392 Ecclesiae
2018 1334 2266 1410 Spiritus
2312 1334 2508 1391 Sancti
2536 1333 2720 1406 donis,
2764 1353 2934 1408 quem

519 1432 753 1471 sensum
784 1413 1107 1470 necessario
1148 1413 1442 1489 postulant
1469 1413 1869 1472 antecedentia
1896 1422 1955 1471 et
1982 1413 2408 1489 consequentia.
2494 1414 2566 1470 In
2595 1413 2932 1471 anteceden-

518 1493 674 1550 tibus
703 1513 778 1550 ex
809 1493 962 1550 Psal.
992 1491 1199 1564 lxviii„
1230 1493 1401 1551 finem
1445 1492 1813 1551 exaltationis
1842 1493 2095 1551 ostendit
2122 1512 2247 1551 esse
2276 1491 2614 1550 effusionem
2655 1491 2934 1550 donorum

523 1571 770 1648 Spiritus
803 1571 1016 1645 Sancti,
1039 1591 1158 1628 ver.
1179 1574 1234 1645 8,
1258 1592 1432 1649 quam
1455 1572 1798 1631 sententiam
1829 1572 2171 1630 illustratam
2190 1572 2462 1630 antithesi
2482 1572 2677 1631 statim
2705 1572 2929 1649 repetit,

518 1671 638 1708 ver.
671 1653 725 1725 9,
763 1656 852 1726 10,
878 1661 937 1710 et
955 1651 1111 1729 quod
1138 1652 1268 1709 istic
1298 1652 1448 1710 dixit
1475 1655 1627 1710 dona
1655 1655 1814 1724 dare,
1846 1661 2017 1711 vocat
2044 1652 2233 1710 omnia
2253 1651 2501 1726 implere.
2588 1653 2659 1709 In
2681 1672 2801 1728 seq.
2831 1673 2932 1710 ex-

518 1731 852 1789 altationem
901 1731 1157 1789 declarat
1205 1732 1278 1788 ab
1327 1731 1547 1789 effectis
1591 1730 1919 1806 ostendens,
1970 1732 2259 1808 quomodo
2311 1732 2573 1790 Cluistus
2623 1732 2928 1806 exaltatus,

517 1811 774 1868 membra
805 1811 1107 1884 Ecclesiae,
1133 1811 1470 1869 nominatim
1493 1812 1774 1870 Doctores
1797 1812 1923 1888 ejus
1957 1811 2175 1888 Spiritu
2203 1831 2308 1869 suo
2336 1812 2590 1887 impleat.

601 1891 859 1948 XXXI.
905 1890 1093 1964 Quum
1148 1891 1458 1949 “thesauri
1499 1891 1796 1967 sapientiae
1834 1898 1893 1949 et
1939 1891 2338 1968 intelligentiae
2386 1891 2657 1949 dicuntur
2703 1891 2763 1948 in
2807 1890 2932 1968 ipso

517 1970 900 2044 absconditi,'’
934 1969 1056 2028 Col.
1088 1970 1145 2027 ii.
1177 1973 1232 2043 3,
1264 1971 1373 2029 hoc
1402 1990 1518 2029 non
1561 1971 1809 2047 pertinet
1836 1970 1911 2028 ad
1937 1980 2199 2029 naturam
2229 1971 2537 2028 humanam
2568 1971 2797 2042 Christi,
2831 1969 2934 2028 sed

515 2050 612 2108 vel
642 2050 717 2107 ad
745 2050 1082 2126 mysterium
1107 2049 1414 2127 Evangelii
1437 2050 1876 2127 significationis
1903 2051 2140 2125 ratione,
2166 2050 2237 2109 de
2256 2070 2371 2126 quo
2391 2051 2608 2109 Paulus
2636 2070 2756 2108 ver.
2786 2069 2930 2127 prae-

517 2130 641 2189 ced.
672 2139 885 2206 egerat,
917 2130 1010 2187 vel
1041 2129 1114 2186 ad
1145 2130 1435 2189 Christum
1456 2130 1646 2207 ipsum
1667 2153 1680 2204 3
1712 2150 1827 2187 non
1849 2140 1966 2189 tam
1985 2131 2204 2189 ratione
2227 2130 2472 2206 subjecti
2495 2150 2597 2188 seu
2618 2129 2930 2206 sapientias,

516 2230 631 2286 qua
661 2210 923 2269 Christus
951 2209 1074 2287 ipse
1103 2210 1378 2285 praeditus
1399 2219 1504 2284 est,
1535 2231 1710 2287 quam
1732 2211 1951 2268 ratione
1980 2211 2208 2288 objecti,
2234 2210 2369 2287 quia
2396 2211 2456 2267 in
2484 2211 2610 2286 ejus
2638 2209 2933 2286 agnitione

517 2290 704 2347 omnis
734 2290 1000 2349 salutaris
1030 2290 1310 2365 sapientia
1338 2292 1621 2350 consistit.

599 2368 894 2427 XXXII.
940 2369 1169 2426 Christo
1198 2369 1408 2428 dicitur
1459 2375 1494 2402 “
1517 2371 1767 2446 Spiritus
1795 2370 1965 2428 datus
1993 2371 2209 2450 ἆμέτςυς
2257 2390 2371 2427 non
2420 2369 2497 2427 ad
2543 2368 2929 2441 mensuram‚’'

516 2449 656 2507 Joh.
688 2449 766 2506 iii.
800 2452 894 2523 34,
927 2468 1042 2507 non
1086 2448 1365 2522 absolute,
1398 2451 1565 2526 quasi
1608 2448 1762 2508 dona
1813 2450 2060 2526 Spiritus
2094 2452 2152 2507 S.
2183 2469 2312 2525 quae
2341 2450 2425 2507 illi
2455 2449 2665 2507 collata
2694 2457 2827 2506 sunt
2855 2467 2931 2505 ex

516 2530 782 2600 OracuIO,
816 2530 930 2586 Isa.
963 2527 1044 2585 xi.
1076 2533 1131 2603 2,
1165 2528 1502 2605 simpliciter
1542 2529 1825 2587 immensa
1873 2530 2005 2602 sint,
2055 2539 2122 2587 ut
2171 2528 2507 2606 simpliciter
2535 2528 2814 2585 immensa
2842 2535 2932 2586 est

517 2609 756 2666 scientia
777 2617 837 2666 et
865 2608 1145 2685 sapientia
1168 2608 1297 2667 Dei.
1386 2608 1502 2666 Sed
1523 2619 1848 2683 comparate
1864 2608 2056 2684 quoad
2077 2628 2199 2683 noa,
2221 2617 2280 2666 et
2307 2608 2499 2666 omnia
2519 2609 2730 2666 Christi
2753 2628 2928 2665 mem-

515 2689 635 2757 bra,
681 2707 809 2762 quae
859 2707 933 2744 ex
984 2688 1110 2762 ejus
1160 2696 1433 2763 tanquam
1484 2688 1705 2764 Capitis
1734 2687 1824 2745 sui
1852 2687 2207 2763 plenitudine
2236 2688 2525 2763 accipiunt
2553 2688 2798 2764 gratiam
2825 2706 2930 2763 pro

514 2765 718 2841 gratia,
750 2767 792 2823 J
798 2767 891 2823 oh.
923 2767 960 2824 i.
998 2769 1087 2823 16.
1167 2766 1259 2823 Ita
1287 2786 1416 2841 quae
1445 2767 1504 2823 in
1533 2767 1664 2823 aliis
1706 2767 1998 2842 disjuncta
2026 2774 2178 2841 sunt,
2212 2766 2303 2843 (ut
2342 2768 2479 2825 huic
2508 2766 2721 2825 donum
2751 2787 2929 2826 unum

515 2846 700 2917 datur,
733 2845 819 2901 illi
847 2845 1089 2903 alterum
1122 2848 1263 2902 κατὰ
1303 2851 1358 2902 τὸ
1399 2849 1567 2926 peiren
1593 2872 1676 2910 ng
1705 2844 1881 2926 δαςεῖς
1900 2853 1989 2904 τοῦ
2013 2853 2226 2926 Χςιατοῢ
2249 2849 2423 2923 juxta
2450 2867 2769 2906 mensuram
2797 2846 2937 2905 doni

519 2924 744 2998 Christi,
778 2924 927 3001 Eph.
958 2924 1037 2983 iv.
1070 2929 1124 2999 7,
1155 2925 1233 2982 id.
1263 2945 1437 3001 quam
1481 2927 1743 2985 Christus
1784 2926 1982 3002 largiri
2026 2928 2192 2983 nobis
2221 2925 2432 3005 voluit)
2476 2927 2535 2983 in
2565 2927 2689 3003 ipso
2717 2927 2930 3004 reperi-

513 3012 690 3062 untur
717 3006 1040 3081 conjuncta,
1071 3005 1208 3081 quia
1237 3005 1499 3064 Christus
1541 3014 1631 3064 est
1672 3005 1862 3064 omnia
1889 3006 1950 3063 in
1980 3007 2262 3080 omnibus,
2295 3007 2418 3065 Col.
2460 3007 2541 3064 iii.
2577 3010 2679 3082 113
2711 3027 2840 3082 quae
2868 3007 2929 3063 in

513 3083 643 3141 aliis
686 3093 821 3142 sunt
863 3104 1087 3161 semper
1134 3084 1481 3162 imperfecta,
1533 3085 1594 3142 in
1642 3085 1768 3163 ipso
1810 3094 1946 3144 sunt
1992 3086 2425 3163 perfectissima.
2512 3086 2682 3145 Unde
2720 3086 2932 3145 dicitur

511 3173 708 3222 unctus
736 3167 855 3223 oleo
883 3165 1085 3223 loetitiae
1099 3186 1277 3241 supra
1299 3176 1575 3225 consortes
1602 3187 1747 3241 sum,
1782 3167 1935 3225 Psal.
1966 3168 2087 3224 xlv.
2120 3171 2174 3242 7,
2209 3167 2361 3226 Heb.
2392 3167 2429 3226 i.
2454 3168 2508 3242 9,
2540 3167 2677 3242 quia
2704 3174 2930 3243 oportet

514 3264 644 3301 eum
676 3246 717 3301 ἰν
738 3251 865 3303 πέστ
889 3244 1155 3326 retovina,
1189 3246 1357 3304 Rom.
1386 3245 1508 3303 viii.
1539 3247 1636 3303 29.

596 3324 927 3384 XXXIII.
976 3327 1119 3382 Cum
1148 3325 1446 3383 ‚Iudicium
1477 3325 1804 3383 universale
1835 3326 1910 3384 sit
1938 3327 2289 3403 apotelesma
2330 3324 2515 3384 Officii
2567 3323 2923 3397 Mediatoris,

512 3403 785 3462 tribuitur
836 3404 1104 3461 Personae
1154 3403 1468 3461 secundum
1514 3412 1817 3482 utramque
1866 3416 2144 3479 naturam,
2186 3425 2301 3463 non
2344 3402 2656 3462 secundum
2687 3402 2921 3460 alteram

512 3489 755 3539 tantum.
843 3482 1146 3540 Distinctae
1175 3502 1314 3557 ergo
1343 3483 1704 3558 operationes
1732 3483 2029 3561 utriusque
2058 3494 2274 3543 naturae
2297 3483 2370 3540 ad
2392 3482 2539 3539 illud
2559 3490 2923 3556 concurrunt,

513 3559 727 3617 divinae
772 3561 1004 3637 quidem
1051 3581 1153 3637 per
1197 3562 1656 3621 omniscientiam
1704 3572 1764 3623 et
1812 3563 2297 3639 omnipotentiam,
2342 3562 2608 3618 humanae
2651 3579 2790 3618 vero
2821 3581 2927 3637 per

512 3638 760 3697 reditum
810 3640 884 3697 ad
916 3640 1220 3716 judicium,
1272 3649 1331 3700 et
1371 3651 1534 3701 actus
1569 3644 1778 3719 judicii
1824 3642 2123 3701 sensibiles
2171 3650 2230 3699 et
2275 3640 2536 3699 visibiles
2584 3640 2922 3716 descriptos,

516 3718 726 3776 Mat-th.
757 3739 901 3777 xxV.
986 3720 1176 3794 Quum
1204 3720 1415 3779 dicitur
1454 3724 1769 3781 authoritas
1803 3722 1889 3779 illi
1928 3724 2067 3778 data
2095 3721 2375 3796 judicium
2402 3720 2703 3778 exercendi
2726 3718 2799 3777 ’ὅτι
2830 3725 2925 3784 ὑιὶς

517 3798 782 3878 ἀνομίαι-ου,
814 3799 857 3858 J
861 3801 955 3858 oh.
985 3820 1043 3858 v.
1075 3804 1169 3875 27,
1201 3801 1482 3878 particula
1511 3802 1600 3878 ἔτι,
1634 3823 1749 3860 non
1778 3813 1895 3860 tam
1939 3802 2335 3877 reduplicative
2374 3799 2653 3859 sumenda
2695 3809 2784 3859 est
2821 3820 2923 3877 pro

509 3888 798 3953 quatenus,
831 3888 896 3937 ut
925 3880 1189 3938 Christus
1230 3901 1345 3938 non
1387 3891 1629 3956 tantum,
1660 3902 1774 3958 qua
1804 3882 1982 3955 Deus,
2028 3881 2129 3939 sed
2158 3882 2331 3939 etiam
2358 3899 2475 3956 qua
2502 3882 2674 3939 homo
2703 3879 2927 3938 dicatur

499 3958 684 4033 judex
717 3979 753 4016 a
783 3959 908 4016 Deo
936 3959 1299 4034 constitutus,
1331 3969 1397 4019 ut
1426 3961 1746 4038 Apostolus
1766 3961 2037 4037 loquitur,
2069 3961 2205 4019 Act.
2235 3961 2378 4019 xvii.
2402 3962 2497 4033 31,
2522 3980 2694 4036 quam
2723 3980 2925 4017 causa·

509 4039 636 4095 liter
663 4058 765 4114 per
793 4039 945 4113 quia,
977 4049 1043 4096 ut
1071 4060 1244 4097 causa
1272 4048 1502 4099 notetur
1543 4041 1768 4099 collatae
1814 4041 1967 4098 Filio
2011 4042 2184 4117 hujus
2228 4039 2607 4113 authoritatiS,
2654 4039 2923 4097 nimirum

507 4116 755 4174 officium
793 4118 1148 4193 Mediator-is,
1180 4119 1337 4196 quod
1364 4139 1467 4195 per
1498 4120 1957 4177 Incarnationem
1996 4120 2196 4178 obivit.
2284 4120 2379 4177 Sic
2432 4119 2617 4177 Filius
2656 4118 2922 4192 hominis,

505 4196 601 4253 hic
629 4216 743 4254 non
777 4197 838 4253 in
872 4197 1161 4256 abstracto
1189 4208 1451 4257 naturam
1481 4200 1808 4272 humanam,
1840 4198 1943 4256 sed
1980 4218 2281 4273 personam
2326 4199 2386 4255 in
2430 4207 2697 4257 concreto
2744 4206 2924 4272 notat,

504 4275 683 4334 relate
713 4275 788 4332 ad
816 4276 1063 4333 officium
1095 4278 1238 4353 ejus,
1268 4299 1374 4335 nec
1404 4277 1562 4335 aliud
1603 4277 1876 4351 innuitur,
1922 4297 2094 4351 quam
2134 4285 2477 4352 potestatem
2504 4279 2677 4336 talem
2708 4278 2793 4335 illi
2821 4277 2923 4335 da-

501 4364 617 4412 tam
649 4375 793 4429 esse,
825 4354 960 4430 quia
988 4365 1076 4412 est
1118 4358 1379 4431 Messias,
1420 4357 1520 4432 qui
1549 4378 1583 4412 a
1618 4355 1857 4413 Daniele
1887 4364 2127 4412 vocatur
2154 4358 2335 4414 Filius
2362 4357 2611 4430 homimis,
2642 4377 2766 4434 cap.
2796 4357 2918 4430 vii„

503 4442 562 4491 et
584 4433 673 4490 cui
700 4434 909 4491 Daniel
939 4434 1086 4492 vidit
1114 4436 1410 4511 imperium
1433 4445 1491 4494 et
1508 4444 1850 4511 potestatem
1872 4434 1945 4490 ab
1966 4434 2228 4510 Antiquo
2248 4436 2468 4494 dierum
2489 4437 2698 4509 datam,
2724 4444 2924 4513 utpote

502 4513 602 4646 {ui
625 4513 698 4570 sit
719 4532 964 4589 persona
982 4512 1097 4587 illa,
1124 4534 1253 4590 quae
1276 4515 1350 4571 ad
1374 4525 1616 4586 tantum,
1642 4524 1873 4588 tamque
1897 4512 2142 4570 sublime
2166 4516 2383 4573 Munus
2403 4515 2810 4574 Mediatorium
2833 4523 2922 4574 est

545 4610 574 4647 e
601 4600 747 4647 ecta.

584 4668 904 4726 XXXIV.
954 4671 1161 4729 Matth.
1195 4674 1400 4731 xxviii.
1441 4676 1527 4744 18,
1576 4671 1839 4731 Christus
1876 4692 1991 4730 uon
2033 4673 2286 4749 loquitur
2314 4674 2385 4732 de
2414 4693 2499 4746 e0,
2530 4673 2686 4750 quod
2714 4694 2748 4730 a
2775 4674 2924 4749 Λόγῳ
