3221 5200
511 351 629 407 418
1276 366 1459 407 Locus
1501 364 1762 405 nncmus
1804 363 2091 414 QUARTUS·
2499 340 2754 423 [QnAEsr.
2795 359 2928 400 nv.

514 507 747 567 fuerunt
775 504 1131 581 sanctificati,
1164 505 1318 565 Heb.
1368 526 1429 565 x.
1469 508 1565 582 29,
1596 526 1712 564 non
1741 514 1933 583 potest
1977 503 2304 581 intelligere
2332 500 2578 581 priorem
2608 500 2931 560 sanctifica·

516 588 750 662 tionem,
780 606 910 664 quae
952 594 1040 644 est
1094 585 1544 661 inadmissibilis,
1576 607 1652 645 ex
1694 586 2156 644 Reformatorum
2203 582 2528 660 hypothesi,
2578 583 2694 641 Sed
2737 589 2935 659 poste-

520 667 746 741 riorem,
804 666 992 742 qualis
1048 675 1135 724 est
1177 686 1391 741 eorum,
1450 668 1550 743 qui
1605 666 1941 742 profitentes
1985 664 2389 739 Evangelium,
2440 672 2499 721 et
2557 663 2932 721 Sacramento

520 745 794 822 baptismi
815 745 996 820 tincti,
1056 745 1202 803 illud
1245 746 1464 823 ejerant
1489 766 1592 823 per
1631 745 2073 821 abnegationem
2119 743 2332 802 Christi
2382 750 2441 801 et
2479 743 2823 819 apostasiam
2853 741 2933 798 ab

526 825 870 902 Evangelia
983 824 1285 899 Quomodo
1334 845 1466 883 reus
1515 825 1728 905 dicitur
1777 825 2044 901 Corporis
2087 832 2145 882 et
2191 823 2502 899 Sanguinis
2554 823 2783 896 Christi,
2829 820 2934 897 qui

521 926 730 984 panem
762 904 1222 963 Eucharistieum
1272 905 1510 980 indigne
1547 907 1740 982 sumit,
1818 907 1845 961 1
1882 906 2011 963 Cor.
2043 902 2122 960 xi.
2155 907 2251 977 27,
2300 906 2398 960 29.
2498 901 2747 960 Accedit
2774 900 2937 978 quod

523 1006 654 1045 cum
684 985 867 1043 oratio
914 984 1184 1065 Apostoli
1214 984 1290 1042 sit
1336 985 1728 1062 hypothetica,
1772 1005 1890 1043 non
1934 983 2217 1058 absoluta,
2251 982 2668 1041 connexionem
2697 983 2935 1058 quidem

523 1064 918 1124 antecedentis
962 1082 1094 1122 cum
1125 1072 1509 1141 consequente
1553 1072 1732 1138 notat,
1765 1084 1867 1122 seu
1894 1063 2035 1141 quid
2063 1062 2316 1121 futurum
2345 1070 2498 1121 esset
2519 1062 2590 1120 de
2620 1063 2850 1138 talibus,
2884 1064 2937 1121 si

524 1153 748 1204 tantum
777 1144 992 1203 crimen
1021 1144 1477 1218 committerent;
1543 1144 1646 1202 sed
1694 1144 1841 1202 nihil
1884 1151 2186 1222 propterea
2227 1143 2390 1219 ponit
2416 1143 2477 1199 in
2519 1161 2643 1200 esse
2667 1152 2936 1220 respectu

524 1225 950 1300 redemptorum
979 1231 1037 1281 et
1064 1242 1333 1282 verorum
1360 1223 1636 1299 fidelium,
1667 1243 1783 1282 non
1804 1224 1991 1299 magis
2009 1242 2181 1299 quam
2211 1242 2279 1281 ea
2305 1242 2434 1298 quae
2453 1229 2630 1297 extat,
2654 1222 2785 1280 Gal.
2808 1223 2844 1280 i.
2874 1225 2935 1282 8.

609 1302 808 1362 XLV.
854 1303 1022 1377 Quod
1044 1303 1287 1380 quisque
1334 1302 1565 1361 credere
1593 1311 1823 1362 tenetur
1871 1303 2134 1361 absolute
2177 1311 2235 1360 et
2277 1301 2629 1378 simpliciter,
2662 1310 2720 1359 et
2747 1302 2936 1378 primo

526 1404 595 1443 ac
643 1382 971 1441 immediate
1001 1382 1218 1459 absque
1256 1382 1378 1441 ullo
1408 1382 1723 1459 suppositO,
1756 1383 1901 1442 illud
1929 1402 2130 1440 verum
2159 1389 2264 1455 est,
2296 1380 2568 1440 concedo.
2659 1381 2777 1439 Sed
2815 1401 2938 1440 non

525 1464 755 1541 pariter,
788 1462 946 1537 quod
973 1463 1182 1538 aliquis
1223 1470 1451 1521 tenetur
1491 1461 1724 1521 credere
1766 1482 1898 1520 cum
1938 1462 2133 1537 aliqua
2171 1460 2533 1533 limitatione,
2579 1461 2827 1519 mediate
2865 1481 2938 1520 ac

528 1542 842 1620 suppositis
871 1541 1048 1599 variis
1076 1541 1318 1599 actibus.
1407 1541 1523 1600 Sed
1551 1541 1761 1599 falsum
1788 1549 1875 1599 est
1898 1560 2097 1599 omnes
2125 1548 2183 1599 et
2211 1541 2472 1616 singulos
2493 1540 2676 1598 teneri
2704 1540 2940 1599 eredere

531 1623 824 1681 Christum
852 1641 956 1697 pro
998 1621 1202 1697 seipsis
1231 1640 1357 1678 esse
1396 1630 1686 1680 mortuum
1716 1621 2054 1696 simpliciter
2097 1628 2157 1678 et
2202 1620 2484 1678 absolute.
2574 1620 2786 1694 Primo,
2818 1640 2941 1678 non

529 1710 797 1760 tenentur
822 1701 933 1758 hoe
963 1701 1193 1758 credere
1223 1700 1308 1757 illi
1337 1720 1552 1774 omnes,
1584 1700 1796 1777 quibus
1826 1699 2212 1776 Evangelium
2240 1719 2535 1775 nunquam
2563 1700 2941 1776 praedicatum

529 1782 655 1857 fuit,
688 1789 746 1839 et
767 1779 978 1856 quibus
1001 1780 1263 1838 Christus
1289 1800 1582 1857 nunquam
1603 1780 1870 1855 innotuit,
1917 1779 2019 1838 sed
2056 1787 2279 1837 tantum
2303 1779 2528 1854 Vocati,
2579 1782 2613 1812 “
2637 1779 2942 1853 Quomodo

531 1862 683 1920 enim
727 1860 961 1917 credent
1005 1860 1059 1917 ei
1107 1859 1178 1917 de
1208 1880 1322 1935 quo
1361 1880 1479 1918 non
1522 1860 1915 1919 audiverunt?
1999 1860 2075 1920 Et
2123 1857 2411 1935 quomodo
2457 1859 2692 1917 audient
2719 1859 2943 1934 absque

531 1940 882 2017 praedicante
903 1939 969 1997 ?''
1034 1939 1203 1996 Rom.
1250 1960 1309 1996 x.
1365 1943 1457 1998 14.
1547 1940 1832 2015 SecundO,
1886 1940 1932 1997 si
1980 1939 2050 1997 de
2099 1938 2324 1996 vocatis
2372 1938 2580 2014 agitur,
2625 1938 2939 2015 nequidem

532 2039 732 2078 omnes
759 2026 1027 2077 tenentur
1047 2018 1278 2076 credere
1307 2019 1570 2078 absolute
1613 2028 1672 2078 et
1711 2019 2040 2077 immediate
2070 2019 2362 2076 Christum
2392 2037 2494 2093 pro
2524 2037 2585 2075 se
2624 2037 2750 2076 esse
2788 2038 2941 2077 mor-

532 2107 713 2173 tuum,
747 2098 850 2156 sed
876 2098 1143 2172 mediate,
1176 2098 1489 2175 suppositis
1517 2098 1927 2176 resipiscentiae
1956 2107 2015 2156 et
2055 2097 2190 2156 fidei
2219 2097 2460 2170 actibus,
2492 2097 2629 2172 quia
2657 2097 2731 2155 ad
2758 2098 2941 2155 nemi-

532 2198 665 2236 nem
693 2178 808 2236 nisi
835 2177 1164 2236 credentem
1194 2186 1252 2236 et
1279 2179 1710 2255 resipiscentem
1759 2178 2092 2237 mandatum
2121 2177 2230 2235 hoc
2259 2176 2524 2253 pertinet.
2610 2177 2688 2234 Et
2716 2185 2943 2236 tantum

534 2259 716 2333 abest,
760 2266 825 2316 ut
873 2259 981 2314 hoc
1037 2266 1301 2333 respectu
1374 2258 1802 2317 incredulorum
1848 2265 1906 2315 et
1954 2256 2433 2334 impoenitentium
2482 2256 2674 2314 locum
2728 2256 2943 2318 habere

535 2345 745 2414 queat,
790 2345 855 2396 ut
883 2337 1087 2395 misere
1117 2337 1234 2394 illis
1262 2336 1545 2412 illuderet,
1577 2338 1678 2415 qui
1721 2357 1820 2396 eos
1847 2338 1957 2395 hoc
1986 2337 2218 2395 credere
2240 2335 2487 2413 juberet,
2519 2355 2650 2394 cum
2680 2355 2851 2412 super
2880 2356 2944 2395 se

532 2419 677 2476 iram
700 2417 810 2474 Dei
838 2436 1084 2490 manere,
1111 2424 1169 2474 et
1189 2417 1313 2492 jam
1336 2418 1747 2476 condemnatos
1778 2437 1838 2475 se
1880 2436 2006 2475 esse
2062 2415 2294 2474 credere
2321 2423 2639 2491 teneantur,
2665 2416 2708 2473 J
2710 2416 2804 2472 oh.
2861 2416 2945 2475 iii.

535 2499 632 2556 36.
716 2496 838 2553 Nec
867 2496 916 2553 si
937 2504 1269 2553 tenerentur
1295 2496 1525 2554 credere
1554 2497 1846 2554 Christum
1887 2516 1991 2573 pro
2034 2515 2094 2553 se
2137 2494 2256 2553 fore
2297 2503 2604 2568 mortuum,
2649 2495 2950 2571 supp0sito

535 2574 693 2653 quod
740 2595 876 2634 vere
920 2574 1319 2650 resipiscerent
1347 2583 1405 2634 et
1448 2575 1523 2633 ad
1564 2575 1752 2652 ipsum
1802 2576 2213 2651 confugerent3
2275 2574 2535 2650 sequitur
2577 2574 2839 2635 absolute
2887 2584 2949 2635 et

539 2655 874 2731 simpliciter
914 2654 1023 2711 hoc
1051 2673 1253 2711 verum
1281 2673 1424 2729 esse,
1470 2654 1594 2712 sive
1638 2654 1890 2727 credant,
1936 2655 2059 2712 sive
2100 2674 2234 2711 non.
2320 2653 2492 2712 Unde
2534 2655 2634 2731 qui
2669 2655 2954 2730 jubentur

540 2734 770 2792 credere
798 2752 916 2791 non
957 2741 1093 2790 sunt
1136 2752 1335 2790 omnes
1363 2742 1421 2791 et
1449 2733 1665 2809 singuli
1693 2734 2044 2809 simpliciter,
2093 2733 2196 2791 sed
2242 2733 2559 2791 secundum
2601 2735 2758 2810 quid,
2805 2735 2946 2793 nim.

539 2812 775 2885 onerati,
800 2821 858 2869 et
878 2810 1130 2886 pondere
1158 2819 1521 2887 peccatorum
1551 2812 1753 2889 pressi,
1784 2813 1995 2871 Matth.
2024 2812 2105 2870 xi.
2137 2817 2232 2886 28,
2275 2813 2513 2871 sitientes
2541 2823 2598 2872 et
2628 2833 2745 2872 suae
2774 2814 2948 2872 aridi·

541 2892 678 2952 tatis
707 2891 939 2966 conscii,
973 2891 1087 2949 Isa.
1120 2891 1200 2950 lv.
1236 2895 1287 2966 1,
1319 2891 1396 2949 id.
1422 2892 1769 2968 poenitentes
1791 2900 1849 2950 et
1875 2892 2163 2950 miseriam
2194 2910 2358 2950 suam
2386 2903 2784 2969 agnoscentes,

624 2972 859 3030 XLVI.
945 2971 1067 3029 Nec
1089 2971 1497 3049 reponendum,
1553 2972 1818 3030 “Fidem
1845 2981 2039 3031 tamen
2066 2972 2128 3029 in
2151 2972 2442 3030 Christum
2473 2973 2634 3049 exigi
2661 2973 2734 3031 ab
2764 2974 2946 3031 omni-

540 3053 652 3111 bus
678 3051 917 3127 vocatis,
949 3061 1007 3112 et
1033 3050 1207 3109 fidem
1235 3072 1352 3110 non
1393 3052 1869 3130 qualemcunque,
1903 3053 2005 3112 sed
2033 3072 2228 3111 veram
2258 3060 2316 3111 et
2354 3052 2785 3130 justificantem,
2817 3072 2950 3129 quae

541 3134 677 3192 talis
704 3153 821 3191 non
848 3140 1037 3209 potest
1078 3152 1220 3207 esse,
1252 3131 1363 3190 nisi
1391 3131 1606 3192 feratur
1652 3133 1713 3191 in
1744 3134 2034 3193 Christum
2075 3153 2178 3210 pro
2227 3152 2318 3191 me
2367 3133 2714 3192 mortuum.’'
2799 3134 2951 3190 Nam

540 3213 679 3272 licet
706 3213 850 3271 fides
870 3213 932 3270 in
962 3212 1253 3271 Christum
1281 3212 1565 3289 exigatur,
1598 3214 1907 3291 etquidem
1935 3233 2074 3271 vera
2101 3221 2159 3271 et
2178 3212 2522 3290 justificans,
2553 3232 2668 3270 non
2692 3213 2954 3289 sequitur

545 3293 738 3352 statim
767 3292 926 3368 exigi
955 3291 1146 3368 quoad
1191 3312 1389 3350 omnes
1417 3301 1580 3352 actus
1626 3313 1761 3352 suos
1806 3293 1977 3351 simul
2006 3301 2064 3351 et
2111 3292 2289 3350 semel
2318 3292 2687 3366 exercendOS,
2721 3301 2778 3351 et
2806 3313 2950 3369 prae-

545 3372 743 3430 sertim
771 3370 960 3445 quoad
989 3379 1180 3428 aetum
1230 3371 1535 3446 specialem
1577 3381 1637 3431 et
1663 3374 1929 3430 ultimum
1980 3370 2250 3429 credendi
2293 3371 2354 3427 in
2404 3369 2697 3428 Christum
2723 3392 2828 3448 pro
2857 3392 2952 3431 me

546 3457 851 3506 mortuum.
911 3449 1058 3503 Nam
1086 3449 1223 3505 licet
1250 3449 1579 3508 includatur
1604 3451 1666 3507 in
1695 3451 1919 3509 actibus
1946 3449 2081 3506 fidei
2102 3449 2494 3525 justificantiS‚
2513 3467 2630 3504 non
2648 3458 2954 3509 esttamen

544 3527 764 3602 primus
792 3527 918 3600 ejus
946 3533 1125 3596 actuS‚
1151 3527 1250 3600 qui
1279 3527 1607 3585 immediate
1638 3538 1696 3586 et
1723 3529 1906 3605 primo
1935 3547 1970 3583 a
1990 3528 2217 3585 Vocato
2246 3527 2529 3601 exigatur,
2563 3525 2664 3582 sed
2694 3528 2951 3603 ultimus,

546 3604 648 3682 qui
674 3604 888 3661 multos
916 3603 1060 3660 alios
1103 3605 1390 3679 supponit.
1477 3605 1646 3678 Quod
1692 3616 1758 3665 ut
1799 3606 2009 3664 clarius
2049 3604 2411 3681 percipiatur,
2443 3603 2589 3659 varii
2631 3613 2794 3662 actus
2815 3607 2954 3666 fidei

547 3691 680 3742 ante
709 3682 902 3740 omnia
928 3681 1323 3757 distinguendi
1352 3684 1609 3742 veniunt.
1698 3686 1891 3743 Primo
1920 3683 2074 3742 enim
2106 3682 2254 3740 alius
2282 3691 2372 3740 est
2408 3682 2666 3755 directuS,
2698 3684 2799 3759 qui
2847 3705 2952 3761 pro

546 3764 774 3840 objecto
816 3762 991 3820 habet
1035 3761 1295 3820 Verbum
1344 3762 1672 3839 Evangelii,
1705 3775 1763 3823 et
1805 3763 2096 3822 Christum
2124 3761 2184 3819 in
2228 3781 2295 3821 eo
2323 3762 2695 3839 propositum,
2721 3783 2836 3840 quo
2879 3766 2958 3825 ad

549 3843 841 3903 Christum
868 3841 1155 3918 confugio,
1187 3851 1246 3901 et
1286 3842 1695 3920 promissiones
1723 3845 1863 3922 ejus
1904 3843 2253 3921 amplector;
2318 3843 2463 3901 alter
2488 3844 2745 3919 reflexus,
2787 3847 2956 3923 eujus

549 3924 838 4001 objectum
867 3931 957 3981 cst
976 3931 1139 3982 actus
1167 3921 1420 3982 directus
1445 3922 1599 4000 fidei,
1632 3944 1706 3982 ex
1735 3944 1850 4001 quo
1867 3924 2217 4003 persuadeor
2242 3943 2335 3982 me
2352 3943 2488 3982 vere
2507 3923 2756 3997 credere,
2782 3932 2955 4001 atque

547 4003 629 4062 ita
649 4003 1056 4081 promissiones
1087 4003 1396 4080 Evangelii
1423 4002 1499 4062 ad
1526 4022 1618 4062 me
1639 4005 1940 4081 pertinere.
2013 4005 2254 4078 Rursus,
2285 4014 2442 4062 actus
2470 4004 2709 4062 directus
2737 4005 2955 4082 duplex

456 4105 459 4106 ⁷
549 4091 655 4157 est,
707 4083 872 4156 alius,
924 4083 1022 4159 qui
1068 4083 1214 4142 situs
1243 4092 1332 4142 est
1372 4083 1432 4141 in
1481 4104 1726 4159 assensu,
1785 4104 1900 4161 quo
1928 4084 2075 4143 fides
2120 4084 2433 4143 assentitur
2468 4083 2667 4142 Verbo
2719 4085 2846 4157 Dei,
2898 4094 2958 4144 et

548 4162 1034 4239 promissionibus
1107 4163 1417 4240 Evangelii
1466 4171 1743 4240 tanquam
1787 4165 1963 4241 veris¹
2019 4163 2092 4222 de
2171 4163 2363 4221 danda
2425 4165 2611 4222 salute
2689 4164 2958 4223 omnibus

550 4242 1038 4318 resipiscentibus,
1071 4251 1129 4302 et
1155 4243 1295 4301 viva
1325 4243 1439 4302 fide
1467 4243 1544 4301 ad
1572 4244 1865 4303 Christum
1894 4243 2377 4319 confugientibus,
2410 4254 2468 4303 et
2496 4244 2684 4324 ipsum
2707 4245 2954 4320 amplec-

468 4335 471 4336 ’
545 4322 818 4396 tentibus,
844 4322 992 4380 alius
1014 4323 1073 4379 in
1093 4323 1325 4399 reficyio,
1353 4325 1704 4401 seufiducia,
1724 4344 1827 4401 per
1843 4343 2015 4400 quam
2036 4323 2324 4381 Christum
2343 4324 2574 4380 unicum
2595 4332 2653 4382 et
2674 4323 2955 4393 sufficien-

545 4401 833 4461 tissimum
856 4401 1218 4460 Servatorem
1241 4411 1640 4478 agnoscentes,
1661 4405 1735 4462 ad
1756 4404 1944 4481 ipsum
1967 4401 2348 4479 confugimuS,
2374 4402 2508 4461 etin
2530 4402 2716 4479 ipsum
2737 4423 2956 4461 recum-

545 4481 754 4555 bimus,
775 4490 841 4539 ut
858 4481 930 4538 ab
972 4483 1098 4558 ipso
1116 4490 1175 4540 et
1195 4491 1558 4558 peccatorum
1576 4484 1824 4558 veniam,
1847 4491 1903 4541 et
1921 4482 2124 4541 salutis
2144 4483 2565 4558 possessionem
2578 4483 2957 4541 obtineamus.

546 4561 590 4620 J
593 4580 685 4618 am
706 4560 852 4619 fides
873 4582 1002 4639 quae
1021 4562 1352 4638 praecipitur
1378 4563 1438 4620 in
1462 4564 1804 4641 Evangelio,
1830 4563 2160 4640 praecipitur
2192 4562 2383 4639 quoad
2405 4571 2596 4621 actum
2625 4564 2870 4640 primum
2901 4572 2959 4622 et

546 4640 860 4699 secundum
910 4642 1009 4717 qui
1053 4642 1303 4706 directus
1333 4651 1438 4717 est,
1485 4653 1791 4723 antequam
1831 4644 2196 4729 praecipiatur
2229 4641 2419 4721 quoad
2464 4652 2654 4702 actum
2706 4643 2956 4716 tertium,
