3221 5200
532 311 650 369 636
1334 333 1523 372 Locus
1554 329 1819 373 memus
1849 334 2157 374 SEPNMUS.
2614 318 2862 390 [QUAEsr.
2896 329 2953 370 v.

526 483 694 526 enteca,
720 468 972 525 victimis
1020 470 1439 542 beneficentiae,
1482 473 1544 528 id
1586 480 1675 529 est
1703 475 1987 546 delectari,
2019 482 2078 531 et
2119 481 2321 548 gratas
2368 473 2504 530 illas
2547 473 2780 540 habere,
2824 487 2944 525 non

522 568 664 606 vero
692 547 1002 620 posterius„
1034 556 1103 605 ut
1134 549 1348 608 Versio
1380 550 1652 625 Vulgata
1670 553 1914 610 barbare
1942 553 2138 609 reddit
2165 571 2270 627 per
2284 554 2619 628 promereri.
2683 550 2778 606 Sic
2802 557 2942 603 sosia

523 637 769 697 stapam,
799 626 973 684 Rom.
1003 627 1105 684 xii.
1140 628 1190 698 1,
1221 638 1311 687 est
1335 648 1405 687 ea
1433 649 1564 704 quae
1602 638 1691 687 est
1730 639 1970 706 accepta
2016 631 2164 701 Dee,
2209 640 2269 687 et
2297 631 2455 690 Heb.
2484 632 2563 688 xi.
2594 631 2648 701 5,
2696 628 2942 686 Henoeh

523 707 745 765 dicitur
775 715 1109 778 dap-sermm
1136 720 1200 777 τῷ
1222 719 1316 777 θεῷ
1328 710 1615 784 placuisse
1644 713 1788 780 Dee,
1812 720 1880 766 ut
1907 711 2086 766 habet
2113 710 2239 783 ipsa
2269 709 2435 768 V.V.

602 785 813 844 XXX.
858 786 1023 843 Licet
1044 787 1167 844 vita
1188 806 1303 844 non
1326 789 1523 845 minus
1544 792 1830 846 reddatur
1850 789 2019 845 bonis
2038 788 2329 862 operibus,
2354 807 2535 862 quam
2563 806 2723 844 mors
2743 783 2941 851 malis;

522 863 667 922 Non
712 874 913 922 tamen
957 866 1165 921 eodem
1194 867 1392 935 modo,
1423 874 1492 923 ut
1519 869 1770 924 eandem
1810 866 2069 923 habeant
2096 865 2506 923 causalitatem
2536 884 2685 940 resp.
2731 861 2938 919 salutis

521 944 696 1013 bona,
726 962 909 1018 quam
937 944 1095 998 mala
1121 951 1389 1016 respectu
1417 945 1818 1002 damnationis
1841 966 1855 1014 ;
1902 944 2063 1011 Quia
2104 945 2264 1000 mala
2291 963 2364 1001 ex
2392 963 2453 1001 se
2494 942 2938 1001 damnationem

519 1031 824 1078 merentur
852 1029 920 1077 ut
947 1020 1212 1076 indebita
1239 1028 1298 1076 et
1327 1029 1543 1093 nostra,
1575 1025 1678 1079 sed
1708 1025 1866 1080 bona
1895 1042 2017 1080 non
2045 1023 2281 1096 pariter,
2327 1031 2533 1097 utpote
2555 1022 2772 1089 debita,
2815 1036 2936 1073 non

521 1109 741 1170 nostra,
771 1108 830 1156 et
857 1096 1216 1171 imperfecta.
1304 1100 1484 1156 Adde
1513 1103 1678 1175 quod
1708 1102 1990 1175 quaelibet
2020 1101 2197 1174 Legis
2225 1101 2609 1174 transgressio
2638 1097 2939 1157 hominem

519 1178 757 1250 subjicit
784 1176 1000 1232 divinae
1028 1176 1472 1247 maledictioni3
1515 1181 1617 1235 sed
1658 1179 1722 1235 in
1760 1180 2038 1254 operibus
2078 1179 2393 1235 meritoriis
2424 1179 2771 1235 omnimoda
2810 1191 2939 1249 per-

517 1255 692 1310 fectio
721 1263 781 1309 et
808 1254 1066 1326 partium
1096 1261 1155 1310 et
1181 1258 1479 1328 graduum
1510 1257 1853 1331 requiritur,
1884 1258 2026 1331 quia
2061 1258 2239 1330 plura
2280 1257 2671 1330 requiruntur
2718 1256 2795 1312 ad
2853 1252 2935 1308 rei

524 1331 1030 1399 constitutionem,
1061 1350 1239 1404 quam
1268 1336 1345 1390 ad
1374 1334 1426 1405 ej
1438 1353 1503 1388 us
1532 1335 2014 1392 destructionem.

599 1407 843 1464 XXXI.
892 1407 1211 1465 Promissio
1241 1410 1382 1466 facit
1409 1428 1536 1465 rem
1564 1411 1918 1483 promissam
1961 1411 2239 1480 debitam,
2261 1413 2361 1466 sed
2392 1430 2510 1466 non
2541 1430 2613 1466 ex
2643 1410 2935 1483 dignitate

522 1487 718 1559 operis
745 1488 847 1542 sed
877 1505 950 1542 ex
970 1485 1256 1543 fidelitate
1284 1487 1700 1561 promittentis
1765 1494 1819 1546 2.
1864 1489 1924 1545 N
1930 1507 2004 1544 on
2038 1489 2229 1543 omnis
2257 1488 2563 1560 promissio
2592 1490 2702 1543 sub
2731 1487 2937 1543 condi-

518 1564 679 1620 tione
702 1565 892 1638 operis
919 1564 1098 1621 insert
1124 1566 1419 1634 meritum,
1450 1566 1547 1620 sed
1579 1572 1816 1622 tantum
1845 1567 1894 1622 si
1932 1567 2006 1623 sit
2034 1565 2295 1621 conditio
2325 1565 2516 1638 operis
2558 1563 2827 1631 indebiti,
2871 1570 2932 1618 et

518 1644 595 1699 ad
625 1644 936 1717 praemium
955 1644 1184 1717 justam
1212 1643 1654 1718 proportionem
1683 1645 1972 1713 habentiS,
2003 1645 2162 1717 quod
2192 1642 2253 1697 in
2284 1642 2561 1716 operibus
2588 1643 2803 1699 nostris
2841 1642 2933 1696 lo-

518 1740 654 1778 cum
702 1723 920 1779 habere
962 1740 1079 1779 non
1125 1731 1335 1796 potest.
1422 1721 1684 1795 August.
1728 1724 1791 1779 in
1834 1723 1990 1779 Psal.
2020 1721 2222 1791 xxxii„
2275 1721 2620 1779 “Dominus
2662 1741 2722 1778 se
2763 1719 2936 1776 nobis

519 1799 659 1857 fecit
686 1802 1030 1869 debitorem,
1060 1820 1181 1858 non
1205 1799 1434 1875 aliquid
1464 1818 1501 1856 a
1527 1800 1699 1856 nobis
1727 1801 2085 1876 accipiendO,
2117 1801 2218 1856 sed
2248 1800 2447 1856 omnia
2473 1799 2931 1874 promittend0.''

601 1879 888 1938 XXXII.
935 1880 1087 1939 Cum
1119 1888 1485 1952 erp-cumane&
1515 1880 1736 1937 habeat
1763 1889 1999 1937 tautum
2036 1878 2240 1935 locum
2269 1878 2328 1934 in
2358 1879 2589 1950 debitis,
2634 1887 2692 1936 et
2733 1879 2793 1933 in
2829 1878 2933 1951 ju-

517 1958 847 2027 dicialibus,
878 1978 998 2014 non
1028 1978 1168 2017 vero
1195 1959 1259 2015 in
1302 1958 1617 2032 gratuitis;
1661 1977 1781 2015 non
1827 1965 2019 2032 potest
2055 1957 2169 2013 dici
2201 1968 2610 2028 noma-omnm,
2640 1958 2746 2033 qui
2785 1975 2934 2030 prec-

515 2036 705 2092 mium
733 2037 836 2093 dat
884 2037 1009 2093 sine
1057 2038 1299 2107 meritiS‚
1323 2044 1383 2094 et
1430 2036 1531 2110 qui
1560 2037 1667 2093 dat
1713 2038 1943 2111 majora
1969 2036 2213 2110 praemia
2259 2037 2590 2094 minoribus
2639 2036 2929 2111 operibus.

519 2114 691 2171 Alias
715 2114 1150 2172 Paterfamilias
1172 2134 1307 2172 vere
1334 2114 1543 2171 fuisset
1570 2117 2035 2189 prosopolepteS,
2067 2115 2172 2187 qui
2198 2114 2397 2171 minus
2418 2115 2829 2171 laborantibus
2870 2112 2926 2166 in

512 2192 686 2248 vinea
707 2195 958 2250 eandem
976 2195 1307 2250 mercedem
1335 2194 1513 2250 solvit
1532 2211 1668 2249 cum
1691 2194 1839 2264 aliis,
1865 2193 1968 2267 qui
1991 2211 2094 2267 per
2112 2199 2298 2249 totam
2315 2193 2473 2250 diem
2496 2195 2928 2260 laboraverant,

512 2269 734 2328 Matth.
766 2291 864 2329 xic.

597 2348 926 2407 XXXIII.
973 2352 1246 2409 Verbum
1278 2360 1639 2422 κατιργαίζισρεει
1668 2369 1789 2424 qUO
1831 2351 2019 2407 Utitur
2049 2349 2295 2420 PaulUS,
2347 2352 2384 2407 2
2416 2349 2548 2408 COI‘.
2596 2351 2671 2407 iv.
2722 2350 2811 2416 17,
2841 2347 2930 2402 ῙΟ-

514 2445 702 2499 quens
731 2428 805 2483 de
834 2437 1102 2502 respectu
1130 2431 1514 2488 afflictionum
1542 2430 1619 2485 ad
1646 2429 1919 2501 gloriam,
1950 2447 2070 2484 non
2094 2436 2263 2485 notat
2289 2430 2528 2504 proprie
2557 2427 2929 2485 efficientiam

512 2511 572 2560 et
599 2506 896 2575 meritum,
928 2510 1026 2564 sed
1052 2508 1162 2565 iter
1189 2518 1248 2566 et
1275 2509 1557 2576 medium,
1589 2514 1885 2580 quatenus
1914 2513 2392 2564 momentaneam
2420 2508 2797 2564 affiictionem
2828 2523 2928 2559 ex·-

511 2582 652 2656 cipit
664 2590 722 2640 et
733 2586 1115 2660 consequitur
1124 2587 1334 2661 gloria,
1349 2586 1651 2661 quomodo
1663 2585 1823 2659 apud
1841 2583 2080 2642 Graecos
2094 2584 2252 2641 idem
2266 2593 2354 2643 est
2364 2606 2518 2661 saepe
2531 2586 2694 2661 quod
2709 2594 2928 2655 κρατῆσαι

499 2661 684 2735 potiri
713 2668 771 2716 et
800 2664 1060 2721 obtinere.
1146 2666 1274 2721 Lex
1299 2665 1517 2721 dicitur
1546 2672 1905 2733 κατεργάζεσθαι
1931 2664 2159 2737 operari
2185 2664 2354 2735 iram,
2386 2665 2560 2721 Rom.
2593 2664 2668 2721 iv,
2694 2664 2782 2730 15,
2807 2680 2924 2717 non

509 2756 629 2793 non
659 2740 818 2812 quod
851 2758 983 2796 eam
1027 2750 1324 2797 mereatur
1354 2743 1446 2796 vel
1490 2741 1725 2813 proprie
1767 2741 1994 2810 efficiat,
2020 2743 2120 2797 sed
2163 2745 2325 2814 quod
2374 2742 2594 2815 Legem
2645 2750 2928 2816 sequatur

508 2834 613 2889 per
641 2815 911 2872 accidens
940 2826 1181 2892 propter
1209 2818 1466 2874 hominis
1496 2818 2042 2890 transgressionem.
2090 2819 2245 2876 Phil.
2278 2821 2335 2877 ii.
2371 2820 2461 2888 12,
2486 2821 2643 2876 idem
2676 2820 2923 2875 verbum

507 2901 678 2950 uetat
706 2895 973 2952 studium
1020 2897 1438 2972 promovendae
1474 2896 1967 2966 sanctificationiS,
1997 2904 2056 2953 et
2083 2916 2187 2971 per
2214 2917 2346 2955 eam
2394 2899 2822 2972 consequendae
2865 2904 2926 2952 et

510 2973 869 3041 obtinendae,
900 2994 1020 3033 non
1051 2994 1192 3033 vero
1215 2975 1620 3050 promerendae
1660 2975 1886 3031 salutis

588 3052 901 3111 XXXIV.
948 3054 1118 3111 Nihil
1168 3073 1274 3129 pro
1317 3054 1540 3110 meritis
1570 3054 1700 3111 elici
1731 3061 1926 3127 potest
1953 3073 2026 3111 ex
2075 3057 2207 3114 loco
2239 3056 2434 3126 Pauli,
2467 3056 2504 3111 2
2548 3055 2698 3111 Tim.
2746 3055 2821 3110 iv.
2865 3054 2922 3111 8.

510 3131 560 3188 1.
595 3129 657 3186 N
663 3149 740 3186 on
769 3150 843 3188 ex
878 3132 1114 3190 Corona
1128 3133 1390 3209 justitiae,
1414 3152 1535 3208 qua
1563 3133 1815 3207 gloriam
1841 3133 2145 3206 designat;
2191 3155 2324 3211 qnae
2354 3141 2547 3209 potest
2578 3133 2828 3206 intelligi
2848 3133 2921 3188 de

493 3209 726 3285 justilia
755 3209 889 3279 Dei,
922 3213 1065 3286 quia
1092 3214 1216 3271 vita
1244 3214 1421 3269 datur
1460 3230 1536 3267 ex
1576 3211 1884 3286 promisse,
1915 3220 1974 3268 et
1992 3213 2243 3285 justitiae
2292 3231 2428 3286 pars
2456 3219 2544 3268 est
2589 3220 2741 3269 stare
2785 3229 2922 3284 pro-

505 3289 713 3359 missiS,
744 3297 813 3346 ut
843 3290 1018 3347 Bern.
1051 3293 1162 3347 sub
1192 3294 1367 3348 finem
1407 3289 1538 3346 Lib.
1570 3292 1645 3346 de
1677 3289 1841 3347 Grat.
1873 3298 1932 3345 et
1971 3290 2099 3346 Lib.
2152 3292 2299 3349 Arb.
2331 3290 2590 3364 exponit,
2616 3298 2651 3323 ‘⁴
2674 3289 2716 3346 J
2721 3296 2920 3345 ustum

504 3369 650 3435 est,”
681 3367 891 3441 inquit,
926 3376 961 3402 ‘⁶
985 3378 1053 3425 ut
1083 3372 1292 3427 reddat
1320 3369 1481 3442 quod
1525 3369 1718 3436 debet,
1750 3367 1924 3423 debet
1951 3376 2152 3425 autem
2182 3370 2345 3443 quod
2375 3368 2675 3441 pollicitus
2717 3374 2820 3433 est,
2863 3375 2924 3422 et

504 3446 631 3500 haec
658 3453 745 3500 est
762 3445 1020 3516 justitia,
1041 3449 1113 3503 de
1137 3467 1258 3522 qua
1288 3448 1518 3519 Apost.,
1544 3444 1853 3519 promissio
1875 3445 1986 3501 Dei
2011 3448 2065 3503 :’'
2097 3447 2160 3503 Si
2189 3448 2481 3503 referatur
2501 3448 2576 3501 ad
2607 3445 2649 3502 J
2654 3446 2921 3502 ustitiam

502 3521 778 3589 hominis,
809 3540 927 3577 non
960 3525 1212 3580 refertur
1238 3532 1358 3580 tam
1389 3524 1462 3578 ad
1481 3525 1766 3595 justiliam
1787 3543 2072 3596 personui,
2105 3544 2284 3597 quam
2308 3525 2691 3597 adjustitiam
2714 3543 2917 3591 causae,

502 3618 611 3675 pro
640 3616 759 3673 qua
787 3606 1084 3655 certamen
1107 3601 1339 3657 subitur
1361 3621 1375 3667 ;
1407 3617 1526 3653 non
1557 3603 1632 3657 ad
1651 3600 1944 3673 justitiam
1968 3601 2250 3675 Leyalem,
2271 3600 2366 3656 eui
2396 3600 2674 3656 nuntium
2699 3602 2921 3672 passim

504 3677 692 3736 mittit
721 3675 966 3746 Paulus,
1011 3680 1111 3734 sed
1156 3679 1233 3735 ad
1265 3677 1551 3753 justitiam
1600 3677 2187 3752 Evanyelicmn,quae
2219 3696 2395 3733 omne
2439 3676 2704 3733 excludit
2745 3679 2921 3735 meri-

503 3767 652 3815 tum.
699 3756 794 3814 Sic
823 3756 1044 3815 alludit
1071 3758 1148 3814 ad
1181 3756 1439 3815 Coronas
1468 3773 1600 3829 quae
1632 3757 1930 3813 dabantur
1958 3757 2298 3825 victoribUS,
2329 3756 2452 3812 sive
2495 3755 2557 3811 in
2584 3757 2764 3826 bello,
2795 3757 2919 3813 sive

504 3837 565 3892 in
594 3836 769 3906 ludis,
801 3856 933 3912 quae
964 3838 1377 3913 supponebant
1406 3835 1647 3909 quidem
1671 3835 2077 3892 necessitatem
2095 3834 2449 3906 certaminis,
2473 3842 2762 3910 tanquam
2781 3855 2919 3892 con-

501 3914 744 3971 ditionis
774 3917 1191 3987 antecedentis,
1224 3917 1324 3972 sed
1367 3933 1486 3970 non
1512 3922 1795 3988 tanquam
1841 3933 2031 3972 causae
2074 3914 2309 3989 proprie
2337 3914 2510 3971 dictae
2541 3915 2636 3971 vel
2686 3914 2915 3984 meriti3

506 3993 639 4050 Imo
669 4014 892 4051 coronae
919 3996 1039 4053 illae
1070 3998 1435 4053 vocabantur
1457 3993 1759 4063 donatis-ce,
1791 3994 1934 4069 quia
1961 3995 2258 4051 dabantur
2279 3994 2478 4067 potius
2507 4012 2580 4050 ex
2608 3994 2915 4068 promiSSO,

500 4090 682 4146 quam
724 4090 797 4128 ex
844 4075 1173 4131 commisse.
1278 4074 1331 4131 2.
1389 4070 1450 4128 N
1456 4090 1530 4127 on
1582 4090 1656 4128 ex
1706 4092 1776 4129 eo
1825 4075 1987 4146 quod
2043 4073 2207 4129 Deus
2251 4080 2501 4129 vocatur
2547 4079 2710 4130 alnam
2747 4081 2917 4143 κριτὴς,

502 4150 708 4207 Justus
737 4153 942 4209 Judeae.
958 4176 979 4221 ,·
1009 4152 1152 4225 quia
1174 4170 1292 4207 non
1322 4157 1410 4207 est
1437 4150 1634 4207 dudem
1662 4150 1915 4226 Legyalz’s,
1950 4150 2052 4225 qui
2099 4169 2219 4207 non
2247 4157 2443 4224 potest
2469 4153 2612 4207 dare
2635 4168 2917 4207 coronam

493 4228 763 4302 justitiae,
794 4230 904 4286 nisi
932 4238 1176 4303 propter
1216 4246 1453 4285 cursum
1502 4236 1562 4285 et
1602 4239 1898 4286 certamen
1942 4229 2217 4284 omnibus
2265 4229 2527 4284 numeris
2557 4228 2918 4297 absolutum,

502 4310 961 4382 correspondens
990 4308 1067 4363 ad
1097 4306 1382 4362 amussim
1424 4319 1489 4375 n?
1506 4314 1821 4380 ἀκριβαδηαὶᾳ
1869 4308 2062 4379 Logia
2094 4307 2254 4380 quod
2305 4307 2527 4363 nemini
2556 4306 2617 4361 iu
2647 4307 2758 4362 hae
2799 4306 2923 4362 vita

503 4386 697 4441 datur.
783 4386 898 4443 Sed
946 4384 1345 4459 Ευαηῃεῖἶσῑιε,
1374 4386 1477 4461 qui
1513 4387 1814 4459 judicium
1860 4384 2135 4454 instituit,
2186 4403 2303 4440 non
2337 4402 2473 4440 cum
2521 4384 2916 4452 mercenariis,

502 4464 603 4516 sed
659 4482 794 4520 cum
847 4462 1003 4528 filiis,
1060 4480 1180 4518 non
1241 4474 1367 4518 κατὰ
1422 4473 1473 4518 τὲ
1518 4472 1859 4536 nemesium,
1912 4464 2015 4518 scd
2075 4473 2181 4517 κατ’
2226 4471 2471 4521 imni-1122.
2532 4480 2637 4519 nec
2690 4462 2919 4518 meritis

504 4541 717 4596 nostris
754 4541 856 4596 sed
898 4540 1069 4595 donis
1111 4542 1234 4597 suis
1266 4560 1398 4614 quae
1440 4543 1626 4615 gratis
1655 4544 1835 4610 dedit,
1867 4559 2148 4598 coronam
2176 4541 2360 4615 grat-is
2395 4540 2662 4615 imponit.
2720 4539 2914 4596 Aliud

504 4622 704 4669 autem
746 4625 835 4671 est
876 4619 1017 4671 dare
1060 4637 1336 4674 coronam
1384 4622 1710 4675 secundum
1749 4621 2038 4694 judaiam
2087 4621 2406 4677 veracitatis
2453 4628 2512 4676 et
2538 4618 2801 4676 bonitatis
2842 4638 2918 4675 ex

503 4690 807 4760 promisso,
852 4710 972 4762 qua
1018 4712 1197 4748 verax
1240 4705 1327 4750 cst
1368 4708 1424 4751 vt
1468 4697 1696 4765 fidon&
1761 4701 1944 4755 Alius}
1991 4717 2119 4754 cam
2178 4700 2318 4754 dare
2374 4700 2697 4753 secundum
2743 4700 2921 4771 jasti-
