3221 5200
584 350 700 406 512
1363 359 1543 400 Locus
1575 355 1834 396 naeuius
1870 358 2139 405 Quixrus.
2570 335 2833 420 [Quas-r.
2885 359 3023 400 xm.

562 508 716 583 fides
742 505 859 563 sine
887 504 1141 580 operibus
1170 502 1379 560 dicitur
1407 510 1646 575 mortua,
1679 497 1815 574 quia
1840 502 1951 559 hoc
1981 521 2096 560 non
2125 508 2213 557 est
2242 498 2684 576 intelligendum
2708 500 2785 558 de
2807 521 3020 560 causa-

583 586 744 643 litate
774 605 1007 662 operum
1037 584 1111 641 ad
1140 582 1318 641 vitam
1348 582 1481 639 fidei
1511 601 1546 638 a
1590 578 1780 658 priori,
1813 581 1976 659 quasi
2021 599 2195 657 opera
2244 578 2548 638 redderent
2575 579 2755 637 fidem
2786 583 3018 654 vivam,

584 664 688 723 sed
716 664 786 722 de
817 662 1201 723 declaratione
1231 683 1266 719 a
1293 661 1612 738 posteriori,
1644 657 1781 737 quia
1829 682 2003 738 opera
2043 660 2239 717 vivam
2290 658 2689 718 demonstrant
2720 683 2735 733 3
2783 671 2859 719 ut
2889 683 3017 718 cor-

573 765 688 820 pus
716 743 925 804 dicitur
945 753 1222 802 mortuum
1249 743 1366 799 sine
1393 743 1612 816 spiritu,
1646 741 1723 798 id.
1754 740 2122 819 cognoscitur
2148 748 2434 796 mortuum
2465 759 2541 797 ex
2559 740 2795 799 defectu
2828 743 3015 818 respi-

581 827 820 883 rationis
849 834 907 884 et
933 825 1182 896 halitus;
1214 822 1307 879 hic
1338 821 1489 879 enim
1520 831 1695 889 «κῦμα
1721 837 1824 892 pro
1850 833 1957 892 πνοῇ
1992 840 2094 878 seu
2122 819 2496 896 respiratione
2528 829 2874 895 usurpatur.

803 959 811 974 ,
878 956 888 966 .
930 955 940 965 .
1012 953 1049 974 .,
1191 902 1263 958 V.
1312 900 1655 974 Sociauiani‚
1679 912 1745 962 ut
1772 901 1997 959 facilius
2025 907 2287 957 evertant
2322 898 2650 956 fiducialem
2678 902 3017 976 apprehen-

578 956 763 1003 2'C¹¹¹¹¹
783 958 1066 1001 socmmms.
1110 980 1326 1037 sionem
1361 981 1783 1040 satisfactionis
1813 980 2042 1053 Christi,
2075 980 2134 1037 in
2156 999 2270 1055 qua
2290 978 2424 1035 fidei
2443 979 2757 1036 essentiam
2790 983 3015 1038 consti·

580 1073 750 1122 tuunt
779 1058 1117 1132 Orthodoxi,
1151 1069 1209 1118 et
1237 1060 1317 1117 ita
1358 1060 1646 1135 justitiam
1676 1081 1928 1138 operum,
1960 1067 2090 1117 utut
2118 1069 2236 1117 tam
2266 1078 2537 1134 expresse
2586 1059 2937 1118 distinctam
2979 1082 3011 1116 a

574 1142 804 1219 justitia
833 1140 965 1197 fidei
997 1140 1053 1194 111
1085 1140 1382 1215 scriptura,
1415 1141 1733 1216 retineant;
1782 1140 1942 1198 Nihil
1970 1138 2128 1196 aliud
2170 1157 2295 1196 esse
2345 1138 2549 1195 volunt
2596 1137 2795 1214 fidem,
2830 1160 3007 1216 quam

585 1220 970 1279 obedientiam
1000 1219 1398 1277 mandatorum
1422 1220 1528 1276 Dei
1551 1243 1564 1295 ;
1616 1221 1705 1278 Ita
1736 1230 1797 1278 ut
1826 1221 1977 1278 bona
1996 1239 2167 1295 opera
2185 1238 2298 1275 non
2318 1225 2434 1275 tam
2455 1217 2570 1275 sint
2588 1217 2818 1277 fructus
2852 1221 3008 1292 fidei,

582 1321 754 1376 quam
786 1301 912 1375 ejus
942 1298 1138 1371 forma,
1171 1307 1236 1356 ut
1265 1299 1519 1374 loquitur
1549 1300 1815 1358 Ostorod.
1863 1300 2027 1357 Insti.
2059 1319 2108 1356 0.
2141 1303 2195 1371 2,
2227 1307 2286 1355 et
2314 1296 2547 1354 Volkel.
2579 1298 2639 1354 li.
2672 1304 2731 1356 4.
2783 1320 2919 1376 cap.
2952 1305 3005 1371 3,

584 1381 654 1437 de
681 1380 843 1451 Fide,
875 1377 974 1434 ubi
1003 1378 1231 1435 tertium
1259 1378 1500 1453 gradum
1523 1379 1659 1437 fidei
1688 1380 1934 1437 collocat
1962 1379 2020 1435 in
2050 1377 2392 1435 Obedientia
2411 1376 2828 1435 Mandatorum
2865 1381 3009 1437 Dei:

583 1458 926 1532 “Te1·tius,'’
960 1457 1160 1532 inquit,
1198 1459 1343 1514 “est
1373 1457 1599 1515 Christo
1631 1459 1915 1517 confidere
1958 1477 2171 1535 perque
2216 1457 2402 1532 ipsum
2452 1457 2594 1531 Dec,
2646 1466 2829 1534 atque
2864 1461 3009 1517 adeo

580 1559 680 1614 spe
713 1528 1156 1596 iufniortalitatis
1185 1536 1514 1609 subnixum,
1546 1546 1732 1595 totum
1762 1559 1822 1596 se
1852 1538 1924 1596 ad
1976 1538 2085 1594 Dei
2134 1536 2388 1595 studium
2437 1537 2908 1614 accommodare,
2957 1541 3010 1596 111

583 1627 686 1687 est,
721 1617 951 1689 Christi,
984 1623 1041 1673 et
1072 1616 1152 1672 sic
1182 1616 1356 1673 etiam
1386 1616 1514 1690 Dei,
1550 1617 1861 1694 Praeceptis
1891 1617 2341 1692 obtemperare.'’

663 1698 776 1755 VI.
826 1696 941 1754 Sed
970 1703 1168 1772 contra
1198 1695 1340 1752 fides
1368 1716 1482 1752 non
1510 1705 1703 1772 potest
1725 1718 1850 1755 esse
1879 1696 2207 1756 obedientia
2242 1694 2668 1769 Mandatorum,
2722 1696 2886 1770 Quia
2929 1701 3006 1756 sic

577 1777 1007 1836 confunduntur
1035 1775 1162 1832 duae
1193 1775 1453 1849 virtuteS,
1487 1797 1615 1851 quae
1645 1777 1792 1835 inter
1821 1797 1881 1834 se
1911 1783 2046 1834 sunt
2073 1775 2376 1847 distinctae,
2415 1777 2569 1851 fides
2617 1785 2670 1832 et
2724 1779 3007 1836 charitas,

583 1860 611 1914 l
648 1859 775 1914 Cor.
807 1857 928 1913 xiii.
966 1859 1055 1913 13.
1102 1855 1215 1912 Illa
1245 1865 1506 1914 versatur
1534 1858 1685 1913 eirca
1712 1856 2120 1933 promissiones
2151 1854 2457 1930 Evangelii
2481 1876 2495 1927 ;
2520 1853 2641 1912 Ista
2664 1855 2824 1914 cirea
2857 1879 3005 1933 prae-

577 1946 743 2014 cepta
774 1936 967 2012 Legis,
999 1955 1128 2011 quae
1157 1934 1287 1993 ideo
1316 1935 1528 1994 dicitur
1553 1935 1686 1993 finis
1716 1957 1818 1994 seu
1860 1937 2101 2012 impletio
2146 1935 2328 2009 Leyis,
2383 1933 2549 1991 Rom.
2583 1934 2705 1991 xiii.
2744 1940 2842 1993 10.
2898 1939 3009 1995 Illa

577 2026 667 2075 est
694 2036 884 2090 causa,
918 2016 1030 2073 ista
1058 2013 1311 2088 effectuS,
1348 2018 1383 2047 ‘⁶
1406 2035 1536 2071 nam
1567 2015 1699 2072 finis
1729 2015 1985 2073 mandati
2012 2022 2101 2072 est
2130 2013 2378 2071 charitas
2427 2032 2501 2070 ex
2550 2014 2773 2071 mundo
2805 2018 3003 2092 corde,

576 2105 635 2153 et
663 2095 775 2153 fide
805 2096 1039 2152 minime
1060 2094 1386 2162 simulata,”
1424 2098 1450 2151 1
1479 2095 1627 2152 Tim.
1659 2095 1695 2152 i.
1728 2098 1783 2153 5.
1832 2096 1944 2152 Illa
1965 2102 2053 2152 est
2069 2094 2514 2151 instrumentum
2534 2093 3005 2170 justificationis,

573 2176 697 2233 haec
727 2195 865 2232 vero
893 2176 1114 2232 fructus
1164 2195 1540 2250 consequens
1620 2174 1787 2233 Unde
1817 2175 1876 2231 in
1905 2174 2138 2248 negotio
2160 2171 2592 2249 justificationis
2621 2187 3010 2250 opponuntur

573 2255 718 2314 fides
748 2264 806 2313 et
834 2275 1022 2331 opera,
1054 2262 1119 2312 ut
1148 2255 1410 2330 opposita
1438 2263 1496 2312 et
1524 2254 1825 2328 contraria,
1876 2254 2041 2310 Rom.
2073 2252 2152 2309 iii.
2185 2254 2280 2309 28.

659 2335 806 2392 VII.
855 2335 975 2392 Nec
1004 2335 1200 2410 reponi
1231 2342 1420 2409 potest
1450 2354 1622 2411 opera
1651 2333 1865 2410 opponi
1892 2332 2025 2390 fidei
2054 2332 2113 2388 in
2135 2331 2566 2407 justificatione,
2599 2352 2715 2390 non
2746 2337 3001 2409 quaevic„

575 2414 678 2472 sed
706 2413 974 2490 perfecta,
1006 2421 1064 2470 et
1094 2412 1239 2488 Legi
1268 2433 1369 2489 per
1397 2415 1590 2471 omnia
1635 2422 2035 2471 consentanea.
2118 2412 2266 2485 Quia
2315 2411 2530 2468 clarum
2560 2421 2647 2469 est
2678 2432 2753 2469 ex
2791 2414 2999 2489 Paule,

572 2494 764 2551 omnia
792 2494 1024 2551 omnino
1047 2512 1220 2567 opera
1250 2494 1372 2549 sive
1401 2493 1669 2569 perfecta,
1719 2493 1843 2551 sive
1872 2512 2003 2565 non,
2050 2491 2260 2568 opponi
2289 2490 2425 2546 fidei
2454 2490 2511 2546 in
2532 2491 2962 2566 justificatione
2986 2519 3000 2564 ;

575 2573 696 2632 Nec
724 2573 898 2631 fidem
919 2571 1236 2649 justificare
1265 2582 1331 2630 ut
1354 2592 1514 2647 opus,
1563 2572 1718 2648 quod
1749 2580 1919 2649 ηὸω
1949 2581 2036 2630 est
2067 2576 2226 2635 ψεῦδις
2247 2569 2752 2644 Adversariorum,
2780 2575 2887 2650 qui
2920 2577 3001 2634 ita

575 2652 935 2710 confundunt
967 2651 1181 2725 Legem
1212 2671 1342 2708 eum
1390 2651 1732 2727 Evangeli0‚
1786 2661 1843 2710 et
1891 2652 2279 2710 conditionem
2332 2650 2593 2708 Foederis
2624 2653 2830 2727 gratiae
2860 2676 2997 2713 cum

575 2731 903 2789 conditione
937 2729 1127 2804 legali,
1159 2739 1224 2787 ut
1252 2749 1356 2787 suo
1385 2731 1513 2787 loco
1556 2731 2057 2789 demonstrabitur.

653 2809 833 2867 VIII.
880 2809 1042 2865 Licet
1104 2817 1155 2861 τὶ
1197 2808 1427 2866 credere
1483 2809 1558 2867 sit
1587 2809 1820 2867 obedire
1877 2811 2147 2869 mandato
2203 2809 2489 2882 credendi,
2548 2813 2891 2889 praescripto
2939 2816 2999 2871 iu

573 2888 912 2965 EvangeliO,
952 2891 978 2944 1
1014 2887 1154 2945 Joh.
1185 2887 1264 2945 iii.
1297 2891 1371 2945 23
1399 2910 1412 2962 ;
1480 2889 1612 2947 Non
1643 2888 1771 2946 ideo
1800 2889 1944 2947 fides
1995 2891 2141 2948 bene
2172 2890 2381 2948 dicitur
2427 2889 2758 2948 obedientia
2820 2893 2997 2950 Man-

570 2968 834 3026 datorum
868 2968 978 3026 Dei
1019 2988 1093 3026 ex
1124 2987 1296 3025 sensu
1340 2967 1841 3041 Adversariorum,
1888 2969 1989 3045 qui
2030 2970 2300 3027 mandata
2342 2970 2434 3026 bic
2464 2970 2799 3046 intelligunt
2836 2972 2996 3030 Prae-

570 3058 736 3125 cepta
766 3048 958 3124 Legis,
991 3069 1120 3125 quae
1149 3048 1316 3106 nobis
1345 3048 1607 3106 facienda
1636 3057 1693 3106 et
1721 3049 2012 3123 implenda
2035 3056 2169 3107 sunt
2185 3049 2352 3107 bonis
2374 3049 2659 3126 operibuS,
2686 3070 2804 3107 non
2826 3072 2998 3109 man·

571 3128 768 3187 datum
800 3129 1126 3204 Evangelii,
1158 3127 1313 3205 quod
1341 3128 1662 3205 praescribit
1711 3128 1877 3186 nobis
1926 3128 2097 3185 fidem
2143 3129 2201 3184 in
2252 3126 2732 3204 promissionibus
2760 3132 2997 3205 gratiae.

571 3209 647 3267 Et
686 3209 734 3267 si
761 3208 906 3266 fides
929 3208 1139 3266 dicitur
1167 3228 1304 3284 opus
1333 3210 1461 3282 Dei,
1495 3208 1633 3267 Joh.
1692 3207 1769 3264 vi.
1802 3210 1896 3282 29,
1950 3208 2058 3265 hoc
2112 3207 2179 3266 fit
2219 3209 2414 3283 potius
2443 3217 2720 3275 μιμητιιῦς.
2758 3210 2997 3269 ratione

567 3288 766 3346 habita
789 3288 862 3345 ad
891 3288 1225 3364 petitionem
1255 3288 1595 3361 Turbarum,
1629 3308 1758 3363 quae
1787 3295 2135 3362 rogaverant
2156 3286 2297 3363 quid
2321 3286 2429 3344 sibi
2453 3286 2777 3345 faciendum
2812 3303 2995 3364 esset,

568 3376 634 3424 ut
663 3377 1035 3443 operarentur
1063 3386 1235 3443 opera
1266 3366 1393 3440 Dei,
1425 3368 1562 3442 qnia
1590 3366 1735 3424 fides
1764 3366 1899 3424 dare
1932 3366 2071 3442 ipsis
2108 3374 2349 3442 poterat,
2402 3366 2558 3442 quod
2586 3366 2798 3424 frustra
2829 3388 2996 3443 quae-

569 3446 772 3503 rebant
800 3446 859 3501 in
907 3445 1175 3519 operibus
1210 3445 1421 3520 Legis;
1467 3454 1532 3503 ut
1560 3446 1698 3502 alibi
1731 3446 2116 3522 Evangelium
2146 3445 2376 3503 nomine
2401 3445 2579 3521 Legis
2628 3445 2894 3520 donatur,
2934 3460 2997 3507 et

570 3543 743 3598 opera
771 3523 1066 3580 charitatis
1094 3533 1153 3580 et
1180 3524 1570 3581 beneficentiae
1628 3526 1669 3581 J
1674 3525 1930 3599 ejunium
1958 3534 2257 3598 vocantur,
2314 3525 2427 3582 Isa.
2458 3525 2601 3582 lviii.
2652 3530 2705 3598 (i,
2740 3530 2794 3597 7,
2849 3529 2998 3602 quia

569 3610 844 3677 praestant
872 3601 1058 3676 reipsa
1079 3601 1237 3676 quod
1265 3601 1475 3659 frustra
1496 3603 1831 3678 quaerebant
1854 3605 1896 3663 J
1900 3604 2049 3662 udaei
2079 3605 2137 3661 in
2166 3605 2209 3662 J
2213 3605 2422 3680 ejuniis
2446 3604 2566 3661 suis
2586 3604 2993 3681 hypocriticiS.

651 3681 773 3738 IX.
819 3679 1010 3752 Fides,
1045 3700 1159 3755 qua
1180 3679 1288 3738 fuit
1309 3681 1661 3757 justificatus
1718 3682 2031 3756 Abraham,
2078 3702 2195 3740 non
2251 3692 2441 3759 potest
2488 3683 2601 3740 dici
2653 3683 2997 3744 obedientia

572 3760 995 3831 Mandatorum‚
1028 3760 1163 3818 licet
1211 3760 1463 3817 conditio
1493 3761 1834 3820 obedientiae
1880 3763 1989 3839 ipsi
2034 3763 2367 3839 praescripta
2423 3763 2513 3836 sit,
2567 3763 2715 3821 Gen.
2748 3765 2894 3821 xvii.
2938 3770 2994 3839 1,

568 3858 702 3899 nam
731 3839 1125 3917 promissionis
1154 3839 1326 3897 fidem
1375 3840 1552 3898 fuisse
1581 3850 1777 3917 aperte
1827 3842 2082 3913 docetur,
2117 3844 2264 3900 Gen.
2305 3863 2405 3900 xv.
2437 3846 2490 3913 5,
2525 3845 2578 3914 6,
2611 3852 2669 3900 et
2702 3843 2873 3901 Rom.
2904 3845 2992 3903 iv.

572 3925 663 3995 11,
702 3924 791 3995 13,
829 3923 921 3978 16.
995 3920 1334 3978 Ambulatio
1365 3940 1501 3978 vero
1531 3940 1724 3978 coram
1756 3922 1899 3995 Deo,
1932 3921 2003 3978 de
2034 3942 2149 3996 qua
2179 3922 2327 3980 Gen.
2360 3922 2503 3979 xvii.
2540 3926 2568 3978 1
2602 3922 2812 3997 agitur,
2868 3944 2995 3982 11011

567 4009 656 4059 est
685 3999 938 4058 conditio
959 4000 1392 4074 justificationis
1422 3999 1572 4074 fidei,
1606 4000 1709 4058 sed
1758 4002 1885 4077 ejus
1935 4000 2218 4059 effectum.
2307 4002 2427 4059 Nee
2457 4000 2671 4058 oblatio
2701 4001 2804 4058 filii
2836 4004 2991 4078 ejus,

567 4100 742 4137 eausa
770 4079 896 4155 ejus
926 4079 1097 4136 etiam
1127 4079 1241 4136 dici
1271 4088 1475 4155 potest,
1508 4079 1785 4156 quiajam
1834 4089 1965 4138 ante
1995 4080 2234 4155 triginta
2262 4100 2442 4137 annos
2465 4080 2817 4156 justificatus
2863 4083 2995 4140 sue-

569 4167 673 4233 rat,
750 4159 898 4217 Gen.
965 4178 1066 4215 xv.
1153 4159 1311 4234 Ergo
1369 4159 1651 4235 particula
1699 4159 1947 4217 causalis
2005 4160 2284 4235 quoniam,
2359 4159 2453 4217 vel
2509 4161 2993 4236 quandoquidem,

567 4257 696 4313 quae
751 4236 998 4294 habetur
1029 4238 1177 4295 Gen.
1209 4238 1352 4295 xxii.
1390 4242 1480 4313 16,
1533 4247 1622 4296 est
1650 4258 1824 4297 causa
1853 4259 1954 4298 seu
1993 4248 2130 4297 nota
2159 4239 2601 4315 consequentiae,
2632 4258 2749 4296 non
2779 4260 2993 4298 eonse-

609 4315 813 4375 uentis.

565 4337 605 4393 q
1199 4395 1283 4453 X.
1342 4395 1503 4453 Licet
1559 4409 1750 4456 autem
1807 4397 2055 4455 charitas
2116 4417 2232 4454 non
2303 4398 2376 4455 sit
2425 4396 2608 4455 forma
2662 4396 2816 4469 fidei,
2882 4400 2995 4458 sed

566 4461 690 4561 mim
723 4460 935 4530 charitas
1014 4475 1042 4504 ³
1084 4475 1156 4532 ab
1186 4494 1254 4532 ea
1283 4473 1688 4551 distinguatur,
1721 4496 1836 4533 non
1864 4485 2163 4552 propterea
2191 4485 2381 4551 potest
2415 4476 2529 4533 diei
2558 4476 2631 4532 ab
2654 4495 2722 4532 ea
2752 4496 2994 4553 separa-

624 4525 1023 4632 b213'.³⁸¹‘§2}?¹'⁸
1084 4554 1236 4626 bnis,
1267 4562 1332 4611 ut
1359 4554 1577 4614 veilent
1607 4555 1912 4629 pontificii,
1946 4558 2220 4614 Belcarm.
2245 4556 2345 4613 nb.
2378 4556 2414 4613 i.
2445 4555 2517 4612 do
2546 4554 2765 4613 Justifi.
2797 4576 2850 4613 e.
2891 4561 2993 4617 15.

1088 4633 1235 4706 Quia
1262 4633 1552 4709 proprium
1599 4644 1656 4693 et
1686 4634 2076 4693 immediatum
2134 4644 2220 4693 est
2263 4635 2397 4692 fidei
2439 4632 2723 4707 effectum,
2757 4637 2921 4709 quod
2953 4659 2993 4695 a
