<?xml version="1.0" encoding="UTF-8"?>
<!DOCTYPE html PUBLIC "-//W3C//DTD XHTML 1.0 Transitional//EN"
    "http://www.w3.org/TR/xhtml1/DTD/xhtml1-transitional.dtd">
<html xmlns="http://www.w3.org/1999/xhtml" xml:lang="en" lang="en">
 <head>
  <title>
</title>
<meta http-equiv="Content-Type" content="text/html;charset=utf-8" />
  <meta name='ocr-system' content='tesseract 3.04.00' />
  <meta name='ocr-capabilities' content='ocr_page ocr_carea ocr_par ocr_line ocrx_word'/>
</head>
<body>
  <div class='ocr_page' id='page_1' title='image "./institutiotheol01turrgoog_0207.png"; bbox 0 0 3221 5200; ppageno 0'>
   <div class='ocr_carea' id='block_1_1' title="bbox 325 373 2732 456">
    <p class='ocr_par' dir='ltr' id='par_1_1' title="bbox 325 373 2732 456">
     <span class='ocr_line' id='line_1_1' title="bbox 325 373 2732 456; baseline 0 -21"><span class='ocrx_word' id='word_1_1' title='bbox 325 394 552 443; x_wconf 66' lang='lat' dir='ltr'><strong>Quffls&#39;r.</strong></span> <span class='ocrx_word' id='word_1_2' title='bbox 582 373 673 456; x_wconf 63' lang='lat' dir='ltr'><strong>w]</strong></span> <span class='ocrx_word' id='word_1_3' title='bbox 1168 395 1245 435; x_wconf 79' lang='lat' dir='ltr'><strong>m:</strong></span> <span class='ocrx_word' id='word_1_4' title='bbox 1274 396 1523 436; x_wconf 69' lang='lat' dir='ltr'><strong>scensas</strong></span> <span class='ocrx_word' id='word_1_5' title='bbox 1552 396 1807 437; x_wconf 66' lang='lat' dir='ltr'><strong>onum.</strong></span> <span class='ocrx_word' id='word_1_6' title='bbox 2620 380 2690 435; x_wconf 87' lang='lat'><strong>17</strong></span> <span class='ocrx_word' id='word_1_7' title='bbox 2699 378 2732 436; x_wconf 85' lang='lat'><em>9</em></span> 
     </span>
    </p>
   </div>
   <div class='ocr_carea' id='block_1_2' title="bbox 305 534 2731 4751">
    <p class='ocr_par' dir='ltr' id='par_1_2' title="bbox 305 534 2731 1246">
     <span class='ocr_line' id='line_1_2' title="bbox 305 534 2727 612; baseline 0 -20"><span class='ocrx_word' id='word_1_8' title='bbox 305 538 662 608; x_wconf 78' lang='lat' dir='ltr'><strong>soederalem,</strong></span> <span class='ocrx_word' id='word_1_9' title='bbox 696 535 862 612; x_wconf 81' lang='lat' dir='ltr'>quasi</span> <span class='ocrx_word' id='word_1_10' title='bbox 892 536 954 592; x_wconf 90' lang='lat' dir='ltr'><strong>in</strong></span> <span class='ocrx_word' id='word_1_11' title='bbox 994 536 1193 594; x_wconf 88' lang='lat' dir='ltr'><strong>Veteri</strong></span> <span class='ocrx_word' id='word_1_12' title='bbox 1223 536 1594 595; x_wconf 86' lang='lat' dir='ltr'><strong>Testamento</strong></span> <span class='ocrx_word' id='word_1_13' title='bbox 1623 536 1795 595; x_wconf 87' lang='lat' dir='ltr'><strong>fuerit</strong></span> <span class='ocrx_word' id='word_1_14' title='bbox 1824 544 2046 595; x_wconf 88' lang='lat' dir='ltr'><strong>tantum</strong></span> <span class='ocrx_word' id='word_1_15' title='bbox 2075 535 2263 593; x_wconf 85' lang='lat' dir='ltr'><strong>foedus</strong></span> <span class='ocrx_word' id='word_1_16' title='bbox 2294 534 2545 612; x_wconf 86' lang='lat' dir='ltr'><strong>Legale;</strong></span> <span class='ocrx_word' id='word_1_17' title='bbox 2591 555 2727 594; x_wconf 89' lang='lat' dir='ltr'><strong>nam</strong></span> 
     </span>
     <span class='ocr_line' id='line_1_3' title="bbox 322 615 2729 693; baseline 0.001 -21"><span class='ocrx_word' id='word_1_18' title='bbox 322 615 448 672; x_wconf 84' lang='lat' dir='ltr'><strong>Lex</strong></span> <span class='ocrx_word' id='word_1_19' title='bbox 477 623 536 672; x_wconf 92' lang='lat' dir='ltr'><strong>et</strong></span> <span class='ocrx_word' id='word_1_20' title='bbox 567 615 870 691; x_wconf 84' lang='lat' dir='ltr'><strong>Prophetae</strong></span> <span class='ocrx_word' id='word_1_21' title='bbox 900 636 1029 674; x_wconf 90' lang='lat' dir='ltr'><strong>cum</strong></span> <span class='ocrx_word' id='word_1_22' title='bbox 1060 616 1523 692; x_wconf 79' lang='lat' dir='ltr'><strong>promulgatione</strong></span> <span class='ocrx_word' id='word_1_23' title='bbox 1543 617 1721 693; x_wconf 83' lang='lat' dir='ltr'>Legis</span> <span class='ocrx_word' id='word_1_24' title='bbox 1749 615 2040 674; x_wconf 90' lang='lat' dir='ltr'><strong>habebant</strong></span> <span class='ocrx_word' id='word_1_25' title='bbox 2068 634 2293 691; x_wconf 82' lang='lat' dir='ltr'>semper</span> <span class='ocrx_word' id='word_1_26' title='bbox 2319 615 2729 691; x_wconf 88' lang='lat' dir='ltr'><strong>promissiones</strong></span> 
     </span>
     <span class='ocr_line' id='line_1_4' title="bbox 323 694 2731 772; baseline 0.001 -21"><span class='ocrx_word' id='word_1_27' title='bbox 323 694 559 771; x_wconf 83' lang='lat' dir='ltr'><strong>gratiae;</strong></span> <span class='ocrx_word' id='word_1_28' title='bbox 610 694 727 752; x_wconf 84' lang='lat' dir='ltr'><strong>Sed</strong></span> <span class='ocrx_word' id='word_1_29' title='bbox 755 695 949 771; x_wconf 86' lang='lat' dir='ltr'><strong>agitur</strong></span> <span class='ocrx_word' id='word_1_30' title='bbox 976 705 1200 753; x_wconf 88' lang='lat' dir='ltr'><strong>tantum</strong></span> <span class='ocrx_word' id='word_1_31' title='bbox 1231 695 1302 753; x_wconf 91' lang='lat' dir='ltr'><strong>de</strong></span> <span class='ocrx_word' id='word_1_32' title='bbox 1331 695 1649 754; x_wconf 88' lang='lat' dir='ltr'><strong>ministerio</strong></span> <span class='ocrx_word' id='word_1_33' title='bbox 1683 695 1887 772; x_wconf 86' lang='lat' dir='ltr'><strong>Legali</strong></span> <span class='ocrx_word' id='word_1_34' title='bbox 1914 703 1973 754; x_wconf 90' lang='lat' dir='ltr'><strong>et</strong></span> <span class='ocrx_word' id='word_1_35' title='bbox 1992 694 2337 771; x_wconf 87' lang='lat' dir='ltr'><strong>Prophetico</strong></span> <span class='ocrx_word' id='word_1_36' title='bbox 2365 695 2627 771; x_wconf 88' lang='lat' dir='ltr'><strong>opposite</strong></span> <span class='ocrx_word' id='word_1_37' title='bbox 2656 695 2731 753; x_wconf 90' lang='lat' dir='ltr'><strong>ad</strong></span> 
     </span>
     <span class='ocr_line' id='line_1_5' title="bbox 324 773 2727 852; baseline 0 -21"><span class='ocrx_word' id='word_1_38' title='bbox 324 773 763 849; x_wconf 86' lang='lat' dir='ltr'><strong>Evangelicum,</strong></span> <span class='ocrx_word' id='word_1_39' title='bbox 794 775 1158 851; x_wconf 87' lang='lat' dir='ltr'><strong>potissimum</strong></span> <span class='ocrx_word' id='word_1_40' title='bbox 1186 775 1378 852; x_wconf 89' lang='lat' dir='ltr'><strong>quoad</strong></span> <span class='ocrx_word' id='word_1_41' title='bbox 1407 774 1725 834; x_wconf 75' lang='lat' dir='ltr'><strong>claritatem</strong></span> <span class='ocrx_word' id='word_1_42' title='bbox 1753 773 2170 852; x_wconf 88' lang='lat' dir='ltr'><strong>patefactionis.</strong></span> <span class='ocrx_word' id='word_1_43' title='bbox 2256 773 2388 831; x_wconf 89' lang='lat' dir='ltr'><strong>Non</strong></span> <span class='ocrx_word' id='word_1_44' title='bbox 2428 794 2727 851; x_wconf 90' lang='lat' dir='ltr'><strong>opponun-</strong></span> 
     </span>
     <span class='ocr_line' id='line_1_6' title="bbox 318 852 2723 928; baseline 0 -17"><span class='ocrx_word' id='word_1_45' title='bbox 318 860 413 911; x_wconf 87' lang='lat' dir='ltr'><strong>tur</strong></span> <span class='ocrx_word' id='word_1_46' title='bbox 440 853 710 911; x_wconf 77' lang='lat' dir='ltr'><strong>Personae</strong></span> <span class='ocrx_word' id='word_1_47' title='bbox 738 855 1146 928; x_wconf 79' lang='lat' dir='ltr'><strong>ministrantes,</strong></span> <span class='ocrx_word' id='word_1_48' title='bbox 1173 855 1268 913; x_wconf 89' lang='lat' dir='ltr'><strong>vel</strong></span> <span class='ocrx_word' id='word_1_49' title='bbox 1289 875 1381 913; x_wconf 91' lang='lat' dir='ltr'><strong>res</strong></span> <span class='ocrx_word' id='word_1_50' title='bbox 1403 854 1833 928; x_wconf 69' lang='lat' dir='ltr'><strong>administratae,</strong></span> <span class='ocrx_word' id='word_1_51' title='bbox 1873 853 1975 911; x_wconf 88' lang='lat' dir='ltr'><strong>sed</strong></span> <span class='ocrx_word' id='word_1_52' title='bbox 1998 852 2153 910; x_wconf 90' lang='lat' dir='ltr'><strong>modi</strong></span> <span class='ocrx_word' id='word_1_53' title='bbox 2181 852 2466 912; x_wconf 82' lang='lat' dir='ltr'><strong>duntaxat</strong></span> <span class='ocrx_word' id='word_1_54' title='bbox 2488 854 2723 928; x_wconf 84' lang='lat' dir='ltr'><strong>diversi,</strong></span> 
     </span>
     <span class='ocr_line' id='line_1_7' title="bbox 313 932 2720 1013; baseline 0.001 -24"><span class='ocrx_word' id='word_1_55' title='bbox 313 932 525 1008; x_wconf 87' lang='lat' dir='ltr'><strong>quibus</strong></span> <span class='ocrx_word' id='word_1_56' title='bbox 554 953 645 990; x_wconf 88' lang='lat' dir='ltr'><strong>res</strong></span> <span class='ocrx_word' id='word_1_57' title='bbox 673 933 889 992; x_wconf 83' lang='lat' dir='ltr'><strong>eaedem</strong></span> <span class='ocrx_word' id='word_1_58' title='bbox 919 943 1053 992; x_wconf 89' lang='lat' dir='ltr'><strong>sunt</strong></span> <span class='ocrx_word' id='word_1_59' title='bbox 1082 933 1512 1008; x_wconf 74' lang='lat' dir='ltr'><strong>administratae,</strong></span> <span class='ocrx_word' id='word_1_60' title='bbox 1543 935 1705 1011; x_wconf 87' lang='lat' dir='ltr'><strong>prius</strong></span> <span class='ocrx_word' id='word_1_61' title='bbox 1734 954 1834 1011; x_wconf 93' lang='lat' dir='ltr'><strong>per</strong></span> <span class='ocrx_word' id='word_1_62' title='bbox 1875 934 2168 1013; x_wconf 53' lang='grc' dir='ltr'><strong>προφητείαν</strong></span> <span class='ocrx_word' id='word_1_63' title='bbox 2208 952 2310 990; x_wconf 88' lang='lat' dir='ltr'><strong>seu</strong></span> <span class='ocrx_word' id='word_1_64' title='bbox 2353 932 2589 991; x_wconf 90' lang='lat' dir='ltr'><strong>modum</strong></span> <span class='ocrx_word' id='word_1_65' title='bbox 2619 933 2720 991; x_wconf 91' lang='lat' dir='ltr'><strong>do-</strong></span> 
     </span>
     <span class='ocr_line' id='line_1_8' title="bbox 315 1011 2726 1091; baseline 0.001 -23"><span class='ocrx_word' id='word_1_66' title='bbox 315 1011 482 1070; x_wconf 89' lang='lat' dir='ltr'><strong>cendi</strong></span> <span class='ocrx_word' id='word_1_67' title='bbox 511 1012 918 1088; x_wconf 82' lang='lat' dir='ltr'><strong>obscuriorem,</strong></span> <span class='ocrx_word' id='word_1_68' title='bbox 951 1013 1332 1089; x_wconf 84' lang='lat' dir='ltr'><strong>symbolicum</strong></span> <span class='ocrx_word' id='word_1_69' title='bbox 1360 1022 1501 1091; x_wconf 89' lang='lat' dir='ltr'><strong>puta</strong></span> <span class='ocrx_word' id='word_1_70' title='bbox 1528 1022 1586 1072; x_wconf 91' lang='lat' dir='ltr'><strong>et</strong></span> <span class='ocrx_word' id='word_1_71' title='bbox 1633 1014 2076 1090; x_wconf 62' lang='lat' dir='ltr'><strong>aenigmaticum,</strong></span> <span class='ocrx_word' id='word_1_72' title='bbox 2123 1020 2326 1089; x_wconf 89' lang='lat' dir='ltr'><strong>postea</strong></span> <span class='ocrx_word' id='word_1_73' title='bbox 2369 1032 2471 1089; x_wconf 86' lang='lat' dir='ltr'><strong>per</strong></span> <span class='ocrx_word' id='word_1_74' title='bbox 2513 1016 2726 1084; x_wconf 59' lang='lat' dir='ltr'><strong>adomn-</strong></span> 
     </span>
     <span class='ocr_line' id='line_1_9' title="bbox 317 1091 2726 1170; baseline 0.002 -23"><span class='ocrx_word' id='word_1_75' title='bbox 317 1096 511 1165; x_wconf 70' lang='grc' dir='ltr'><strong>λινμὶυ,</strong></span> <span class='ocrx_word' id='word_1_76' title='bbox 541 1091 778 1150; x_wconf 90' lang='lat' dir='ltr'><strong>modum</strong></span> <span class='ocrx_word' id='word_1_77' title='bbox 807 1092 1053 1151; x_wconf 90' lang='lat' dir='ltr'><strong>docendi</strong></span> <span class='ocrx_word' id='word_1_78' title='bbox 1080 1093 1298 1152; x_wconf 88' lang='lat' dir='ltr'><strong>clarum</strong></span> <span class='ocrx_word' id='word_1_79' title='bbox 1327 1103 1385 1152; x_wconf 89' lang='lat' dir='ltr'><strong>et</strong></span> <span class='ocrx_word' id='word_1_80' title='bbox 1413 1102 1708 1170; x_wconf 88' lang='lat' dir='ltr'><strong>apertum;</strong></span> <span class='ocrx_word' id='word_1_81' title='bbox 1743 1093 1875 1153; x_wconf 91' lang='lat' dir='ltr'><strong>Non</strong></span> <span class='ocrx_word' id='word_1_82' title='bbox 1904 1093 2116 1151; x_wconf 84' lang='lat' dir='ltr'><strong>debent</strong></span> <span class='ocrx_word' id='word_1_83' title='bbox 2145 1111 2284 1168; x_wconf 91' lang='lat' dir='ltr'><strong>ergo</strong></span> <span class='ocrx_word' id='word_1_84' title='bbox 2322 1092 2418 1149; x_wconf 89' lang='lat' dir='ltr'><strong>hic</strong></span> <span class='ocrx_word' id='word_1_85' title='bbox 2452 1093 2726 1152; x_wconf 82' lang='lat' dir='ltr'><strong>confundi</strong></span> 
     </span>
     <span class='ocr_line' id='line_1_10' title="bbox 320 1169 1389 1246; baseline 0.003 -18"><span class='ocrx_word' id='word_1_86' title='bbox 320 1177 376 1228; x_wconf 72' lang='grc' dir='ltr'><strong>τὶ</strong></span> <span class='ocrx_word' id='word_1_87' title='bbox 403 1169 453 1228; x_wconf 65' lang='lat'><strong>‘31</strong></span> <span class='ocrx_word' id='word_1_88' title='bbox 480 1198 567 1228; x_wconf 74' lang='lat' dir='ltr'><em>w</em></span> <span class='ocrx_word' id='word_1_89' title='bbox 597 1177 653 1228; x_wconf 68' lang='grc' dir='ltr'><strong>τὸ</strong></span> <span class='ocrx_word' id='word_1_90' title='bbox 681 1177 829 1246; x_wconf 69' lang='grc' dir='ltr'><strong><em>ποῖον,</em></strong></span> <span class='ocrx_word' id='word_1_91' title='bbox 860 1193 952 1230; x_wconf 71' lang='lat' dir='ltr'><strong>res</strong></span> <span class='ocrx_word' id='word_1_92' title='bbox 980 1181 1038 1230; x_wconf 74' lang='lat' dir='ltr'><strong>et</strong></span> <span class='ocrx_word' id='word_1_93' title='bbox 1065 1175 1262 1231; x_wconf 76' lang='lat' dir='ltr'><strong>modus</strong></span> <span class='ocrx_word' id='word_1_94' title='bbox 1288 1173 1389 1231; x_wconf 67' lang='lat' dir='ltr'><strong>rei.</strong></span> 
     </span>
    </p>

    <p class='ocr_par' dir='ltr' id='par_1_3' title="bbox 309 1251 2729 2043">
     <span class='ocr_line' id='line_1_11' title="bbox 402 1251 2723 1330; baseline 0.001 -22"><span class='ocrx_word' id='word_1_95' title='bbox 402 1251 684 1309; x_wconf 86' lang='lat' dir='ltr'>XXVII.</span> <span class='ocrx_word' id='word_1_96' title='bbox 730 1251 912 1310; x_wconf 90' lang='lat' dir='ltr'><strong>Aliud</strong></span> <span class='ocrx_word' id='word_1_97' title='bbox 942 1261 1030 1310; x_wconf 89' lang='lat' dir='ltr'><strong>est</strong></span> <span class='ocrx_word' id='word_1_98' title='bbox 1058 1252 1247 1310; x_wconf 88' lang='lat' dir='ltr'><strong>foedus</strong></span> <span class='ocrx_word' id='word_1_99' title='bbox 1276 1253 1478 1329; x_wconf 81' lang='lat' dir='ltr'><strong>gratiae</strong></span> <span class='ocrx_word' id='word_1_100' title='bbox 1506 1253 1791 1328; x_wconf 86' lang='lat' dir='ltr'><strong>renovari,</strong></span> <span class='ocrx_word' id='word_1_101' title='bbox 1823 1261 1882 1312; x_wconf 90' lang='lat' dir='ltr'><strong>et</strong></span> <span class='ocrx_word' id='word_1_102' title='bbox 1909 1251 2208 1312; x_wconf 81' lang='lat' dir='ltr'><strong>illustriori</strong></span> <span class='ocrx_word' id='word_1_103' title='bbox 2236 1251 2410 1311; x_wconf 91' lang='lat' dir='ltr'><strong>modo</strong></span> <span class='ocrx_word' id='word_1_104' title='bbox 2438 1253 2683 1330; x_wconf 86' lang='lat' dir='ltr'><strong>proponi</strong></span> <span class='ocrx_word' id='word_1_105' title='bbox 2709 1277 2723 1329; x_wconf 79' lang='lat'>3</span> 
     </span>
     <span class='ocr_line' id='line_1_12' title="bbox 320 1330 2726 1410; baseline 0.002 -22"><span class='ocrx_word' id='word_1_106' title='bbox 320 1330 505 1389; x_wconf 92' lang='lat' dir='ltr'><strong>Aliud</strong></span> <span class='ocrx_word' id='word_1_107' title='bbox 535 1330 606 1388; x_wconf 92' lang='lat' dir='ltr'><strong>de</strong></span> <span class='ocrx_word' id='word_1_108' title='bbox 635 1350 787 1389; x_wconf 84' lang='lat' dir='ltr'><strong>novo</strong></span> <span class='ocrx_word' id='word_1_109' title='bbox 815 1330 956 1405; x_wconf 87' lang='lat' dir='ltr'><strong>fieri,</strong></span> <span class='ocrx_word' id='word_1_110' title='bbox 989 1350 1119 1390; x_wconf 87' lang='lat' dir='ltr'><strong>cum</strong></span> <span class='ocrx_word' id='word_1_111' title='bbox 1148 1341 1318 1390; x_wconf 88' lang='lat' dir='ltr'><strong>antea</strong></span> <span class='ocrx_word' id='word_1_112' title='bbox 1344 1352 1461 1389; x_wconf 90' lang='lat' dir='ltr'><strong>non</strong></span> <span class='ocrx_word' id='word_1_113' title='bbox 1488 1343 1669 1392; x_wconf 89' lang='lat' dir='ltr'><strong>esset:</strong></span> <span class='ocrx_word' id='word_1_114' title='bbox 1698 1334 1858 1410; x_wconf 90' lang='lat' dir='ltr'><strong>prius</strong></span> <span class='ocrx_word' id='word_1_115' title='bbox 1886 1332 2111 1406; x_wconf 89' lang='lat' dir='ltr'><strong>dicitur,</strong></span> <span class='ocrx_word' id='word_1_116' title='bbox 2143 1332 2185 1392; x_wconf 87' lang='lat' dir='ltr'>J</span> <span class='ocrx_word' id='word_1_117' title='bbox 2189 1352 2360 1390; x_wconf 90' lang='lat' dir='ltr'><strong>erem.</strong></span> <span class='ocrx_word' id='word_1_118' title='bbox 2393 1333 2578 1408; x_wconf 64' lang='lat' dir='ltr'><strong>xxxi„</strong></span> <span class='ocrx_word' id='word_1_119' title='bbox 2609 1353 2726 1392; x_wconf 89' lang='lat' dir='ltr'><strong>non</strong></span> 
     </span>
     <span class='ocr_line' id='line_1_13' title="bbox 314 1410 2724 1489; baseline 0.001 -22"><span class='ocrx_word' id='word_1_120' title='bbox 314 1410 615 1486; x_wconf 75' lang='lat' dir='ltr'><strong>posteriu5‚</strong></span> <span class='ocrx_word' id='word_1_121' title='bbox 646 1410 784 1486; x_wconf 91' lang='lat' dir='ltr'><strong>quia</strong></span> <span class='ocrx_word' id='word_1_122' title='bbox 810 1411 1069 1469; x_wconf 87' lang='lat' dir='ltr'><strong>clausula</strong></span> <span class='ocrx_word' id='word_1_123' title='bbox 1097 1410 1329 1470; x_wconf 84' lang='lat' dir='ltr'><strong>foederis</strong></span> <span class='ocrx_word' id='word_1_124' title='bbox 1357 1412 1558 1469; x_wconf 89' lang='lat' dir='ltr'><strong>eadem</strong></span> <span class='ocrx_word' id='word_1_125' title='bbox 1580 1413 1706 1489; x_wconf 89' lang='lat' dir='ltr'><strong>jam</strong></span> <span class='ocrx_word' id='word_1_126' title='bbox 1735 1413 1922 1489; x_wconf 87' lang='lat' dir='ltr'><strong>posita</strong></span> <span class='ocrx_word' id='word_1_127' title='bbox 1963 1411 2070 1470; x_wconf 88' lang='lat' dir='ltr'><strong>fuit</strong></span> <span class='ocrx_word' id='word_1_128' title='bbox 2098 1411 2158 1469; x_wconf 93' lang='lat' dir='ltr'><strong>in</strong></span> <span class='ocrx_word' id='word_1_129' title='bbox 2199 1411 2414 1471; x_wconf 85' lang='lat' dir='ltr'><strong>foedere</strong></span> <span class='ocrx_word' id='word_1_130' title='bbox 2457 1412 2724 1470; x_wconf 90' lang='lat' dir='ltr'><strong>Abraha-</strong></span> 
     </span>
     <span class='ocr_line' id='line_1_14' title="bbox 315 1489 2724 1568; baseline 0.002 -22"><span class='ocrx_word' id='word_1_131' title='bbox 315 1489 484 1564; x_wconf 78' lang='lat' dir='ltr'><strong>micO,</strong></span> <span class='ocrx_word' id='word_1_132' title='bbox 514 1509 621 1548; x_wconf 89' lang='lat' dir='ltr'><strong>nec</strong></span> <span class='ocrx_word' id='word_1_133' title='bbox 649 1490 943 1548; x_wconf 86' lang='lat' dir='ltr'><strong>insolitum</strong></span> <span class='ocrx_word' id='word_1_134' title='bbox 973 1499 1062 1548; x_wconf 87' lang='lat' dir='ltr'><strong>est</strong></span> <span class='ocrx_word' id='word_1_135' title='bbox 1089 1491 1149 1547; x_wconf 89' lang='lat' dir='ltr'><strong>in</strong></span> <span class='ocrx_word' id='word_1_136' title='bbox 1178 1491 1331 1568; x_wconf 85' lang='lat' dir='ltr'><strong>stylo</strong></span> <span class='ocrx_word' id='word_1_137' title='bbox 1365 1491 1675 1568; x_wconf 80' lang='lat' dir='ltr'><strong>Scripturae</strong></span> <span class='ocrx_word' id='word_1_138' title='bbox 1703 1491 1894 1550; x_wconf 82' lang='lat' dir='ltr'><strong>dicere</strong></span> <span class='ocrx_word' id='word_1_139' title='bbox 1921 1511 2042 1549; x_wconf 90' lang='lat' dir='ltr'><strong>rem</strong></span> <span class='ocrx_word' id='word_1_140' title='bbox 2071 1491 2324 1567; x_wconf 88' lang='lat' dir='ltr'><strong>aliquam</strong></span> <span class='ocrx_word' id='word_1_141' title='bbox 2368 1491 2510 1568; x_wconf 89' lang='lat' dir='ltr'><strong>fieri,</strong></span> <span class='ocrx_word' id='word_1_142' title='bbox 2542 1512 2724 1568; x_wconf 89' lang='lat' dir='ltr'><strong>quan-</strong></span> 
     </span>
     <span class='ocr_line' id='line_1_15' title="bbox 317 1568 2722 1647; baseline 0.002 -21"><span class='ocrx_word' id='word_1_143' title='bbox 317 1569 392 1626; x_wconf 91' lang='lat' dir='ltr'><strong>do</strong></span> <span class='ocrx_word' id='word_1_144' title='bbox 422 1569 632 1627; x_wconf 88' lang='lat' dir='ltr'><strong>clarius</strong></span> <span class='ocrx_word' id='word_1_145' title='bbox 661 1578 719 1627; x_wconf 89' lang='lat' dir='ltr'><strong>et</strong></span> <span class='ocrx_word' id='word_1_146' title='bbox 747 1568 1034 1628; x_wconf 88' lang='lat' dir='ltr'><strong>efficacius</strong></span> <span class='ocrx_word' id='word_1_147' title='bbox 1062 1570 1495 1646; x_wconf 81' lang='lat' dir='ltr'><strong>manifestatur3</strong></span> <span class='ocrx_word' id='word_1_148' title='bbox 1540 1572 1830 1647; x_wconf 88' lang='lat' dir='ltr'><strong>quomodo</strong></span> <span class='ocrx_word' id='word_1_149' title='bbox 1857 1573 2185 1628; x_wconf 80' lang='lat' dir='ltr'><strong>mandatum</strong></span> <span class='ocrx_word' id='word_1_150' title='bbox 2228 1571 2532 1629; x_wconf 72' lang='lat' dir='ltr'><strong>dilectionis</strong></span> <span class='ocrx_word' id='word_1_151' title='bbox 2580 1571 2722 1630; x_wconf 89' lang='lat' dir='ltr'><strong>dici-</strong></span> 
     </span>
     <span class='ocr_line' id='line_1_16' title="bbox 319 1649 2721 1728; baseline 0.001 -22"><span class='ocrx_word' id='word_1_152' title='bbox 319 1657 416 1706; x_wconf 82' lang='lat' dir='ltr'><strong>tur</strong></span> <span class='ocrx_word' id='word_1_153' title='bbox 436 1669 651 1723; x_wconf 82' lang='lat' dir='ltr'><strong>novum,</strong></span> <span class='ocrx_word' id='word_1_154' title='bbox 672 1650 715 1709; x_wconf 86' lang='lat' dir='ltr'>J</span> <span class='ocrx_word' id='word_1_155' title='bbox 719 1649 888 1707; x_wconf 90' lang='lat' dir='ltr'><strong>ohan.</strong></span> <span class='ocrx_word' id='word_1_156' title='bbox 907 1649 1032 1708; x_wconf 84' lang='lat' dir='ltr'><strong>xiii.</strong></span> <span class='ocrx_word' id='word_1_157' title='bbox 1052 1652 1149 1723; x_wconf 88' lang='lat'><strong>34,</strong></span> <span class='ocrx_word' id='word_1_158' title='bbox 1174 1658 1233 1708; x_wconf 88' lang='lat' dir='ltr'><strong>et</strong></span> <span class='ocrx_word' id='word_1_159' title='bbox 1265 1653 1294 1707; x_wconf 92' lang='lat'>1</span> <span class='ocrx_word' id='word_1_160' title='bbox 1319 1650 1362 1708; x_wconf 84' lang='lat' dir='ltr'><strong>J</strong></span> <span class='ocrx_word' id='word_1_161' title='bbox 1366 1650 1535 1708; x_wconf 89' lang='lat' dir='ltr'><strong>ohan.</strong></span> <span class='ocrx_word' id='word_1_162' title='bbox 1555 1650 1614 1708; x_wconf 90' lang='lat' dir='ltr'><strong>ii.</strong></span> <span class='ocrx_word' id='word_1_163' title='bbox 1646 1653 1700 1725; x_wconf 89' lang='lat'><strong>8,</strong></span> <span class='ocrx_word' id='word_1_164' title='bbox 1726 1670 1843 1708; x_wconf 90' lang='lat' dir='ltr'><strong>non</strong></span> <span class='ocrx_word' id='word_1_165' title='bbox 1860 1650 2140 1724; x_wconf 87' lang='lat' dir='ltr'><strong>absolute,</strong></span> <span class='ocrx_word' id='word_1_166' title='bbox 2165 1650 2302 1726; x_wconf 87' lang='lat' dir='ltr'><strong>quia</strong></span> <span class='ocrx_word' id='word_1_167' title='bbox 2321 1651 2445 1726; x_wconf 90' lang='lat' dir='ltr'><strong>jam</strong></span> <span class='ocrx_word' id='word_1_168' title='bbox 2463 1652 2721 1728; x_wconf 90' lang='lat' dir='ltr'><strong>proposi-</strong></span> 
     </span>
     <span class='ocr_line' id='line_1_17' title="bbox 322 1727 2729 1806; baseline 0.001 -22"><span class='ocrx_word' id='word_1_169' title='bbox 322 1736 446 1785; x_wconf 86' lang='lat' dir='ltr'><strong>tum</strong></span> <span class='ocrx_word' id='word_1_170' title='bbox 476 1727 583 1785; x_wconf 82' lang='lat' dir='ltr'><strong>fuit</strong></span> <span class='ocrx_word' id='word_1_171' title='bbox 612 1729 677 1786; x_wconf 91' lang='lat' dir='ltr'><strong>in</strong></span> <span class='ocrx_word' id='word_1_172' title='bbox 728 1729 905 1805; x_wconf 87' lang='lat' dir='ltr'><strong>Lege,</strong></span> <span class='ocrx_word' id='word_1_173' title='bbox 958 1728 1063 1787; x_wconf 86' lang='lat' dir='ltr'><strong>sed</strong></span> <span class='ocrx_word' id='word_1_174' title='bbox 1089 1730 1404 1788; x_wconf 86' lang='lat' dir='ltr'><strong>secundum</strong></span> <span class='ocrx_word' id='word_1_175' title='bbox 1452 1729 1610 1806; x_wconf 88' lang='lat' dir='ltr'><strong>quid,</strong></span> <span class='ocrx_word' id='word_1_176' title='bbox 1659 1730 1796 1806; x_wconf 89' lang='lat' dir='ltr'><strong>quia</strong></span> <span class='ocrx_word' id='word_1_177' title='bbox 1841 1728 1912 1787; x_wconf 91' lang='lat' dir='ltr'><strong>de</strong></span> <span class='ocrx_word' id='word_1_178' title='bbox 1954 1748 2108 1787; x_wconf 89' lang='lat' dir='ltr'><strong>novo</strong></span> <span class='ocrx_word' id='word_1_179' title='bbox 2152 1728 2519 1802; x_wconf 87' lang='lat' dir='ltr'><strong>inculcatum,</strong></span> <span class='ocrx_word' id='word_1_180' title='bbox 2558 1731 2729 1788; x_wconf 85' lang='lat' dir='ltr'><strong>novis</strong></span> 
     </span>
     <span class='ocr_line' id='line_1_18' title="bbox 311 1806 2720 1886; baseline 0.001 -23"><span class='ocrx_word' id='word_1_181' title='bbox 311 1806 610 1883; x_wconf 84' lang='lat' dir='ltr'><strong>promissis</strong></span> <span class='ocrx_word' id='word_1_182' title='bbox 638 1808 967 1883; x_wconf 85' lang='lat' dir='ltr'><strong>subnixum,</strong></span> <span class='ocrx_word' id='word_1_183' title='bbox 999 1816 1058 1866; x_wconf 88' lang='lat' dir='ltr'><strong>et</strong></span> <span class='ocrx_word' id='word_1_184' title='bbox 1097 1827 1251 1867; x_wconf 82' lang='lat' dir='ltr'><strong>novo</strong></span> <span class='ocrx_word' id='word_1_185' title='bbox 1280 1809 1546 1885; x_wconf 85' lang='lat' dir='ltr'><strong>exemplo</strong></span> <span class='ocrx_word' id='word_1_186' title='bbox 1589 1809 1894 1868; x_wconf 86' lang='lat' dir='ltr'><strong>sancitum.</strong></span> <span class='ocrx_word' id='word_1_187' title='bbox 1987 1808 2083 1866; x_wconf 79' lang='lat' dir='ltr'><strong>Sic</strong></span> <span class='ocrx_word' id='word_1_188' title='bbox 2133 1811 2171 1841; x_wconf 86' lang='lat'>“</span> <span class='ocrx_word' id='word_1_189' title='bbox 2198 1807 2385 1866; x_wconf 85' lang='lat' dir='ltr'><strong>virtus</strong></span> <span class='ocrx_word' id='word_1_190' title='bbox 2435 1808 2548 1866; x_wconf 90' lang='lat' dir='ltr'><strong>Dei</strong></span> <span class='ocrx_word' id='word_1_191' title='bbox 2595 1829 2720 1886; x_wconf 88' lang='lat' dir='ltr'><strong>per·</strong></span> 
     </span>
     <span class='ocr_line' id='line_1_19' title="bbox 310 1886 2722 1965; baseline 0.001 -22"><span class='ocrx_word' id='word_1_192' title='bbox 310 1886 440 1944; x_wconf 86' lang='lat' dir='ltr'><strong>fici”</strong></span> <span class='ocrx_word' id='word_1_193' title='bbox 468 1886 678 1945; x_wconf 91' lang='lat' dir='ltr'><strong>dicitur</strong></span> <span class='ocrx_word' id='word_1_194' title='bbox 707 1888 822 1944; x_wconf 90' lang='lat' dir='ltr'><strong>“in</strong></span> <span class='ocrx_word' id='word_1_195' title='bbox 843 1887 1231 1961; x_wconf 85' lang='lat' dir='ltr'><strong>infirmitate,’&#39;</strong></span> <span class='ocrx_word' id='word_1_196' title='bbox 1262 1892 1297 1946; x_wconf 84' lang='lat'><strong>2</strong></span> <span class='ocrx_word' id='word_1_197' title='bbox 1324 1889 1454 1946; x_wconf 86' lang='lat' dir='ltr'><strong>Cor.</strong></span> <span class='ocrx_word' id='word_1_198' title='bbox 1485 1887 1585 1947; x_wconf 84' lang='lat' dir='ltr'><strong>xii.</strong></span> <span class='ocrx_word' id='word_1_199' title='bbox 1608 1890 1664 1962; x_wconf 87' lang='lat'><strong>9,</strong></span> <span class='ocrx_word' id='word_1_200' title='bbox 1698 1887 1775 1948; x_wconf 90' lang='lat' dir='ltr'><strong>id.</strong></span> <span class='ocrx_word' id='word_1_201' title='bbox 1799 1886 2181 1946; x_wconf 85' lang='lat' dir='ltr'><strong>demonstrari</strong></span> <span class='ocrx_word' id='word_1_202' title='bbox 2204 1887 2473 1965; x_wconf 84' lang='lat' dir='ltr'><strong>perfecta,</strong></span> <span class='ocrx_word' id='word_1_203' title='bbox 2499 1897 2558 1946; x_wconf 86' lang='lat' dir='ltr'><strong>et</strong></span> <span class='ocrx_word' id='word_1_204' title='bbox 2579 1889 2722 1946; x_wconf 88' lang='lat' dir='ltr'><strong>ami-</strong></span> 
     </span>
     <span class='ocr_line' id='line_1_20' title="bbox 309 1965 2555 2043; baseline 0.001 -20"><span class='ocrx_word' id='word_1_205' title='bbox 309 1985 414 2024; x_wconf 91' lang='lat' dir='ltr'><strong>cus</strong></span> <span class='ocrx_word' id='word_1_206' title='bbox 441 1967 599 2023; x_wconf 89' lang='lat' dir='ltr'><strong>nasci</strong></span> <span class='ocrx_word' id='word_1_207' title='bbox 627 1966 690 2023; x_wconf 92' lang='lat' dir='ltr'><strong>in</strong></span> <span class='ocrx_word' id='word_1_208' title='bbox 714 1966 889 2025; x_wconf 89' lang='lat' dir='ltr'><strong>rebus</strong></span> <span class='ocrx_word' id='word_1_209' title='bbox 916 1966 1193 2042; x_wconf 84' lang='lat' dir='ltr'><strong>adversis,</strong></span> <span class='ocrx_word' id='word_1_210' title='bbox 1220 1975 1277 2026; x_wconf 89' lang='lat' dir='ltr'><strong>et</strong></span> <span class='ocrx_word' id='word_1_211' title='bbox 1305 1966 1488 2025; x_wconf 85' lang='lat' dir='ltr'><strong>stellae</strong></span> <span class='ocrx_word' id='word_1_212' title='bbox 1516 1967 1653 2025; x_wconf 88' lang='lat' dir='ltr'><strong>oriri</strong></span> <span class='ocrx_word' id='word_1_213' title='bbox 1677 1967 1797 2026; x_wconf 90' lang='lat' dir='ltr'><strong>sole</strong></span> <span class='ocrx_word' id='word_1_214' title='bbox 1825 1966 2139 2041; x_wconf 88' lang='lat' dir='ltr'><strong>occidente,</strong></span> <span class='ocrx_word' id='word_1_215' title='bbox 2172 1965 2250 2024; x_wconf 91' lang='lat' dir='ltr'><strong>id.</strong></span> <span class='ocrx_word' id='word_1_216' title='bbox 2280 1967 2555 2043; x_wconf 87' lang='lat' dir='ltr'><strong>patefieri.</strong></span> 
     </span>
    </p>

    <p class='ocr_par' dir='ltr' id='par_1_4' title="bbox 310 2045 2723 2760">
     <span class='ocr_line' id='line_1_21' title="bbox 392 2045 2717 2121; baseline 0.002 -19"><span class='ocrx_word' id='word_1_217' title='bbox 392 2045 712 2104; x_wconf 87' lang='lat' dir='ltr'>XXVIII.</span> <span class='ocrx_word' id='word_1_218' title='bbox 757 2045 941 2103; x_wconf 85' lang='lat' dir='ltr'><strong>Aliud</strong></span> <span class='ocrx_word' id='word_1_219' title='bbox 981 2055 1070 2104; x_wconf 86' lang='lat' dir='ltr'><strong>est</strong></span> <span class='ocrx_word' id='word_1_220' title='bbox 1099 2045 1391 2105; x_wconf 88' lang='lat' dir='ltr'><strong>Christum</strong></span> <span class='ocrx_word' id='word_1_221' title='bbox 1432 2046 1758 2105; x_wconf 87' lang='lat' dir='ltr'><strong>exhibitum</strong></span> <span class='ocrx_word' id='word_1_222' title='bbox 1805 2046 1865 2104; x_wconf 91' lang='lat' dir='ltr'><strong>in</strong></span> <span class='ocrx_word' id='word_1_223' title='bbox 1908 2066 2078 2104; x_wconf 90' lang='lat' dir='ltr'><strong>carne</strong></span> <span class='ocrx_word' id='word_1_224' title='bbox 2122 2065 2240 2104; x_wconf 91' lang='lat' dir='ltr'><strong>non</strong></span> <span class='ocrx_word' id='word_1_225' title='bbox 2269 2046 2483 2121; x_wconf 87' lang='lat' dir='ltr'><strong>videre,</strong></span> <span class='ocrx_word' id='word_1_226' title='bbox 2531 2046 2717 2107; x_wconf 91' lang='lat' dir='ltr'><strong>Aliud</strong></span> 
     </span>
     <span class='ocr_line' id='line_1_22' title="bbox 310 2124 2720 2203; baseline 0.002 -21"><span class='ocrx_word' id='word_1_227' title='bbox 310 2124 590 2183; x_wconf 85' lang='lat' dir='ltr'><strong>beneficia</strong></span> <span class='ocrx_word' id='word_1_228' title='bbox 616 2134 676 2184; x_wconf 91' lang='lat' dir='ltr'><strong>et</strong></span> <span class='ocrx_word' id='word_1_229' title='bbox 703 2125 920 2184; x_wconf 87' lang='lat' dir='ltr'><strong>fructus</strong></span> <span class='ocrx_word' id='word_1_230' title='bbox 948 2125 1076 2202; x_wconf 87' lang='lat' dir='ltr'><strong>ejus</strong></span> <span class='ocrx_word' id='word_1_231' title='bbox 1106 2125 1480 2184; x_wconf 88' lang='lat' dir='ltr'><strong>Mediationis</strong></span> <span class='ocrx_word' id='word_1_232' title='bbox 1506 2145 1625 2184; x_wconf 93' lang='lat' dir='ltr'><strong>non</strong></span> <span class='ocrx_word' id='word_1_233' title='bbox 1652 2125 1962 2203; x_wconf 89' lang='lat' dir='ltr'><strong>percipere.</strong></span> <span class='ocrx_word' id='word_1_234' title='bbox 2049 2125 2219 2184; x_wconf 88' lang='lat' dir='ltr'><strong>Prius</strong></span> <span class='ocrx_word' id='word_1_235' title='bbox 2244 2135 2519 2202; x_wconf 87' lang='lat' dir='ltr'><strong>negatum</strong></span> <span class='ocrx_word' id='word_1_236' title='bbox 2543 2125 2720 2187; x_wconf 88' lang='lat' dir='ltr'><strong>fuisse</strong></span> 
     </span>
     <span class='ocr_line' id='line_1_23' title="bbox 317 2203 2721 2283; baseline 0.002 -21"><span class='ocrx_word' id='word_1_237' title='bbox 317 2204 588 2264; x_wconf 90' lang='lat' dir='ltr'><strong>Patribus</strong></span> <span class='ocrx_word' id='word_1_238' title='bbox 618 2206 825 2264; x_wconf 86' lang='lat' dir='ltr'><strong>Petrus</strong></span> <span class='ocrx_word' id='word_1_239' title='bbox 866 2204 964 2278; x_wconf 87' lang='lat' dir='ltr'><strong>ait,</strong></span> <span class='ocrx_word' id='word_1_240' title='bbox 1000 2208 1067 2261; x_wconf 71' lang='lat'><strong>1⁸⁸</strong></span> <span class='ocrx_word' id='word_1_241' title='bbox 1096 2224 1221 2281; x_wconf 88' lang='lat' dir='ltr'><strong>cap.</strong></span> <span class='ocrx_word' id='word_1_242' title='bbox 1264 2207 1302 2264; x_wconf 93' lang='lat' dir='ltr'><strong>i.</strong></span> <span class='ocrx_word' id='word_1_243' title='bbox 1338 2208 1430 2281; x_wconf 87' lang='grc'><strong>12,</strong></span> <span class='ocrx_word' id='word_1_244' title='bbox 1478 2224 1658 2281; x_wconf 90' lang='lat' dir='ltr'><strong>quum</strong></span> <span class='ocrx_word' id='word_1_245' title='bbox 1706 2206 1788 2264; x_wconf 86' lang='lat' dir='ltr'><strong>ait</strong></span> <span class='ocrx_word' id='word_1_246' title='bbox 1831 2206 2150 2265; x_wconf 87' lang='lat' dir='ltr'><strong>revelatum</strong></span> <span class='ocrx_word' id='word_1_247' title='bbox 2194 2203 2373 2264; x_wconf 82' lang='lat' dir='ltr'><strong>fuisse</strong></span> <span class='ocrx_word' id='word_1_248' title='bbox 2417 2206 2576 2283; x_wconf 73' lang='lat' dir='ltr'><strong>ipsiS,</strong></span> <span class='ocrx_word' id='word_1_249' title='bbox 2621 2227 2721 2266; x_wconf 88' lang='lat' dir='ltr'><strong>eos</strong></span> 
     </span>
     <span class='ocr_line' id='line_1_24' title="bbox 315 2284 2723 2363; baseline 0.002 -22"><span class='ocrx_word' id='word_1_250' title='bbox 315 2303 432 2341; x_wconf 91' lang='lat' dir='ltr'><strong>non</strong></span> <span class='ocrx_word' id='word_1_251' title='bbox 461 2284 588 2359; x_wconf 87' lang='lat' dir='ltr'><strong>sibi,</strong></span> <span class='ocrx_word' id='word_1_252' title='bbox 620 2285 725 2343; x_wconf 88' lang='lat' dir='ltr'><strong>sed</strong></span> <span class='ocrx_word' id='word_1_253' title='bbox 764 2284 933 2343; x_wconf 89' lang='lat' dir='ltr'><strong>nobis</strong></span> <span class='ocrx_word' id='word_1_254' title='bbox 974 2285 1250 2361; x_wconf 86' lang='lat' dir='ltr'><strong>mysteria</strong></span> <span class='ocrx_word' id='word_1_255' title='bbox 1289 2284 1403 2344; x_wconf 88' lang='lat' dir='ltr'><strong>ista</strong></span> <span class='ocrx_word' id='word_1_256' title='bbox 1443 2284 1892 2359; x_wconf 87' lang='lat' dir='ltr'><strong>administrasse,</strong></span> <span class='ocrx_word' id='word_1_257' title='bbox 1937 2284 2073 2361; x_wconf 89' lang='lat' dir='ltr'><strong>quia</strong></span> <span class='ocrx_word' id='word_1_258' title='bbox 2113 2284 2326 2343; x_wconf 87' lang='lat' dir='ltr'><strong>nostris</strong></span> <span class='ocrx_word' id='word_1_259' title='bbox 2367 2285 2723 2363; x_wconf 89' lang='lat' dir='ltr'><strong>temporibus</strong></span> 
     </span>
     <span class='ocr_line' id='line_1_25' title="bbox 312 2362 2720 2442; baseline 0.002 -22"><span class='ocrx_word' id='word_1_260' title='bbox 312 2362 560 2438; x_wconf 91' lang='lat' dir='ltr'><strong>demum,</strong></span> <span class='ocrx_word' id='word_1_261' title='bbox 591 2384 708 2423; x_wconf 90' lang='lat' dir='ltr'><strong>non</strong></span> <span class='ocrx_word' id='word_1_262' title='bbox 752 2363 889 2438; x_wconf 89' lang='lat' dir='ltr'><strong>suis,</strong></span> <span class='ocrx_word' id='word_1_263' title='bbox 922 2363 1187 2423; x_wconf 87' lang='lat' dir='ltr'><strong>Christus</strong></span> <span class='ocrx_word' id='word_1_264' title='bbox 1229 2362 1686 2422; x_wconf 84' lang='lat' dir='ltr'><strong>manifestandus</strong></span> <span class='ocrx_word' id='word_1_265' title='bbox 1725 2364 1871 2439; x_wconf 87' lang='lat' dir='ltr'><strong>fuit;</strong></span> <span class='ocrx_word' id='word_1_266' title='bbox 1921 2362 2037 2422; x_wconf 89' lang='lat' dir='ltr'><strong>Sed</strong></span> <span class='ocrx_word' id='word_1_267' title='bbox 2077 2384 2194 2421; x_wconf 91' lang='lat' dir='ltr'><strong>non</strong></span> <span class='ocrx_word' id='word_1_268' title='bbox 2234 2374 2538 2442; x_wconf 89' lang='lat' dir='ltr'><strong>propterea</strong></span> <span class='ocrx_word' id='word_1_269' title='bbox 2578 2365 2720 2441; x_wconf 87' lang='lat' dir='ltr'><strong>ipsis</strong></span> 
     </span>
     <span class='ocr_line' id='line_1_26' title="bbox 312 2443 2721 2521; baseline 0.002 -21"><span class='ocrx_word' id='word_1_270' title='bbox 312 2443 660 2520; x_wconf 88' lang='lat' dir='ltr'><strong>denegatum</strong></span> <span class='ocrx_word' id='word_1_271' title='bbox 702 2443 811 2503; x_wconf 86' lang='lat' dir='ltr'><strong>fuit</strong></span> <span class='ocrx_word' id='word_1_272' title='bbox 850 2443 1153 2521; x_wconf 88' lang='lat' dir='ltr'><strong>posterius,</strong></span> <span class='ocrx_word' id='word_1_273' title='bbox 1199 2443 1337 2520; x_wconf 90' lang='lat' dir='ltr'><strong>quia</strong></span> <span class='ocrx_word' id='word_1_274' title='bbox 1363 2443 1550 2502; x_wconf 87' lang='lat' dir='ltr'><strong>virtus</strong></span> <span class='ocrx_word' id='word_1_275' title='bbox 1591 2445 1794 2503; x_wconf 88' lang='lat' dir='ltr'><strong>mortis</strong></span> <span class='ocrx_word' id='word_1_276' title='bbox 1837 2443 2050 2501; x_wconf 88' lang='lat' dir='ltr'><strong>Christi</strong></span> <span class='ocrx_word' id='word_1_277' title='bbox 2099 2444 2472 2521; x_wconf 86' lang='lat' dir='ltr'><strong>quantumvis</strong></span> <span class='ocrx_word' id='word_1_278' title='bbox 2515 2444 2721 2505; x_wconf 72' lang='lat' dir='ltr'><strong>futurae</strong></span> 
     </span>
     <span class='ocr_line' id='line_1_27' title="bbox 310 2522 2721 2600; baseline 0.001 -19"><span class='ocrx_word' id='word_1_279' title='bbox 310 2522 620 2581; x_wconf 88' lang='lat' dir='ltr'><strong>efficaciam</strong></span> <span class='ocrx_word' id='word_1_280' title='bbox 650 2543 813 2582; x_wconf 88' lang='lat' dir='ltr'><strong>suam</strong></span> <span class='ocrx_word' id='word_1_281' title='bbox 841 2543 1075 2582; x_wconf 82' lang='lat' dir='ltr'><strong>exerere</strong></span> <span class='ocrx_word' id='word_1_282' title='bbox 1103 2523 1292 2599; x_wconf 84' lang='lat' dir='ltr'><strong>potuit</strong></span> <span class='ocrx_word' id='word_1_283' title='bbox 1329 2542 1467 2600; x_wconf 87' lang='lat' dir='ltr'><strong>erga</strong></span> <span class='ocrx_word' id='word_1_284' title='bbox 1507 2523 1665 2600; x_wconf 90' lang='lat' dir='ltr'><strong>ipsos</strong></span> <span class='ocrx_word' id='word_1_285' title='bbox 1706 2523 1782 2581; x_wconf 91' lang='lat' dir='ltr'><strong>ad</strong></span> <span class='ocrx_word' id='word_1_286' title='bbox 1822 2523 2212 2600; x_wconf 85' lang='lat' dir='ltr'><strong>expiationem</strong></span> <span class='ocrx_word' id='word_1_287' title='bbox 2253 2533 2619 2600; x_wconf 83' lang='lat' dir='ltr'><strong>peccatorum</strong></span> <span class='ocrx_word' id='word_1_288' title='bbox 2661 2534 2721 2584; x_wconf 87' lang='lat' dir='ltr'><strong>et</strong></span> 
     </span>
     <span class='ocr_line' id='line_1_28' title="bbox 316 2602 2719 2683; baseline 0.002 -22"><span class='ocrx_word' id='word_1_289' title='bbox 316 2623 516 2680; x_wconf 87' lang='lat' dir='ltr'><strong>pacem</strong></span> <span class='ocrx_word' id='word_1_290' title='bbox 545 2603 909 2663; x_wconf 74' lang='lat' dir='ltr'><strong>conscientiae</strong></span> <span class='ocrx_word' id='word_1_291' title='bbox 931 2603 1320 2681; x_wconf 86' lang='lat' dir='ltr'><strong>obtinendam,</strong></span> <span class='ocrx_word' id='word_1_292' title='bbox 1345 2603 1635 2682; x_wconf 89' lang='lat' dir='ltr'><strong>quomodo</strong></span> <span class='ocrx_word' id='word_1_293' title='bbox 1664 2623 1852 2665; x_wconf 80' lang='lat' dir='ltr'><strong>causae</strong></span> <span class='ocrx_word' id='word_1_294' title='bbox 1881 2604 2127 2663; x_wconf 84' lang='lat' dir='ltr'><strong>morales</strong></span> <span class='ocrx_word' id='word_1_295' title='bbox 2144 2602 2333 2663; x_wconf 86' lang='lat' dir='ltr'><strong>solent</strong></span> <span class='ocrx_word' id='word_1_296' title='bbox 2361 2624 2532 2683; x_wconf 86' lang='lat' dir='ltr'><strong>agere</strong></span> <span class='ocrx_word' id='word_1_297' title='bbox 2562 2612 2719 2665; x_wconf 87' lang='lat' dir='ltr'><strong>ante·</strong></span> 
     </span>
     <span class='ocr_line' id='line_1_29' title="bbox 319 2685 656 2760; baseline 0.009 -19"><span class='ocrx_word' id='word_1_298' title='bbox 319 2703 494 2760; x_wconf 85' lang='lat' dir='ltr'><strong>quam</strong></span> <span class='ocrx_word' id='word_1_299' title='bbox 524 2685 656 2744; x_wconf 88' lang='lat' dir='ltr'><strong>sint.</strong></span> 
     </span>
    </p>

    <p class='ocr_par' dir='ltr' id='par_1_5' title="bbox 310 2764 2724 3480">
     <span class='ocr_line' id='line_1_30' title="bbox 396 2764 2716 2845; baseline 0.002 -24"><span class='ocrx_word' id='word_1_300' title='bbox 396 2764 655 2823; x_wconf 84' lang='lat' dir='ltr'>XXIX.</span> <span class='ocrx_word' id='word_1_301' title='bbox 700 2765 829 2823; x_wconf 88' lang='lat' dir='ltr'><strong>Etsi</strong></span> <span class='ocrx_word' id='word_1_302' title='bbox 860 2765 1021 2824; x_wconf 90' lang='lat' dir='ltr'><strong>Deus</strong></span> <span class='ocrx_word' id='word_1_303' title='bbox 1048 2766 1256 2825; x_wconf 92' lang='lat' dir='ltr'><strong>melius</strong></span> <span class='ocrx_word' id='word_1_304' title='bbox 1284 2766 1427 2844; x_wconf 89' lang='lat' dir='ltr'><strong>quid</strong></span> <span class='ocrx_word' id='word_1_305' title='bbox 1464 2766 1720 2844; x_wconf 86' lang='lat' dir='ltr'><strong>providit</strong></span> <span class='ocrx_word' id='word_1_306' title='bbox 1761 2788 1864 2845; x_wconf 90' lang='lat' dir='ltr'><strong>pro</strong></span> <span class='ocrx_word' id='word_1_307' title='bbox 1892 2766 2061 2826; x_wconf 89' lang='lat' dir='ltr'><strong>nobis</strong></span> <span class='ocrx_word' id='word_1_308' title='bbox 2088 2786 2207 2845; x_wconf 81' lang='lat' dir='ltr'><strong>prae</strong></span> <span class='ocrx_word' id='word_1_309' title='bbox 2240 2767 2510 2826; x_wconf 89' lang='lat' dir='ltr'><strong>Patribus</strong></span> <span class='ocrx_word' id='word_1_310' title='bbox 2539 2767 2716 2826; x_wconf 90' lang='lat' dir='ltr'><strong>Vete-</strong></span> 
     </span>
     <span class='ocr_line' id='line_1_31' title="bbox 316 2843 2718 2924; baseline 0.002 -23"><span class='ocrx_word' id='word_1_311' title='bbox 316 2843 396 2901; x_wconf 88' lang='lat' dir='ltr'><strong>ris</strong></span> <span class='ocrx_word' id='word_1_312' title='bbox 408 2843 778 2919; x_wconf 87' lang='lat' dir='ltr'><strong>Testamenti,</strong></span> <span class='ocrx_word' id='word_1_313' title='bbox 806 2846 959 2904; x_wconf 90' lang='lat' dir='ltr'><strong>Heb.</strong></span> <span class='ocrx_word' id='word_1_314' title='bbox 983 2845 1062 2904; x_wconf 87' lang='lat' dir='ltr'><strong>xi.</strong></span> <span class='ocrx_word' id='word_1_315' title='bbox 1088 2848 1182 2921; x_wconf 86' lang='lat'><strong>39,</strong></span> <span class='ocrx_word' id='word_1_316' title='bbox 1204 2849 1300 2921; x_wconf 84' lang='lat'><strong>40,</strong></span> <span class='ocrx_word' id='word_1_317' title='bbox 1321 2847 1513 2923; x_wconf 90' lang='lat' dir='ltr'><strong>quoad</strong></span> <span class='ocrx_word' id='word_1_318' title='bbox 1535 2848 2016 2924; x_wconf 88' lang='lat' dir='ltr'><strong>complementum</strong></span> <span class='ocrx_word' id='word_1_319' title='bbox 2040 2847 2499 2924; x_wconf 88' lang='lat' dir='ltr'><strong>promissionum,</strong></span> <span class='ocrx_word' id='word_1_320' title='bbox 2525 2857 2584 2905; x_wconf 91' lang='lat' dir='ltr'><strong>et</strong></span> <span class='ocrx_word' id='word_1_321' title='bbox 2601 2866 2718 2905; x_wconf 90' lang='lat' dir='ltr'><strong>ma-</strong></span> 
     </span>
     <span class='ocr_line' id='line_1_32' title="bbox 321 2922 2721 3003; baseline 0.002 -23"><span class='ocrx_word' id='word_1_322' title='bbox 321 2922 746 2983; x_wconf 85' lang='lat' dir='ltr'><strong>nifestationem</strong></span> <span class='ocrx_word' id='word_1_323' title='bbox 777 2925 1044 2983; x_wconf 64' lang='lat' dir='ltr'><strong>Messias:</strong></span> <span class='ocrx_word' id='word_1_324' title='bbox 1090 2946 1205 3002; x_wconf 88' lang='lat' dir='ltr'><strong>quo</strong></span> <span class='ocrx_word' id='word_1_325' title='bbox 1234 2946 1408 2985; x_wconf 88' lang='lat' dir='ltr'><strong>sensu</strong></span> <span class='ocrx_word' id='word_1_326' title='bbox 1434 2927 1591 2986; x_wconf 88' lang='lat' dir='ltr'><strong>beati</strong></span> <span class='ocrx_word' id='word_1_327' title='bbox 1634 2927 1904 2987; x_wconf 89' lang='lat' dir='ltr'><strong>dicuntur</strong></span> <span class='ocrx_word' id='word_1_328' title='bbox 1943 2927 2095 2985; x_wconf 89' lang='lat' dir='ltr'><strong>oculi</strong></span> <span class='ocrx_word' id='word_1_329' title='bbox 2144 2927 2574 3003; x_wconf 87' lang='lat' dir='ltr'><strong>discipulorum,</strong></span> <span class='ocrx_word' id='word_1_330' title='bbox 2619 2927 2721 3003; x_wconf 91' lang='lat' dir='ltr'><strong>qui</strong></span> 
     </span>
     <span class='ocr_line' id='line_1_33' title="bbox 312 3003 2720 3082; baseline 0.001 -22"><span class='ocrx_word' id='word_1_331' title='bbox 312 3003 596 3063; x_wconf 76' lang='lat' dir='ltr'><strong>videbant</strong></span> <span class='ocrx_word' id='word_1_332' title='bbox 622 3024 690 3063; x_wconf 90' lang='lat' dir='ltr'><strong>ea</strong></span> <span class='ocrx_word' id='word_1_333' title='bbox 711 3024 840 3081; x_wconf 78' lang='lat' dir='ltr'><strong>quse</strong></span> <span class='ocrx_word' id='word_1_334' title='bbox 870 3005 1065 3082; x_wconf 87' lang='lat' dir='ltr'><strong>Reges</strong></span> <span class='ocrx_word' id='word_1_335' title='bbox 1087 3013 1427 3081; x_wconf 84' lang='lat' dir='ltr'><strong>optaverant</strong></span> <span class='ocrx_word' id='word_1_336' title='bbox 1455 3005 1670 3080; x_wconf 85' lang='lat' dir='ltr'><strong>videre,</strong></span> <span class='ocrx_word' id='word_1_337' title='bbox 1696 3014 1753 3065; x_wconf 88' lang='lat' dir='ltr'><strong>et</strong></span> <span class='ocrx_word' id='word_1_338' title='bbox 1780 3026 1896 3065; x_wconf 88' lang='lat' dir='ltr'><strong>non</strong></span> <span class='ocrx_word' id='word_1_339' title='bbox 1913 3006 2196 3079; x_wconf 78' lang='lat' dir='ltr'><strong>viderant,</strong></span> <span class='ocrx_word' id='word_1_340' title='bbox 2229 3006 2370 3064; x_wconf 92' lang='lat' dir='ltr'><strong>Luc.</strong></span> <span class='ocrx_word' id='word_1_341' title='bbox 2401 3026 2460 3064; x_wconf 84' lang='lat' dir='ltr'><strong>x.</strong></span> <span class='ocrx_word' id='word_1_342' title='bbox 2491 3009 2587 3081; x_wconf 86' lang='grc'><strong>23,</strong></span> <span class='ocrx_word' id='word_1_343' title='bbox 2613 3009 2688 3063; x_wconf 83' lang='grc'><strong>24</strong></span> <span class='ocrx_word' id='word_1_344' title='bbox 2703 3028 2720 3081; x_wconf 84' lang='grc'><strong>;</strong></span> 
     </span>
     <span class='ocr_line' id='line_1_34' title="bbox 320 3083 2724 3161; baseline 0 -20"><span class='ocrx_word' id='word_1_345' title='bbox 320 3083 453 3142; x_wconf 89' lang='lat' dir='ltr'><strong>Non</strong></span> <span class='ocrx_word' id='word_1_346' title='bbox 482 3085 740 3161; x_wconf 88' lang='lat' dir='ltr'><strong>sequitur</strong></span> <span class='ocrx_word' id='word_1_347' title='bbox 765 3104 882 3143; x_wconf 91' lang='lat' dir='ltr'><strong>non</strong></span> <span class='ocrx_word' id='word_1_348' title='bbox 923 3084 1195 3142; x_wconf 90' lang='lat' dir='ltr'><strong>habuisse</strong></span> <span class='ocrx_word' id='word_1_349' title='bbox 1225 3083 1466 3142; x_wconf 89' lang='lat' dir='ltr'><strong>eandem</strong></span> <span class='ocrx_word' id='word_1_350' title='bbox 1494 3085 1797 3143; x_wconf 85' lang='lat' dir='ltr'><strong>nobiscum</strong></span> <span class='ocrx_word' id='word_1_351' title='bbox 1837 3085 2069 3143; x_wconf 83' lang='lat' dir='ltr'><strong>soederis</strong></span> <span class='ocrx_word' id='word_1_352' title='bbox 2099 3084 2496 3159; x_wconf 86' lang='lat' dir='ltr'><strong>substantiam,</strong></span> <span class='ocrx_word' id='word_1_353' title='bbox 2540 3104 2724 3160; x_wconf 88' lang='lat' dir='ltr'><strong>quan-</strong></span> 
     </span>
     <span class='ocr_line' id='line_1_35' title="bbox 318 3163 2719 3241; baseline 0 -21"><span class='ocrx_word' id='word_1_354' title='bbox 318 3163 633 3240; x_wconf 89' lang='lat' dir='ltr'><strong>doquidem</strong></span> <span class='ocrx_word' id='word_1_355' title='bbox 678 3163 839 3223; x_wconf 91' lang='lat' dir='ltr'><strong>Deus</strong></span> <span class='ocrx_word' id='word_1_356' title='bbox 865 3164 1120 3241; x_wconf 89' lang='lat' dir='ltr'><strong>ipsorum</strong></span> <span class='ocrx_word' id='word_1_357' title='bbox 1148 3183 1265 3221; x_wconf 93' lang='lat' dir='ltr'><strong>non</strong></span> <span class='ocrx_word' id='word_1_358' title='bbox 1293 3164 1482 3222; x_wconf 89' lang='lat' dir='ltr'><strong>minus</strong></span> <span class='ocrx_word' id='word_1_359' title='bbox 1511 3183 1578 3221; x_wconf 89' lang='lat' dir='ltr'><strong>ac</strong></span> <span class='ocrx_word' id='word_1_360' title='bbox 1621 3172 1817 3221; x_wconf 90' lang='lat' dir='ltr'><strong>noster</strong></span> <span class='ocrx_word' id='word_1_361' title='bbox 1844 3182 1970 3221; x_wconf 89' lang='lat' dir='ltr'><strong>esse</strong></span> <span class='ocrx_word' id='word_1_362' title='bbox 2000 3163 2218 3222; x_wconf 85' lang='lat' dir='ltr'><strong>voluit:</strong></span> <span class='ocrx_word' id='word_1_363' title='bbox 2265 3163 2553 3221; x_wconf 89' lang='lat' dir='ltr'><strong>Dicuntur</strong></span> <span class='ocrx_word' id='word_1_364' title='bbox 2579 3183 2719 3240; x_wconf 87' lang='lat' dir='ltr'><strong>ergo</strong></span> 
     </span>
     <span class='ocr_line' id='line_1_36' title="bbox 314 3240 2717 3325; baseline -0 -24"><span class='ocrx_word' id='word_1_365' title='bbox 314 3264 429 3301; x_wconf 77' lang='lat' dir='ltr'><strong>non</strong></span> <span class='ocrx_word' id='word_1_366' title='bbox 456 3245 824 3302; x_wconf 74' lang='lat' dir='ltr'><strong>consummati</strong></span> <span class='ocrx_word' id='word_1_367' title='bbox 837 3245 955 3302; x_wconf 81' lang='lat' dir='ltr'><strong>sine</strong></span> <span class='ocrx_word' id='word_1_368' title='bbox 971 3243 1139 3319; x_wconf 76' lang='lat' dir='ltr'><strong>nobis,</strong></span> <span class='ocrx_word' id='word_1_369' title='bbox 1160 3247 1311 3325; x_wconf 63' lang='lat' dir='ltr'><strong>xugk</strong></span> <span class='ocrx_word' id='word_1_370' title='bbox 1339 3244 1483 3318; x_wconf 69' lang='grc' dir='ltr'><strong><em>ἧμῢυ,</em></strong></span> <span class='ocrx_word' id='word_1_371' title='bbox 1507 3242 1587 3302; x_wconf 93' lang='lat' dir='ltr'><strong>id.</strong></span> <span class='ocrx_word' id='word_1_372' title='bbox 1616 3243 1847 3301; x_wconf 77' lang='lat' dir='ltr'><strong>seorsim</strong></span> <span class='ocrx_word' id='word_1_373' title='bbox 1867 3262 1906 3300; x_wconf 85' lang='lat' dir='ltr'><strong>a</strong></span> <span class='ocrx_word' id='word_1_374' title='bbox 1927 3242 2095 3317; x_wconf 81' lang='lat' dir='ltr'><strong>nobis,</strong></span> <span class='ocrx_word' id='word_1_375' title='bbox 2117 3241 2254 3318; x_wconf 86' lang='lat' dir='ltr'><strong>quia</strong></span> <span class='ocrx_word' id='word_1_376' title='bbox 2269 3240 2473 3299; x_wconf 88' lang='lat' dir='ltr'><strong>eodem</strong></span> <span class='ocrx_word' id='word_1_377' title='bbox 2494 3242 2717 3318; x_wconf 82' lang='lat' dir='ltr'><strong>meritc,</strong></span> 
     </span>
     <span class='ocr_line' id='line_1_37' title="bbox 316 3320 2719 3400; baseline 0.001 -21"><span class='ocrx_word' id='word_1_378' title='bbox 316 3321 518 3380; x_wconf 88' lang='lat' dir='ltr'><strong>eadem</strong></span> <span class='ocrx_word' id='word_1_379' title='bbox 554 3323 783 3400; x_wconf 86' lang='lat' dir='ltr'><strong>justitia</strong></span> <span class='ocrx_word' id='word_1_380' title='bbox 811 3332 869 3382; x_wconf 86' lang='lat' dir='ltr'><strong>et</strong></span> <span class='ocrx_word' id='word_1_381' title='bbox 911 3323 1097 3400; x_wconf 91' lang='lat' dir='ltr'><strong>gratia</strong></span> <span class='ocrx_word' id='word_1_382' title='bbox 1126 3323 1342 3382; x_wconf 84' lang='lat' dir='ltr'><strong>Christi</strong></span> <span class='ocrx_word' id='word_1_383' title='bbox 1383 3322 1598 3381; x_wconf 86' lang='lat' dir='ltr'><strong>servati</strong></span> <span class='ocrx_word' id='word_1_384' title='bbox 1640 3329 1791 3397; x_wconf 87' lang='lat' dir='ltr'><strong>sunt,</strong></span> <span class='ocrx_word' id='word_1_385' title='bbox 1838 3320 1941 3380; x_wconf 90' lang='lat' dir='ltr'><strong>sed</strong></span> <span class='ocrx_word' id='word_1_386' title='bbox 1980 3328 2291 3399; x_wconf 86' lang='lat' dir='ltr'><strong>potuerunt</strong></span> <span class='ocrx_word' id='word_1_387' title='bbox 2334 3323 2719 3382; x_wconf 84' lang='lat' dir='ltr'><strong>consummari</strong></span> 
     </span>
     <span class='ocr_line' id='line_1_38' title="bbox 310 3402 1492 3480; baseline 0.002 -20"><span class='ocrx_word' id='word_1_388' title='bbox 310 3411 447 3461; x_wconf 79' lang='lat' dir='ltr'><strong>ante</strong></span> <span class='ocrx_word' id='word_1_389' title='bbox 474 3424 591 3478; x_wconf 77' lang='lat' dir='ltr'><strong>nos,</strong></span> <span class='ocrx_word' id='word_1_390' title='bbox 620 3402 840 3461; x_wconf 85' lang='lat' dir='ltr'><strong>ratione</strong></span> <span class='ocrx_word' id='word_1_391' title='bbox 869 3403 1088 3462; x_wconf 89' lang='lat' dir='ltr'><strong>ordinis</strong></span> <span class='ocrx_word' id='word_1_392' title='bbox 1116 3412 1174 3462; x_wconf 91' lang='lat' dir='ltr'><strong>et</strong></span> <span class='ocrx_word' id='word_1_393' title='bbox 1202 3403 1492 3480; x_wconf 87' lang='lat' dir='ltr'><strong>temporis.</strong></span> 
     </span>
    </p>

    <p class='ocr_par' dir='ltr' id='par_1_6' title="bbox 310 3481 2721 4196">
     <span class='ocr_line' id='line_1_39' title="bbox 404 3481 2721 3560; baseline 0.001 -21"><span class='ocrx_word' id='word_1_394' title='bbox 404 3482 628 3541; x_wconf 88' lang='lat' dir='ltr'>XXX.</span> <span class='ocrx_word' id='word_1_395' title='bbox 676 3482 957 3556; x_wconf 82' lang='lat' dir='ltr'><strong>Quamvis</strong></span> <span class='ocrx_word' id='word_1_396' title='bbox 1007 3482 1271 3541; x_wconf 89' lang='lat' dir='ltr'><strong>Christus</strong></span> <span class='ocrx_word' id='word_1_397' title='bbox 1315 3483 1496 3542; x_wconf 85' lang='lat' dir='ltr'><strong>vitam</strong></span> <span class='ocrx_word' id='word_1_398' title='bbox 1541 3490 1600 3541; x_wconf 88' lang='lat' dir='ltr'><strong>et</strong></span> <span class='ocrx_word' id='word_1_399' title='bbox 1647 3482 2133 3541; x_wconf 88' lang='lat' dir='ltr'><strong>immortalitatem</strong></span> <span class='ocrx_word' id='word_1_400' title='bbox 2182 3501 2285 3560; x_wconf 88' lang='lat' dir='ltr'><strong>per</strong></span> <span class='ocrx_word' id='word_1_401' title='bbox 2332 3481 2721 3559; x_wconf 81' lang='lat' dir='ltr'><strong>Evangeliutn</strong></span> 
     </span>
     <span class='ocr_line' id='line_1_40' title="bbox 312 3561 2717 3639; baseline 0.001 -21"><span class='ocrx_word' id='word_1_402' title='bbox 312 3561 654 3639; x_wconf 82' lang='lat' dir='ltr'><strong>produxerit</strong></span> <span class='ocrx_word' id='word_1_403' title='bbox 692 3562 755 3619; x_wconf 90' lang='lat' dir='ltr'><strong>in</strong></span> <span class='ocrx_word' id='word_1_404' title='bbox 795 3561 1000 3636; x_wconf 88' lang='lat' dir='ltr'><strong>lucem,</strong></span> <span class='ocrx_word' id='word_1_405' title='bbox 1046 3565 1082 3620; x_wconf 83' lang='lat'><strong>2</strong></span> <span class='ocrx_word' id='word_1_406' title='bbox 1113 3562 1260 3620; x_wconf 85' lang='lat' dir='ltr'><strong>Tim.</strong></span> <span class='ocrx_word' id='word_1_407' title='bbox 1303 3562 1342 3621; x_wconf 93' lang='lat' dir='ltr'><strong>i.</strong></span> <span class='ocrx_word' id='word_1_408' title='bbox 1378 3565 1468 3637; x_wconf 90' lang='lat'><strong>10,</strong></span> <span class='ocrx_word' id='word_1_409' title='bbox 1501 3583 1618 3621; x_wconf 92' lang='lat' dir='ltr'><strong>non</strong></span> <span class='ocrx_word' id='word_1_410' title='bbox 1661 3562 1919 3639; x_wconf 88' lang='lat' dir='ltr'><strong>sequitur</strong></span> <span class='ocrx_word' id='word_1_411' title='bbox 1947 3562 2238 3639; x_wconf 86' lang='lat' dir='ltr'><strong>cognitam</strong></span> <span class='ocrx_word' id='word_1_412' title='bbox 2267 3582 2382 3619; x_wconf 92' lang='lat' dir='ltr'><strong>non</strong></span> <span class='ocrx_word' id='word_1_413' title='bbox 2411 3561 2586 3621; x_wconf 89' lang='lat' dir='ltr'><strong>fuisse</strong></span> <span class='ocrx_word' id='word_1_414' title='bbox 2615 3562 2717 3621; x_wconf 86' lang='lat' dir='ltr'><strong>ab-</strong></span> 
     </span>
     <span class='ocr_line' id='line_1_41' title="bbox 310 3641 2720 3718; baseline 0 -18"><span class='ocrx_word' id='word_1_415' title='bbox 310 3641 499 3700; x_wconf 85' lang='lat' dir='ltr'><strong>solute</strong></span> <span class='ocrx_word' id='word_1_416' title='bbox 529 3642 637 3700; x_wconf 90' lang='lat' dir='ltr'><strong>sub</strong></span> <span class='ocrx_word' id='word_1_417' title='bbox 659 3641 862 3700; x_wconf 90' lang='lat' dir='ltr'><strong>Veteri</strong></span> <span class='ocrx_word' id='word_1_418' title='bbox 883 3642 1284 3718; x_wconf 79' lang='lat' dir='ltr'><strong>Testament03</strong></span> <span class='ocrx_word' id='word_1_419' title='bbox 1329 3641 1480 3717; x_wconf 88' lang='lat' dir='ltr'><strong>Quia</strong></span> <span class='ocrx_word' id='word_1_420' title='bbox 1511 3645 1562 3700; x_wconf 92' lang='lat'><strong>1.</strong></span> <span class='ocrx_word' id='word_1_421' title='bbox 1597 3643 1814 3701; x_wconf 89' lang='lat' dir='ltr'><strong>Paulus</strong></span> <span class='ocrx_word' id='word_1_422' title='bbox 1841 3661 1959 3699; x_wconf 91' lang='lat' dir='ltr'><strong>non</strong></span> <span class='ocrx_word' id='word_1_423' title='bbox 1985 3642 2241 3718; x_wconf 87' lang='lat' dir='ltr'><strong>loquitur</strong></span> <span class='ocrx_word' id='word_1_424' title='bbox 2268 3641 2340 3700; x_wconf 91' lang='lat' dir='ltr'><strong>de</strong></span> <span class='ocrx_word' id='word_1_425' title='bbox 2369 3643 2634 3702; x_wconf 87' lang='lat' dir='ltr'><strong>absoluta</strong></span> <span class='ocrx_word' id='word_1_426' title='bbox 2662 3651 2720 3701; x_wconf 91' lang='lat' dir='ltr'><strong>et</strong></span> 
     </span>
     <span class='ocr_line' id='line_1_42' title="bbox 318 3720 2715 3799; baseline 0.001 -21"><span class='ocrx_word' id='word_1_427' title='bbox 318 3721 568 3799; x_wconf 88' lang='lat' dir='ltr'><strong>simplici</strong></span> <span class='ocrx_word' id='word_1_428' title='bbox 595 3720 1056 3780; x_wconf 85' lang='lat' dir='ltr'><strong>manifestatione</strong></span> <span class='ocrx_word' id='word_1_429' title='bbox 1083 3722 1233 3779; x_wconf 86' lang='lat' dir='ltr'><strong>inter</strong></span> <span class='ocrx_word' id='word_1_430' title='bbox 1260 3741 1476 3797; x_wconf 88' lang='lat' dir='ltr'><strong>omnes,</strong></span> <span class='ocrx_word' id='word_1_431' title='bbox 1509 3721 1614 3780; x_wconf 87' lang='lat' dir='ltr'><strong>sed</strong></span> <span class='ocrx_word' id='word_1_432' title='bbox 1635 3723 1779 3780; x_wconf 79' lang='lat' dir='ltr'><strong>inter</strong></span> <span class='ocrx_word' id='word_1_433' title='bbox 1800 3731 2022 3797; x_wconf 68' lang='lat' dir='ltr'><strong>yeme-33</strong></span> <span class='ocrx_word' id='word_1_434' title='bbox 2113 3720 2283 3780; x_wconf 91' lang='lat' dir='ltr'><strong>Unde</strong></span> <span class='ocrx_word' id='word_1_435' title='bbox 2313 3721 2507 3780; x_wconf 88' lang='lat' dir='ltr'><strong>statim</strong></span> <span class='ocrx_word' id='word_1_436' title='bbox 2536 3722 2715 3796; x_wconf 85' lang='lat' dir='ltr'><strong>addit,</strong></span> 
     </span>
     <span class='ocr_line' id='line_1_43' title="bbox 318 3800 2718 3878; baseline 0.001 -20"><span class='ocrx_word' id='word_1_437' title='bbox 318 3801 461 3859; x_wconf 92' lang='lat' dir='ltr'><strong>Ideo</strong></span> <span class='ocrx_word' id='word_1_438' title='bbox 495 3820 557 3858; x_wconf 88' lang='lat' dir='ltr'><strong>se</strong></span> <span class='ocrx_word' id='word_1_439' title='bbox 596 3820 916 3877; x_wconf 79' lang='lat' dir='ltr'><strong>praeconem</strong></span> <span class='ocrx_word' id='word_1_440' title='bbox 958 3800 1286 3859; x_wconf 87' lang='lat' dir='ltr'><strong>institutum</strong></span> <span class='ocrx_word' id='word_1_441' title='bbox 1328 3801 1503 3859; x_wconf 89' lang='lat' dir='ltr'><strong>fuisse</strong></span> <span class='ocrx_word' id='word_1_442' title='bbox 1546 3802 1696 3860; x_wconf 90' lang='lat' dir='ltr'><strong>inter</strong></span> <span class='ocrx_word' id='word_1_443' title='bbox 1736 3811 1957 3878; x_wconf 88' lang='lat' dir='ltr'><strong>gentes.</strong></span> <span class='ocrx_word' id='word_1_444' title='bbox 2028 3804 2083 3858; x_wconf 94' lang='grc'><strong>2.</strong></span> <span class='ocrx_word' id='word_1_445' title='bbox 2109 3801 2372 3859; x_wconf 89' lang='lat' dir='ltr'><strong>Gratiam</strong></span> <span class='ocrx_word' id='word_1_446' title='bbox 2399 3800 2558 3857; x_wconf 87' lang='lat' dir='ltr'><strong>illam</strong></span> <span class='ocrx_word' id='word_1_447' title='bbox 2601 3820 2718 3860; x_wconf 90' lang='lat' dir='ltr'><strong>non</strong></span> 
     </span>
     <span class='ocr_line' id='line_1_44' title="bbox 318 3880 2718 3959; baseline 0 -21"><span class='ocrx_word' id='word_1_448' title='bbox 318 3880 498 3938; x_wconf 85' lang='lat' dir='ltr'><strong>fuisse</strong></span> <span class='ocrx_word' id='word_1_449' title='bbox 521 3900 736 3938; x_wconf 86' lang='lat' dir='ltr'><strong>novam</strong></span> <span class='ocrx_word' id='word_1_450' title='bbox 766 3880 979 3955; x_wconf 86' lang='lat' dir='ltr'><strong>docuit,</strong></span> <span class='ocrx_word' id='word_1_451' title='bbox 1010 3900 1068 3938; x_wconf 85' lang='lat' dir='ltr'><strong>v.</strong></span> <span class='ocrx_word' id='word_1_452' title='bbox 1100 3883 1155 3954; x_wconf 88' lang='lat'><strong>9,</strong></span> <span class='ocrx_word' id='word_1_453' title='bbox 1176 3880 1407 3956; x_wconf 89' lang='lat' dir='ltr'><strong>quando</strong></span> <span class='ocrx_word' id='word_1_454' title='bbox 1436 3880 1587 3939; x_wconf 86' lang='lat' dir='ltr'><strong>dixit</strong></span> <span class='ocrx_word' id='word_1_455' title='bbox 1604 3880 1798 3939; x_wconf 89' lang='lat' dir='ltr'><strong>datam</strong></span> <span class='ocrx_word' id='word_1_456' title='bbox 1828 3880 2005 3938; x_wconf 87' lang='lat' dir='ltr'><strong>fuisse</strong></span> <span class='ocrx_word' id='word_1_457' title='bbox 2047 3884 2142 3959; x_wconf 67' lang='grc' dir='ltr'><strong>ηδ</strong></span> <span class='ocrx_word' id='word_1_458' title='bbox 2169 3880 2348 3959; x_wconf 54' lang='lat' dir='ltr'><strong>minu»</strong></span> <span class='ocrx_word' id='word_1_459' title='bbox 2374 3880 2567 3936; x_wconf 66' lang='grc' dir='ltr'><strong>αἰωνίαν</strong></span> <span class='ocrx_word' id='word_1_460' title='bbox 2595 3888 2718 3938; x_wconf 91' lang='lat' dir='ltr'><strong>tum</strong></span> 
     </span>
     <span class='ocr_line' id='line_1_45' title="bbox 320 3957 2716 4037; baseline -0 -20"><span class='ocrx_word' id='word_1_461' title='bbox 320 3959 705 4018; x_wconf 87' lang='lat' dir='ltr'><strong>destinatione</strong></span> <span class='ocrx_word' id='word_1_462' title='bbox 727 3967 956 4033; x_wconf 74' lang='lat' dir='ltr'><strong>aeterna,</strong></span> <span class='ocrx_word' id='word_1_463' title='bbox 978 3968 1101 4017; x_wconf 91' lang='lat' dir='ltr'><strong>tum</strong></span> <span class='ocrx_word' id='word_1_464' title='bbox 1118 3960 1493 4035; x_wconf 89' lang='lat' dir='ltr'><strong>promissione</strong></span> <span class='ocrx_word' id='word_1_465' title='bbox 1513 3960 1876 4037; x_wconf 87' lang='lat' dir='ltr'><strong>temporaria.</strong></span> <span class='ocrx_word' id='word_1_466' title='bbox 1920 3963 1976 4016; x_wconf 90' lang='lat'><strong>3.</strong></span> <span class='ocrx_word' id='word_1_467' title='bbox 2009 3960 2141 4016; x_wconf 92' lang='lat' dir='ltr'><strong>Non</strong></span> <span class='ocrx_word' id='word_1_468' title='bbox 2169 3960 2362 4034; x_wconf 89' lang='lat' dir='ltr'><strong>agitur</strong></span> <span class='ocrx_word' id='word_1_469' title='bbox 2389 3959 2614 4034; x_wconf 86' lang='lat' dir='ltr'><strong>proprie</strong></span> <span class='ocrx_word' id='word_1_470' title='bbox 2644 3957 2716 4016; x_wconf 91' lang='lat' dir='ltr'><strong>de</strong></span> 
     </span>
     <span class='ocr_line' id='line_1_46' title="bbox 313 4037 2715 4115; baseline 0 -19"><span class='ocrx_word' id='word_1_471' title='bbox 313 4040 453 4097; x_wconf 75' lang='lat' dir='ltr'><strong>vitae</strong></span> <span class='ocrx_word' id='word_1_472' title='bbox 482 4047 711 4097; x_wconf 80' lang='lat' dir='ltr'><strong>aeternae</strong></span> <span class='ocrx_word' id='word_1_473' title='bbox 753 4038 1146 4115; x_wconf 88' lang='lat' dir='ltr'><strong>promissione,</strong></span> <span class='ocrx_word' id='word_1_474' title='bbox 1193 4039 1296 4098; x_wconf 90' lang='lat' dir='ltr'><strong>sed</strong></span> <span class='ocrx_word' id='word_1_475' title='bbox 1324 4039 1395 4098; x_wconf 91' lang='lat' dir='ltr'><strong>de</strong></span> <span class='ocrx_word' id='word_1_476' title='bbox 1425 4040 1582 4099; x_wconf 84' lang='lat' dir='ltr'><strong>illius</strong></span> <span class='ocrx_word' id='word_1_477' title='bbox 1625 4037 2025 4115; x_wconf 85' lang='lat' dir='ltr'><strong>procuratione</strong></span> <span class='ocrx_word' id='word_1_478' title='bbox 2066 4058 2169 4115; x_wconf 86' lang='lat' dir='ltr'><strong>per</strong></span> <span class='ocrx_word' id='word_1_479' title='bbox 2195 4038 2461 4097; x_wconf 88' lang='lat' dir='ltr'><strong>meritum</strong></span> <span class='ocrx_word' id='word_1_480' title='bbox 2491 4038 2715 4096; x_wconf 85' lang='lat' dir='ltr'><strong>actuale</strong></span> 
     </span>
     <span class='ocr_line' id='line_1_47' title="bbox 320 4117 1399 4196; baseline 0.002 -20"><span class='ocrx_word' id='word_1_481' title='bbox 320 4118 553 4193; x_wconf 88' lang='lat' dir='ltr'><strong>Christi,</strong></span> <span class='ocrx_word' id='word_1_482' title='bbox 585 4117 742 4195; x_wconf 91' lang='lat' dir='ltr'><strong>quod</strong></span> <span class='ocrx_word' id='word_1_483' title='bbox 769 4117 880 4178; x_wconf 84' lang='lat' dir='ltr'><strong>fuit</strong></span> <span class='ocrx_word' id='word_1_484' title='bbox 905 4119 1198 4196; x_wconf 90' lang='lat' dir='ltr'><strong>proprium</strong></span> <span class='ocrx_word' id='word_1_485' title='bbox 1228 4119 1301 4178; x_wconf 91' lang='lat' dir='ltr'><strong>N.</strong></span> <span class='ocrx_word' id='word_1_486' title='bbox 1331 4120 1399 4178; x_wconf 88' lang='grc' dir='ltr'><strong>Τ.</strong></span> 
     </span>
    </p>

    <p class='ocr_par' dir='ltr' id='par_1_7' title="bbox 308 4196 2716 4669">
     <span class='ocr_line' id='line_1_48' title="bbox 402 4196 2714 4275; baseline -0.001 -20"><span class='ocrx_word' id='word_1_487' title='bbox 402 4198 664 4257; x_wconf 88' lang='lat' dir='ltr'>XXXI.</span> <span class='ocrx_word' id='word_1_488' title='bbox 711 4199 903 4272; x_wconf 89' lang='lat' dir='ltr'><strong>Quum</strong></span> <span class='ocrx_word' id='word_1_489' title='bbox 957 4198 1281 4275; x_wconf 90' lang='lat' dir='ltr'><strong>Apostolus</strong></span> <span class='ocrx_word' id='word_1_490' title='bbox 1334 4198 1432 4273; x_wconf 87' lang='lat' dir='ltr'><strong>ait,</strong></span> <span class='ocrx_word' id='word_1_491' title='bbox 1481 4198 1636 4256; x_wconf 91' lang='lat' dir='ltr'><strong>Heb.</strong></span> <span class='ocrx_word' id='word_1_492' title='bbox 1694 4197 1795 4255; x_wconf 85' lang='lat' dir='ltr'><strong>vii.</strong></span> <span class='ocrx_word' id='word_1_493' title='bbox 1858 4199 1947 4273; x_wconf 88' lang='lat'><strong>19,</strong></span> <span class='ocrx_word' id='word_1_494' title='bbox 1996 4196 2213 4273; x_wconf 90' lang='lat' dir='ltr'><strong>Legem</strong></span> <span class='ocrx_word' id='word_1_495' title='bbox 2258 4196 2403 4254; x_wconf 90' lang='lat' dir='ltr'><strong>nihil</strong></span> <span class='ocrx_word' id='word_1_496' title='bbox 2451 4215 2714 4255; x_wconf 87' lang='lat' dir='ltr'><strong>consum-</strong></span> 
     </span>
     <span class='ocr_line' id='line_1_49' title="bbox 308 4276 2716 4356; baseline -0 -21"><span class='ocrx_word' id='word_1_497' title='bbox 308 4297 519 4354; x_wconf 88' lang='lat' dir='ltr'><strong>masse,</strong></span> <span class='ocrx_word' id='word_1_498' title='bbox 551 4297 667 4336; x_wconf 92' lang='lat' dir='ltr'><strong>non</strong></span> <span class='ocrx_word' id='word_1_499' title='bbox 697 4279 873 4337; x_wconf 87' lang='lat' dir='ltr'><strong>sumit</strong></span> <span class='ocrx_word' id='word_1_500' title='bbox 902 4277 1119 4355; x_wconf 87' lang='lat' dir='ltr'><strong>Legem</strong></span> <span class='ocrx_word' id='word_1_501' title='bbox 1145 4278 1263 4337; x_wconf 85' lang='lat' dir='ltr'><strong>late</strong></span> <span class='ocrx_word' id='word_1_502' title='bbox 1291 4298 1395 4356; x_wconf 88' lang='lat' dir='ltr'><strong>pro</strong></span> <span class='ocrx_word' id='word_1_503' title='bbox 1437 4277 1757 4336; x_wconf 88' lang='lat' dir='ltr'><strong>oeconomia</strong></span> <span class='ocrx_word' id='word_1_504' title='bbox 1801 4277 2079 4351; x_wconf 78' lang='lat' dir='ltr'><strong>Mosaica,</strong></span> <span class='ocrx_word' id='word_1_505' title='bbox 2120 4276 2287 4353; x_wconf 87' lang='lat' dir='ltr'><strong>quasi</strong></span> <span class='ocrx_word' id='word_1_506' title='bbox 2313 4276 2559 4335; x_wconf 87' lang='lat' dir='ltr'><strong>Veteres</strong></span> <span class='ocrx_word' id='word_1_507' title='bbox 2599 4296 2716 4335; x_wconf 90' lang='lat' dir='ltr'><strong>non</strong></span> 
     </span>
     <span class='ocr_line' id='line_1_50' title="bbox 311 4356 2713 4433; baseline 0 -19"><span class='ocrx_word' id='word_1_508' title='bbox 311 4358 525 4416; x_wconf 87' lang='lat' dir='ltr'><strong>fuerint</strong></span> <span class='ocrx_word' id='word_1_509' title='bbox 552 4358 934 4416; x_wconf 88' lang='lat' dir='ltr'><strong>consummati</strong></span> <span class='ocrx_word' id='word_1_510' title='bbox 978 4358 1085 4416; x_wconf 90' lang='lat' dir='ltr'><strong>sub</strong></span> <span class='ocrx_word' id='word_1_511' title='bbox 1115 4358 1316 4417; x_wconf 89' lang='lat' dir='ltr'><strong>Veteri</strong></span> <span class='ocrx_word' id='word_1_512' title='bbox 1344 4358 1732 4431; x_wconf 87' lang='lat' dir='ltr'><strong>Testamento,</strong></span> <span class='ocrx_word' id='word_1_513' title='bbox 1777 4356 1970 4433; x_wconf 87' lang='lat' dir='ltr'><strong>quoad</strong></span> <span class='ocrx_word' id='word_1_514' title='bbox 2011 4356 2212 4432; x_wconf 84' lang='lat' dir='ltr'><strong>gratiae</strong></span> <span class='ocrx_word' id='word_1_515' title='bbox 2240 4364 2299 4414; x_wconf 91' lang='lat' dir='ltr'><strong>et</strong></span> <span class='ocrx_word' id='word_1_516' title='bbox 2341 4356 2540 4432; x_wconf 71' lang='lat' dir='ltr'><strong>gloriae</strong></span> <span class='ocrx_word' id='word_1_517' title='bbox 2583 4376 2713 4432; x_wconf 90' lang='lat' dir='ltr'><strong>pos-</strong></span> 
     </span>
     <span class='ocr_line' id='line_1_51' title="bbox 308 4435 2712 4514; baseline 0 -20"><span class='ocrx_word' id='word_1_518' title='bbox 308 4437 661 4510; x_wconf 78' lang='lat' dir='ltr'><strong>sessionem3</strong></span> <span class='ocrx_word' id='word_1_519' title='bbox 710 4436 829 4496; x_wconf 87' lang='lat' dir='ltr'><strong>Sed</strong></span> <span class='ocrx_word' id='word_1_520' title='bbox 871 4438 1088 4513; x_wconf 90' lang='lat' dir='ltr'><strong>Legem</strong></span> <span class='ocrx_word' id='word_1_521' title='bbox 1118 4444 1339 4514; x_wconf 89' lang='lat' dir='ltr'><strong>spectat</strong></span> <span class='ocrx_word' id='word_1_522' title='bbox 1379 4437 1575 4495; x_wconf 89' lang='lat' dir='ltr'><strong>stricte</strong></span> <span class='ocrx_word' id='word_1_523' title='bbox 1604 4445 1664 4494; x_wconf 90' lang='lat' dir='ltr'><strong>et</strong></span> <span class='ocrx_word' id='word_1_524' title='bbox 1704 4435 1966 4513; x_wconf 87' lang='lat' dir='ltr'><strong>opposite</strong></span> <span class='ocrx_word' id='word_1_525' title='bbox 2009 4435 2083 4493; x_wconf 89' lang='lat' dir='ltr'><strong>ad</strong></span> <span class='ocrx_word' id='word_1_526' title='bbox 2126 4435 2530 4512; x_wconf 86' lang='lat' dir='ltr'><strong>Evangelium,</strong></span> <span class='ocrx_word' id='word_1_527' title='bbox 2575 4436 2712 4512; x_wconf 90' lang='lat' dir='ltr'><strong>quia</strong></span> 
     </span>
     <span class='ocr_line' id='line_1_52' title="bbox 324 4513 2715 4593; baseline 0 -18"><span class='ocrx_word' id='word_1_528' title='bbox 324 4516 450 4575; x_wconf 87' lang='lat' dir='ltr'><strong>Lex</strong></span> <span class='ocrx_word' id='word_1_529' title='bbox 476 4516 713 4575; x_wconf 87' lang='lat' dir='ltr'><strong>moralis</strong></span> <span class='ocrx_word' id='word_1_530' title='bbox 740 4537 846 4574; x_wconf 90' lang='lat' dir='ltr'><strong>nec</strong></span> <span class='ocrx_word' id='word_1_531' title='bbox 887 4517 1076 4593; x_wconf 89' lang='lat' dir='ltr'><strong>potuit</strong></span> <span class='ocrx_word' id='word_1_532' title='bbox 1108 4517 1446 4593; x_wconf 87' lang='lat' dir='ltr'><strong>justificare,</strong></span> <span class='ocrx_word' id='word_1_533' title='bbox 1475 4535 1583 4574; x_wconf 90' lang='lat' dir='ltr'><strong>nec</strong></span> <span class='ocrx_word' id='word_1_534' title='bbox 1614 4514 1987 4590; x_wconf 87' lang='lat' dir='ltr'><strong>sanctificare,</strong></span> <span class='ocrx_word' id='word_1_535' title='bbox 2032 4534 2163 4573; x_wconf 90' lang='lat' dir='ltr'><strong>cum</strong></span> <span class='ocrx_word' id='word_1_536' title='bbox 2192 4513 2362 4573; x_wconf 88' lang='lat' dir='ltr'><strong>fuerit</strong></span> <span class='ocrx_word' id='word_1_537' title='bbox 2389 4514 2614 4574; x_wconf 87' lang='lat' dir='ltr'><strong>infirma</strong></span> <span class='ocrx_word' id='word_1_538' title='bbox 2654 4517 2715 4575; x_wconf 89' lang='lat' dir='ltr'><strong>in</strong></span> 
     </span>
     <span class='ocr_line' id='line_1_53' title="bbox 313 4596 1480 4669; baseline 0 -16"><span class='ocrx_word' id='word_1_539' title='bbox 313 4614 503 4669; x_wconf 88' lang='lat' dir='ltr'><strong>carne,</strong></span> <span class='ocrx_word' id='word_1_540' title='bbox 536 4604 595 4654; x_wconf 89' lang='lat' dir='ltr'><strong>et</strong></span> <span class='ocrx_word' id='word_1_541' title='bbox 620 4596 805 4654; x_wconf 90' lang='lat' dir='ltr'><strong>multo</strong></span> <span class='ocrx_word' id='word_1_542' title='bbox 832 4596 1022 4655; x_wconf 88' lang='lat' dir='ltr'><strong>minus</strong></span> <span class='ocrx_word' id='word_1_543' title='bbox 1052 4596 1480 4655; x_wconf 77' lang='lat' dir='ltr'><strong>caeremonialia.</strong></span> 
     </span>
    </p>

    <p class='ocr_par' dir='ltr' id='par_1_8' title="bbox 400 4673 2713 4751">
     <span class='ocr_line' id='line_1_54' title="bbox 400 4673 2713 4751; baseline 0.001 -16"><span class='ocrx_word' id='word_1_544' title='bbox 400 4675 695 4735; x_wconf 86' lang='lat' dir='ltr'>XXXII.</span> <span class='ocrx_word' id='word_1_545' title='bbox 749 4676 811 4735; x_wconf 84' lang='lat' dir='ltr'><strong>Si</strong></span> <span class='ocrx_word' id='word_1_546' title='bbox 859 4676 1009 4736; x_wconf 88' lang='lat' dir='ltr'><strong>idem</strong></span> <span class='ocrx_word' id='word_1_547' title='bbox 1054 4677 1278 4751; x_wconf 90' lang='lat' dir='ltr'><strong>asserit,</strong></span> <span class='ocrx_word' id='word_1_548' title='bbox 1329 4676 1512 4734; x_wconf 89' lang='lat' dir='ltr'><strong>Hebr.</strong></span> <span class='ocrx_word' id='word_1_549' title='bbox 1559 4675 1641 4733; x_wconf 85' lang='lat' dir='ltr'><strong>ix.</strong></span> <span class='ocrx_word' id='word_1_550' title='bbox 1689 4677 1756 4734; x_wconf 87' lang='lat'><strong>8:</strong></span> <span class='ocrx_word' id='word_1_551' title='bbox 1844 4678 1880 4709; x_wconf 78' lang='lat'><strong>‘⁴</strong></span> <span class='ocrx_word' id='word_1_552' title='bbox 1911 4674 2083 4734; x_wconf 91' lang='lat' dir='ltr'><strong>Viam</strong></span> <span class='ocrx_word' id='word_1_553' title='bbox 2127 4673 2201 4732; x_wconf 87' lang='lat' dir='ltr'><strong>ad</strong></span> <span class='ocrx_word' id='word_1_554' title='bbox 2234 4674 2555 4734; x_wconf 88' lang='lat' dir='ltr'><strong>Sacrarium</strong></span> <span class='ocrx_word' id='word_1_555' title='bbox 2599 4697 2713 4738; x_wconf 87' lang='lat' dir='ltr'><strong>non</strong></span> 
     </span>
    </p>
   </div>
  </div>
 </body>
</html>
