3221 5200
506 333 622 389 524
1349 346 1532 387 Locus
1561 342 1823 384 nnc-mus
1852 340 2123 391 QUINTUS.
2506 316 2773 398 [QUAEsr.
2808 338 2946 378 xri.

504 509 622 548 non
660 487 1013 547 recordando
1059 487 1305 565 amplius
1353 486 1510 545 illius
1557 492 1940 561 peccatorum,
1991 489 2115 539 tum
2172 478 2644 539 sanctificationis
2672 497 2783 556 per
2845 477 2938 534 in-

507 568 874 645 scriptionem
906 568 1081 645 Legis
1110 568 1170 625 in
1199 567 1501 641 cordibus;
1548 564 1650 622 sed
1689 572 1746 621 et
1774 570 2051 639 perpetua
2087 561 2187 618 illa
2207 560 2566 619 redditurum
2596 569 2653 618 et
2684 569 2938 632 aeterna,

506 656 630 706 tum
660 667 851 705 amore
893 648 1180 707 constanti
1215 667 1314 705 eos
1356 644 1774 723 prosequendO,
1825 663 1898 701 ne
1927 642 2000 699 ab
2029 641 2170 717 ipsis
2206 639 2453 714 recedat,
2500 648 2623 699 tum
2652 640 2939 697 timorem

509 727 598 785 sui
629 728 769 804 ipsis
797 727 1066 803 indend0,
1098 747 1170 785 ne
1198 726 1468 784 recedant
1497 725 1570 782 ab
1603 725 1731 801 ipso
1757 746 1771 782 ι
1818 726 1853 755 “
1878 722 2136 797 Pangam
2165 740 2295 779 curn
2332 720 2475 796 ipsis
2506 720 2730 777 Foedus
2760 729 2937 777 aeter-

508 826 664 880 num,
697 828 787 864 me
816 827 932 864 non
958 826 1319 865 recessurum
1342 806 1415 863 ab
1442 804 1602 881 ipsis,
1628 812 1692 862 ut
1714 802 2068 861 benefaciam
2096 801 2298 877 ipsis,''
2343 799 2547 876 inquit,
2579 819 2709 875 cap.
2731 800 2934 857 xxxii.

509 889 606 962 40,
663 890 698 919 ‘⁴
727 887 808 945 Ut
835 906 952 943 non
981 894 1236 944 avertam
1266 905 1376 960 me,
1409 893 1467 943 et
1507 883 1889 942 reverentiam
1917 879 2032 939 mei
2059 880 2266 937 animis
2294 879 2547 956 ipsorum
2590 879 2816 954 indam,
2870 891 2937 937 ut

506 986 624 1023 non
651 965 922 1024 recedant
951 985 986 1022 a
1012 985 1104 1023 me
1131 965 1184 1023 :’'
1231 965 1362 1022 Non
1392 964 1549 1038 dicit,
1576 962 1873 1020 Hortabor
1898 960 1973 1018 ad
1995 960 2276 1029 timorem,
2308 967 2367 1017 et
2392 959 2687 1034 impellam
2718 979 2827 1017 eos
2857 959 2935 1016 ad

508 1065 600 1102 me
642 1044 978 1119 timendum,
1011 1044 1114 1102 sed
1161 1044 1283 1121 ipse
1313 1045 1506 1102 indam
1546 1043 1811 1101 timorem
1848 1049 1914 1099 ut
1955 1059 2071 1098 non
2109 1039 2416 1115 recedant;
2481 1048 2549 1096 ut
2603 1038 2817 1096 doceat
2870 1059 2934 1096 se

509 1124 846 1183 effecturum
902 1123 1237 1198 certissime,
1288 1132 1354 1182 ut
1397 1123 1616 1181 Foedus
1644 1120 1970 1180 executioni
2011 1119 2333 1178 mandetur.
2418 1119 2564 1176 Cum
2592 1119 2751 1176 enim
2809 1118 2936 1176 duo

510 1212 732 1263 tantum
761 1211 998 1280 possent
1024 1203 1246 1262 irritum
1276 1202 1513 1261 reddere
1543 1201 1699 1260 istud
1727 1200 1932 1274 foedus,
1962 1200 2097 1257 hinc
2125 1199 2336 1256 amoris
2360 1198 2472 1255 Dei
2493 1197 2757 1272 mutatio,
2788 1199 2935 1256 inde

510 1304 649 1341 vero
678 1283 899 1341 timoris
929 1293 987 1342 et
1013 1282 1149 1341 fidei
1178 1292 1387 1341 nostrae
1409 1281 1795 1340 inconstantia
1822 1288 1881 1338 et
1905 1279 2177 1355 labilitas,
2211 1280 2372 1336 Deus
2393 1276 2671 1336 adversus
2700 1289 2935 1335 utrum·

513 1383 626 1439 que
667 1362 985 1439 periculum
1031 1383 1137 1420 nos
1167 1363 1482 1435 confirmat,
1516 1381 1693 1438 quum
1721 1359 1839 1417 illis
1880 1359 2200 1435 pollicetur,
2246 1358 2382 1415 hinc
2424 1357 2637 1414 amoris
2666 1358 2759 1414 sui
2788 1379 2932 1415 con-

513 1442 800 1515 stantiam,
832 1461 904 1500 ne
932 1442 1163 1500 recedat
1190 1462 1224 1499 a
1251 1441 1456 1515 nobis;
1501 1440 1638 1498 inde
1679 1459 1818 1497 vero
1861 1438 2082 1497 timoris
2111 1438 2294 1496 nostri
2333 1437 2819 1514 perpetuitatem3
2868 1446 2936 1496 ut

509 1523 634 1597 jam
660 1541 767 1578 nec
795 1529 1049 1579 metuere
1073 1521 1401 1594 debeamuS,
1432 1540 1504 1577 ne
1547 1539 1655 1577 nos
1683 1519 1925 1592 deserat,
1957 1538 2064 1576 nec
2091 1537 2163 1575 ne
2194 1517 2378 1593 ipsum
2410 1516 2762 1590 deseramne,
2793 1537 2932 1575 cum

514 1601 635 1677 ipse
665 1609 971 1677 utrumque
999 1602 1109 1659 hoc
1139 1599 1479 1659 beneficium
1512 1619 1571 1657 se
1614 1598 1956 1675 largiturum
1978 1598 2332 1674 polliceatur,
2364 1596 2656 1673 implendo
2684 1596 2770 1654 ita
2809 1616 2936 1653 non

514 1679 686 1737 modo
716 1679 874 1756 quod
903 1700 1132 1738 suarum
1163 1689 1285 1738 erat
1312 1680 1577 1756 partium,
1624 1678 1727 1737 sed
1756 1678 1927 1736 etiam
1958 1676 2114 1753 quod
2142 1686 2265 1735 erat
2291 1685 2633 1749 nostrarum,
2666 1677 2933 1733 curando

514 1779 586 1817 ne
618 1759 870 1817 desimus
901 1759 1088 1818 officio
1116 1768 1332 1818 nostr0.
1365 1758 1536 1818 Unde
1560 1758 1815 1835 August.
1845 1756 1917 1814 de
1946 1756 2098 1814 bono
2126 1776 2413 1833 persever.
2444 1775 2493 1813 c.
2526 1760 2580 1830 7,
2617 1758 2653 1787 “
2676 1755 2933 1813 Nonnisi

515 1839 590 1896 ad
619 1840 863 1915 gratiam
895 1859 1055 1897 suam
1108 1840 1268 1897 Deus
1309 1839 1594 1916 pertinere
1640 1837 1843 1910 voluit,
1885 1844 1949 1894 ut
1988 1838 2159 1894 homo
2188 1836 2423 1894 accedat
2451 1834 2525 1892 ad
2555 1855 2702 1907 eum,
2736 1855 2937 1911 neque

516 1919 630 1976 nisi
673 1918 745 1976 ad
777 1919 1020 1994 gratiam
1054 1938 1214 1976 suam
1244 1919 1528 1995 pertinere
1557 1918 1760 1990 voluit,
1792 1925 1858 1974 ut
1884 1916 2057 1973 homo
2085 1936 2200 1973 non
2230 1915 2460 1973 recedat
2488 1914 2561 1971 ab
2591 1916 2720 1972 co,'’

599 1998 717 2056 XI.
766 1998 899 2055 Huc
945 1997 1235 2074 pertinent
1282 1998 1535 2057 illustres
1574 1997 1689 2054 illae
1738 1995 2153 2053 Promissiones
2196 1994 2266 2053 de
2296 1994 2558 2052 custodia
2605 2006 2663 2052 et
2696 2014 2935 2052 conser-

516 2078 748 2136 vatione
777 2076 1052 2151 fidelium,
1084 2097 1212 2154 quae
1241 2077 1452 2155 passim
1503 2077 1777 2156 leguntur
1804 2075 1862 2132 in
1911 2075 2221 2152 Scriptura,
2277 2075 2449 2133 Dent.
2480 2075 2646 2131 xxxi.
2679 2077 2735 2148 8,
2770 2074 2936 2133 Heb.

518 2157 642 2215 xiii.
676 2161 730 2231 5,
794 2160 829 2189 “
853 2158 1163 2234 Nunquam
1212 2167 1268 2215 te
1317 2156 1595 2228 deseram,
1648 2176 1754 2214 nec
1783 2163 1840 2213 te
1888 2154 2342 2232 derelinquam,’'
2406 2153 2564 2230 quod
2611 2153 2938 2211 absurdum

520 2246 674 2295 esset
704 2245 761 2295 et
811 2235 1035 2311 falsum,
1089 2237 1138 2295 si
1181 2245 1473 2314 pateretur
1513 2256 1620 2294 nos
1662 2235 1903 2293 deficere
1934 2254 1968 2291 a
2008 2234 2120 2292 fide
2149 2242 2208 2291 et
2249 2234 2466 2308 salute;
2519 2232 2636 2291 Isa.
2681 2233 2786 2290 liv.
2838 2238 2941 2308 10,

522 2319 558 2349 “
583 2317 873 2391 MonteS,’'
932 2316 1136 2393 inquit,
1191 2320 1226 2349 “
1244 2316 1531 2391 recedent,
1564 2325 1624 2374 et
1652 2314 1830 2373 colles
1853 2313 2290 2388 amovebuntur,
2323 2321 2577 2371 attamen
2599 2312 2943 2389 benignitas

519 2416 649 2453 mea
678 2416 712 2453 a
739 2404 795 2454 te
824 2416 939 2453 non
988 2396 1235 2470 recedet,
1268 2405 1327 2455 et
1368 2395 1555 2453 foedus
1583 2395 1744 2472 pacis
1785 2414 1944 2469 meae,
1976 2393 2162 2469 inquit
2191 2394 2482 2452 Jehova.”
2588 2393 2940 2464 Similitudi-

519 2495 652 2532 nem
683 2475 920 2533 sumita
966 2475 1139 2533 rebus
1187 2475 1548 2550 firmissimiS,
1599 2483 1667 2533 ut
1709 2473 1913 2532 doceat
1952 2473 2111 2550 prius
2151 2480 2376 2531 montes
2432 2482 2781 2530 commotum
2838 2474 2939 2549 iri,

520 2574 694 2631 quam
723 2563 788 2613 ut
817 2574 976 2612 amor
1005 2553 1118 2613 Dei
1158 2554 1404 2629 recedat,
1451 2563 1509 2612 et
1552 2552 1770 2612 Foedus
1812 2553 2012 2631 gratiae
2042 2572 2173 2611 cum
2206 2552 2473 2611 Ecclesia
2514 2552 2719 2610 initum
2765 2553 2940 2612 abro-

521 2644 706 2709 getur,
765 2634 920 2708 quod
975 2641 1163 2707 vocat,
1214 2653 1337 2709 cap.
1394 2634 1474 2691 lv.
1526 2636 1581 2706 3,
1669 2633 1886 2690 Foedus
1969 2633 2393 2709 sempiternum,
2465 2641 2524 2691 et
2580 2661 2643 2686 «ra
2664 2640 2762 2687 ἕηι
2787 2644 2941 2688 mea-a

524 2718 688 2777 Δαβὶδ,
721 2714 755 2743 “
777 2711 1206 2769 Misericordias
1260 2710 1461 2768 fideles
1509 2721 1568 2769 et
1613 2718 1944 2770 constantes
1994 2712 2298 2787 Davidis,”
2343 2733 2473 2788 quae
2530 2711 2746 2769 Davidi
2802 2733 2941 2789 pro-

520 2790 711 2847 missae
744 2799 892 2863 sunt,
925 2790 1020 2847 vel
1049 2810 1178 2867 quae
1207 2790 1267 2846 in
1292 2789 1519 2847 Davide
1541 2789 1789 2867 mystico
1812 2790 2141 2866 fundantur,
2164 2802 2222 2850 et
2244 2801 2377 2850 sunt
2408 2791 2599 2850 Etiam
2630 2800 2687 2849 ct
2716 2791 2940 2853 Amen.

526 2870 663 2946 Cap.
694 2869 797 2926 lix.
829 2872 924 2943 21,
973 2871 1008 2901 ‘⁴
1033 2868 1109 2926 Et
1137 2869 1246 2927 hoc
1277 2877 1364 2927 est
1394 2869 1613 2927 Foedus
1642 2889 1833 2927 meum
1878 2872 2035 2947 quod
2063 2891 2311 2948 pangam
2356 2891 2484 2929 cum
2534 2871 2624 2945 iis,
2681 2871 2941 2946 Spiritus

522 2969 685 3007 meus
715 2949 813 3025 qui
843 2948 1010 3008 estin
1038 2957 1113 3025 te,
1145 2948 1241 3007 vel
1283 2966 1455 3025 super
1511 2958 1586 3024 te,
1618 2958 1676 3007 et
1704 2949 1882 3007 verba
1909 2970 2038 3008 mea
2078 2971 2207 3027 quae
2235 2951 2401 3027 posui
2430 2951 2490 3008 in
2519 2971 2616 3009 ore
2665 2960 2783 3025 tuo,
2815 2971 2941 3009 non

522 3028 791 3087 recedent
821 3028 892 3088 de
922 3049 1017 3087 ore
1048 3038 1167 3104 tuo,
1198 3038 1256 3089 et
1283 3028 1355 3087 de
1386 3048 1481 3087 ore
1525 3028 1761 3088 seminis
1789 3030 1892 3103 tui,
1925 3038 1983 3088 et
2023 3050 2176 3088 nunc
2219 3040 2277 3089 et
2312 3050 2494 3107 usque
2525 3031 2584 3087 in
2614 3030 2942 3088 seculum.”

526 3109 643 3168 Ubi
672 3108 975 3186 pollicetur
1026 3110 1304 3168 Ecclesiae
1332 3117 1666 3186 perpetuam
1724 3110 1905 3167 Verbi
1948 3117 2006 3167 et
2038 3109 2286 3186 Spiritus
2336 3110 2441 3185 sui,
2474 3130 2603 3185 quae
2632 3110 2746 3166 duo
2797 3120 2944 3169 sunt

523 3189 714 3247 media
756 3188 892 3247 fidei
947 3189 1351 3266 ingeneraudae
1395 3199 1453 3248 et
1481 3189 1908 3263 conservandae,
1961 3189 2324 3265 praesentiam
2372 3209 2474 3266 per
2519 3190 2710 3246 omnia
2737 3190 2945 3248 secula

523 3290 706 3344 usquc
736 3268 810 3325 ad
838 3269 1008 3326 finem
1038 3269 1256 3327 mundi.
1345 3269 1441 3327 Sic
1488 3270 1635 3327 Hos,
1678 3269 1737 3327 ii.
1774 3271 1863 3342 19,
1919 3271 1955 3300 ‘⁴
1980 3268 2357 3345 Desponsabo
2402 3278 2458 3327 te
2507 3269 2649 3325 mihi
2696 3269 2752 3325 in
2787 3288 2943 3326 sem·

523 3348 870 3424 piternum‚''
915 3356 1078 3406 notat
1119 3349 1379 3406 intimam
1409 3357 1467 3406 et
1509 3356 1866 3406 constantem
1897 3348 2107 3405 amoris
2136 3356 2194 3406 et
2221 3349 2641 3425 conjunctionis
2669 3349 2945 3425 speciem,

526 3445 641 3501 qua
681 3445 787 3482 nos
817 3425 924 3482 sibi
956 3427 1266 3501 desponsat
1306 3427 1366 3482 in
1397 3426 1626 3484 Christo
1655 3447 1758 3503 per
1785 3427 2210 3485 matrimonium
2237 3427 2637 3485 indissolubile
2686 3436 2743 3484 et
2772 3438 2945 3485 aeter·

525 3523 682 3576 num,
716 3502 872 3577 quod
899 3522 1015 3558 non
1043 3503 1120 3561 ad
1148 3514 1375 3580 tempus
1404 3512 1627 3562 tantum
1673 3506 1880 3564 durare
1924 3506 2141 3581 debuit,
2174 3515 2233 3565 et
2280 3515 2481 3583 postea
2509 3506 2945 3583 irritari,‘quale

527 3581 636 3638 fuit
679 3581 855 3656 priuS,
901 3581 1057 3655 quod
1115 3581 1372 3657 Populus
1418 3592 1665 3658 ruperat,
1720 3585 1821 3642 sed
1877 3585 1936 3641 in
1994 3595 2288 3644 aeternum.
2374 3585 2651 3662 Ejusdem
2709 3587 2947 3661 generis

528 3669 663 3718 sunt
691 3658 1098 3736 promissiones
1127 3660 1251 3718 istae
1284 3660 1436 3717 Novi
1485 3661 1859 3737 Testamenti,
1890 3664 2031 3723 Joh.
2063 3686 2122 3724 x.
2153 3669 2249 3741 27,
2299 3668 2333 3699 “
2357 3666 2513 3725 Oves
2560 3685 2704 3723 meae
2732 3685 2945 3723 vocem

525 3760 711 3798 meam
743 3738 1001 3813 audiunt,
1034 3748 1092 3798 et
1119 3739 1458 3816 novfipsaS,
1492 3749 1550 3798 et
1598 3741 1737 3817 ipsae
1769 3753 2089 3819 sequuntur
2132 3764 2241 3819 me,
2274 3754 2331 3803 et
2360 3764 2470 3821 ego
2501 3744 2574 3802 do
2617 3744 2702 3802 eis
2732 3743 2945 3803 Vitam

528 3830 817 3894 aeternam,
849 3828 907 3878 et
934 3819 993 3876 in
1023 3829 1298 3878 aeternum
1329 3839 1441 3877 non
1465 3819 1754 3897 peribunt,
1785 3841 1954 3880 nemo
1983 3824 2167 3900 rapiet
2194 3844 2292 3882 eas
2321 3825 2392 3883 de
2422 3844 2595 3882 manu
2624 3843 2769 3897 mea,
2803 3825 2947 3900 quia

530 3901 702 3959 Pater
729 3901 829 3976 qui
879 3899 1018 3957 mihi
1048 3920 1145 3958 eas
1175 3899 1351 3975 dedit,
1397 3901 1583 3977 major
1604 3908 1694 3958 est
1723 3902 1990 3960 omnibus
2014 3904 2071 3979 ;''
2117 3902 2258 3963 dicit
2287 3923 2347 3962 se
2378 3902 2513 3962 dare
2543 3903 2741 3961 Vitam
2772 3914 2945 3961 aeter-

526 4000 678 4055 nam,
711 3980 788 4037 id.
820 3980 1134 4037 certissime
1165 3979 1451 4055 daturum,
1483 3980 1565 4039 ita
1592 3989 1658 4044 ut
1687 3982 1989 4057 quisquam
2021 4002 2138 4039 non
2169 3983 2243 4040 sit
2270 3993 2540 4059 rapturus
2561 4003 2675 4056 eaS,
2708 4003 2813 4041 nec
2839 4004 2947 4059 per

527 4058 647 4116 vim
675 4079 781 4116 nec
809 4078 912 4134 per
939 4058 1152 4133 dolum,
1198 4079 1268 4118 ne
1299 4060 1419 4137 ipse
1449 4059 1683 4136 quidem
1719 4061 2003 4118 Diabolus
2030 4062 2132 4137 qui
2160 4062 2336 4121 habet
2363 4063 2667 4139 imperium
2712 4063 2940 4137 mortis,

527 4158 642 4196 non
670 4138 937 4213 mundus,
968 4158 1083 4196 non
1113 4159 1263 4214 caro,
1293 4160 1409 4197 non
1452 4158 1743 4216 prospera,
1789 4160 1907 4198 non
1951 4139 2212 4215 adversa,
2245 4141 2316 4200 de
2359 4162 2533 4200 manu
2563 4162 2685 4215 sua,
2735 4141 2813 4199 id.
2866 4142 2943 4201 de

528 4218 784 4293 potentia
812 4238 927 4293 qua
955 4217 1369 4293 custodiuntur,
1395 4219 1531 4295 quia
1562 4219 1722 4277 Deus
1752 4219 1851 4295 qui
1883 4240 1980 4277 eas
2002 4220 2087 4277 illi
2112 4220 2517 4279 custodiendas
2546 4230 2601 4279 et
2626 4222 2946 4279 servandas

528 4297 705 4371 dedit,
737 4296 1024 4372 potentior
1051 4304 1139 4354 est
1168 4297 1449 4372 omnibu-⁰3,
1481 4306 1598 4356 tam
1632 4297 1881 4373 Angelis
1929 4319 2100 4375 quam
2147 4300 2496 4375 liominibuS,
2547 4309 2606 4359 et
2634 4301 2947 4377 quibusvis

533 4376 828 4433 creaturis.
877 4377 990 4449 Sic,
1024 4375 1233 4433 Matth.
1265 4377 1386 4433 xvi.
1436 4378 1526 4450 18,
1562 4380 1598 4410 “
1632 4378 1818 4453 Super
1850 4378 2138 4453 Petram‚'’
2169 4380 2251 4438 ait
2280 4381 2560 4454 Christus,
2589 4382 2624 4412 ‘⁴
2644 4379 2952 4441 aedificabo

531 4454 851 4511 Ecclesiam
896 4474 1098 4527 meam,
1144 4462 1202 4511 et
1243 4463 1420 4528 portae
1464 4454 1777 4514 inferorum
1826 4475 1941 4513 non
1979 4457 2378 4533 praevalebunt
2427 4459 2706 4516 adversus
2752 4463 2949 4535 eam‚''

527 4532 854 4589 firmitatem
885 4541 943 4592 et
983 4533 1417 4610 perpetuitatem
1465 4534 1743 4593 Ecclesiae
1773 4544 1831 4594 et
1874 4536 2119 4612 singulis
2148 4538 2275 4614 ejus
2317 4538 2589 4596 membris
2617 4539 2954 4617 pollicetur,

530 4609 826 4667 aedificatis
855 4611 1074 4668 scilicet
1102 4631 1273 4687 super
1302 4612 1589 4670 Christum
1618 4614 1843 4691 Rupem
1873 4625 1932 4674 et
1982 4616 2210 4675 Petram
2252 4617 2544 4675 immotam
2597 4618 2954 4694 seculorum,
