3221 5200
297 381 516 428 Quassr.
547 359 705 442 xva]
1187 382 1265 421 DE
1295 381 1635 422 vocarioxn
1668 382 1740 420 m·
1772 382 1927 421 rina.
2592 366 2709 422 525

297 520 377 578 ita
408 531 469 579 ut
498 541 602 578 nec
635 521 722 579 vis
751 522 951 579 mortis
973 531 1030 580 et
1060 522 1364 599 sepulchri,
1396 542 1524 598 quae
1568 543 1720 600 saepe
1750 542 1851 598 per
1880 528 1987 576 ίίδου
2027 530 2181 582 τάλας
2219 521 2513 598 designari
2542 523 2705 596 solet,

301 600 416 657 Isa.
449 601 698 659 xxxviii.
736 604 824 674 10,
857 611 916 659 et
963 603 1102 660 Job.
1134 603 1383 660 xxxviii.
1419 606 1510 675 17,
1543 622 1643 659 eos
1672 602 1926 660 detinere
1968 609 2029 662 ot
2070 602 2307 678 perdere
2336 602 2542 675 valeat,
2575 602 2712 678 quia

305 680 405 755 qui
436 681 617 738 credit
661 681 887 739 transiit
941 681 1013 739 de
1056 691 1238 740 morte
1282 681 1357 739 ad
1398 681 1596 756 vitam,
1643 682 1783 741 Joh.
1827 702 1884 739 v.
1917 685 2011 754 24,
2044 692 2102 739 et
2144 690 2300 741 certo
2345 681 2714 740 suscitandus

298 759 501 818 ultimo
526 760 635 834 die,
668 761 806 819 Joh.
858 761 935 818 vi.
967 765 1063 820 40.
1150 762 1272 820 Nec
1316 761 1612 819 molimina
1645 763 1889 834 Satanae,
1921 762 2021 837 qui
2061 762 2336 837 Princeps
2378 771 2465 820 est
2492 761 2711 834 mundi,

300 847 359 896 et
387 839 487 915 qui
515 839 574 896 in
606 840 706 897 illo
736 841 1036 916 imperium
1068 861 1234 899 suum
1265 851 1512 913 exercet,
1543 849 1609 899 ut
1638 842 1777 900 olim
1810 839 2109 917 Principes
2151 842 2208 897 in
2242 841 2431 899 Portis
2463 840 2713 899 Urbium

299 919 593 993 sedebant,
626 929 683 978 et
712 920 791 977 ibi
813 922 914 997 jus
944 921 1232 995 dicebant,
1261 920 1634 997 praevalitura
1662 921 1779 979 sint
1820 920 2098 979 adversus
2128 919 2300 996 ipsos.
2388 921 2714 978 Innumeras

300 1008 434 1057 sunt
462 999 786 1058 istiusmodi
818 1001 1242 1076 promissiones,
1287 1020 1416 1076 quae
1462 999 1782 1057 custodiam
1828 1000 1957 1069 Dei,
1990 1008 2048 1057 et
2096 1001 2580 1076 perseverantiam
2608 1000 2710 1057 ho·

300 1079 440 1135 mini
485 1079 642 1136 fideli
678 1080 1039 1156 pollicentur,
1086 1088 1152 1137 ut
1200 1083 1229 1137 1
1265 1081 1393 1137 Cor.
1441 1079 1478 1136 i.
1510 1082 1563 1154 9,
1614 1089 1672 1137 et
1709 1099 1768 1137 x.
1805 1082 1895 1152 13,
1942 1079 2092 1137 Phil.
2137 1081 2174 1138 i.
2223 1082 2277 1154 6,
2336 1085 2363 1136 1
2406 1080 2609 1137 Thess.
2653 1100 2713 1137 v.

298 1161 392 1230 23,
447 1160 541 1233 24,
601 1167 658 1216 et
688 1165 758 1216 2⁸²
786 1159 867 1217 iii.
899 1162 954 1234 3,
1032 1164 1059 1216 1
1089 1159 1214 1217 Pet.
1245 1158 1369 1230 i.,5‚
1419 1155 1526 1216 Sto.
1636 1158 1808 1218 Unde
1854 1159 2165 1235 colligitur,
2223 1180 2354 1218 cum
2405 1160 2564 1217 Deus
2609 1159 2710 1235 qui

297 1235 485 1295 fidelis
515 1247 603 1296 est
631 1247 688 1296 et
707 1248 977 1297 constans
1006 1239 1065 1295 in
1094 1238 1407 1315 promissiS,
1442 1237 1640 1296 Verbo
1669 1258 1773 1296 suo
1803 1238 1975 1297 toties
2003 1247 2062 1297 et
2082 1249 2200 1297 tam
2223 1258 2494 1316 expresse
2523 1258 2714 1315 perse-

294 1318 610 1375 verantiam
642 1319 809 1376 nobis
835 1318 1176 1395 promiserit,
1200 1338 1317 1375 non
1334 1337 1503 1394 posse
1532 1337 1649 1376 non
1671 1326 1882 1376 certam
1913 1338 2036 1376 esse
2067 1329 2125 1376 et
2153 1317 2553 1377 indubitatam.

379 1398 534 1455 XII.
581 1398 972 1474 Exceptiones
1022 1396 1508 1455 Adversariorum
1538 1417 1606 1456 eo
1637 1397 1915 1456 redeunt:
1965 1404 2015 1456 1.
2043 1398 2113 1455 In
2137 1418 2347 1474 genere
2400 1401 2435 1431 ‘⁴
2461 1396 2715 1456 Promis·

296 1475 487 1534 siones
509 1476 618 1534 Dei
646 1498 763 1535 non
794 1497 1019 1554 semper
1046 1477 1288 1554 impleri,
1321 1478 1570 1535 maxime
1600 1498 1779 1554 quum
1802 1497 1919 1535 non
1948 1489 2082 1537 sunt
2123 1479 2420 1552 absolutae,
2447 1477 2552 1535 scd
2580 1498 2715 1536 con-

297 1556 610 1631 ditionatae,
643 1557 844 1633 quales
889 1557 1012 1616 istae
1059 1565 1208 1630 sunt,
1259 1577 1387 1633 quae
1433 1557 1821 1616 conditionem
1868 1578 2094 1636 semper
2134 1566 2465 1635 supponunt
2492 1577 2526 1614 a
2555 1566 2716 1633 parte

296 1636 562 1710 hominis,
579 1638 668 1695 cui
690 1647 880 1713 potest
902 1637 1012 1694 sibi
1031 1637 1290 1695 deesse.''
1347 1637 1522 1713 Resp.
1538 1637 1753 1710 Prim0,
1770 1638 2077 1714 Perperam
2096 1637 2370 1695 confundi
2390 1638 2717 1712 promissio-

297 1735 395 1773 nes
423 1718 624 1788 desine
652 1737 782 1775 cum
802 1717 1265 1793 promissionibus
1293 1718 1361 1773 de
1393 1717 1600 1774 mediis.
1679 1716 1819 1774 Illas
1845 1737 1975 1794 esse
2022 1717 2460 1789 conditionataS,
2487 1726 2544 1773 et
2574 1716 2720 1774 tales

299 1814 424 1854 esse
455 1815 655 1854 revera
683 1817 798 1853 non
827 1797 1172 1870 diffitemur-3
1222 1796 1337 1852 Sed
1366 1795 1507 1854 istas
1535 1816 1916 1871 nequaquam,
1964 1797 2098 1871 quia
2126 1815 2243 1852 non
2285 1795 2495 1853 dantur
2522 1794 2718 1851 condi-

301 1874 488 1932 tiones
516 1876 929 1948 conditionum‚
963 1876 1106 1933 alias
1133 1894 1226 1933 res
1255 1874 1439 1932 abiret
1461 1875 1520 1931 in
1559 1875 1865 1947 infinitum,
1891 1885 2271 1951 praeterquam
2294 1873 2447 1950 quod
2479 1874 2561 1931 sic
2584 1894 2718 1931 con-

300 1953 442 2012 ditio
472 1955 757 2012 coincidet
786 1974 916 2012 cum
955 1953 1367 2030 promissione;
1401 1954 1561 2011 Deus
1607 1955 1828 2012 scilicet
1876 1955 2232 2030 promitteret
2279 1953 2496 2011 homini
2528 1973 2719 2029 perse-

302 2034 640 2108 vetantiam,
674 2035 723 2091 si
751 2033 924 2091 modo
953 2042 1296 2109 perseveret,
1321 2033 1431 2090 hoc
1481 2033 1635 2091 enim
1685 2042 1774 2090 est
1804 2033 1930 2109 ejus
1979 2033 2245 2106 officium,
2297 2053 2369 2091 ne
2413 2032 2521 2089 sibi
2552 2031 2718 2105 desit,

300 2112 456 2188 quod
484 2113 851 2188 nugatorium
893 2122 997 2187 est,
1051 2112 1142 2171 cui
1189 2112 1340 2169 bono
1389 2113 1541 2169 enim
1591 2113 2019 2188 promitteretur
2055 2099 2141 2169 illi
2169 2112 2325 2189 quod
2346 2113 2466 2188 jam
2498 2111 2672 2172 habet
2693 2114 2723 2170 ⁶?

302 2190 424 2248 Nos
447 2211 585 2248 vero
614 2191 859 2249 dicimus
886 2192 1321 2268 promissionem
1352 2191 1475 2249 dari
1505 2191 1664 2250 fideli
1692 2201 1756 2250 ut
1784 2191 1956 2251 faciat
1984 2192 2250 2264 officium,
2272 2212 2387 2249 non
2409 2193 2545 2268 quia
2566 2191 2719 2250 fecit.

305 2269 586 2343 Secundo,
606 2270 954 2329 Absolutum
969 2279 1159 2348 potest
1170 2270 1430 2328 bifariam
1445 2270 1676 2345 dici,vel
1688 2271 1843 2348 quod
1855 2272 2112 2331 excludit
2124 2271 2330 2346 media,
2344 2281 2401 2329 et
2414 2272 2724 2347 aequivalet

300 2349 650 2425 immediatO,
684 2351 779 2409 vel
807 2350 965 2426 quod
992 2350 1251 2408 excludit
1279 2350 1668 2409 conditionem
1697 2371 1732 2408 a
1759 2372 1873 2428 qua
1901 2352 2148 2428 pendeat
2173 2374 2187 2410 z
2230 2351 2533 2427 posteriori
2582 2371 2713 2408 sen-

300 2448 370 2487 su
398 2438 615 2487 certum
646 2440 734 2488 est
762 2430 1196 2507 promissionem
1241 2431 1683 2506 perseverantiae
1724 2451 1841 2488 nou
1890 2452 2019 2490 esse
2066 2431 2532 2504 conditionatam,
2585 2431 2722 2506 quia

301 2509 460 2566 nulla
489 2508 658 2567 datur
685 2510 957 2584 conditi0,
988 2530 1118 2586 quae
1146 2530 1263 2567 non
1311 2509 1481 2568 cadat
1525 2510 1634 2568 sub
1681 2511 1863 2587 ipsam
1914 2510 2369 2587 promissionem,
2416 2511 2519 2569 sed
2546 2511 2723 2587 priori

298 2589 443 2646 nihil
473 2589 666 2649 obstat
703 2590 1140 2668 promissionem
1183 2590 1472 2667 requirere
1521 2590 1729 2665 media,
1781 2591 1992 2668 quibus
2041 2591 2370 2651 executioni
2397 2590 2720 2667 mandetur,

302 2690 432 2727 cum
455 2671 879 2745 perseverantia
901 2691 1017 2728 non
1047 2671 1122 2729 sit
1158 2671 1414 2747 physica,
1463 2670 1567 2729 sed
1615 2672 1869 2744 moralis,
1897 2692 2027 2748 quae
2076 2673 2149 2730 ab
2195 2671 2427 2730 homine
2457 2672 2583 2749 ipso
2613 2691 2722 2748 ope

305 2751 506 2826 gratiae
535 2752 858 2828 perficitur;
922 2751 1025 2810 sed
1054 2751 1164 2809 ista
1206 2751 1397 2809 media
1435 2751 1810 2810 includuntur
1852 2752 1911 2809 in
1955 2753 2082 2829 ipsa
2130 2751 2525 2829 promissione,
2558 2759 2622 2810 ut
2650 2752 2724 2810 ab

302 2830 534 2888 homine
565 2831 787 2908 possint
815 2831 1056 2908 impleri.
1088 2835 1144 2888 2.
1191 2833 1227 2863 ‘⁴
1252 2831 1556 2889 Desectam
1584 2851 1702 2889 non
1731 2852 1857 2890 esse
1887 2853 1960 2891 ex
1990 2841 2151 2910 parte
2193 2832 2320 2905 Dei,
2353 2831 2451 2908 qui
2480 2840 2718 2908 praestat

303 2910 460 2985 quod
488 2920 577 2968 est
606 2911 915 2987 pollicituS,
948 2911 1050 2968 sed
1077 2910 1344 2982 hominis,
1377 2910 1477 2986 qui
1506 2931 1609 2987 pro
1655 2912 1878 2971 arbitrii
1921 2932 2144 2970 summa
2171 2912 2408 2970 levitate
2439 2911 2725 2969 subtrahit

304 3008 366 3046 se
395 2988 468 3045 ab
497 2989 765 3047 oblatis.'’
854 2990 1025 3048 Unde
1058 2990 1217 3048 Deus
1246 2990 1477 3066 quidem
1506 3010 1615 3049 nos
1663 2991 1849 3049 munit
1906 2992 1978 3049 ab
2024 2991 2278 3049 externis
2306 2990 2588 3062 hostibus,
2621 2990 2723 3048 sed

303 3086 418 3125 non
448 3087 483 3124 a
510 3068 679 3125 nobis
707 3068 848 3145 ipsis
877 3078 934 3126 et
963 3068 1278 3126 domestica
1304 3068 1563 3144 perfidia.
1651 3070 1779 3143 Quo
1808 3078 2030 3145 spectat
2057 3069 2202 3126 illud
2232 3069 2587 3140 Bellarmini,
2619 3069 2720 3127 lib.

303 3146 386 3205 iii.
418 3146 489 3205 de
519 3148 561 3206 J
567 3147 722 3206 ustif.
754 3167 803 3204 c.
840 3149 933 3217 15,
980 3147 1248 3205 Charitas
1276 3168 1387 3205 non
1410 3149 1633 3220 excidit,
1654 3150 1757 3206 sed
1781 3169 1879 3206 nos
1900 3151 1970 3206 ab
1989 3169 2057 3206 ea
2095 3149 2374 3205 interdum
2396 3149 2720 3205 excidimus.

307 3227 483 3303 Resp.
531 3226 649 3286 Sed
676 3227 844 3284 inane
872 3228 983 3284 hoc
1011 3235 1099 3284 est
1126 3224 1422 3303 effugium,
1455 3246 1586 3284 cum
1637 3226 1930 3303 Scriptura
1975 3227 2188 3285 nullius
2231 3226 2576 3285 conditionis
2604 3246 2724 3285 me·

303 3306 552 3380 minerit‚
584 3326 712 3383 quae
741 3305 1137 3383 promissionis
1165 3305 1545 3382 adimplendae
1576 3306 1651 3364 sit
1680 3326 1889 3383 causa;
1936 3306 2038 3365 sed
2076 3306 2263 3365 innuit
2280 3315 2502 3364 tautum
2534 3306 2723 3364 Deum

304 3387 490 3462 ipsam
517 3388 668 3444 hanc
698 3385 1085 3445 conditionem
1114 3406 1286 3462 quam
1316 3386 1570 3462 requirit,
1603 3386 1935 3463 promittere
1965 3395 2023 3445 et
2044 3394 2332 3463 praestare.
2395 3386 2542 3443 Nam
2572 3386 2720 3445 alias

305 3467 366 3524 in
394 3487 565 3543 quem
595 3466 766 3525 finem
796 3466 943 3525 indit
974 3466 1190 3542 Legem
1220 3466 1278 3524 in
1308 3465 1595 3540 cordibus,
1630 3475 1913 3525 susteth
1939 3487 2132 3541 manu,
2157 3466 2257 3525 dat
2284 3467 2504 3524 exitum
2533 3475 2720 3525 tenta-

305 3546 466 3622 tioni,
497 3547 610 3604 nisi
638 3555 702 3605 ut
730 3547 1000 3605 voluntas
1030 3547 1089 3603 in
1116 3545 1364 3623 quodvis
1394 3546 1583 3604 scelus
1612 3555 1672 3605 et
1697 3547 2013 3623 periculum
2041 3567 2296 3624 praeceps
2318 3566 2434 3604 non
2463 3566 2725 3606 succum·

309 3627 427 3700 bat,
460 3647 568 3686 nec
597 3647 632 3684 a
660 3634 889 3704 recepta
916 3626 1105 3703 gratia
1131 3646 1366 3704 prorsus
1408 3626 1627 3685 resiliat
1647 3630 1675 3686 Ρ
1720 3628 1931 3686 Fateor
1974 3628 2186 3704 requiri
2251 3627 2424 3685 fidem
2453 3635 2512 3685 et
2539 3627 2721 3703 poeni-

313 3707 550 3764 tentiam
580 3707 642 3764 in
671 3708 948 3784 subjecte,
980 3707 1116 3784 quia
1162 3707 1466 3784 promissio
1514 3727 1630 3765 non
1679 3708 1850 3766 datur
1892 3707 2003 3766 nisi
2049 3707 2223 3781 fideli,
2255 3706 2357 3766 sed
2387 3727 2500 3764 non
2531 3707 2725 3765 statim

312 3786 557 3862 supponi
601 3785 774 3845 debet
819 3787 1247 3864 perseverantia
1290 3808 1419 3864 quae
1466 3788 1834 3865 promittitur.
1919 3790 1975 3846 3.
2006 3786 2277 3859 Additur,
2325 3787 2728 3843 Promissiones

298 3865 439 3935 fieri
464 3866 744 3940 Ecclesioe,
776 3887 887 3924 non
914 3867 1145 3940 sinqulis
1177 3868 1456 3938 fidelibus.
1547 3866 1664 3925 Sed
1713 3876 1926 3940 contra,
1960 3865 2115 3942 quod
2161 3865 2437 3923 Ecclesiae
2489 3865 2727 3940 Corpori

312 3942 680 4020 promittitur,
710 3945 946 4020 respicit
973 3945 1146 4003 etiam
1175 3947 1407 4021 singula
1434 3946 1561 4023 ejus
1602 3966 1742 4004 vera
1786 3946 2065 4016 Membra,
2097 3965 2225 4021 quae
2254 3944 2597 4020 participant
2624 3963 2724 4001 na-

316 4031 502 4081 turam
517 4022 803 4098 Corporis.
851 4023 1020 4082 Unde
1032 4044 1266 4082 necesse
1289 4035 1377 4083 est
1399 4045 1530 4084 eum
1552 4025 1651 4101 qui
1664 4026 1936 4083 servator
1947 4034 2027 4081 est
2039 4024 2327 4099 Corporis,
2341 4023 2542 4081 eadem
2553 4042 2729 4100 opera

314 4122 544 4162 servare
562 4121 761 4161 omnes
779 4103 879 4179 qui
896 4103 1153 4161 membra
1171 4112 1320 4177 sunt,
1347 4114 1411 4163 ut
1430 4105 1651 4179 Corpus
1673 4104 2021 4180 completum
2050 4103 2125 4162 sit
2146 4112 2204 4162 et
2231 4123 2348 4161 non
2374 4103 2719 4162 mutilatum.

397 4181 587 4241 XIII.
633 4185 689 4240 2.
750 4183 822 4239 In
871 4183 1081 4259 specie,
1126 4183 1226 4240 Ad
1254 4183 1461 4257 locum,
1507 4184 1633 4242 Jer.
1663 4183 1829 4240 xxxi.
1877 4191 1936 4241 et
1957 4183 2184 4258 xxxii.;
2234 4186 2285 4240 1.
2320 4184 2355 4215 “
2384 4182 2503 4260 Agi
2532 4183 2604 4241 de
2633 4203 2720 4241 re·

312 4263 582 4322 ductione
637 4263 837 4339 populi
864 4282 938 4320 ex
968 4263 1302 4339 captivitate
1333 4263 1694 4339 Babylonica
1721 4283 1797 4321 ex
1815 4283 1933 4321 ver.
1966 4266 2061 4337 37,
2092 4282 2208 4321 non
2237 4262 2308 4320 de
2341 4263 2721 4321 Perseveran-

317 4344 413 4416 tia,
445 4363 574 4419 quoe
597 4342 737 4401 solis
767 4342 985 4402 Electis
1007 4351 1310 4420 competat,
1341 4363 1470 4419 quae
1490 4343 1614 4420 jam
1645 4362 1918 4401 concessa
1947 4342 2286 4420 supponitur
2309 4341 2578 4401 fidelibus
2606 4362 2727 4400 om-

313 4422 485 4480 nibus
515 4422 750 4481 Veteris
778 4423 1188 4482 Testamenti.”
1274 4423 1450 4500 Resp.
1495 4422 1661 4480 Licet
1690 4420 1994 4482 Oraculum
2014 4423 2199 4499 possit
2214 4443 2283 4481 eo
2310 4421 2506 4481 referri
2536 4422 2727 4498 quoad

311 4500 655 4560 beneficium
683 4504 1013 4579 temporale,
1044 4503 1284 4562 ulterius
1313 4512 1503 4562 tamen
1525 4502 1809 4580 respicere
1826 4503 1901 4561 ad
1922 4513 2180 4579 tempora
2199 4502 2351 4561 Novi
2372 4502 2730 4560 Testamenti

313 4580 505 4656 quoad
533 4581 873 4641 beneficium
904 4583 1218 4661 spirituale,
1249 4593 1307 4642 et
1349 4583 1612 4641 Christus
1649 4583 1772 4660 ipse
1817 4583 2003 4658 docet,
2055 4582 2097 4642 J
2101 4583 2195 4641 oh.
2241 4582 2319 4640 vi.
2369 4585 2464 4658 45,
2495 4582 2727 4659 quando

315 4660 566 4738 applicat
593 4662 861 4721 omnibus
892 4663 1126 4739 Electis,
1157 4664 1314 4740 quod
1356 4662 1532 4724 futuri
1561 4663 1679 4723 sint
1705 4668 2002 4729 &nobam-na,
2031 4662 2188 4739 quod
2218 4663 2506 4740 Propheta
2533 4662 2604 4722 de
2637 4661 2726 4719 Is·
