3221 5200
485 369 603 425 342
1077 417 1080 418 γ
1253 381 1437 422 Locus
1465 381 1725 422 nscmus
1755 381 2048 431 omarus.
2538 361 2788 444 [Quam.
2818 383 2903 425 xv.

490 535 598 599 tur,
631 533 694 584 ut
716 525 825 582 hoc
856 524 940 582 illi
969 524 1076 582 soli
1105 523 1398 602 proprium
1426 524 1502 582 sit
1527 524 1649 582 κατ’
1676 525 1854 601 linxit,
1887 544 1992 583 nec
2038 523 2142 582 ulli
2189 524 2301 582 nisi
2319 525 2618 602 analogice
2641 533 2698 585 et
2730 527 2904 605 longe

488 604 756 663 dissimili
784 605 1004 663 ratione
1034 613 1356 682 competere
1385 614 1576 681 queat.
1624 606 1701 664 Et
1730 607 1780 663 si
1811 606 2092 665 Doctores
2121 604 2196 663 ad
2234 624 2343 664 nos
2390 606 2570 666 mittit
2621 608 2899 682 Christus,

489 705 659 744 nemo
685 695 878 743 tamen
923 685 1191 762 Magistri
1220 705 1446 760 nomen,
1498 685 1658 763 quod
1707 686 1935 744 Christo
1985 686 2091 744 soli
2142 686 2432 764 competit,
2480 687 2598 744 illis
2652 688 2903 747 tribuere

484 775 674 846 potest
703 766 800 824 vel
828 765 1017 824 debet.

489 887 518 931 2
552 886 629 932 Ex
661 883 688 930 1
708 886 805 930 Joh
849 887 897 930 ii.
918 883 971 929 1,
1095 844 1215 902 IX.
1264 845 1549 919 Secunde,
1571 846 1669 903 Ex
1694 848 1724 903 1
1750 846 1793 905 J
1798 846 1889 905 oh.
1910 845 1970 904 ii.
1995 849 2046 904 1.
2071 849 2106 878 “
2134 846 2197 905 Si
2217 846 2602 923 peccavimus,
2625 847 2905 907 habemus

521 917 533 929 ’
809 917 819 929 ”
959 919 971 938 ’
1017 925 1362 983 advocatum
1390 925 1546 1002 apud
1590 926 1839 1002 Patrem,
1871 926 1914 986 J
1918 946 2078 985 esum
2110 927 2398 986 Christum
2422 929 2663 1005 justum,
2696 929 2795 1006 qui
2818 936 2905 988 est

487 1009 767 1085 ἱλασμὶς,”
793 1005 901 1065 Sec.
949 1006 1069 1066 Ubi
1111 1006 1220 1063 tria
1259 1007 1442 1065 latent
1483 1015 1862 1083 argumenta:
1925 1012 1977 1066 1.
2010 1007 2178 1081 Quod
2207 1011 2534 1089 raginam-05
2577 1029 2677 1068 seu
2730 1010 2905 1067 advo·

490 1099 654 1148 catus
695 1088 904 1146 dicitur
953 1087 1015 1143 in
1063 1086 1380 1164 singulari;
1423 1086 1578 1164 quod
1622 1107 1918 1165 perperam
1962 1087 2207 1147 dixisset
2251 1090 2570 1159 Johannes‚
2618 1091 2668 1148 si
2711 1091 2905 1166 plures

490 1170 716 1242 dantur,
742 1178 800 1227 et
827 1186 944 1226 non
970 1166 1175 1226 unicus
1202 1176 1460 1243 tantum;
1505 1172 1560 1225 2.
1595 1168 1716 1226 Iste
1738 1168 2055 1226 advocatus
2077 1187 2346 1246 expresse
2376 1179 2617 1229 vocatur
2645 1169 2906 1228 Christus

488 1249 667 1308 Jesus
700 1249 914 1325 justus,
944 1260 1010 1306 ut
1036 1246 1232 1306 nullus
1276 1248 1423 1306 alius
1463 1248 1574 1306 hoc
1626 1248 1844 1307 Munus
1893 1249 2001 1307 sibi
2031 1248 2283 1325 tribuat;
2342 1253 2398 1309 3.
2430 1249 2771 1309 Advocatus
2818 1260 2905 1309 est

488 1330 638 1404 talis,
671 1329 771 1405 qui
809 1329 885 1387 sit
925 1328 1099 1387 etiam
1139 1329 1352 1393 incus,
1395 1347 1496 1386 seu
1525 1329 1856 1406 propitiatio
1896 1349 1998 1406 pro
2052 1329 2322 1406 peccatis.
2382 1330 2467 1388 At
2495 1350 2663 1389 nemo
2700 1340 2908 1408 praeter

489 1409 780 1468 Christum
823 1409 933 1467 hoc
987 1407 1272 1485 praestitit.
1345 1407 1744 1485 Nequicquam
1785 1410 2083 1485 regeritur,
2124 1408 2240 1467 dici
2281 1409 2513 1486 quidem
2559 1411 2903 1469 advocatum

491 1490 798 1564 Christum,
845 1488 947 1546 sed
987 1507 1105 1546 non
1149 1488 1353 1546 solum.
1439 1487 1589 1544 Nam
1631 1488 1769 1547 licet
1814 1489 2096 1565 particula
2143 1490 2443 1547 exclusiva
2490 1509 2605 1546 non
2660 1491 2909 1549 addatur

488 1566 744 1650 ὃιιρῥὴὃηυ,
789 1567 1116 1627 necessario
1142 1576 1337 1626 tamen
1364 1567 1680 1627 includitur
1720 1568 1780 1624 in
1819 1568 2089 1644 epithetis
2134 1568 2362 1644 additis,
2414 1578 2537 1627 tum
2576 1569 2737 1629 Justi
2781 1579 2904 1628 tum

489 1651 728 1714 ἱλασμοῦ.
775 1648 1000 1709 Deinde
1023 1649 1073 1707 si
1093 1647 1287 1725 plures
1305 1648 1641 1726 agnovisset
1658 1648 1988 1721 advocatos,
2022 1649 2139 1707 Cur
2159 1669 2337 1707 unum
2367 1650 2657 1708 Christum
2686 1670 2901 1709 memo-

479 1733 596 1806 rat,
628 1741 687 1791 et
708 1752 823 1789 non
852 1729 1014 1788 addit
1041 1729 1186 1787 alios
1214 1729 1289 1786 ad
1309 1747 1455 1806 quos
1477 1729 1787 1805 confugere
1816 1729 2083 1805 possint?
2114 1729 2201 1787 Eo
2222 1730 2486 1806 pertinet,
2511 1730 2668 1807 quod
2697 1731 2909 1790 dicitur

504 1812 628 1888 Via,
671 1812 907 1885 Vem'tas,
933 1820 987 1869 et
1021 1810 1166 1884 Vita,
1197 1818 1252 1867 ct
1289 1829 1449 1867 nemo
1494 1810 1682 1867 veniat
1712 1812 1795 1867 ad
1812 1811 2046 1868 Patrem
2094 1810 2203 1868 nisi
2235 1830 2350 1887 per
2379 1811 2576 1887 ipsum,
2613 1812 2655 1870 J
2660 1813 2753 1870 oh.
2784 1813 2904 1869 xvi.

490 1894 546 1966 6,
579 1902 638 1952 et
664 1892 823 1972 quod
849 1892 909 1950 in
935 1893 1089 1949 nullo
1115 1891 1231 1948 alio
1256 1890 1330 1947 sit
1352 1892 1520 1963 salus,
1568 1889 1787 1948 Act.iv.
1824 1893 1915 1948 12.

488 2009 535 2056 3·
578 2010 708 2061 Quin.
757 2008 851 2054 hoo
891 2010 968 2053 est
1095 1970 1179 2029 X.
1225 1970 1437 2046 Terti0,
1470 1969 1619 2044 Quia
1649 1970 1927 2029 Mediatio
1975 1970 2314 2030 Sanctorum
2346 1971 2501 2030 cedit
2526 1971 2587 2029 in
2611 1980 2903 2031 contume-

549 2072 782 2127 injurium
805 2067 968 2112 Chris-
1009 2050 1145 2108 liam
1170 2050 1401 2125 Christi,
1432 2051 1598 2126 quasi
1626 2070 1742 2109 non
1773 2050 2056 2109 sufficeret
2090 2051 2264 2124 solua,
2310 2060 2368 2110 et
2395 2060 2591 2129 posset
2620 2052 2807 2111 socios
2846 2053 2903 2109 in

552 2136 642 2182 to;
1013 2132 1122 2190 hoc
1151 2150 1387 2189 munere
1415 2131 1578 2205 ferre,
1612 2131 1768 2208 quod
1797 2131 1919 2190 sine
1943 2131 2149 2208 grandi
2170 2132 2528 2209 blasphemia
2549 2132 2664 2190 dici
2685 2132 2902 2209 nequit.

491 2216 614 2274 Nec
637 2215 809 2291 juvat
849 2210 1007 2288 quod
1034 2211 1261 2287 dicitur,
1295 2211 1429 2269 Non
1454 2209 1579 2269 fieri
1608 2210 1879 2289 injuriam
1911 2212 2158 2287 Christe,
2190 2213 2327 2289 quia
2359 2212 2554 2271 Sancti
2583 2213 2703 2270 vim
2733 2214 2905 2271 inter·-

489 2294 731 2354 cedendi
762 2302 820 2352 et
842 2291 1186 2369 impetrandi
1203 2291 1454 2350 habeant
1481 2311 1516 2349 a
1545 2292 1793 2350 Christo.
1878 2292 1933 2350 N
1936 2312 2027 2350 am
2051 2293 2231 2369 gratis
2254 2293 2595 2369 supponitur
2617 2293 2906 2352 Christum

490 2376 666 2436 talem
704 2374 823 2431 vim
861 2392 966 2449 pro
994 2372 1162 2430 nobis
1192 2371 1582 2430 intercedendi
1612 2380 1670 2430 et
1698 2373 1944 2431 salutem
1992 2373 2335 2449 impetrandi
2374 2373 2490 2431 illis
2528 2373 2907 2450 promeruisse

492 2466 552 2515 et
581 2453 838 2514 conferre
865 2452 1052 2527 velle3
1097 2451 1255 2529 quod
1295 2472 1403 2510 nec
1436 2451 1733 2528 Scriptura
1769 2452 1919 2511 dixit
1945 2473 2216 2529 unquam,
2247 2473 2355 2511 nec
2383 2453 2504 2511 ulla
2529 2454 2750 2528 ratione
2779 2472 2906 2530 pro·

491 2536 618 2595 bari
658 2542 866 2613 potest.
954 2533 1080 2590 Imo
1123 2532 1173 2590 si
1203 2532 1466 2590 Christus
1508 2539 1597 2589 est
1638 2531 1926 2609 perfectus
1968 2532 2273 2600 Mediator,
2318 2533 2418 2610 qui
2459 2552 2563 2611 per
2604 2553 2665 2592 se
2720 2534 2908 2611 ipsum

490 2618 661 2696 plane
691 2622 883 2692 potest
911 2631 1109 2670 omnes
1137 2612 1392 2670 muneris
1439 2612 1608 2669 istius
1635 2619 1827 2688 partes
1849 2613 2102 2688 implere,
2134 2613 2276 2689 quid
2319 2633 2465 2689 opus
2494 2614 2638 2671 alios
2662 2614 2769 2671 sibi
2802 2614 2907 2671 fin-

475 2748 476 2751 ,
495 2715 630 2774 gere
650 2697 679 2752 ⁴?
721 2693 844 2751 Nec
898 2691 1098 2768 reponi
1144 2690 1318 2748 debet
1361 2689 1584 2747 nullum
1631 2690 1763 2748 inde
1809 2692 2205 2768 praejudicium
2251 2693 2432 2750 creari
2481 2693 2727 2767 Christe,
2773 2694 2911 2769 quia

498 2773 696 2835 Sancti
737 2791 854 2829 non
897 2779 1014 2829 tam
1058 2770 1174 2827 sint
1216 2768 1569 2828 Mediatores
1606 2769 1719 2827 Dei
1756 2780 1814 2829 et
1856 2771 2169 2843 hominum,
2201 2791 2374 2848 quam
2421 2772 2775 2830 Mediatores
2803 2774 2905 2831 ho-

488 2855 709 2913 minum
764 2851 840 2909 ad
896 2850 1205 2925 Christum,
1256 2857 1323 2907 ut
1378 2848 1631 2908 Hesseli.
1706 2849 1766 2906 in
1835 2852 1861 2907 1
1925 2850 2073 2909 Tim.
2130 2850 2190 2910 ii.
2249 2850 2538 2910 observat.
2620 2851 2769 2925 Quia
2826 2854 2908 2912 sic

491 2932 814 2994 Mediatore
857 2949 1003 3008 opus
1051 2938 1204 2988 esset
1250 2928 1326 2987 ad
1374 2928 1773 3006 Mediatorem,
1806 2950 1937 2989 cum
1980 2938 2173 2990 tamen
2221 2931 2344 3009 ipse
2389 2931 2584 3008 ἀμίαις
2621 2942 2678 2991 et
2705 2933 2907 3011 benig·

486 3014 725 3074 nissime
753 3031 859 3070 nos
880 3010 956 3070 ad
984 3031 1045 3069 se
1073 3018 1258 3085 vocet,
1289 3030 1396 3069 nec
1415 3009 1490 3068 ad
1511 3010 1658 3069 alios
1678 3010 1964 3086 amandet‚
2020 3013 2210 3071 Venite
2230 3015 2313 3071 ad
2337 3034 2440 3088 me,
2467 3013 2677 3073 Matth.
2702 3014 2783 3073 xi.
2808 3016 2905 3073 28.

491 3093 740 3155 Accedit
768 3092 926 3171 quod
953 3092 1050 3151 isti
1080 3091 1434 3150 Mediatores
1474 3090 1548 3149 ad
1577 3091 1888 3169 Christum,
1917 3092 2015 3151 vel
2044 3112 2189 3170 opus
2218 3093 2515 3153 habebunt
2542 3094 2655 3153 alio
2686 3094 2908 3153 Media·

490 3185 630 3251 tore,
682 3174 784 3253 qui
828 3174 904 3232 ad
956 3173 1147 3251 ipsum
1194 3171 1414 3231 aditum
1445 3170 1563 3230 illis
1603 3171 1794 3248 faciat,
1826 3173 1923 3232 vel
1970 3192 2105 3233 non.
2194 3174 2258 3233 Si
2302 3175 2591 3251 asseritur,
2624 3185 2911 3252 quaeretur

488 3277 726 3330 rursus;
772 3254 870 3313 An
910 3252 1065 3332 apud
1092 3254 1244 3311 hunc
1273 3252 1507 3312 tertium
1537 3272 1682 3330 opus
1713 3254 1789 3313 sit
1830 3253 1944 3312 alio
1976 3254 2299 3314 Mediatore
2318 3258 2347 3313 Ρ
2387 3263 2446 3314 et
2495 3255 2577 3314 sic
2604 3275 2696 3313 res
2725 3256 2910 3313 abiret

489 3339 550 3396 in
606 3335 912 3394 infinitum.
996 3334 1057 3391 Si
1110 3340 1372 3410 negatur,
1403 3333 1550 3391 ratio
1607 3333 1733 3391 dari
1776 3353 1894 3392 non
1937 3343 2145 3410 potest,
2177 3355 2280 3393 cur
2326 3335 2421 3393 isti
2454 3334 2806 3392 Mediatores
2834 3334 2910 3392 ad

491 3417 782 3475 Christum
811 3414 981 3472 nobis
1008 3413 1294 3470 faciliores
1323 3413 1631 3471 credantur
1677 3433 1848 3489 quam
1880 3414 2003 3489 ipse
2028 3414 2292 3472 Christus
2322 3435 2336 3489 ;
2383 3416 2527 3471 Cum
2556 3431 2672 3469 non
2699 3413 2908 3470 minori

488 3495 715 3567 affectu,
748 3492 850 3550 sed
887 3492 1061 3568 longe
1090 3490 1425 3549 ferventiori
1452 3511 1560 3550 nos
1586 3500 1984 3570 prosequatur,
2016 3500 2075 3550 et
2102 3492 2288 3550 factus
2317 3492 2392 3550 sit
2420 3491 2587 3548 nobis
2616 3490 2821 3549 similis
2848 3492 2910 3549 in

493 3573 777 3646 omnibus,
809 3578 876 3629 ut
900 3576 1098 3647 posset
1127 3570 1373 3646 compati
1404 3569 1836 3630 infirmitatibus
1865 3571 2094 3645 nostris,
2128 3572 2283 3629 Heb.
2313 3571 2372 3628 ii.
2408 3574 2501 3627 17.

486 3701 530 3745 4.
571 3697 702 3748 Quia
722 3709 820 3740 non
921 3709 964 3740 s·
1091 3648 1210 3706 XI.
1255 3647 1488 3725 Quart0‚
1536 3649 1686 3725 Quia
1717 3650 1913 3709 Sancti
1940 3670 2056 3708 non
2083 3659 2325 3727 possunt
2365 3650 2736 3709 necessitates
2777 3671 2909 3710 nos-

548 3761 669 3803 sunt
703 3708 964 3800 „eoegffw
1003 3736 1123 3788 tras
1146 3748 1511 3806 cognoscere,
1542 3739 1602 3788 et
1640 3730 1813 3789 corda
1840 3738 1899 3788 et
1918 3749 2084 3788 renes
2112 3729 2372 3804 scrutari,
2418 3739 2483 3788 ut
2532 3730 2912 3807 cogitationes

547 3823 625 3862 tes
641 3819 837 3860 nostras
860 3827 970 3871 008·
1012 3817 1069 3868 et
1097 3808 1382 3868 desideria
1410 3808 1680 3869 distincte
1709 3819 1767 3868 et
1796 3810 2093 3888 sigillatim
2119 3819 2421 3888 perspecta
2462 3810 2729 3885 habeant,
2779 3813 2910 3871 abs·

547 3887 779 3927 noscet-m
1012 3910 1124 3967 que
1166 3910 1282 3967 quo
1313 3888 1701 3949 Mediatorum
1742 3898 1802 3949 et
1844 3892 2296 3949 Intercessorum
2336 3911 2547 3950 munus
2588 3892 2748 3952 obire
2796 3914 2911 3952 non

485 3981 747 4056 possunt.
832 3970 986 4047 Quid
1033 3970 1128 4029 bic
1169 3970 1462 4048 excipiant
1503 3970 1846 4029 Adversarii
1884 3991 1988 4050 pro
2007 3971 2334 4049 cognitione
2360 3972 2718 4049 Sanctorum,
2761 3971 2912 4032 Vide

489 4075 664 4133 supra
683 4054 1025 4127 discussum,
1052 4051 1190 4109 Loc.
1209 4050 1291 4108 xi.
1314 4050 1386 4108 de
1410 4050 1586 4128 Lege,
1612 4051 1721 4126 Qu.
1746 4055 1801 4110 7.

488 4180 532 4225 6.
554 4179 599 4229 Q
603 4179 684 4222 uia
696 4178 787 4222 hoo
802 4177 865 4221 do
867 4188 978 4233 gma
1100 4130 1255 4225 Χῌ.
1302 4130 1532 4206 Quinto,
1614 4131 1763 4206 Quia
1817 4132 1927 4190 boc
1982 4131 2197 4226 dogma
2251 4132 2402 4211 sapit
2425 4134 2913 4227 ‘superstit-ionem

549 4238 978 4343 affirma
1019 4212 2916 4371 51²{sams35332225532333132

1016 4379 1211 4431 essent
1239 4371 1475 4447 ordinis,
1507 4380 1648 4450 puta
1668 4373 1974 4448 daemoneS‚
2007 4375 2108 4450 qui
2131 4372 2483 4433 Mediatores
2528 4383 2720 4433 essent
2767 4374 2917 4433 inter

496 4454 653 4512 Deos
676 4470 929 4510 summos
958 4459 1015 4510 et
1043 4452 1362 4510 homines.’'
1410 4453 1581 4511 Unde
1606 4453 1774 4512 Plato
1795 4453 1857 4510 in
1890 4453 2213 4530 SymposiO,
2243 4456 2278 4486 ‘⁴
2302 4455 2521 4529 Deus,''
2552 4455 2757 4531 inquit,
2792 4454 2915 4512 “ab

488 4532 820 4590 hominibus
864 4551 980 4590 non
1008 4532 1316 4606 acceditur,
1347 4532 1451 4590 sed
1478 4552 1647 4592 omne
1676 4534 2079 4592 commercium
2108 4543 2166 4592 et
2186 4534 2501 4611 negotiatio
2528 4534 2679 4593 inter
2728 4535 2916 4593 Deum

493 4621 551 4671 et
578 4611 840 4669 homines
866 4612 934 4670 fit
960 4632 1062 4689 per
1078 4612 1427 4671 daemonas.'’
1495 4613 1666 4673 Unde
1705 4613 2047 4691 provincias,
2077 4614 2267 4689 urbes,
2316 4624 2485 4691 artes,
2516 4615 2749 4673 morbos
2770 4615 2920 4673 inter

494 4690 787 4749 daemonas
823 4691 1261 4767 distribuebant,
1293 4700 1352 4751 et
1381 4694 1541 4752 varia
1568 4694 1746 4753 variis
1768 4694 1962 4753 munia
1990 4694 2362 4771 assignabant
2388 4718 2401 4754 t
2444 4695 2736 4772 quomodo
2756 4695 2914 4772 papi-

551 4355 636 4399 let.
