3221 5200
518 368 593 428 98
1420 386 1604 428 Locus
1635 385 1997 428 mosomus.
2496 360 2755 447 [QuAEsr.
2786 383 2939 473 {vm

520 529 674 587 facto
701 546 818 585 non
864 546 1090 605 semper
1115 526 1535 604 rescinduntur,
1568 528 1673 587 sed
1712 529 1824 587 hoc
1852 527 1918 586 fit
1960 547 2035 586 ex
2062 525 2425 604 indulgentia
2471 536 2728 605 paterna,
2759 534 2824 586 ut
2851 527 2941 584 vi-

521 615 718 668 tentur
743 607 964 684 majora
991 607 1159 683 mala,
1190 628 1308 666 non
1334 628 1410 667 ex
1445 609 1692 686 justitia.
1777 608 1963 667 Aliud
2003 615 2196 666 autem
2225 616 2314 666 est
2354 627 2611 684 quaerere
2640 606 2712 665 de
2753 607 2797 666 J
2801 628 2938 683 ure;

524 686 711 746 Aliud
737 687 810 746 de
839 688 1078 766 ἔπιιιιιιίᾳ,
1111 688 1235 747 sive
1270 688 1421 766 juris
1447 689 1785 748 remissione
1827 689 1887 746 in
1915 688 2110 764 aliquo
2153 708 2309 762 casu,
2341 688 2414 745 de
2462 708 2578 765 qua
2605 687 2945 764 accipienda

523 776 659 828 sunt
687 788 1045 845 quaeeunque
1074 767 1145 827 de
1173 768 1552 828 matrimoniis
1579 769 1709 828 istis
1737 768 2126 845 clandestiniS,
2159 768 2209 827 si
2235 788 2333 844 per
2366 769 2631 846 copulam
2674 787 2941 826 consum-

521 855 678 906 mata
707 848 839 923 sint,
870 848 1141 907 dicuntur
1167 848 1241 907 ab
1271 849 1628 908 Orthodoxis
1654 848 2000 926 quibusdam
2042 848 2357 924 Theologis
2399 858 2458 906 et
2489 849 2533 908 J
2536 848 2941 908 ureeonsultiS.

525 928 695 987 Alias
724 928 771 987 si
800 947 905 1005 per
932 929 1196 1005 copulam
1225 929 1486 988 illicitam
1515 929 1651 990 Juri
1677 929 1863 1006 patrio
1891 928 2303 1002 detraheretur,
2334 947 2407 986 ne
2434 928 2596 986 irrita
2635 928 2776 986 talia
2804 949 2940 986 con-

516 1009 687 1087 jugia
714 1009 900 1067 faeere
928 1017 1140 1086 posset,
1172 1009 1398 1068 occasio
1425 1010 1779 1087 praeberetur
1811 1008 2025 1086 stupris
2052 1016 2110 1067 et
2149 1007 2491 1066 libidinibus
2519 1008 2851 1084 innumeris,
2884 1016 2945 1068 et

526 1089 712 1147 cuivis
740 1088 1015 1148 nebuloni
1061 1096 1228 1166 porta
1254 1090 1571 1166 aperiretur
1596 1089 1856 1166 virgines
1882 1090 2125 1148 honesto
2166 1089 2295 1147 loco
2323 1097 2490 1146 natas
2523 1087 2852 1162 seducendi,
2885 1097 2947 1149 et

528 1168 783 1227 Patriam
811 1177 1155 1244 potestatem
1183 1169 1579 1228 conculcandi.
1665 1170 1718 1226 N
1722 1189 1787 1228 ec
1835 1169 2065 1228 obstare
2093 1178 2284 1246 potest
2329 1168 2486 1245 quod
2512 1169 2681 1245 virgo
2730 1169 2947 1227 amissa

525 1248 860 1325 virginitate
890 1249 1015 1306 viro
1045 1268 1237 1307 carere
1282 1249 1526 1326 cogitur,
1558 1257 1618 1308 et
1661 1249 1745 1308 sic
1785 1249 2053 1326 injuriam
2094 1250 2233 1326 pati,
2265 1249 2401 1327 quia
2441 1248 2502 1306 id
2532 1249 2792 1307 stultitiae
2820 1269 2944 1308 suae

526 1327 701 1386 debet
727 1327 1027 1404 imputare,
1057 1347 1187 1404 quae
1216 1328 1360 1386 alias
1388 1330 1673 1388 cautiores
1708 1329 1929 1404 reddet,
1960 1349 2033 1387 ne
2061 1329 2354 1407 patiantur
2381 1348 2441 1387 se
2471 1330 2790 1405 corrumpi;
2835 1349 2946 1388 nec

528 1407 600 1466 de
629 1407 792 1465 illata
820 1407 933 1465 sibi
960 1427 996 1465 a
1021 1416 1258 1484 parente
1286 1408 1498 1487 injuria
1538 1407 1712 1467 debet
1739 1408 1919 1486 queri,
1953 1409 2055 1467 sed
2097 1409 2170 1467 de
2197 1409 2430 1468 miseria
2471 1429 2644 1487 quam
2674 1409 2787 1467 sibi
2830 1409 2945 1488 ipsi

527 1486 849 1546 accersivit.

610 1567 930 1626 XXVIII.
975 1566 1107 1627 Non
1134 1566 1336 1627 eadem
1362 1567 1458 1626 hic
1486 1576 1575 1627 est
1603 1567 1837 1627 omnino
1859 1568 2006 1629 ratio
2029 1589 2343 1645 servorum,
2369 1578 2428 1629 et
2452 1570 2781 1645 liberorum,
2805 1569 2948 1647 quia

521 1648 677 1706 inter
704 1648 905 1706 herum
934 1657 993 1707 et
1020 1667 1253 1707 servum
1282 1648 1561 1726 obligatio
1588 1657 1680 1708 est
1720 1670 1874 1708 mere
1904 1650 2112 1726 civilis,
2144 1650 2230 1709 At
2271 1651 2420 1709 inter
2460 1659 2726 1727 parentes
2773 1659 2833 1708 et
2872 1650 2946 1707 li-

521 1728 698 1788 beros
725 1728 1033 1788 naturalis:
1082 1729 1237 1787 servi
1284 1737 1419 1788 sunt
1462 1727 1680 1787 domini
1721 1737 1946 1789 tantum
1975 1730 2357 1807 possessione,
2391 1740 2451 1789 at
2494 1730 2598 1788 fflii
2639 1739 2945 1807 parentum

530 1809 918 1886 generatione.
1004 1809 1176 1869 Unde
1205 1829 1322 1867 non
1347 1829 1453 1886 par
1480 1817 1568 1869 est
1608 1811 1924 1869 necessitas
1966 1831 2281 1870 consensus
2322 1811 2521 1870 herilis
2569 1811 2630 1868 in
2658 1811 2947 1888 conjugiis

529 1909 850 1964 servorum,
875 1910 942 1948 ae
987 1891 1211 1966 paterni
1256 1890 1320 1948 in
1369 1889 1643 1967 conjugio
1689 1890 2022 1951 liberorum.
2108 1890 2334 1950 Deinde
2377 1891 2427 1950 si
2470 1891 2624 1949 servi
2659 1892 2949 1968 mancipia

527 1970 663 2045 sint,
693 1978 761 2029 ut
803 1970 958 2044 olim,
989 1990 1096 2029 nec
1125 1970 1341 2029 divinis
1377 1990 1485 2029 nec
1514 1970 1785 2029 civilibus
1825 1971 2056 2048 legibus
2098 1971 2222 2030 sine
2252 1971 2549 2030 voluntate
2578 1971 2796 2030 domini
2838 1992 2945 2029 nu-

532 2052 668 2110 bere
709 2059 973 2128 possunt.
1060 2050 1232 2110 Unde
1263 2050 1452 2109 Exod.
1484 2050 1608 2109 xxi.
1640 2054 1695 2127 4,
1727 2051 1876 2111 Lev.
1905 2072 2050 2111 xxv.
2080 2054 2176 2128 44,
2221 2052 2455 2110 domino
2497 2052 2667 2111 datur
2692 2060 2951 2129 potestas

523 2150 700 2190 servo
729 2150 969 2189 uxorem
997 2130 1192 2189 dandi.

611 2210 871 2269 XXIX.
918 2211 990 2268 In
1017 2210 1396 2270 matrimoniis
1423 2210 1639 2271 talibus
1679 2211 1817 2271 licet
1844 2211 1997 2270 adsit
2025 2231 2340 2271 consensus
2378 2212 2854 2285 contrahentium,
2887 2219 2949 2271 et

529 2290 773 2350 intentio
801 2291 1065 2366 ministri,
1097 2292 1261 2351 deest
1288 2301 1479 2350 tamen
1509 2311 1825 2351 consensus
1851 2292 2164 2369 legitimus,
2195 2293 2296 2369 qui
2337 2313 2455 2351 non
2494 2299 2718 2351 tantum
2761 2301 2948 2351 atten-

529 2370 688 2429 ditur
714 2379 981 2448 respectu
1029 2373 1504 2447 contrahentium,
1538 2372 1642 2431 sed
1689 2372 1862 2432 etiam
1911 2381 2176 2449 respectu
2218 2392 2414 2431 eorum
2443 2373 2502 2430 in
2541 2392 2784 2450 quorum
2813 2381 2952 2432 sunt

531 2458 834 2529 potestate.
920 2450 1042 2510 Nee
1072 2452 1122 2509 si
1150 2452 1303 2510 filius
1329 2452 1478 2510 liber
1505 2461 1610 2527 est,
1644 2451 1917 2511 continuo
1946 2462 2034 2511 est
2061 2453 2362 2524 αὖτιξοὺστος
2390 2462 2448 2512 et
2477 2453 2565 2511 sui
2585 2454 2736 2530 juris
2777 2453 2947 2512 abso-

533 2532 684 2590 lute:
728 2531 871 2589 alias
892 2530 1181 2608 quomodo
1210 2532 1492 2609 potuisset
1514 2532 1689 2590 Pater
1714 2532 1966 2591 vendere
1984 2532 2184 2610 filium,
2201 2533 2390 2592 Exod.
2415 2533 2556 2606 xxi„
2579 2541 2637 2591 et
2654 2533 2947 2609 quomodo

535 2612 709 2669 Pater
735 2611 886 2685 filiae,
909 2611 1157 2670 Maritus
1179 2612 1395 2687 uxoris,
1412 2621 1616 2671 votum
1646 2612 1868 2672 irritum
1897 2613 2083 2676 facere
2110 2614 2447 2692 potuissent,
2473 2614 2645 2671 Num.
2670 2618 2854 2673 xxx.?
2885 2615 2953 2674 Si

532 2689 838 2767 nequidem
870 2691 1019 2749 bona
1045 2700 1348 2768 parentum
1376 2692 1627 2751 alienare
1654 2701 1863 2771 potest,
1894 2705 2111 2773 quanto
2139 2695 2329 2753 minus
2357 2693 2607 2771 seipsum
2629 2696 2658 2751 P

1423 2935 1800 3013 QUAESTIO
1842 2937 2060 2998 xvn.

1347 3115 1430 3156 AD
1458 3116 1836 3158 PBAECEP'I'UM
1864 3117 2123 3158 SEXTUM·

534 3260 630 3320 An
671 3262 769 3320 sub
817 3261 918 3318 hoc
945 3260 1237 3335 Praecepto
1283 3261 1397 3318 Jus
1444 3259 1601 3318 Belli
1643 3268 1697 3318 et
1741 3258 2007 3336 supplicii
2051 3258 2451 3317 contineatur!
2531 3257 2626 3315 An
2668 3257 2957 3336 αὖτοχιίςιι

853 3348 907 3396 et
932 3342 1176 3397 duellum
1194 3340 1606 3415 prohibeantur
1625 3342 1655 3398 3
1759 3340 1930 3398 Prius
1959 3339 2129 3416 Neg.,
2164 3339 2373 3398 Poster
2402 3337 2628 3397 Affirm.

531 3520 538 3527 ·
620 3497 671 3554 I.
716 3495 865 3569 Quia
891 3496 1038 3554 varii
1067 3517 1236 3556 casus
1265 3517 1561 3558 occurrere
1589 3507 1850 3577 possunt,
1882 3499 1943 3558 in
1971 3499 2183 3577 quibus
2214 3498 2609 3557 Homicidium
2638 3504 2830 3575 potest
2856 3496 2957 3555 vel

535 3576 759 3635 licitum
789 3594 932 3651 esse,
965 3576 1061 3634 vel
1100 3576 1366 3636 illicitum
1408 3586 1467 3637 et
1494 3578 1884 3639 damnandum
1909 3602 1923 3655 3
1967 3580 2103 3638 hinc
2134 3580 2389 3654 Quaestio
2421 3580 2603 3638 oritur
2629 3578 2769 3656 quid
2800 3577 2955 3634 Prae-

538 3664 706 3733 cepto
735 3663 918 3731 sext0,
949 3657 1086 3716 Non
1112 3659 1339 3734 occides,
1371 3659 1758 3736 prohibeatur,
1789 3660 1931 3739 quid
1957 3680 2097 3719 vero
2126 3680 2259 3718 non.

525 3765 574 3821 4·
613 3774 721 3820 Non
745 3773 1030 3835 prohibetur
1152 3738 1236 3797 II.
1282 3739 1476 3798 Primo
1503 3739 1622 3798 κατ’
1646 3738 1801 3821 §go-av,
1852 3761 1969 3800 non
2016 3740 2354 3818 prohibetur
2379 3739 2758 3799 Homicidium
2785 3738 2958 3796 Judi-

529 3836 534 3841 ·
599 3835 910 3879 homicidium
941 3833 1026 3879 διι-
1068 3818 1225 3895 ciale,
1272 3819 1430 3896 quod
1477 3831 1780 3880 exercetur
1824 3821 2059 3899 publica
2101 3821 2480 3898 Magistratus
2509 3819 2853 3877 authoritate
2896 3817 2958 3875 in

597 3894 787 3939 ⁶³⁰i⁸¹⁰·
1060 3899 1335 3977 privatos,
1368 3900 1426 3958 in
1454 3921 1602 3978 quos
1632 3902 1844 3978 gladio,
1870 3903 1965 3960 vel
1994 3902 2219 3977 laqueo,
2240 3902 2429 3960 aliove
2450 3899 2717 3977 supplicii
2746 3917 2958 3975 genere

539 3978 1044 4055 animadvertitur3
1096 4000 1227 4038 cum
1258 3980 1639 4057 Magistratus
1667 3991 1968 4059 propterea
1996 3978 2193 4058 gladio
2222 3981 2298 4039 sit
2325 3990 2595 4054 armatuS,
2629 3978 2705 4036 ad
2732 3978 2956 4037 vindic-

538 4071 657 4121 tam
703 4060 1004 4136 malorum,
1049 4060 1217 4120 Rom.
1247 4061 1371 4120 xiii.
1402 4064 1458 4136 4,
1508 4065 1537 4119 1
1572 4062 1699 4120 Pet.
1729 4062 1788 4120 ii.
1823 4066 1915 4136 14,
1968 4062 2124 4137 quod
2172 4081 2290 4119 non
2336 4061 2585 4139 pertinet
2614 4067 2838 4117 tantum
2880 4057 2957 4115 ad

538 4141 920 4220 Magistratus
950 4140 1249 4217 Ethnicos,
1280 4141 1379 4218 qui
1408 4150 1529 4200 tum
1574 4142 1849 4219 temporis
1877 4141 2231 4217 obtinebant,
2274 4141 2379 4199 sed
2404 4140 2480 4199 ad
2508 4159 2708 4198 omnes
2738 4138 2959 4214 Magis-

537 4232 724 4282 tratus
752 4241 868 4299 qua
894 4221 1057 4296 tales,
1090 4222 1216 4280 sive
1244 4221 1445 4281 fideles
1474 4222 1606 4296 sint,
1641 4221 1765 4279 sive
1793 4242 1946 4281 non:
1990 4222 2107 4280 imo
2148 4222 2435 4299 praecipue
2463 4220 2539 4279 ad
2566 4219 2767 4277 fideles
2797 4237 2959 4295 spec·

527 4312 638 4378 tat,
689 4302 791 4381 qui
817 4309 884 4360 ut
910 4301 1181 4361 custodes
1208 4303 1506 4379 utriusque
1534 4301 1749 4361 tabulae
1766 4301 2091 4379 prospicere
2114 4301 2328 4360 debent
2348 4300 2526 4378 Legis
2548 4298 2958 4373 observationi,

538 4383 697 4460 quod
742 4401 861 4441 non
902 4381 1066 4441 fieret
1110 4381 1160 4440 si
1210 4390 1408 4440 sontes
1457 4381 1741 4459 supplicio
1790 4382 2014 4440 afficere
2057 4401 2173 4440 non
2216 4382 2431 4454 liceret,
2480 4379 2618 4457 quia
2644 4379 2745 4438 ubi
2774 4398 2961 4455 poenae

529 4470 728 4519 ‘metus
776 4462 956 4537 abest,
1001 4462 1256 4539 aperitur
1292 4461 1544 4521 fenestra
1583 4461 1852 4521 omnibus
1881 4462 2213 4521 sceleribus.
2300 4462 2385 4522 Ut
2412 4460 2625 4519 frustra
2653 4460 2769 4517 sint
2798 4458 2961 4516 Ana-

537 4541 804 4616 baptistae
848 4548 908 4598 et
954 4541 1264 4616 Sociniani,
1295 4543 1396 4619 qui
1422 4542 1533 4601 hoc
1571 4550 1837 4619 respectu
1866 4542 2242 4619 Magistratui
2272 4542 2600 4601 Christiano
2631 4558 2800 4598 suum
2832 4537 2959 4614 gla-

538 4621 699 4681 dium
727 4617 945 4696 eripere
974 4630 1272 4680 conantur.

529 4734 538 4741 -
620 4699 742 4762 III.
787 4699 910 4759 Nec
937 4699 1188 4761 officium
1230 4709 1453 4761 tantum
1496 4701 1880 4782 Magistratus
1920 4702 2032 4763 hoc
2071 4703 2275 4782 exigit,
2320 4701 2426 4764 sed
2468 4698 2861 4779 tranquillitas
2904 4704 2966 4757 et
