3221 5200
563 346 677 406 138
1446 358 1630 401 Locus
1659 356 2019 400 unnscmtm.
2510 334 2763 418 [Quffls‘r.
2793 357 2970 400 xxxv.

562 505 754 563 Deum
783 502 1088 563 colendum
1117 501 1225 561 rite
1254 500 1525 559 accedere
1563 520 1752 577 posse,
1796 500 1910 558 nisi
1950 498 2064 557 fide
2106 497 2167 556 in
2196 495 2488 557 Christum
2530 518 2566 557 a
2605 507 2973 575 peccatorum

558 593 725 644 reatu
752 585 939 661 plene,
970 584 1044 641 ab
1073 584 1199 659 ipsa
1226 601 1365 640 vero
1392 581 1622 640 macula
1649 581 1854 640 saltem
1882 599 1960 639 ex
2001 587 2160 657 parte
2201 586 2529 656 purgatum,
2560 579 2601 639 J
2608 579 2702 638 oh.
2745 580 2870 638 xiii.
2914 582 2972 656 8,

562 664 716 723 Heb.
747 685 807 722 x.
837 669 933 740 22,
964 664 1080 722 Tit.
1109 663 1147 721 i.
1182 662 1274 736 1-5,
1311 664 1403 721 16.

1206 741 1526 800 XXXIV.
1572 739 1860 816 Denique,
1896 741 2177 815 Tempora
2202 758 2377 797 sacra
2423 747 2575 815 sunt,
2607 738 2819 816 quibus
2859 738 2975 797 Dei

592 796 832 856 Tempora
851 810 1001 841 ’κη’
1082 822 1378 897 beneficia,
1412 821 1536 880 sive
1564 821 1857 898 praeterita
1884 821 2008 879 sive
2053 819 2262 893 futura,
2309 819 2540 896 publice
2587 819 2976 896 praedicantur

1084 911 1144 961 et
1198 902 1577 961 celebrantur.
1683 900 1785 958 Ad
1832 920 1962 978 quae
2006 900 2270 977 pertinet,
2332 903 2385 956 1.
2433 901 2586 975 Juqe
2637 899 2974 978 sacraficium

1084 982 1342 1059 quotidie
1371 1000 1539 1040 mane
1568 989 1628 1039 et
1655 981 1882 1057 vesperi
1916 1000 2047 1039 cum
2092 979 2367 1056 adJuncto
2395 998 2632 1037 munere
2660 978 2852 1038 offerri
2879 998 2971 1037 so·

557 1061 745 1137 litum,
776 1061 932 1138 quod
969 1070 1092 1119 tum
1123 1062 1337 1120 Christi
1378 1061 1645 1120 sacrificii
1671 1061 1792 1118 vim
1834 1068 1893 1118 et
1933 1059 2242 1118 efficaciam
2285 1067 2574 1135 aeternam,
2619 1068 2743 1118 tum
2784 1059 2975 1136 quoti-

561 1141 763 1200 dianas
791 1141 1016 1218 piorum
1044 1161 1260 1219 preces,
1293 1150 1353 1200 et
1380 1142 1597 1200 cultum
1627 1161 1731 1217 per
1760 1141 2052 1199 Christum
2082 1140 2209 1198 Deo
2228 1148 2457 1216 gratum
2486 1138 2867 1216 significabat.

1165 1221 1451 1280 XXXV.
1499 1219 1786 1296 SecundO,
1817 1223 2007 1294 Festa,
2040 1239 2169 1297 quae
2197 1219 2443 1296 triplicis
2471 1219 2718 1295 generis,
2747 1217 2969 1277 hebdo-

734 1272 895 1318 Festa.
1084 1301 1356 1375 madaria,
1386 1309 1699 1376 menstrua,
1729 1309 1790 1359 et
1816 1319 2024 1358 annua.
2105 1300 2630 1358 Hebdomadarium
2671 1307 2811 1374 erat,
2857 1298 2976 1357 diei

560 1377 791 1456 septimi
817 1378 1120 1456 festivitas,
1157 1381 1513 1440 Sabbathum
1557 1380 1794 1455 dictum,
1826 1380 1984 1457 quod
2028 1388 2153 1438 tum
2203 1379 2414 1438 Mundi
2459 1379 2795 1454 CreationiS,
2843 1387 2970 1437 tum

561 1458 776 1517 Christi
802 1478 910 1516 nos
937 1459 1272 1519 redimentis
1300 1469 1359 1519 et
1388 1460 1817 1536 sanctificantis,
1850 1468 1908 1518 et
1934 1460 2191 1537 requiem
2221 1479 2382 1518 suam
2411 1459 2471 1516 in
2499 1459 2668 1517 nobis
2696 1459 2970 1517 inchoan-

559 1539 655 1613 tis,
685 1558 793 1596 nos
821 1538 1109 1599 admonet.
1192 1543 1492 1599 Menstrua
1518 1541 1843 1600 Neomenioe
1869 1541 2243 1615 vocabantur,
2263 1559 2393 1617 quae
2422 1539 2781 1616 singulorum
2808 1557 2970 1596 men-

561 1619 711 1677 sium
740 1619 996 1678 calendis
1025 1620 1478 1696 celebrabantur,
1511 1622 1636 1679 sine
1663 1621 1783 1679 ulla
1804 1629 1997 1679 tamen
2025 1639 2263 1698 operum
2284 1627 2653 1678 externorum
2681 1617 2970 1678 intermis-

560 1699 738 1773 sione,
770 1719 900 1776 quae
929 1719 1128 1759 omnes
1156 1721 1383 1760 menses
1432 1721 1746 1779 eorumque
1788 1709 2161 1778 tempestates
2204 1701 2266 1758 in
2312 1700 2481 1758 nobis
2528 1719 2633 1776 per
2676 1698 2971 1758 Christum

559 1778 906 1838 sanctificari
932 1780 1235 1840 docebant.

658 1859 977 1918 XXXVI.
1021 1862 1232 1919 Annua
1272 1868 1452 1935 erant,
1499 1880 1629 1937 quae
1666 1860 1763 1919 vel
1804 1858 2115 1937 quotannis
2155 1858 2540 1933 recurrebant,
2586 1858 2683 1917 vel
2744 1867 2971 1917 tantum

557 1947 691 2016 post
719 1949 939 1998 certum
967 1960 1246 1999 annorum
1274 1960 1615 2015 numerum;
1661 1941 1756 1998 Ex
1795 1941 2201 1998 anniversariis
2242 1939 2671 2013 festivitatibus,
2715 1939 2972 1997 maxime

559 2019 827 2078 solennes
855 2029 1018 2079 erant
1044 2030 1162 2079 tres
1190 2021 1322 2094 illae,
1354 2020 1565 2098 quibus
1593 2040 1718 2078 mas
1746 2021 1933 2078 omnis
1962 2020 2020 2077 in
2049 2028 2362 2097 conspectu
2402 2020 2654 2094 Domini,
2697 2038 2815 2077 non
2844 2019 2972 2077 sine

558 2117 812 2173 munere,
844 2119 1173 2178 comparere
1206 2101 1551 2178 jubebatur:
1593 2120 1801 2177 nempe
1832 2100 2073 2174 Pascha,
2107 2100 2466 2174 Pentecoste,
2498 2107 2557 2158 et
2587 2100 2825 2157 Festum
2855 2098 2968 2156 Ta-

557 2179 1016 2240 bernaquorum.
1120 2181 1398 2255 Quamvis
1445 2200 1586 2238 vero
1631 2180 1897 2239 instituta
1942 2189 2138 2239 essent
2185 2180 2261 2238 ob
2297 2179 2752 2238 recordationem
2793 2178 2968 2236 bene-

557 2258 818 2318 ficiorum
861 2261 1297 2337 praeteritorum,
1354 2268 1421 2319 ut
1465 2260 1691 2319 Pascha
1734 2260 1795 2318 in
1839 2260 2437 2318 commemorationem
2484 2258 2843 2317 liberationis
2891 2277 2969 2317 ex

557 2338 844 2416 AEgyptO,
878 2340 1219 2400 Pentecoste
1249 2341 1324 2398 ad
1352 2341 1722 2399 recolendum
1764 2340 2106 2399 beneficium
2134 2340 2284 2398 datae
2328 2339 2523 2415 Legis,
2557 2340 2635 2398 Et
2680 2338 2967 2416 Scenope-

557 2419 656 2495 gia
691 2420 751 2477 in
793 2421 1126 2478 memoriam
1168 2420 1382 2478 divinae
1425 2420 1810 2480 Protectionis
1852 2420 1912 2477 in
1954 2421 2219 2495 deserto;
2263 2419 2555 2478 habebant
2595 2427 2787 2477 tamen
2829 2437 2967 2478 con-

549 2499 814 2575 junctam
869 2499 1364 2559 adumbrationem
1420 2508 1478 2559 et
1531 2500 1970 2577 promissionem
2026 2500 2408 2578 spiritualium
2452 2498 2860 2558 beneficiorum
2906 2500 2969 2557 in

560 2579 790 2639 Christo
819 2579 1309 2655 exhibendorum;
1356 2580 1582 2639 Pascha
1626 2580 2052 2640 Liberationem
2093 2600 2170 2640 ex
2212 2581 2498 2658 AEgypto,
2544 2587 2603 2638 et
2645 2579 2966 2640 Liberatio-

556 2679 688 2717 nem
718 2678 793 2718 ex
821 2666 1104 2735 potestate
1133 2659 1357 2734 inferni,
1388 2668 1447 2718 et
1474 2660 1696 2718 Christi
1731 2660 2181 2719 immolationem
2224 2660 2620 2735 adumbrabat,
2667 2665 2698 2718 1
2732 2661 2862 2720 Cor.
2906 2681 2966 2720 V.

558 2742 613 2811 7,
643 2740 680 2794 ·1
705 2739 830 2796 Pet.
861 2738 898 2796 i.
935 2741 1146 2815 18,19;
1194 2740 1536 2799 Pentecoste
1569 2741 1818 2817 Spiritus
1851 2741 2050 2799 Sancti
2076 2741 2428 2815 missionem,
2470 2748 2528 2798 et
2558 2740 2733 2817 Legis
2774 2741 2836 2797 in
2878 2749 2963 2799 ta-

555 2817 711 2876 bulis
755 2816 1015 2877 cordium
1057 2839 1160 2896 per
1199 2820 1445 2879 eundem
1493 2820 1769 2896 Spiritum
1812 2820 2261 2896 inscriptionem,
2309 2825 2345 2878 2
2377 2821 2506 2879 Cor.
2537 2820 2617 2878 iii.
2649 2825 2703 2892 2,
2737 2823 2791 2895 3,
2836 2821 2962 2879 Jer.

556 2897 723 2957 xxxi.
756 2901 862 2973 333
908 2899 1267 2977 Scenopegia
1293 2900 1813 2977 peregrinationem
1841 2900 2093 2959 hominis
2134 2900 2215 2978 pii
2256 2919 2359 2978 per
2385 2900 2495 2959 hoc
2523 2899 2727 2959 mundi
2767 2900 2963 2959 deser·

556 2985 680 3037 tum
709 2977 784 3037 ad
812 2977 1103 3038 coelestem
1132 2980 1393 3057 patriam,
1427 2980 1581 3039 Heb.
1613 2981 1738 3038 xiii.
1773 2983 1865 3038 14.

637 3059 992 3118 XXXVII.
1040 3060 1181 3119 Post
1209 3070 1494 3120 certorum
1524 3080 1807 3119 annorum
1836 3060 2142 3119 intervalla
2167 3059 2520 3120 recurrentia
2547 3059 2695 3119 festa
2735 3059 2967 3119 fuerunt

553 3140 752 3198 Annus
779 3141 1156 3216 Sabbathz'mae,
1190 3141 1433 3218 septimo
1463 3159 1693 3218 quoque
1736 3160 1887 3199 anno
1914 3140 2163 3216 rediens,
2194 3141 2255 3197 in
2296 3160 2411 3217 quo
2440 3141 2679 3199 culturae
2721 3139 2969 3199 dabatur

552 3220 936 3297 intermissio;
996 3223 1314 3295 Jubilaeum,
1341 3222 1837 3299 quinquagesimO,
1868 3221 1930 3279 in
1975 3240 2090 3298 quo
2118 3229 2396 3297 praeterea
2423 3228 2547 3279 erat
2590 3220 2966 3279 manumissio

553 3319 868 3373 servorum,
901 3302 1163 3360 remissio
1191 3301 1532 3376 debitorum,
1565 3311 1623 3361 et
1651 3302 1930 3360 bonorum
1962 3300 2328 3359 venditorum
2369 3301 2686 3359 restitutio:
2730 3301 2965 3377 symbo-

550 3379 674 3437 lum
718 3381 959 3439 Jubilaei
994 3382 1335 3456 Evangelici
1384 3401 1487 3458 per
1536 3381 1752 3440 Christi
1797 3381 2186 3458 Evangelium
2229 3380 2596 3457 promulgati,
2644 3380 2801 3456 quod
2827 3399 2966 3438 vere

551 3477 739 3516 annus
768 3460 1139 3536 acceptabilis
1170 3459 1421 3534 Domini,
1456 3461 1536 3519 Is.
1566 3461 1670 3518 lxi.
1707 3464 1757 3536 1,
1779 3466 1835 3536 2,
1857 3463 1912 3535 3,
1944 3462 2003 3518 in
2033 3480 2147 3537 quo
2177 3460 2373 3519 debita
2400 3461 2593 3517 omnia
2622 3460 2961 3536 spiritualia,

551 3537 822 3594 nimirum
850 3546 1102 3614 peccata,
1134 3558 1237 3615 per
1265 3539 1557 3598 Christum
1585 3541 1754 3599 nobis
1782 3541 2167 3615 remittuntur,
2202 3540 2370 3598 Rom.
2394 3540 2516 3598 viii.
2545 3543 2596 3614 1,
2630 3539 2753 3598 Col.
2784 3540 2842 3599 ii.
2866 3539 2961 3615 14,

551 3616 791 3674 libertas
820 3636 855 3674 a
883 3619 1161 3677 servitute
1189 3619 1428 3695 peccati,
1463 3619 1715 3695 Diaboli,
1747 3629 1805 3679 et
1832 3623 2034 3679 mortis
2063 3621 2230 3679 nobis
2252 3621 2601 3695 conceditur,
2635 3620 2776 3678 Luc.
2801 3620 2838 3678 i.
2864 3623 2961 3694 74,

554 3696 724 3755 Rom.
754 3696 833 3756 vi.
869 3698 959 3772 13,
992 3706 1050 3757 et
1077 3698 1230 3755 bona
1257 3718 1360 3775 per
1388 3698 1678 3758 Adamum
1710 3701 1922 3759 amissa
1954 3701 2336 3760 restituuntur
2360 3723 2373 3760 ε
2416 3720 2534 3759 uno
2563 3701 2762 3773 verb0,
2791 3699 2965 3777 plena

547 3777 625 3835 ab
655 3777 921 3915 onanibus
949 3778 1118 3837 malis
1161 3778 1445 3855 liberatio,
1475 3788 1535 3839 et
1586 3780 1842 3857 perfecta
1888 3799 1955 3839 ac
2005 3781 2352 3858 sempiterna
2401 3780 2508 3840 sub
2539 3780 2769 3839 Christo
2797 3779 2964 3857 quies

546 3877 726 3916 conce
771 3858 900 3917 itur.

630 3938 1022 3998 XXXVIII.
1068 3938 1214 3998 Haec
1243 3939 1430 3998 obiter
1455 3945 1515 3999 et
1543 3938 1784 3998 strictim
1814 3938 1887 3998 de
1917 3939 2285 3998 Caeremoniis
2320 3947 2377 3998 et
2419 3938 2613 3997 earum
2642 3958 2769 4013 usu,
2813 3958 2961 4016 prse-

545 4019 746 4076 sertim
790 4019 987 4096 typico
1016 4027 1073 4077 et
1117 4019 1444 4097 figurativo,
1476 4019 1633 4078 dicta
1676 4030 1864 4079 sunto,
1950 4020 2163 4079 Fusius
2208 4020 2361 4077 enim
2406 4019 2519 4078 ista
2566 4020 2851 4097 persequi,
2904 4027 2964 4078 et

546 4099 824 4175 mysteria
851 4100 1107 4158 omnium
1138 4100 1619 4159 Caeremoniarum
1650 4100 1950 4177 sigillatim
1978 4100 2322 4177 expendere,
2353 4119 2470 4158 non
2497 4100 2669 4160 unius
2691 4099 2787 4158 vel
2817 4099 2961 4159 alte-

547 4179 668 4237 rius
711 4180 971 4256 pagellae,
1017 4179 1119 4238 sed
1161 4180 1308 4256 justi
1353 4188 1633 4239 tractatus
1675 4187 2079 4256 argumentum
2123 4189 2292 4256 esset,
2337 4180 2493 4256 quod
2530 4199 2684 4238 nunc
2720 4199 2838 4237 non
2872 4188 2964 4238 est

546 4259 730 4317 nostri
759 4258 1023 4337 instituti,
1055 4269 1114 4319 et
1141 4259 1217 4318 ad
1246 4260 1607 4320 Didacticam
1647 4260 1841 4338 potius
1880 4279 2053 4336 quam
2091 4258 2167 4317 ad
2197 4260 2554 4320 Elencticam
2582 4260 2963 4336 Tbeologiam

545 4338 811 4414 pertinet.

573 947 603 992 J
607 962 698 1008 nge
719 948 1023 994 sacrificium.
