3221 5200
551 282 666 339 578
1383 295 1567 335 Locus
1597 293 1855 334 oremus
1886 293 2125 334 ssx'rus.
2597 272 2890 355 [QUAEST.
2941 295 3031 336 n:

634 439 712 496 V.
758 437 962 513 Itaque
993 436 1075 495 sic
1104 457 1223 495 rem
1265 436 1490 496 facilius
1533 446 1591 495 et
1634 434 1842 494 clarius
1881 435 2104 513 concipi
2153 454 2322 511 posse
2367 434 2709 496 credimus:
2762 438 3030 496 Christo

562 520 850 596 Sponsore
881 523 938 575 et
968 517 1167 595 Capite
1217 517 1383 576 nobis
1412 537 1446 574 a
1490 517 1615 575 Deo
1665 516 1951 574 destinato
2000 525 2058 574 et
2106 515 2258 590 date,
2290 514 2457 573 istius
2499 516 2748 574 unionis
2779 519 3030 576 virtute

559 597 701 670 fieri,
751 606 817 655 ut
845 596 1121 674 quicquid
1168 598 1241 655 ab
1283 598 1409 674 ipso
1458 597 1777 673 praestitum
1827 595 2014 670 fuerit,
2045 595 2143 654 vel
2182 595 2482 672 perlatum,
2528 595 2608 652 ad
2661 597 3024 672 perfectam

560 676 738 755 Legis
759 677 1151 755 impletionem
1168 687 1285 736 tam
1309 676 1500 754 quoad
1528 684 1828 753 praecepta,
1860 695 2032 752 quam
2060 675 2252 752 quoad
2280 676 2636 733 sanctionem
2668 679 3022 752 poenalem,

558 767 817 816 nostrum
848 766 1164 832 censeatur,
1196 766 1261 815 ut
1288 766 1484 814 nostro
1513 758 1641 814 loco
1670 756 2005 833 praestitum,
2038 765 2096 813 et
2123 755 2291 812 nobis
2320 775 2354 811 a
2384 755 2509 813 Deo
2537 756 2915 834 imputetur,
2953 779 3023 816 ac

562 839 612 897 si
640 858 675 895 a
702 838 869 896 nobis
899 838 1038 913 ipsis
1085 844 1237 894 esset
1279 845 1589 913 peractum.
1677 836 1772 893 Ex
1800 836 1908 893 hac
1938 854 2077 893 vero
2120 835 2362 911 justitiae
2405 834 2872 911 perfectissimae
2909 840 3022 895 im·

563 918 857 996 putatione
887 916 1062 974 fluere
1101 916 1216 974 duo
1244 916 1539 989 beneficia,
1571 924 1694 974 tum
1736 915 2130 973 remissionem
2159 925 2539 992 peccatorum,
2571 923 2703 973 tum
2732 918 2912 993 juris
2943 918 3021 976 ad

564 997 742 1056 vitam
773 996 1155 1070 collationem,
1188 995 1309 1053 sive
1342 995 1751 1073 Adoptionem‚
1784 995 1992 1071 quibus
2022 995 2248 1054 duobus
2270 1003 2391 1053 tota
2418 995 2801 1054 contineatur
2823 998 3020 1072 justi·

564 1076 792 1149 ficatio;
838 1083 902 1133 ut
935 1075 1169 1148 justiciae
1197 1076 1487 1151 imputatio
1516 1076 1591 1134 sit
1633 1074 2065 1133 fundamentum
2098 1083 2156 1133 et
2204 1094 2377 1132 causa
2419 1074 2722 1133 meritoria
2774 1078 3016 1154 justifi-

564 1155 823 1227 cationiS,
855 1156 1122 1212 absolutio
1150 1175 1288 1213 vero
1331 1162 1390 1214 et
1436 1155 1686 1232 adoptiO,
1728 1155 1857 1212 duae
1886 1163 2077 1230 partes
2125 1154 2571 1230 justificationi-³3,
2626 1163 2689 1213 et
2745 1158 3015 1216 totidem

565 1234 801 1292 effectus
821 1234 1066 1309 justitiae
1094 1234 1506 1311 imputationis,
1538 1255 1667 1311 quae
1696 1235 1769 1292 ab
1797 1235 2046 1292 invicem
2076 1235 2192 1293 sint
2217 1234 2646 1311 inseparabiles,
2743 1237 2920 1295 Nam
2953 1249 3016 1296 nt

564 1333 682 1371 non
709 1322 900 1389 potest
929 1313 1166 1371 concedi
1195 1315 1365 1372 venia
1393 1315 1631 1391 peccati,
1662 1335 1768 1372 nec
1801 1315 1903 1388 jus
1932 1314 2006 1372 ad
2036 1314 2216 1372 vitam
2245 1314 2505 1386 conferri,
2535 1314 2649 1371 nisi
2682 1319 3016 1394 supposita

556 1392 800 1469 justitiae
830 1393 1223 1468 imputatione,
1256 1395 1420 1470 cujus
1449 1396 1777 1452 interventu
1809 1395 1968 1451 Deus
1990 1401 2181 1470 potest
2209 1395 2329 1452 siue
2358 1393 2701 1470 praejudicio
2739 1397 3012 1471 justitia

565 1493 601 1531 a
620 1492 792 1549 poena
817 1471 1078 1546 liberare,
1105 1481 1162 1531 et
1189 1473 1311 1531 vita
1332 1473 1544 1532 donare
1570 1496 1583 1532 z
1631 1473 1723 1531 Ita
1749 1474 1935 1550 posita
1962 1474 2063 1532 tali
2093 1473 2466 1550 imputatione
2494 1477 2842 1534 necessario
2878 1477 3012 1535 fluit

563 1561 871 1629 utrumque
899 1552 1057 1611 istud
1083 1552 1442 1629 beneficium,
1475 1574 1548 1612 ex
1579 1553 1808 1630 gemina
1831 1553 1996 1612 istius
2021 1553 2267 1628 justitiae
2294 1552 2659 1630 proprietate,
2695 1564 3009 1631 quatenns

562 1632 739 1690 habet
787 1633 906 1690 vim
952 1632 1390 1691 satisfactoriam
1445 1641 1504 1692 et
1542 1633 1893 1691 meritoriam
1948 1633 2152 1708 simul;
2197 1634 2416 1691 ratione
2470 1633 2680 1711 prioris
2743 1636 2792 1695 J
2795 1638 3009 1695 ustitia

564 1713 845 1790 imputata
874 1721 963 1771 est
991 1713 1423 1772 fundamentum
1451 1712 1806 1772 remissionis
1834 1720 2196 1790 peccatorum
2220 1734 2234 1789 3
2279 1712 2497 1772 ratio‘ne
2526 1716 2890 1790 posterioris
2920 1729 3009 1775 est

566 1813 739 1852 causa
758 1792 910 1868 juris
939 1792 1013 1849 ad
1041 1793 1239 1852 vitam.

568 1912 810 1956 Remissio
861 1918 912 1956 et
959 1911 1055 1956 Jus
1176 1873 1287 1930 VI.
1334 1873 1465 1931 Duo
1496 1881 1688 1930 autem
1711 1872 1823 1930 ista
1849 1871 2128 1930 beneficia
2150 1871 2244 1930 hic
2273 1871 2683 1948 conjungenda
2706 1894 2847 1932 esse
2880 1897 3004 1933 non

628 1971 688 2015 ad
746 1971 893 2014 vitam
946 1971 1056 2015 duae
1099 1971 1213 2010 una
1240 1952 1460 2012 ratione
1498 1952 1790 2028 probatur,
1824 1951 1946 2009 sive
1978 1952 2196 2029 Legem
2225 1952 2407 2028 ipsam
2436 1952 2836 2029 attendamus,
2873 1976 3005 2032 quae

626 2034 792 2099 partes
812 2027 1053 2085 justifica·
1094 2030 1387 2108 implenda
1408 2031 1533 2106 fuit,
1566 2031 1690 2089 sive
1712 2031 2112 2090 necessitatem
2142 2041 2413 2105 nostram,
2441 2032 2565 2089 sive
2593 2052 2801 2091 rerum
2830 2045 3004 2094 natu-

624 2089 788 2131 t¹⁰¹¹⁵⁸'
1095 2131 1233 2186 ram,
1267 2111 1388 2169 sive
1423 2111 1732 2189 Scripturas
1761 2131 1965 2169 vocem
1995 2120 2336 2189 spectemus.
2407 2111 2558 2169 Nam
2585 2121 2654 2170 ut
2683 2115 2825 2172 Lex
2853 2116 3008 2173 duas

566 2190 881 2251 sanctionis
909 2199 1100 2268 partes
1130 2191 1400 2268 continet,
1430 2191 1565 2250 hinc
1594 2211 1822 2268 poenam
1851 2190 2052 2249 mortis
2095 2191 2636 2269 transgressoribuS,
2679 2193 2830 2253 inde
2852 2216 3004 2272 prae·

567 2273 746 2330 mium
771 2272 906 2329 vitae
937 2270 1379 2330 obedientibus:
1437 2271 1530 2329 Ita
1557 2272 1600 2331 J
1604 2291 1673 2329 us
1717 2270 1893 2348 Legis
1942 2271 2099 2347 quod
2126 2291 2230 2348 per
2263 2270 2744 2348 justificationem
2779 2275 3006 2334 Christi

566 2351 625 2409 in
667 2352 835 2410 nobis
879 2351 1165 2427 impletur,
1210 2370 1324 2408 non
1373 2358 1566 2428 potest
1593 2350 1854 2425 obtineri,
1900 2349 2012 2408 nisi
2051 2371 2181 2409 cum
2210 2351 2545 2409 remissione
2592 2363 3004 2430 peccatorum,

567 2451 695 2507 quae
741 2451 926 2508 poenae
974 2431 1371 2488 liberationem
1420 2431 1708 2507 importat,
1754 2430 2069 2489 habeamus
2104 2431 2207 2506 jus
2249 2430 2324 2489 ad
2350 2431 2550 2506 vitam,
2582 2432 2748 2508 quod
2771 2436 3005 2511 persec-

568 2511 789 2567 tissime
821 2509 1151 2569 obedientia
1180 2530 1285 2568 sua
1314 2510 1577 2569 Christus
1605 2510 1774 2568 nobis
1802 2510 2129 2586 acquisivit.

650 2590 797 2648 VII.
847 2587 1130 2663 Secunde,
1161 2590 1357 2647 salutis
1378 2591 1668 2648 necessitas
1696 2590 1758 2648 id
1784 2590 1971 2667 ipsum
2003 2590 2292 2668 exigebat.
2377 2591 2459 2650 Ut
2500 2590 2655 2649 enim
2685 2590 2814 2651 duo
2843 2596 3004 2655 mala

569 2687 674 2744 per
701 2676 999 2743 peccatum
1030 2668 1087 2723 in
1131 2688 1237 2725 nos
1281 2669 1541 2726 derivata
1579 2678 1730 2744 sunt,
1780 2674 1832 2728 1.
1879 2670 2045 2744 Quod
2073 2671 2162 2729 rei
2203 2670 2337 2729 facti
2379 2690 2576 2729 sumus
2605 2692 2810 2729 coram
2851 2676 3000 2733 Deo.

569 2752 626 2806 2.
672 2746 840 2821 Quod
862 2746 1072 2803 inimici
1089 2754 1146 2804 et
1184 2767 1218 2803 a
1243 2747 1367 2804 Deo
1397 2747 1552 2805 fonte
1582 2748 1717 2806 vitae
1748 2749 1956 2808 alieni:
1986 2759 2178 2809 reatus
2220 2750 2420 2808 mortis
2447 2751 2506 2807 in
2537 2770 2709 2826 quem
2743 2753 3000 2814 incurri·

564 2847 710 2902 muS‚
743 2835 801 2886 et
840 2825 1088 2903 privatio
1127 2825 1264 2884 vitae
1293 2846 1461 2902 quam
1493 2827 1828 2888 amisimus:
1875 2829 1967 2888 Ita
2006 2850 2122 2888 non
2163 2829 2453 2908 potujmus
2483 2830 2541 2886 in
2571 2830 2878 2907 integrum
2913 2857 3000 2895 re-

568 2907 746 2983 stitui,
791 2907 904 2965 nisi
951 2926 1053 2984 per
1092 2906 1485 2965 remissionem
1534 2915 1898 2984 peccatorum
1944 2910 2241 2968 tolleretur
2281 2918 2472 2968 reatus
2513 2911 2734 2986 mortis,
2772 2924 2838 2972 et
2897 2936 3005 2993 per

565 2987 930 3066 adoptionem
963 2987 1194 3047 daretur
1209 2988 1308 3064 jus
1338 2987 1412 3044 ad
1440 2988 1639 3047 vitam.
1705 2988 1784 3047 Et
1810 2997 1875 3047 ut
1903 2988 2147 3049 felicitas
2168 3010 2284 3048 non
2312 2990 2372 3047 in
2399 2990 2725 3066 privatione
2757 3001 3002 3054 tantum

567 3070 706 3128 mali
732 3070 921 3147 posita
962 3077 1065 3143 est,
1099 3068 1202 3127 sed
1229 3068 1589 3145 potissimum
1635 3067 1692 3125 in
1724 3069 2085 3145 possessione
2113 3069 2268 3144 boni,
2320 3089 2437 3127 non
2465 3070 2604 3127 satis
2634 3070 2744 3128 fuit
2769 3093 2808 3129 a
2838 3076 3002 3133 malo

571 3170 674 3209 seu
722 3158 905 3208 morto
936 3149 1129 3224 eximi,
1156 3148 1266 3207 nisi
1297 3149 1469 3206 ctiam
1491 3150 1590 3225 jus
1635 3148 1708 3205 ad
1736 3148 1951 3206 bonum
1983 3169 2083 3207 seu
2112 3149 2291 3207 vitam
2322 3149 2596 3207 collatum
2624 3149 2861 3211 fuisset.

650 3229 834 3287 VIII.
880 3232 936 3287 3.
981 3230 1095 3286 Rei
1120 3239 1328 3286 natura
1357 3228 1467 3286 hoc
1512 3229 1701 3305 ipsum
1758 3228 1989 3287 evincit.
2077 3228 2224 3303 Quia
2279 3229 2437 3286 aliud
2486 3238 2573 3286 est
2614 3228 2914 3292 redimere
2968 3258 3002 3294 a

565 3329 752 3387 poena,
785 3308 943 3365 aliud
992 3309 1288 3384 praemium
1319 3308 1492 3366 etiam
1540 3307 1840 3383 addicere;
1885 3307 2042 3365 aliud
2071 3329 2104 3364 a
2145 3317 2327 3366 morte
2375 3307 2636 3380 liberare,
2669 3310 2841 3369 aliud
2870 3316 3000 3375 vita

569 3396 627 3444 et
656 3386 926 3443 felicitate
974 3385 1186 3443 donare
1211 3409 1224 3461 ;
1271 3406 1345 3444 ex
1384 3407 1608 3446 carcere
1639 3387 1897 3461 educere,
1930 3396 1988 3445 et
2017 3408 2188 3464 super
2215 3388 2484 3446 thronum
2513 3388 2782 3448 evehere.
2833 3392 3000 3453 Illud

540 3464 721 3537 ‚tollit
763 3465 995 3534 malum,
1027 3465 1137 3522 hoc
1164 3484 1302 3522 vero
1331 3465 1545 3523 bonum
1576 3466 1748 3525 etiam
1799 3467 2169 3543 superaddit3
2220 3466 2303 3524 Ut
2353 3468 2401 3525 si
2449 3487 2651 3525 servus
2697 3468 3000 3546 fugitivus

565 3561 682 3599 non
711 3541 882 3598 modo
904 3540 1238 3600 absolvatur
1267 3563 1301 3599 a
1328 3562 1499 3617 poena
1536 3543 1747 3620 debita,
1781 3546 1882 3603 sed
1901 3554 1958 3604 et
1987 3547 2266 3604 evehatur
2287 3547 2358 3604 ad
2403 3546 2747 3623 dignitatem
2779 3559 2843 3608 et
2889 3553 3000 3627 jus

565 3620 690 3680 filii.
777 3619 940 3677 Licet
969 3619 1119 3677 enim
1168 3621 1293 3678 haec
1350 3620 1465 3679 duo
1514 3622 1882 3699 inseparabili
1912 3646 2067 3684 nexu
2112 3626 2262 3683 inter
2309 3646 2370 3684 se
2400 3626 2708 3702 conjuncta
2750 3628 2874 3688 sint
2919 3654 2996 3691 ex

568 3701 813 3761 Foedere
859 3699 1093 3774 Gratiae,
1143 3701 1236 3757 Ex
1285 3708 1490 3758 natura
1527 3701 1609 3759 rei
1657 3711 1848 3761 tamen
1893 3711 2203 3781 potuerunt
2252 3707 2539 3783 separari;
2601 3705 2685 3764 Ut
2716 3706 2995 3770 Adamus

566 3783 675 3843 etsi
704 3782 979 3841 innocens
1009 3780 1081 3838 ab
1110 3780 1275 3838 initio
1306 3780 1641 3856 Creationis,
1674 3789 1731 3839 et
1773 3783 1932 3841 nulla
1959 3804 2131 3861 poena
2159 3784 2387 3861 dignuS,
2420 3806 2534 3842 non
2563 3794 2756 3844 tamen
2790 3792 2993 3848 statim

563 3864 776 3941 dignus
824 3862 934 3920 fuit
986 3862 1238 3939 praemi0‚
1298 3861 1480 3919 donec
1529 3861 1876 3920 curriculum
1926 3863 2267 3922 obedientiae
2316 3864 2686 3942 perfecisset:
2732 3866 2826 3923 Ita
2873 3889 2991 3928 non

564 3963 800 4002 necesse
830 3942 937 3999 fuit
957 3940 1237 4016 absolute,
1269 3949 1335 3999 ut
1362 3941 1461 3999 ille
1480 3941 1572 4000 cui
1599 3950 1837 4018 peccata
1866 3952 1999 4001 sunt
2025 3944 2282 4018 remissa,
2328 3944 2506 4020 etqui
2534 3964 2568 4001 a
2596 3945 2801 4002 mortis
2823 3960 2989 4008 reatu

563 4022 857 4097 liberatur,
890 4020 1044 4079 illico
1075 4021 1520 4080 immortalitatis
1542 4041 1754 4079 corona
1782 4021 2107 4097 donaretur,
2140 4044 2268 4081 cum
2289 4023 2337 4081 si
2361 4024 2488 4081 Deo
2505 4024 2737 4082 libitum
2758 4024 2984 4103 fuisset.⁷

565 4103 850 4179 potuisset
878 4100 1167 4159 hominem
1198 4101 1387 4159 denuo
1417 4101 1492 4159 ad
1520 4121 1665 4177 opus
1695 4102 2019 4177 amandare,
2045 4123 2159 4179 quo
2188 4104 2484 4180 praemiurn
2516 4115 2982 4180 consequeretur.

567 4182 994 4241 Liberationem
1023 4200 1057 4237 a
1114 4200 1336 4238 carcere
1395 4181 1655 4258 sequitur
1728 4180 1961 4258 quidem
2017 4183 2340 4240 necessario
2392 4182 2647 4257 libertas,
2708 4184 2812 4242 sed
2867 4206 2980 4244 non

566 4262 759 4320 statim
804 4259 1104 4334 Diadema,
1150 4268 1207 4318 et
1225 4259 1509 4319 Thtonus.
1594 4260 1638 4320 J
1642 4261 1817 4337 oscph
1850 4260 2072 4319 solutus
2101 4282 2135 4319 a
2162 4261 2429 4336 vinculis,
2459 4282 2575 4320 non
2604 4262 2738 4321 ideo
2766 4266 2978 4340 praefici

564 4340 766 4400 debuit
809 4340 1093 4416 AEgyptO.
1178 4339 1585 4415 Mephiboseth
1636 4360 1667 4399 e
1718 4340 1982 4417 squalore
2029 4349 2085 4399 et
2131 4342 2245 4400 situ
2294 4341 2573 4417 eductus;
2619 4362 2737 4399 non
2784 4345 2976 4404 statim

564 4419 897 4479 evehendus
942 4418 1049 4477 suit
1078 4417 1151 4475 ad
1192 4417 1372 4493 Regis
1402 4439 1676 4477 mensam.
1765 4421 1855 4478 Ita
1883 4419 1998 4477 duo
2028 4421 2295 4480 distincte
2326 4420 2701 4500 concipienda
2745 4433 2878 4483 sunt
2920 4426 2977 4483 in

562 4498 672 4556 hoc
700 4498 996 4571 benefici0‚
1045 4498 1235 4555 Venia
1281 4499 1499 4574 peccati
1550 4499 1860 4572 commissi,
1919 4520 2047 4558 cum
2092 4501 2427 4561 liberatione
2484 4524 2518 4561 a
2572 4502 2974 4564 maledictione

565 4575 757 4651 Legis,
784 4586 842 4636 et
869 4576 1088 4654 praemii
1116 4596 1218 4635 seu
1246 4577 1665 4636 benedictionis
1695 4579 1959 4637 Collatio.
