3221 5200
322 365 549 416 QUAEST.
582 343 745 424 vnn]
1247 364 1326 403 m:
1357 365 1608 407 rainerus:
1638 367 1901 409 cuum.
2620 357 2736 414 207

330 527 514 586 usque
543 505 620 565 ad
655 503 966 579 Christum,
996 523 1128 580 quae
1155 503 1476 566 doctrinam
1519 509 1721 585 gratiae
1750 509 2063 569 Veteribus
2090 511 2359 570 traditam
2388 512 2742 588 continebat,

331 609 461 666 quae
503 586 718 666 populo
762 583 1008 643 salutem
1050 593 1109 642 et
1135 585 1316 644 vitam
1358 590 1748 665 promittebat,
1792 589 1984 667 palam
2013 589 2247 666 quidem
2276 593 2383 651 sub
2412 594 2742 653 conditione

333 669 601 748 perfectae
659 665 1002 725 obedientiae
1054 665 1199 742 Legi
1255 668 1458 725 morali
1506 669 1865 746 praestandae,
1923 678 1983 728 et
2029 670 2489 731 interminatione
2538 675 2743 734 mortis

333 748 875 826 transgressoribuS‚
906 765 1023 803 una
1050 765 1181 804 cum
1204 767 1375 805 onere
1398 749 1748 808 intolerabili
1770 750 2256 824 caeremoniarum,
2287 759 2346 809 et
2364 753 2511 828 jugo
2539 755 2739 812 arctis-

317 830 495 907 ·simae
536 827 753 906 politiae
798 826 1111 900 Mosai‘cae3
1154 833 1305 886 tecte
1334 848 1472 887 vero
1517 830 1626 888 sub
1665 830 1994 888 conditione
2037 830 2390 907 poenitentiae
2419 841 2477 890 et
2503 833 2638 891 fidei
2680 835 2741 891 in

334 909 613 968 Messium
654 915 981 966 venturum.
1068 907 1195 980 Quo
1223 918 1487 985 respectu
1527 910 1604 969 V.
1637 911 1703 969 T.
1748 911 1859 969 tria
1898 911 2260 987 potissimum
2304 912 2739 990 complectitur;

335 993 389 1049 1.
432 998 688 1048 veterem
730 986 1067 1061 doctrinam,
1112 1007 1240 1063 quae
1289 989 1498 1066 partim
1539 998 1664 1049 erat
1704 990 1928 1067 legalis,
1972 992 2181 1068 partim
2225 992 2621 1069 Evangelica3
2682 997 2743 1053 2.

334 1077 589 1128 veterem
619 1069 810 1127 cultus
839 1074 897 1125 et
924 1065 1228 1125 ministerii
1257 1069 1654 1128 Ecclesiastici
1696 1070 1936 1128 formam
1976 1072 2263 1147 servilem,
2308 1072 2655 1131 laboriosam
2683 1083 2744 1133 et

334 1148 738 1226 umbratilem3
784 1150 840 1207 3.
884 1156 1141 1205 veterem
1188 1149 1406 1226 politiae
1452 1159 1707 1209 externae
1753 1151 2051 1227 rationem,
2099 1152 2200 1211 uni
2241 1152 2456 1230 populo
2498 1161 2558 1211 et
2611 1152 2743 1213 loco

333 1231 648 1308 alligatam.

571 1362 581 1374 ,
940 1306 1050 1366 IV.
1093 1308 1296 1368 Stricta
1332 1330 1472 1370 vero
1514 1310 1783 1388 designat
1826 1309 2045 1370 Foedus
2085 1330 2323 1389 operum
2373 1330 2476 1371 seu
2521 1312 2741 1390 Legem

482 1363 679 1409 Structe.
859 1388 1141 1447 Moralem
1171 1409 1272 1466 per
1302 1391 1527 1450 Mosem
1557 1392 1769 1467 datam,
1801 1391 2000 1450 addito
2029 1411 2201 1450 onere
2230 1392 2547 1470 issmdzrq
2568 1414 2740 1452 caere-

331 1469 652 1529 moniarum
681 1469 975 1546 legalium,
1005 1470 1242 1546 praecise
1265 1480 1324 1530 et
1345 1472 1584 1531 seorsim
1605 1491 1640 1530 a
1671 1472 2059 1531 Promissione
2088 1473 2308 1549 gratiae.
2367 1473 2534 1531 Prior
2560 1474 2741 1551 signi-

331 1550 537 1610 ficatus
566 1559 655 1610 est
681 1550 946 1627 proprius
974 1558 1032 1608 et
1058 1570 1161 1627 per
1189 1571 1268 1626 se,
1310 1552 1360 1611 si
1402 1572 1609 1630 scopus
1650 1561 1709 1612 et
1749 1553 1993 1612 intentio
2025 1552 2402 1629 Legislatoris
2431 1563 2739 1631 spectetur,

335 1631 473 1707 quia
514 1631 573 1688 in
613 1631 798 1709 prima
824 1630 926 1688 illa
952 1632 1271 1690 oeconomia
1299 1632 1410 1690 tria
1450 1633 1562 1692 ista
1589 1633 1912 1711 conjunxit,
1943 1641 2115 1692 vetus
2143 1632 2332 1692 foedus
2360 1651 2462 1692 seu
2489 1634 2740 1711 legalem

335 1710 822 1788 dispensationem
851 1709 1061 1785 dando,
1092 1731 1210 1769 non
1238 1712 1314 1770 ad
1342 1713 1685 1772 abolendam
1713 1713 2169 1790 promissionem,
2202 1713 2307 1772 sed
2347 1713 2423 1771 ad
2450 1713 2738 1773 deducen-

337 1789 475 1849 dum
503 1792 579 1849 ad
608 1792 915 1850 Christum.
1002 1792 1296 1850 Posterior
1323 1801 1412 1852 est
1439 1794 1796 1853 accessorius
1825 1802 1883 1851 et
1911 1793 2300 1869 accidentalis,
2334 1801 2504 1853 natus
2532 1814 2608 1853 ex
2651 1795 2738 1872 ig-

333 1872 629 1934 noratione
658 1873 788 1930 finis
812 1871 950 1945 veri,
982 1880 1041 1930 et
1067 1871 1297 1931 fictione
1327 1872 1474 1932 falsi.
1547 1874 1740 1933 Verus
1769 1872 1900 1930 finis
1927 1873 2036 1932 fuit
2066 1873 2329 1932 Christus
2356 1874 2432 1932 ad
2450 1874 2740 1951 justitiam

333 1952 499 2010 omni·
532 1952 804 2027 credenti,
838 1952 1006 2010 Rom.
1038 1972 1097 2010 x.
1127 1955 1183 2026 4,
1217 1952 1320 2011 sed
1361 1954 1515 2012 hunc
1543 1953 1718 2012 finem
1745 1973 1862 2010 non
1891 1954 2188 2030 assequuti
2216 1962 2351 2012 sunt
2379 1955 2421 2012 J
2426 1953 2577 2012 udaei
2608 1956 2737 2032 jus·

330 2032 545 2107 titiarii,
591 2033 728 2110 quia
769 2032 877 2091 sub
906 2031 1191 2090 velamine
1232 2035 1676 2109 proponebatur,
1707 2037 1744 2093 2
1777 2034 1906 2092 Cor.
1937 2033 2020 2091 iii.
2052 2037 2143 2106 14,
2177 2033 2254 2092 id.
2287 2033 2395 2092 sub
2437 2033 2741 2094 involucro

331 2120 617 2189 typorum,
644 2121 702 2172 et
723 2113 1056 2189 figurarum,
1087 2112 1224 2189 quia
1251 2114 1554 2189 promissio
1583 2113 1786 2190 gratiae
1814 2123 2048 2191 propter
2070 2114 2362 2172 Christum
2385 2114 2742 2174 vestiebatur

328 2193 537 2252 ritibus
568 2193 903 2271 Legalibus.
992 2192 1162 2251 Unde
1202 2192 1377 2250 finem
1419 2193 1628 2251 falsum
1658 2194 1968 2252 commenti
1996 2201 2147 2267 sunt,
2180 2194 2487 2252 statuendo
2520 2194 2739 2272 Legem

328 2272 523 2350 latam,
555 2282 621 2333 ut
647 2294 751 2352 per
777 2274 903 2350 ejus
932 2271 1394 2330 observationem
1416 2273 1874 2350 justificarentur
1895 2293 2085 2332 coram
2111 2275 2238 2332 Deo
2260 2281 2319 2332 et
2340 2274 2489 2332 salvi
2515 2274 2738 2350 fierent,

331 2352 500 2413 Rom.
531 2375 591 2414 x.
621 2357 676 2430 3,
709 2358 765 2429 4,
797 2356 853 2427 5,
885 2360 1085 2410 contra
1113 2371 1283 2428 quem
1313 2372 1561 2412 errorem
1602 2354 1819 2430 passim
1862 2353 2119 2430 disputat
2147 2353 2487 2431 ApostoluS,
2519 2375 2595 2414 ex
2635 2355 2741 2414 illa

328 2433 636 2513 hypothesi
668 2436 887 2512 Legem
916 2432 1112 2491 stricte
1142 2432 1420 2491 sumendo
1449 2441 1507 2492 et
1538 2433 1916 2492 Promissioni
1945 2433 2306 2512 opponendo.

327 2545 521 2596 Novum
543 2550 717 2595 Foedus
734 2550 811 2596 vel
935 2513 1010 2572 V.
1056 2514 1280 2571 Novum
1322 2515 1531 2572 Faedzoe
1575 2515 1748 2573 etiam
1793 2513 2012 2591 duplici
2055 2515 2228 2573 modo
2272 2513 2558 2591 sumitur;
2621 2516 2737 2575 Vel

386 2611 488 2657 late
502 2611 813 2667 sumitur‚v01
855 2596 983 2670 late,
1014 2604 1298 2672 quatenus
1342 2595 1576 2672 ponitur
1619 2617 1724 2674 pro
1769 2594 1983 2655 foedere
2025 2596 2227 2673 gratiae
2271 2595 2330 2653 in
2363 2616 2574 2673 genere
2605 2618 2736 2656 cum

388 2670 573 2715 striete.
850 2676 1249 2755 peccatoribus
1276 2675 1437 2751 inito,
1469 2676 1627 2754 quod
1658 2678 1851 2736 locum
1879 2676 2083 2736 habuit
2112 2677 2220 2735 sub
2250 2677 2325 2736 V.
2357 2678 2424 2736 T.
2456 2686 2573 2735 tam
2602 2687 2739 2738 ante

327 2754 618 2815 Christum
648 2756 987 2833 exhibitum,
1020 2777 1194 2835 quam
1222 2756 1331 2815 sub
1375 2757 1545 2816 Novo
1585 2767 1720 2835 post
1752 2778 1883 2816 eum
1919 2758 2045 2836 jam
2087 2757 2553 2834 manifestatum;
2620 2758 2737 2817 Vel

326 2837 529 2909 stricte,
565 2856 671 2912 pro
700 2836 911 2897 foedere
954 2838 1156 2915 gratiae
1196 2846 1330 2914 post
1369 2838 1890 2898 manifestationem
1923 2838 2137 2897 Christi
2179 2838 2240 2895 in
2269 2859 2437 2898 carne
2480 2840 2735 2916 promul·

327 2923 483 2990 gam,
514 2915 671 2992 quod
699 2916 775 2973 ad
798 2916 971 2975 finem
1003 2917 1184 2975 seculi
1210 2916 1416 2975 durare
1445 2917 1636 2977 debet.

414 2993 527 3050 VI.
573 2994 686 3067 Qui
713 3014 787 3052 ex
815 2996 1044 3069 nostriS,
1074 3004 1141 3053 ut
1168 2998 1448 3068 Bellon-us,
1481 2999 1758 3072 Piscator,
1789 2998 2115 3071 TrelcatiuS,
2141 3005 2200 3055 et
2227 2997 2343 3073 alii,
2376 2997 2491 3056 duo
2520 2997 2738 3057 foedera

331 3070 553 3130 faciunt
595 3073 923 3131 substantia
965 3075 1211 3145 diversa,
1260 3074 1456 3132 stricte
1497 3076 1787 3150 accipiunt
1831 3085 2001 3133 vetus
2045 3075 2250 3148 foedus,
2298 3078 2738 3151 promissionem

331 3151 536 3228 gratiae
576 3171 693 3209 non
734 3152 905 3210 modo
934 3152 1253 3228 separando
1295 3152 1369 3210 ab
1410 3171 1496 3226 e0,
1543 3154 1648 3210 scd
1688 3154 1862 3211 etiam
1903 3154 1956 3210 ei
1996 3154 2355 3229 opponendo,
2404 3174 2519 3229 quo
2564 3175 2739 3215 sensu

332 3231 553 3290 Paulus
582 3232 815 3291 videtur
842 3232 987 3291 illud
1029 3250 1251 3290 sumere
1279 3250 1396 3289 non
1439 3232 1634 3305 semel,
1679 3240 1761 3305 ut,
1802 3235 1839 3289 2
1872 3232 2001 3289 Cor.
2031 3232 2132 3305 iii„
2165 3232 2296 3290 Gal.
2328 3233 2426 3305 iv.‚
2457 3240 2521 3291 ut
2547 3233 2740 3293 foedus

327 3320 501 3372 vetus
544 3312 620 3371 sit
659 3312 849 3370 foedus
878 3312 1146 3390 Operum,
1191 3331 1407 3370 novum
1437 3330 1576 3369 vero
1617 3311 1806 3369 foedus
1837 3311 2257 3388 Evangelicum
2286 3320 2344 3370 et
2385 3311 2538 3371 fidei.
2625 3314 2738 3387 Qui

323 3412 466 3451 vero
494 3412 674 3451 unum
717 3391 903 3461 solum
945 3400 1222 3468 statuunt,
1267 3401 1333 3451 ut
1364 3392 1648 3466 Calvina-e,
1677 3394 1930 3468 Martyr,
1972 3393 2224 3467 Ursinus,
2271 3400 2505 3451 sumunt
2532 3413 2737 3454 vocem

307 3475 548 3547 soederis
589 3473 781 3547 latine,
826 3481 892 3532 ut
932 3473 1133 3551 gratiae
1174 3492 1402 3549 quoque
1445 3472 1902 3549 promissionem,
1947 3473 2084 3532 licet
2120 3474 2420 3533 obscurius
2449 3476 2733 3552 complec-

324 3554 497 3629 titur;
558 3555 638 3615 Et
677 3554 816 3632 quia
857 3553 1161 3632 promissio
1206 3553 1307 3611 illa
1351 3553 1740 3612 diversimode
1787 3553 2119 3632 dispensata
2162 3553 2272 3614 fuit
2317 3562 2450 3614 ante
2495 3565 2555 3615 et
2600 3566 2736 3634 post

326 3635 636 3711 Christum,
668 3635 1035 3711 distinguunt
1074 3634 1135 3691 in
1163 3633 1295 3709 du0,
1326 3644 1497 3693 vetus
1532 3643 1590 3694 et
1632 3655 1867 3709 novum,
1899 3634 2302 3695 distributione
2345 3656 2461 3694 non
2503 3637 2735 3713 generis

323 3715 385 3772 in
427 3716 665 3793 species,
709 3724 778 3774 ut
811 3716 1048 3792 priores,
1094 3714 1197 3773 sed
1238 3715 1485 3792 subjecti
1527 3716 1846 3775 secundum
1888 3716 2224 3793 accidentia,
2270 3716 2427 3793 quod
2471 3718 2569 3774 alii
2614 3738 2732 3777 non

323 3806 574 3871 negant3
618 3805 684 3855 ut
711 3795 1008 3855 dissensus
1050 3794 1126 3853 sit
1161 3802 1385 3854 tantum
1426 3795 1487 3853 in
1526 3796 1759 3855 diversa
1795 3797 2169 3855 terminorum
2206 3797 2596 3873 usurpatione,
2629 3798 2734 3855 sed

325 3894 442 3933 non
471 3876 532 3934 in
560 3897 622 3935 re
650 3877 794 3954 ipsa,
822 3885 888 3934 ut
915 3876 1188 3934 observat
1217 3876 1400 3934 Calvi.
1431 3876 1508 3934 10.
1538 3875 1598 3935 ii.
1632 3878 1778 3935 Inst.
1809 3896 1859 3934 c.
1891 3881 1945 3949 7,
1979 3896 2024 3935 s.
2056 3881 2111 3934 2.

325 3995 358 4040 S
423 4001 445 4042 t
509 3999 547 4043 t·
623 3997 663 4042 L
698 3998 753 4042 th
928 3956 1075 4013 VII.
1121 3955 1434 4014 Lutherani
1461 3955 1524 4013 in
1552 3955 1903 4033 assignando
1925 3956 2002 4014 V.
2026 3965 2086 4015 et
2108 3956 2179 4014 N.
2211 3956 2370 4014 Test.
2399 3954 2732 4015 discrimine

361 4012 609 4102 ⁰1¹3„ssngss
634 4013 696 4102 dg
713 4012 807 4100 dit
847 4056 882 4093 a
911 4035 1141 4094 Nostris
1169 4035 1339 4094 etiam
1369 4036 1669 4112 dissident,
1702 4045 1761 4095 et
1788 4044 1945 4094 mota
1973 4036 2046 4093 ab
2075 4034 2217 4112 ipsis
2239 4035 2392 4093 circa
2418 4035 2529 4093 hoc
2558 4045 2732 4111 caput

379 4116 578 4185 eriminp
595 4115 721 4161 V.et
740 4114 805 4160 Ν·
847 4115 1104 4190 Quaestio
1133 4116 1429 4175 occasione
1461 4115 1882 4175 Controversiae
1916 4115 2402 4189 Sacramentariae,
2434 4113 2573 4171 dum
2600 4134 2729 4190 per-

378 4172 608 4220 Faederns.
846 4194 1097 4255 tendunt
1137 4195 1252 4254 duo
1292 4196 1394 4254 illa
1433 4195 1654 4255 foedera
1693 4215 1808 4254 non
1847 4193 2020 4253 modo
2063 4193 2339 4270 distingui
2385 4194 2730 4270 substantia,

322 4278 425 4337 sed
451 4277 625 4337 etiam
647 4297 683 4335 a
704 4276 780 4335 V.
814 4275 1060 4335 Foedere
1087 4296 1321 4353 prorsus
1362 4276 1597 4335 excludi
1628 4274 2066 4353 promissionem
2095 4274 2332 4351 gratiae3
2374 4283 2434 4333 et
2454 4284 2732 4334 accusant

320 4358 580 4434 Nostros,
601 4356 759 4435 quod
781 4357 841 4414 in
863 4356 1210 4415 declaranda
1226 4357 1362 4415 Vet.
1385 4356 1649 4415 Foederis
1667 4364 1872 4415 natura
1889 4354 2148 4414 errarint.
2218 4356 2650 4413 Brochmannus
2668 4355 2728 4414 in

324 4439 573 4514 System.
619 4438 777 4496 Loco
820 4437 893 4495 de
924 4438 1001 4497 V.
1030 4445 1089 4496 et
1119 4437 1191 4495 N.
1222 4437 1380 4496 Test.
1410 4457 1459 4496 c.
1492 4436 1550 4494 ii.
1581 4457 1639 4513 q.
1669 4438 1725 4510 4,
1773 4436 1965 4495 “Uno
2011 4435 2168 4510 ore‚”
2219 4433 2424 4512 inquit,
2459 4433 2729 4494 “docent

319 4518 602 4595 Theologi
632 4517 950 4577 Lutherani
972 4518 1203 4577 nomine
1225 4517 1457 4576 Veteris
1480 4516 1836 4575 Testamenti
1863 4515 2091 4594 proprie
2114 4523 2172 4574 et
2190 4514 2389 4592 phrasi
2415 4514 2726 4593 Scripturas

320 4597 634 4672 significari
659 4597 850 4657 foedus
879 4597 1035 4657 istud
1067 4597 1301 4676 Legale,
1332 4596 1490 4674 quod
1525 4598 1688 4655 Deus
1717 4615 1847 4655 cum
1880 4595 2161 4655 Israelitis
2201 4595 2373 4654 inivit
2401 4594 2730 4655 Ministerio

320 4676 567 4737 Mosis.''
652 4677 841 4737 Addit
869 4678 1123 4738 secundo
1152 4685 1210 4737 et
1237 4677 1347 4737 hoc
1376 4677 1557 4754 quaeri
1583 4677 1736 4736 inter
1762 4696 1887 4754 nos,
1921 4676 2076 4737 “An
2103 4674 2293 4736 foedus
2320 4676 2469 4736 illud
2508 4677 2725 4755 gratui-
