3221 5200
486 344 603 400 278
1318 357 1500 396 Locus
1532 357 1788 396 nnc-mus
1819 356 2088 394 ἰ’κιιτιυε.
2527 337 2779 418 [omem.
2810 357 2896 396 vx.

484 500 804 577 praesentiae
825 520 943 558 suae
964 497 1295 556 hominibus
1318 496 1470 570 dato,
1494 506 1557 556 ut
1585 498 1645 554 in
1675 497 1819 555 rubo
1837 496 2079 571 ardenti,
2114 495 2303 555 Exod.
2335 496 2416 555 iii.
2445 499 2543 555 vel
2572 499 2631 556 in
2659 499 2813 557 nube
2842 506 2902 557 et

487 581 751 655 caligine,
785 589 849 638 ut
882 583 909 636 l
946 579 1093 654 Reg.
1125 578 1245 635 viii.
1283 580 1372 652 10,
1410 581 1500 652 11,
1531 598 1639 636 ιιεε
1682 585 1976 653 assumpta
2017 585 2240 635 tantum
2283 577 2357 634 ad
2394 587 2621 655 tempus
2648 579 2901 637 humana

485 660 686 732 forma,
728 668 793 719 ut
833 659 982 718 Gen.
1033 657 1198 716 xviii.
1244 658 1338 715 vel
1387 678 1490 734 per
1528 656 1720 715 inania
1753 657 2011 733 φιίσφιιιτιι
2050 676 2164 732 quo
2203 656 2375 714 modo
2402 658 2501 715 Dii
2540 659 2669 716 falsi
2720 679 2779 716 se
2809 679 2898 716 as-

486 739 801 816 pectabiles
829 738 1148 798 reddebant
1175 738 1458 795 induentes
1474 757 1531 794 se
1553 739 1895 812 corpor-ibim,
1922 746 1993 797 ut.
2034 737 2115 794 ait
2148 736 2385 794 Servius
2415 737 2487 794 ad
2528 738 2765 796 AEneid.
2798 738 2899 799 vii.

482 822 677 886 ἔιυτοὺς
699 819 1048 882 ἰιὸοποιοῢνης
1077 820 1139 881 iu.
1168 818 1434 894 ἀνθρόπους
1465 827 1527 875 ιιι
1560 817 1794 875 lIeliod.
1824 817 2116 893 loquitur;
2166 816 2282 874 Sed
2311 817 2365 874 in
2389 839 2561 876 carne
2590 818 2666 875 id.
2698 818 2759 875 in
2787 838 2887 875 na-

488 912 620 960 tura
648 903 900 959 humana
943 899 1174 957 mortali
1211 908 1269 956 ει
1300 898 1526 956 misera.
1612 898 1744 954 Non
1787 896 1927 955 dicit
1956 897 2293 973 simpliciter
2319 897 2680 956 divinitatem
2711 897 2771 954 in
2799 898 2900 955 ab·

487 990 718 1054 straete,
765 980 868 1038 sed
906 982 1014 1037 ‚9132
1042 979 1102 1035 in
1131 987 1415 1052 concrete,
1459 977 1729 1035 nimirum
1772 997 2075 1054 personam
2104 977 2270 1048 Λόγου
2298 978 2717 1036 manifestatam
2747 998 2893 1054 esse,

487 1062 624 1136 quia
654 1060 982 1118 lucarnatio
1009 1078 1126 1117 non
1155 1068 1243 1116 est
1263 1067 1483 1116 naturae
1513 1057 1727 1115 divinae
1757 1058 2037 1132 absolute,
2064 1058 2166 1114 sed
2188 1077 2463 1133 personae.

1095 1138 1273 1196 XVI.
1319 1138 1553 1212 Quart0,
1587 1139 1683 1194 Ex
1712 1138 1872 1212 lociS,
1904 1138 2004 1196 ubi
2033 1137 2162 1195 duae
2184 1146 2403 1195 naturae
2432 1137 2491 1194 in
2522 1136 2734 1195 Christi
2760 1137 2898 1195 Per·

1010 1237 1151 1276 sona
1163 1218 1314 1276 clare
1336 1226 1749 1295 proponuntur,
1778 1218 1944 1276 Rom.
1965 1217 2002 1275 i.
2028 1219 2080 1289 3,
2108 1221 2161 1291 4,
2191 1218 2455 1275 “Factus
2477 1226 2660 1275 estex
2685 1217 2901 1276 semine

493 1297 737 1355 Davidis
782 1297 1095 1356 secundum
1136 1318 1381 1372 carnem,
1414 1306 1471 1356 et
1499 1297 1823 1356 declaratus
1856 1298 2039 1354 Filius
2071 1297 2182 1354 Dei
2211 1297 2270 1353 in
2299 1297 2557 1374 potentia
2585 1296 2898 1355 secundum

494 1377 771 1453 Spiritum
814 1378 1341 1451 sanctificationiS,'’
1371 1377 1640 1435 limitatio
1683 1377 1999 1436 secundum
2038 1397 2266 1435 carnem
2310 1387 2367 1435 ct
2400 1377 2673 1453 Spiritum
2713 1377 2899 1434 innuit

489 1458 633 1515 duas
663 1458 790 1534 ejus
830 1465 1080 1532 naturas,
1113 1459 1351 1517 alteram
1376 1457 1691 1515 secundum
1731 1477 1903 1534 quam
1943 1457 2128 1516 factus
2166 1465 2255 1515 est
2293 1478 2367 1514 ex
2406 1457 2620 1515 semine
2652 1456 2897 1513 Davidis

488 1538 758 1595 nimirum
786 1538 1114 1611 humanam,
1145 1539 1383 1597 alteram
1417 1536 1674 1594 divinam
1721 1537 2036 1595 secundum
2090 1537 2366 1614 Spiritum
2413 1536 2893 1610 sanctificationiS,

488 1638 591 1694 per
632 1638 803 1711 quem
842 1617 1166 1676 declaratus
1205 1627 1293 1676 est
1323 1617 1509 1675 Filius
1540 1616 1650 1673 Dei
1680 1637 1782 1693 per
1810 1618 2301 1691 resurrectionem,
2334 1616 2721 1676 indubitatum
2751 1615 2896 1673 divi-

489 1698 687 1756 nitatis
717 1699 842 1773 ejus
871 1707 1293 1774 argumentum.
1379 1697 1500 1755 Nec
1543 1697 1592 1755 si
1621 1722 1678 1754 το
1704 1700 2003 1754 secundum
2032 1718 2258 1754 carnem
2287 1697 2427 1754 alibi
2456 1697 2701 1755 sumitur
2729 1717 2903 1755 sensu

489 1778 662 1854 paulo
712 1777 962 1853 diverso,
995 1778 1090 1836 vel
1128 1798 1231 1854 pro
1289 1777 1672 1868 corruptione,
1703 1785 1769 1835 ut
1802 1779 2092 1835 ambulare
2118 1780 2418 1835 secundum
2456 1797 2683 1835 carnem
2730 1778 2899 1836 Rom.

488 1859 610 1917 viii.
643 1862 693 1932 1,
736 1859 831 1915 vel
873 1879 977 1935 pro
1020 1867 1259 1915 externa
1302 1857 1507 1933 specie,
1553 1876 1683 1932 quae
1726 1857 1785 1913 in
1816 1876 2018 1915 sensus
2061 1857 2315 1930 incurrit,
2341 1865 2405 1914 ut
2415 1859 2685 1930 judicare
2711 1878 2902 1914 secun-

490 1942 623 1996 dum
661 1959 890 1996 carnem
932 1938 1070 1996 Joh.
1115 1937 1234 1995 viii.
1292 1940 1385 2012 l5,
1430 1936 1689 2013 sequitur
1724 1936 1822 1994 hic
1871 1957 1986 1994 non
2022 1957 2191 2013 posse
2234 1935 2556 2013 significare
2609 1936 2902 1994 Christum

490 2018 681 2094 quoad
723 2027 984 2076 naturam
1013 2018 1369 2075 humanam·
1356 2063 1369 2092 ,
1429 2017 1573 2074 Cum
1604 2026 1663 2076 et
1696 2017 1903 2074 Semen
1937 2017 2199 2091 Davidis,
2231 2025 2288 2074 et
2315 2014 2616 2073 antithesis
2649 2015 2900 2091 Spiritus

488 2099 599 2157 hoc
637 2098 960 2156 necessario
1001 2098 1272 2175 postulet.
1358 2097 1480 2154 Nec
1524 2096 1572 2155 si
1616 2096 1769 2154 idem
1810 2097 1982 2154 homo
2025 2106 2216 2173 potest
2243 2095 2356 2154 dici
2384 2104 2555 2153 natus
2585 2095 2902 2152 secundum

494 2199 742 2251 carnem,
775 2187 833 2236 et
875 2177 1190 2236 secundum
1236 2177 1516 2253 spiritum,
1563 2184 1630 2234 ut
1671 2176 1743 2234 de
1790 2176 1990 2234 Isaaco
2035 2176 2247 2235 dicitur
2291 2175 2421 2234 Gal.
2453 2175 2532 2233 iv.
2564 2177 2660 2248 29,
2708 2175 2902 2233 Conti-

489 2278 606 2316 nuo
648 2258 848 2334 negari
890 2258 1063 2316 debet
1105 2257 1245 2314 alibi
1274 2255 1563 2334 duplicem
1591 2266 1854 2315 naturam
1878 2256 2187 2332 designari.
2235 2255 2418 2314 Aliud
2447 2263 2535 2313 est
2561 2255 2903 2313 limitatione

490 2338 703 2414 apponi
724 2339 913 2413 aqenti
937 2339 1131 2413 quoad
1149 2339 1374 2395 modum
1396 2337 1790 2411 yenerationiS,
1823 2355 1937 2411 quo
1969 2357 2140 2394 sensu
2169 2339 2405 2395 Isaacus
2434 2335 2646 2394 dicitur
2674 2336 2904 2411 genitus

490 2420 790 2475 secundum
828 2418 1118 2491 Spiritum,
1149 2417 1287 2474 licet
1328 2416 1558 2492 genitus
1589 2417 1663 2474 sit
1695 2415 2008 2473 secundum
2040 2437 2286 2490 carnem,
2319 2416 2457 2508 qui-a
2486 2416 2547 2472 vi
2574 2415 2901 2492 promissio-

491 2498 582 2554 nis
612 2497 875 2573 specialis
905 2496 1094 2554 editus
1125 2505 1213 2554 est
1240 2496 1412 2553 modo
1436 2494 1872 2572 supernaturali,
1899 2495 2083 2553 Aliud
2111 2506 2199 2555 est
2221 2497 2431 2575 apponi
2447 2497 2698 2572 subjecto,
2718 2497 2911 2571 quoad

493 2586 735 2635 naturas
765 2596 838 2634 ex
868 2575 1079 2651 quibus
1102 2574 1488 2647 constituitur,
1519 2583 1583 2633 ut
1609 2575 1871 2633 hocloco
1900 2575 1983 2633 fit.

575 2656 788 2712 XVII.
836 2655 1055 2712 Eadem
1085 2655 1349 2713 limitatio
1379 2655 1685 2731 apponitur
1716 2655 1884 2712 Rom
1916 2655 1995 2712 ix.
2028 2658 2081 2727 5,
2106 2674 2283 2731 quum
2308 2656 2537 2722 dicitur,
2573 2659 2608 2689 ‘⁴
2640 2655 2903 2715 Christus

493 2734 808 2794 secundum
848 2753 1075 2792 carnem
1106 2754 1141 2791 a
1172 2734 1457 2808 PatribuS,
1492 2734 1653 2791 Deus
1681 2733 2061 2792 benedictus
2048 2755 2106 2790 m
2137 2736 2387 2809 secula,’'
2440 2736 2541 2793 ubi
2568 2744 2774 2795 natura
2800 2736 2904 2794 hu-

491 2835 663 2872 mana
691 2814 1028 2890 designatur
1056 2813 1370 2872 secundum
1401 2833 1573 2890 quam
1603 2812 1881 2871 oriundus
1906 2813 1979 2871 sit
2007 2834 2041 2870 a
2072 2814 2358 2889 Patribus,
2390 2823 2446 2873 et
2477 2814 2676 2873 divina
2704 2836 2904 2874 secun-

493 2895 630 2953 dum
661 2913 836 2971 quam
864 2893 940 2953 sit
972 2894 1132 2952 Deus
1161 2892 1498 2952 benedictus
1536 2893 1596 2950 in
1643 2893 1855 2952 secula.
1909 2894 2022 2967 Sic,
2053 2898 2079 2951 1
2121 2894 2245 2953 Ρει.
2278 2895 2357 2954 iii.
2394 2898 2484 2969 18,
2519 2894 2729 2955 dicitur
2756 2916 2905 2954 mor-

499 2976 736 3053 tificatus
765 2995 953 3049 carue,
986 2974 1063 3033 id.
1103 2993 1308 3051 passus
1337 2974 1396 3030 in
1426 2982 1632 3032 natura
1667 2975 1935 3049 humana,
1969 2974 2070 3032 sed
2097 2974 2401 3052 m'ifficatus
2428 2976 2663 3050 Spiritu,
2706 2976 2783 3034 id.
2808 2996 2911 3053 per

494 3056 857 3114 divinitatem
890 3056 1216 3129 suscitatuS,
1248 3074 1351 3130 per
1383 3054 1660 3131 Spiritum
1691 3054 1851 3112 illum
1873 3064 2166 3128 aeternum,
2198 3076 2300 3131 per
2327 3076 2498 3134 quem
2529 3076 2589 3114 se
2620 3056 2909 3114 obtulerat

498 3138 641 3210 De0,
670 3137 824 3195 Heb.
851 3136 929 3194 ix,
961 3139 1051 3194 14.
1088 3136 1182 3193 Sic
1203 3135 1338 3193 Act.
1363 3155 1464 3193 xx.
1490 3137 1585 3208 28,
1619 3138 1777 3193 Deus
1806 3135 2016 3194 dicitur
2044 3137 2395 3210 acquisivisse
2416 3137 2727 3194 Ecclesiam
2750 3155 2912 3192 suam

493 3218 763 3293 sanquine
799 3237 917 3289 su0,
961 3216 1061 3274 ubi
1091 3236 1207 3273 vox
1238 3211 1356 3273 ἰδίου
1388 3216 1626 3290 proprii
1651 3214 1902 3273 ostendit
1929 3224 2188 3273 naturam
2220 3237 2348 3291 quae
2377 3235 2546 3291 passa
2575 3224 2678 3287 est,
2711 3234 2915 3272 revera

496 3298 780 3374 pertinere
811 3296 884 3352 ad
913 3315 1216 3370 personam
1259 3295 1417 3351 illam
1462 3294 1740 3367 divinam,
1773 3315 1901 3370 quae
1932 3295 2144 3352 dicitur
2160 3294 2535 3369 acquisivisse
2568 3293 2908 3350 Ecclesiam.

579 3375 828 3431 XVIII.
877 3374 1040 3431 Licet
1069 3382 1272 3431 natura
1299 3374 1550 3430 humana
1594 3373 1823 3445 Christi,
1857 3374 1932 3431 sit
1961 3373 2282 3430 substantia
2328 3372 2511 3448 prima
2560 3371 2907 3444 intelligens,

497 3463 556 3510 et
583 3452 835 3527 perfecta
864 3451 922 3507 in
952 3472 1077 3508 esse
1109 3451 1480 3523 substantiae3
1528 3472 1643 3508 non
1690 3452 1883 3509 statim
1930 3461 2018 3508 est
2069 3452 2353 3522 Persona3
2399 3450 2534 3524 quia
2578 3467 2694 3505 non
2736 3448 2912 3507 habet

496 3530 1154 3601 incommunicationem,
1207 3537 1264 3586 et
1304 3529 1594 3603 propriam
1640 3530 2101 3587 subsistentiam:
2148 3530 2231 3587 Ut
2280 3528 2469 3585 anima
2516 3536 2777 3603 separata
2822 3537 2911 3587 est

498 3608 821 3666 substantia
851 3608 1160 3683 singularis
1183 3607 1537 3681 intelligens,
1569 3628 1686 3666 non
1716 3620 1909 3666 tamen
1931 3628 2191 3683 persona,
2224 3608 2360 3684 quia
2380 3616 2469 3665 est
2499 3608 2621 3665 Ens
2650 3608 2908 3684 partiale,

498 3687 925 3763 incompletum,
958 3686 1115 3763 quod
1143 3706 1259 3743 non
1290 3686 1568 3760 subsistit,
1603 3688 1706 3745 sed
1734 3687 1900 3744 alteri
1922 3687 2095 3746 debet
2121 3687 2379 3764 adjungi.
2466 3688 2731 3746 Carentia
2773 3708 2913 3747 vero
2950 3686 2959 3699 ⁵

497 3767 743 3845 propriae
791 3766 1218 3859 personalitatis
1265 3765 1495 3823 veritati
1543 3777 1599 3825 et
1648 3766 1984 3844 perfectioni
2013 3768 2277 3825 humanae
2306 3777 2525 3827 naturae
2557 3768 2768 3827 Christi
2799 3788 2913 3827 non

498 3849 757 3925 derogat.
844 3847 993 3921 Quia
1019 3847 1321 3905 veritatem
1349 3856 1567 3904 naturae
1597 3848 1863 3906 humanae
1893 3867 1966 3905 ex
1995 3849 2251 3919 materia,
2283 3848 2481 3921 forma,
2513 3858 2572 3907 et
2600 3849 2913 3926 proprieta-

499 3929 656 3988 tibus
641 3896 1092 4001 oessentialibua
1118 3947 1233 3985 non
1257 3947 1330 3985 ex
1352 3927 1759 4003 personalitate
1779 3928 2062 3987 metimur.
2109 3928 2280 3987 Unde
2303 3928 2416 3985 alia
2437 3938 2524 3986 est
2543 3936 2778 4003 naturae,
2803 3928 2918 3985 alia

501 4009 886 4069 subsistentiae
905 4006 1180 4065 definitio.
1228 4006 1453 4064 Deinde
1475 4006 1871 4083 personalitas,
1887 4028 1991 4066 nec
2012 4018 2099 4066 est
2116 4028 2249 4084 pars
2267 4008 2583 4083 integralis,
2599 4028 2703 4065 nec
2723 4028 2913 4065 essen-

498 4090 653 4149 tialis
676 4097 911 4162 naturoe,
934 4087 1036 4145 sed
1057 4087 1222 4162 quasi
1249 4086 1545 4161 termiuuS,
1567 4107 1737 4164 quem
1760 4088 1899 4163 quia
1919 4088 1979 4145 iu
2002 4088 2373 4146 subsistentia
2395 4089 2646 4146 increata
2664 4088 2914 4161 sortitur,

499 4190 569 4229 eo
599 4168 724 4245 ipso
751 4169 925 4243 longe
948 4167 1253 4243 perfectior
1278 4176 1384 4242 est,
1415 4187 1587 4243 quam
1612 4168 1662 4225 si
1682 4187 1717 4224 a
1737 4168 1934 4225 Verbo
1964 4177 2225 4245 separata
2252 4188 2355 4243 per
2376 4188 2435 4225 se
2461 4167 2815 4225 subsisteret.

584 4248 776 4305 XIX.
825 4248 1010 4305 Filius
1041 4247 1152 4305 Dei
1194 4267 1308 4304 non
1337 4247 1649 4323 assumpsit
1675 4247 1965 4305 hominem
1994 4248 2410 4323 suppositalitcr
2440 4247 2519 4305 ita
2547 4246 2781 4319 dictum,
2815 4245 2919 4303 sed

503 4337 770 4386 naturam
799 4329 1118 4400 humanam,
1150 4326 1227 4384 id.
1252 4327 1542 4385 hominem
1558 4327 1808 4420 specifice
1837 4327 1918 4384 sic
1947 4328 2184 4386 dictum.
2258 4328 2335 4385 Et
2355 4326 2581 4403 quotics
2602 4326 2791 4400 thO,
2823 4326 2918 4384 vel

507 4408 694 4464 lilius
735 4407 984 4464 hominis
1013 4406 1513 4465 diciturChristus
1555 4407 1616 4464 in
1664 4406 1973 4483 Scriptura,
1999 4427 2206 4466 nomen
2236 4417 2467 4467 estnon
2519 4407 2771 4480 Naturae,
2817 4404 2920 4464 sed

508 4485 777 4544 Personae
806 4486 879 4544 ab
909 4487 1091 4544 altera
1117 4495 1322 4544 natura
1350 4486 1751 4543 denominatae.

590 4565 744 4622 XX.
789 4569 948 4623 Deus
976 4574 1033 4623 et
1062 4568 1265 4638 Homo,
1298 4567 1393 4623 vel
1424 4574 1755 4643 spectantur
1777 4566 1834 4622 in
1863 4567 2159 4640 abstractO,
2191 4567 2266 4623 ad
2293 4564 2680 4624 denotandam
2709 4564 2919 4621 divini-

507 4651 701 4716 tatem,
734 4654 792 4702 et
813 4646 1227 4703 humanitatem
1248 4645 1343 4703 vel
1371 4646 1430 4702 in
1459 4655 1711 4704 concreto
1733 4645 1808 4703 ad
1825 4645 2241 4722 designandam
2259 4665 2579 4722 personam,
2611 4664 2740 4721 quae
2761 4645 2921 4703 Deus

486 1199 614 1243 4.Ex
631 1199 768 1242 Rom.
787 1197 873 1242 i.3.
889 1200 967 1242 ἀο.
