3221 5200
444 335 560 391 406
1268 347 1447 389 Locus
1480 347 1738 389 nst-mus
1767 347 2052 397 omarus.
2441 326 2697 410 [ouaesr.
2728 346 2854 387 xxv.

450 490 758 564 Christum,
791 511 945 549 mors
977 490 1190 548 Christi
1239 491 1443 548 incerti
1487 489 1691 549 fuisset
1735 499 1996 563 eventuS,
2028 498 2086 547 et
2134 488 2475 565 mysterium
2519 490 2631 547 hoc
2672 497 2858 548 totum

452 570 889 648 Redemptionis
919 570 1142 628 irritum
1172 570 1334 629 reddi
1364 570 1647 648 potuisset
1675 590 1777 646 per
1804 570 2052 627 hominis
2081 569 2517 627 contumaciam.

534 652 719 709 XVI.
765 651 820 709 3.
867 650 963 707 Ad
996 650 1145 727 Eph.
1176 671 1233 709 v.
1264 654 1362 707 25.
1406 650 1519 708 Tit.
1561 650 1622 707 ii.
1651 654 1741 723 14,
1774 671 1887 708 non
1912 658 2102 726 potest
2131 649 2334 726 regeri,
2370 652 2404 681 “
2426 648 2717 707 Christum
2746 646 2863 706 dici

454 731 685 807 quidem
718 751 778 788 se
808 728 1114 789 tradidisse
1143 751 1246 807 pro
1274 731 1488 807 populo
1511 739 1569 788 et
1616 731 1896 803 Ecclesia,
1929 730 2031 787 scd
2076 749 2192 787 non
2224 728 2419 787 haberi
2447 732 2588 803 sola,
2633 736 2700 786 ut
2727 726 2862 785 inde

454 810 847 885 concludatur,
899 809 1054 886 quod
1103 830 1207 887 pro
1246 810 1422 868 nullis
1449 809 1580 868 aliis
1625 830 1685 868 sc
1709 810 2067 869 tradiderit.'’
2181 808 2329 882 Quia
2377 809 2678 867 exclusiva
2723 807 2865 866 satis

456 900 651 968 aperte
681 911 756 948 ex
786 890 993 947 verbis·
1007 890 1166 967 ipsis,
1199 899 1256 949 et
1304 898 1510 948 natura
1557 890 1641 948 rei
1689 889 1964 949 innuitur.
2051 889 2211 947 Talis
2241 888 2393 947 enim
2433 888 2667 947 traditio
2697 887 2864 946 intel-

455 971 673 1048 ligitur,
720 989 848 1046 quae
898 969 1080 1028 oritur
1107 991 1181 1028 ex
1210 990 1403 1028 amore
1434 970 1649 1029 Christi
1688 991 1826 1048 erga
1871 969 2209 1044 Ecclesiam,
2260 977 2325 1027 ut
2355 988 2622 1046 sponsam
2667 987 2865 1042 suam;

456 1059 517 1109 at
543 1051 678 1109 talis
723 1070 883 1107 amor
930 1050 1323 1108 exclusionem
1372 1051 1700 1108 necessario
1744 1050 2006 1109 includit.
2095 1050 2187 1108 Ita
2214 1069 2389 1125 quum
2424 1048 2641 1106 Paulus
2680 1048 2761 1105 ait
2807 1047 2868 1104 in

458 1151 578 1189 ver.
599 1129 862 1207 praeced„
969 1131 1003 1161 “
1030 1130 1156 1188 Viri
1179 1130 1405 1206 diligite
1427 1149 1641 1188 uxores
1658 1130 1940 1205 vestras,”
1974 1129 2083 1188 etsi
2104 1129 2363 1187 exclusio
2384 1148 2498 1186 non
2527 1136 2867 1205 opponatur,

462 1210 603 1269 satis
632 1219 825 1269 tamen
854 1209 1213 1287 intelligitur.
1301 1210 1422 1268 Nec
1478 1208 1802 1269 adulterum
1832 1210 1962 1287 quis
2005 1208 2178 1268 ferret
2205 1209 2286 1266 ita
2314 1207 2763 1284 vitilitigantem,
2795 1206 2867 1264 ad

460 1291 677 1349 crimen
722 1310 889 1348 suum
918 1290 1249 1365 tegendum,
1283 1289 1499 1348 dictum
1543 1290 1777 1367 quidem
1807 1289 2002 1363 fuisse,
2047 1289 2172 1346 Viri
2186 1289 2396 1364 diliyite
2425 1308 2631 1345 uxores
2658 1297 2873 1346 vestras

458 1370 561 1429 sed
590 1390 707 1427 non
736 1371 905 1428 solas.
971 1373 1027 1428 2.
1051 1370 1210 1427 Talis
1237 1369 1469 1427 traditio
1507 1369 1867 1446 intelligitur,
1888 1389 2015 1445 quae
2044 1388 2148 1445 pro
2184 1367 2298 1426 fine
2327 1369 2501 1426 habet
2547 1367 2867 1425 sanctifica·

460 1450 675 1509 tionem
697 1450 975 1508 Ecclesiae
1004 1458 1063 1508 et
1090 1450 1216 1526 ejus
1263 1448 1671 1507 adductionem
1720 1450 1794 1507 ad
1824 1450 2086 1515 salutem,
2139 1447 2218 1506 id.—
2257 1447 2697 1524 applicationem
2741 1466 2872 1504 cum

458 1530 876 1606 impetratione,
957 1529 1114 1604 quod
1175 1528 1368 1604 nullis,
1432 1549 1605 1605 quam
1658 1529 1877 1587 Electis
1942 1538 2000 1586 et
2056 1528 2164 1586 soli
2222 1528 2498 1586 Ecclesiae
2548 1535 2872 1604 competere

463 1610 680 1669 clarum
709 1618 814 1668 est.
931 1610 1007 1668 Et
1036 1629 1165 1667 cum
1203 1628 1307 1685 pro
1354 1608 1582 1666 nemine
1630 1629 1690 1667 se
1735 1608 2035 1667 tradiderit
2060 1607 2172 1665 nisi
2221 1608 2280 1665 in
2329 1609 2484 1665 hune
2531 1607 2722 1682 finem,
2769 1625 2875 1685 pro

461 1690 689 1748 nemine
720 1689 835 1748 dici
864 1698 1054 1767 potest
1085 1709 1146 1747 se
1176 1688 1501 1763 tradidisse,
1533 1689 1633 1765 qui
1675 1690 1849 1747 istum
1878 1688 2049 1745 finem
2079 1707 2194 1745 non
2224 1697 2582 1764 assequatur.

546 1769 763 1827 XVII.
806 1773 862 1827 4.
908 1769 1006 1827 Ad
1038 1768 1247 1828 Matth.
1278 1789 1380 1827 xx.
1410 1771 1505 1844 28,
1538 1778 1595 1826 et
1618 1768 1782 1827 xxvi.
1813 1771 1907 1842 28,
1943 1767 2094 1825 Heb.
2126 1767 2206 1825 ix.
2228 1771 2322 1842 28,
2349 1767 2560 1825 frustra
2587 1766 2876 1843 excipitur

469 1850 740 1907 “Multos
766 1850 878 1923 hic,
910 1869 1026 1907 non
1075 1849 1321 1907 omnibus
1365 1850 1594 1926 opponi,
1629 1849 1731 1907 scd
1780 1848 1891 1921 uni,
1924 1857 1981 1906 et
2012 1848 2272 1923 paucis,'’
2305 1856 2369 1906 ut
2401 1848 2568 1905 Rom.
2600 1867 2656 1904 v,
2693 1848 2782 1918 19,
2815 1854 2874 1905 et

469 1929 618 1987 Dan.
649 1929 751 1987 xii.
787 1933 838 2003 1,
872 1933 907 1961 “
931 1930 1047 1986 imo
1074 1949 1177 2005 pro
1205 1929 1451 1987 omnibus
1478 1950 1595 1986 non
1626 1949 1752 1987 raro
1781 1928 1972 2005 poni.'‘
2057 1928 2206 2001 Quia
2234 1928 2401 1985 multi
2429 1927 2532 2002 illi,
2563 1926 2634 1985 de
2664 1926 2877 2003 quibus

436 2009 674 2086 ·agitur,
704 2029 807 2086 per
834 2009 980 2067 tales
1007 2018 1175 2067 notas
1214 2008 1632 2083 describuntur,
1665 2029 1794 2085 quae
1837 2008 2102 2066 omnibus
2131 2017 2190 2065 et
2218 2007 2464 2083 singulis
2491 2027 2606 2064 non
2637 2013 2878 2084 possunt

468 2109 594 2148 esse
624 2108 973 2162 communeS,
1006 2097 1070 2147 ut
1098 2088 1255 2165 quod
1303 2109 1364 2148 se
1407 2089 1632 2147 dederit
1676 2088 1848 2170 ain-gon
1896 2092 2004 2146 αντὶ
2054 2090 2256 2145 πολλῶ
2296 2090 2413 2145 loco
2447 2090 2746 2144 multorum
2775 2105 2878 2162 per

468 2168 753 2228 actualem
782 2169 1266 2242 substitutionem,
1291 2170 1448 2246 quod
1477 2169 1817 2245 sanguinem
1848 2167 2060 2226 fuderit
2087 2167 2162 2225 ad
2189 2167 2584 2225 remissionem
2613 2173 2875 2244 peccato·

467 2269 594 2307 rum
624 2269 727 2326 pro
776 2249 993 2324 multis,
1025 2248 1181 2325 quod
1224 2249 1452 2308 oblatus
1495 2250 1571 2307 sit
1612 2256 1674 2315 ιὶς
1714 2254 1769 2307 τὶ
1797 2252 2000 2306 πολλῶν
2027 2253 2286 2318 αἱηηγκιῒυ
2315 2248 2580 2324 ἁμαρτὰς,
2614 2246 2688 2304 ad
2716 2255 2876 2303 actu·

468 2329 617 2387 alem
648 2329 868 2406 peccati
897 2329 1288 2387 abolitionem.
1376 2330 1439 2387 Si
1480 2329 1648 2387 multi
1690 2328 2000 2405 aliquando
2036 2328 2137 2386 uni
2188 2337 2245 2386 et
2272 2329 2472 2404 paucis
2497 2334 2875 2403 opponantur,

469 2409 585 2467 imo
614 2417 672 2467 et
700 2429 803 2486 pro
826 2409 1093 2467 omnibus
1113 2417 1475 2486 usurpentur,
1500 2429 1617 2466 non
1640 2410 1833 2467 statim
1854 2409 1965 2466 hoe
1987 2407 2199 2483 ubique
2227 2406 2417 2464 locum
2446 2407 2658 2464 habere
2687 2404 2876 2478 debet,

471 2489 587 2547 imo
631 2509 747 2547 non
792 2508 920 2545 raro
966 2488 1047 2546 ita
1091 2498 1180 2547 est
1224 2488 1588 2546 extensivum
1635 2487 1710 2545 ad
1753 2488 1963 2563 plures,
1995 2494 2060 2544 ut
2104 2486 2179 2543 sit
2223 2487 2558 2562 negativum
2603 2485 2877 2542 omnium.

475 2567 646 2628 Unde
694 2568 933 2626 Hieron.
965 2566 1040 2624 ad
1090 2567 1299 2626 Matth.
1332 2587 1431 2640 xx,
1482 2566 1668 2624 “Non
1711 2566 1861 2624 dixit
1902 2566 2038 2623 dare
2081 2565 2329 2622 animam
2373 2584 2534 2623 suam
2564 2583 2667 2640 pro
2697 2563 2880 2621 omni·

470 2649 598 2722 bus,
632 2647 733 2705 sed
761 2666 864 2722 pro
893 2645 1107 2719 multis,
1133 2646 1193 2702 id
1221 2654 1324 2718 est,
1349 2665 1451 2721 pro
1474 2645 1565 2702 his
1587 2645 1687 2719 qui
1705 2645 1935 2703 credere
1965 2644 2312 2716 volucrint‚''
2344 2645 2443 2719 qui
2473 2643 2571 2699 alii
2599 2662 2715 2700 non
2746 2651 2882 2701 sunt

472 2745 645 2803 quam
677 2725 881 2798 Electi,
913 2724 973 2780 in
1002 2724 1211 2800 quibus
1242 2724 1401 2781 Deus
1443 2733 1713 2799 operatur
1751 2723 1903 2781 velle
1946 2730 2004 2780 et
2044 2722 2334 2799 perficere.
2419 2723 2632 2781 Glossa
2660 2721 2881 2778 interli-

471 2824 597 2879 nea,
632 2806 668 2836 ‘⁴
686 2823 790 2881 pro
819 2803 1034 2877 multis,
1065 2822 1180 2859 non
1210 2802 1494 2876 omnibuS,
1526 2803 1630 2860 sed
1657 2801 2137 2879 praedestinatis.’'

473 2923 504 2968 2
546 2923 624 2968 Ex
644 2923 953 2968 restrictione
1080 2882 1329 2939 XVIII.
1378 2881 1662 2957 Secundo,
1716 2881 1864 2956 Quia
1910 2900 2014 2957 pro
2063 2880 2238 2939 nullis
2287 2880 2417 2938 aliis
2466 2878 2637 2939 datus
2680 2889 2786 2955 est,
2824 2889 2885 2940 et

503 2956 679 3027 {nortis
721 2982 780 3026 ad
811 2983 953 3026 datos
994 2970 1253 3021 mortuus
1283 2961 1564 3037 ChristuS,
1594 2981 1769 3039 quam
1798 2982 1901 3039 pro
1929 2962 2001 3018 iis
2043 2961 2143 3038 qui
2172 2960 2281 3038 ipsi
2311 2959 2434 3018 dati
2463 2969 2598 3020 sunt
2626 2982 2661 3019 a
2691 2961 2883 3022 Patre.

499 3056 529 3087 ⁸
550 3042 726 3095 Patre;
1003 3043 1088 3101 At
1128 3061 1245 3101 non
1287 3061 1486 3100 omnes
1514 3051 1573 3101 et
1619 3041 1835 3118 singuli
1877 3041 1999 3099 dati
2045 3049 2179 3099 sunt
2224 3040 2470 3116 Christo,
2504 3041 2607 3099 sed
2652 3041 2885 3119 quidam

474 3135 718 3187 tantum.
806 3125 982 3202 Ergo,
1015 3122 1257 3201 Majoris
1288 3121 1502 3180 veritas
1531 3143 1645 3180 non
1677 3130 1868 3201 potest
1896 3121 1956 3178 in
1984 3120 2224 3180 dubium
2254 3121 2467 3179 vocari.
2553 3121 2698 3179 Cum
2728 3121 2880 3180 euim

476 3208 538 3265 in
567 3206 808 3266 consilio
839 3204 1027 3263 Patris
1046 3204 1220 3280 juxta
1248 3202 1405 3278 quod
1434 3202 1698 3261 Christus
1740 3202 1885 3260 mori
1928 3201 2143 3275 debuit,
2176 3209 2233 3258 et
2261 3220 2463 3258 revera
2489 3210 2750 3260 mortuus
2779 3209 2883 3275 est,

477 3308 595 3345 non
622 3295 848 3345 tantum
878 3284 1140 3342 Christus
1168 3292 1232 3341 ut
1252 3281 1606 3359 Redemptor
1624 3282 1961 3358 designatus
1984 3281 2075 3355 sit,
2098 3280 2200 3339 sed
2222 3281 2394 3339 etiam
2417 3280 2520 3353 illi,
2545 3301 2649 3358 pro
2678 3281 2889 3358 quibus

479 3365 828 3424 redimendis
858 3371 916 3421 et
944 3362 1237 3420 salvandis
1259 3362 1570 3420 moriturus
1592 3371 1752 3436 erat3
1797 3362 1979 3437 liquet
2000 3380 2116 3418 non
2144 3380 2248 3436 pro
2271 3360 2399 3418 aliis
2427 3360 2696 3418 debuisse
2724 3361 2885 3434 mori,

479 3464 653 3520 quam
682 3463 785 3519 pro
807 3442 940 3513 illis,
966 3442 1062 3516 qui
1087 3441 1173 3497 illi
1195 3441 1303 3498 hoc
1327 3460 1503 3499 sensu
1521 3441 1642 3499 dati
1660 3442 1903 3499 fuerant.
1949 3440 2145 3516 Atque
2166 3440 2260 3497 hic
2281 3439 2500 3516 duplex
2522 3439 2678 3498 datio
2699 3446 2890 3516 potest

482 3521 794 3580 observari.
841 3517 979 3575 Alia
998 3518 1209 3575 Christi
1234 3518 1601 3588 HominibuS‚
1629 3519 1768 3577 Alia
1799 3519 2114 3577 Hominum
2137 3519 2383 3577 Christo.
2430 3520 2690 3578 Christus
2719 3520 2890 3576 datus

484 3608 573 3658 est
603 3596 952 3655 Hominibus
981 3595 1055 3653 ad
1084 3615 1184 3653 eos
1226 3596 1554 3670 salvandos,
1601 3606 1660 3655 et
1703 3598 1986 3656 Homines
2015 3597 2135 3655 dati
2165 3606 2299 3656 sunt
2329 3598 2556 3657 Christo
2585 3597 2848 3657 salvandi
2874 3619 2888 3672 ;

484 3678 641 3756 prior
668 3676 825 3734 datio
874 3675 1147 3748 innuitur,
1180 3675 1296 3732 Isa.
1329 3676 1407 3732 ix.
1440 3679 1493 3749 6,
1526 3685 1585 3735 et
1626 3677 1772 3736 xlix.
1814 3680 1868 3752 6,
1900 3686 1959 3734 et
2006 3677 2065 3733 in
2108 3677 2376 3735 omnibus
2403 3679 2563 3753 locis,
2595 3678 2652 3736 in
2681 3676 2892 3754 quibus

485 3757 749 3817 Christus
776 3754 928 3813 mitti
956 3763 1013 3813 et
1042 3753 1167 3811 dari
1195 3754 1365 3812 nobis
1386 3754 1631 3830 dicitur;
1675 3755 1960 3832 posterior
1981 3756 2041 3812 in
2065 3755 2211 3830 aliis,
2238 3757 2435 3816 ubisit
2457 3759 2673 3816 mentio
2694 3776 2892 3816 eorum

486 3838 587 3917 qui
615 3836 736 3895 dati
778 3842 912 3894 sunt
941 3834 1188 3909 Christo,
1212 3843 1278 3892 ut
1311 3834 1451 3892 Joh.
1481 3835 1626 3893 xvii.
1658 3840 1712 3909 2,
1746 3839 1800 3911 6,
1837 3839 1928 3910 12,
1961 3843 2020 3893 et
2047 3835 2124 3893 vi.
2157 3839 2252 3894 37.
2340 3837 2484 3895 Cum
2516 3846 2706 3896 autem
2736 3836 2894 3895 datio

486 3920 601 3978 ista
628 3916 845 3994 duplex
875 3914 950 3974 sit
978 3914 1287 3991 reciproca,
1319 3913 1494 3972 debet
1520 3916 1695 3974 etiam
1738 3936 1862 3975 esse
1897 3915 2157 3993 ejusdem
2186 3916 2524 3991 latitudinis,
2555 3926 2620 3977 ut
2647 3938 2763 3976 non
2793 3936 2896 3994 pro

488 3998 618 4057 aliis
647 3996 816 4055 datus
845 3996 921 4055 sit
950 3995 1231 4068 ChristuS,
1263 4014 1436 4071 quam
1465 4015 1568 4071 pro
1598 3995 1670 4053 iis
1711 3996 1812 4072 qui
1841 3996 1952 4073 ipsi
1980 3994 2100 4053 dati
2131 4004 2301 4071 sunt;
2346 4005 2405 4054 et
2432 3996 2516 4054 illi
2546 4016 2746 4056 omnes
2775 3996 2897 4055 dati

491 4078 607 4138 sint
636 4076 881 4150 Christo,
913 4075 1126 4153 quibus
1158 4074 1420 4133 Christus
1449 4074 1620 4133 datus
1663 4085 1769 4134 est.
1855 4075 1938 4134 At
1979 4094 2095 4133 non
2139 4095 2336 4134 omnes
2380 4084 2439 4134 et
2486 4077 2763 4154 singulos,
2797 4075 2900 4134 sed

490 4157 771 4236 quosdam
813 4164 1038 4214 tantum
1081 4154 1248 4213 datos
1291 4174 1416 4213 esse
1460 4154 1708 4230 Christo,
1753 4154 1908 4232 quod
1937 4155 1995 4212 in
2025 4156 2232 4213 minori
2260 4155 2588 4232 assumitur,
2620 4157 2905 4233 scriptura

492 4258 608 4296 non
636 4256 752 4295 uno
779 4237 907 4294 loco
936 4234 1142 4293 asserit
1166 4257 1180 4294 z
1224 4254 1400 4312 quum
1430 4254 1529 4293 eos
1558 4235 1632 4292 ab
1654 4235 1782 4293 aliis
1802 4235 2132 4294 hominibus
2153 4234 2472 4312 distinguit,
2498 4236 2542 4295 J
2545 4238 2639 4295 oh.
2669 4237 2812 4294 xvii.
2845 4239 2900 4310 2,

497 4320 532 4350 “
556 4317 718 4376 Sicut
745 4315 957 4374 dedisti
999 4313 1110 4390 ipsi
1151 4322 1493 4390 potestatem
1536 4314 1596 4372 in
1640 4334 1865 4373 omnem
1909 4335 2155 4390 carnem,
2187 4325 2251 4374 ut
2293 4316 2391 4374 det
2418 4316 2598 4374 vitam
2628 4325 2901 4375 aeternam

493 4397 567 4453 iis
596 4394 878 4468 omnibus,
901 4413 1048 4470 quos
1066 4392 1278 4451 dedisti
1306 4394 1475 4471 ipsi,”
1500 4403 1557 4453 et
1585 4415 1704 4453 ver.
1731 4397 1785 4469 6,
1821 4397 1856 4427 “
1881 4395 2252 4455 Manifestavi
2279 4395 2499 4454 Nomen
2523 4405 2686 4455 tuum
2715 4395 2902 4454 homi-

494 4475 683 4548 nibuS,
714 4493 860 4550 quos
887 4473 1029 4531 mihi
1057 4471 1270 4530 dedisti
1287 4492 1361 4531 ex
1403 4474 1638 4549 mund0,
1671 4474 1781 4533 Tui
1811 4481 1989 4548 erant,
2022 4482 2080 4533 et
2106 4475 2247 4532 mihi
2277 4496 2375 4534 eos
2404 4475 2615 4534 dedisti
2637 4478 2692 4552 ;’'
2724 4495 2904 4553 quum

497 4553 764 4628 designat
792 4572 891 4610 eos
919 4572 1021 4629 per
1049 4551 1323 4628 populum
1353 4572 1522 4629 quem
1559 4553 1973 4632 praecognovit,
2011 4554 2176 4612 Rom.
2207 4556 2286 4613 xi.
2319 4559 2374 4630 2,
2404 4576 2507 4632 per
2537 4555 2819 4615 Haeredes
2848 4563 2908 4614 et

499 4631 681 4687 Filios
704 4631 1115 4706 promissionis,
1151 4631 1318 4689 Rom.
1350 4631 1429 4703 ix.
1461 4636 1516 4708 8,
1549 4653 1652 4709 per
1689 4635 1898 4693 Semen
1929 4634 2200 4709 Abrahae,
2233 4654 2349 4693 non
2377 4635 2622 4710 carnale,
2657 4635 2759 4695 sed
2788 4635 2905 4712 spi-
