3221 5200
521 357 637 414 140
1436 370 1618 412 Locus
1649 369 2008 411 mosomus.
2496 333 2749 429 [Qusssr.
2781 368 2930 408 xxv.

518 514 667 589 miae,
715 512 931 573 mentio
975 511 1103 571 fieri
1147 512 1396 589 amplius
1440 531 1557 569 non
1602 511 1811 587 debet;
1892 512 2051 588 Ergo
2097 507 2453 586 antiquanda
2501 509 2611 568 fuit
2654 517 2779 569 tota
2826 510 2931 569 illa

518 595 859 653 oeconomia.
945 594 1068 651 Nec
1096 593 1254 669 quod
1291 591 1525 650 additur
1562 591 1635 650 de
1665 592 2049 670 Jerosolymae
2091 590 2293 666 gloria,
2324 609 2382 648 v.
2419 592 2510 664 17,
2542 599 2600 649 et
2629 589 2702 648 de
2735 590 2929 650 reditu

517 674 579 731 in
609 675 859 748 Canaan,
891 674 1083 732 obstat
1111 673 1244 731 huic
1275 672 1589 746 sententiae,
1623 673 1759 749 quia
1785 673 1895 730 hoc
1942 669 2317 748 spiritualiter
2349 677 2407 727 et
2435 670 2678 746 mystice
2708 669 2780 728 de
2812 671 2924 728 Ec-

516 753 695 891 plesia
715 752 1157 830 intelligendum
1180 760 1284 828 est,
1306 772 1421 810 non
1443 752 1518 809 ad
1536 752 1762 810 literam
1784 751 1856 810 de
1873 751 2203 812 Jerusalem
2224 759 2466 824 terrena,
2492 770 2620 826 quae
2643 749 2928 808 diruenda

545 833 645 892 uit.
1541 861 1548 866 ·

1121 913 1198 970 V.
1241 916 1298 970 4.
1332 913 1425 970 Ex
1456 910 1609 969 Psal.
1642 930 1752 984 cx„
1782 911 1883 969 ubi
1912 930 2099 969 novus
2127 909 2479 987 promittitur
2510 908 2791 968 Sacerdos
2833 929 2923 969 se-

543 972 588 1017 4.
610 971 687 1017 Ex
712 973 788 1017 ΡΒ·
810 987 885 1017 ⁰¹·
904 973 949 1018 4.
1042 992 1292 1051 cundum
1323 991 1581 1050 ordinem
1605 991 2033 1065 Melchisedeci,
2055 991 2154 1067 qui
2182 1009 2298 1047 non
2320 990 2492 1048 modo
2522 1010 2597 1048 ex
2624 990 2739 1046 alia
2767 989 2925 1048 tribu

514 1071 793 1130 oriundus
821 1079 959 1144 erat,
992 1071 1095 1130 sed
1124 1081 1183 1130 et
1222 1072 1335 1130 alio
1364 1072 1536 1130 modo
1567 1092 1775 1130 munus
1798 1071 2316 1144 administraturus,
2349 1070 2472 1127 sine
2502 1089 2832 1128 successore
2863 1078 2923 1128 et

512 1151 748 1224 vicario,
772 1170 889 1208 non
917 1151 992 1208 ad
1020 1161 1262 1229 tempus,
1289 1151 1472 1209 sedin
1501 1160 1796 1210 aeternum.
1843 1151 2015 1210 Unde
2039 1150 2358 1227 Apostolus
2387 1149 2611 1226 colligit
2641 1152 2675 1182 “
2698 1158 2920 1208 mutato

515 1230 853 1304 sacerdotiO,
886 1232 1208 1289 necessario
1249 1232 1626 1290 mutationem
1672 1231 1848 1308 Legis
1889 1231 2015 1289 fieri
2047 1230 2316 1304 debere,''
2364 1230 2517 1287 Heb.
2548 1229 2649 1287 vii.
2693 1232 2785 1304 12,
2822 1232 2916 1288 13.

516 1312 552 1342 “
583 1310 733 1367 Nam
783 1310 891 1385 si,''
932 1310 1138 1387 inquit,
1174 1315 1209 1344 “
1237 1311 1511 1388 perfectio
1554 1311 1760 1370 fuisset
1800 1311 1859 1368 in
1894 1310 2226 1369 Sacerdotio
2263 1309 2542 1384 LeviticO,
2587 1309 2728 1386 quid
2770 1329 2917 1386 opus

510 1387 716 1447 fuisset
736 1389 912 1448 alium
933 1390 1286 1450 sacerdotem
1310 1410 1544 1467 surgere
1567 1391 1643 1449 ad
1658 1391 1893 1449 modum
1910 1390 2338 1465 Melchisedeci,
2362 1398 2421 1448 et
2441 1409 2556 1448 non
2581 1390 2835 1447 Aaronis
2846 1390 2913 1448 ἵν’

513 1468 679 1527 Idem
708 1469 1001 1546 colligitur
1040 1489 1116 1529 ex
1154 1470 1300 1529 locis
1340 1471 1457 1528 illis
1500 1471 1783 1544 omnibuS,
1815 1471 1876 1527 in
1903 1470 2115 1547 quibus
2144 1470 2332 1528 cultus
2363 1470 2475 1528 Dei
2513 1469 2917 1529 extendendus

510 1547 721 1607 dicitur
760 1568 865 1625 per
903 1556 1087 1607 totum
1117 1551 1330 1626 orbem,
1365 1550 1504 1610 Mal.
1541 1551 1579 1609 i.
1616 1554 1707 1626 11,
1742 1551 1855 1609 Isa.
1885 1550 1986 1608 liv.
2022 1553 2072 1626 1,
2105 1559 2163 1609 et
2191 1549 2347 1625 alibi,
2387 1550 2546 1627 quod
2571 1569 2689 1607 non
2725 1551 2917 1628 potuit

506 1627 699 1687 locum
726 1628 938 1687 habere
967 1630 1075 1688 sub
1105 1631 1424 1689 oeconomia
1454 1631 1677 1708 Legali.

935 1774 945 1786 ,
1116 1710 1227 1769 VI.
1272 1713 1328 1769 5.
1382 1711 1478 1768 Ex
1525 1710 1862 1769 oeconomiae
1910 1709 2079 1769 istius
2134 1719 2193 1769 et
2242 1709 2725 1768 Caeremoniarum
2776 1709 2910 1768 fine.

504 1773 550 1820 ⁵·
582 1773 992 1878 fflxdffinlpgmae
1035 1791 1185 1849 Nam
1232 1791 1470 1849 mutatis
1525 1791 1715 1849 causis
1764 1799 1823 1849 et
1876 1790 2195 1849 rationibus
2244 1799 2478 1867 propter
2525 1810 2669 1866 quas
2720 1789 2912 1866 Leges

655 1849 687 1892 g
899 1866 910 1877 ⁸
1030 1871 1305 1943 feruntur,
1351 1879 1649 1929 mutantur
1685 1870 1858 1929 etiam
1903 1870 2111 1947 Leges.
2201 1872 2251 1927 1.
2298 1869 2446 1943 Quia
2489 1869 2615 1927 Lex
2656 1870 2758 1927 illa
2801 1870 2914 1927 fuit

502 1951 686 2011 instar
713 1952 1039 2028 Paedaqoyi,
1064 1951 1163 2027 qui
1193 1950 1267 2008 ad
1298 1950 1589 2009 Christum
1620 1950 1946 2022 deduceret,
1973 1960 2031 2008 et
2058 1950 2119 2007 in
2145 1948 2428 2006 bonorum
2456 1949 2775 2008 futurorum
2806 1969 2908 2007 ex-

501 2032 825 2108 pectatione
867 2031 1069 2090 fideles
1117 2030 1452 2104 contineret,
1506 2049 1688 2107 usque
1746 2030 1821 2087 ad
1879 2039 2106 2106 tempus
2149 2026 2425 2110 διοςθύσως
2468 2049 2570 2088 seu
2612 2031 2908 2110 arg-otwino,-

504 2112 710 2187 Patris,
753 2111 884 2171 Gal.
915 2112 995 2170 iv.
1027 2115 1081 2185 2,
1114 2129 1229 2186 quo
1274 2109 1495 2168 scilicet
1523 2109 1722 2168 adulta
1749 2109 1872 2167 fieri
1902 2109 2102 2168 debuit
2133 2110 2395 2167 Ecclesia
2437 2119 2496 2167 et
2535 2111 2903 2185 emancipari.

500 2190 587 2249 At
616 2191 844 2250 Christo
876 2192 999 2268 jam
1029 2190 1306 2265 exhibito,
1338 2190 1438 2268 qui
1469 2191 1643 2249 Pater
1671 2198 1759 2248 est
1787 2199 1844 2248 et
1867 2189 2053 2266 Caput
2076 2189 2371 2261 Ecclesiae,
2403 2199 2463 2248 et
2491 2189 2753 2249 Ecclesia
2780 2189 2910 2266 ipsa

499 2270 575 2328 ad
604 2270 862 2329 adultam
891 2279 1119 2329 aetatem
1148 2290 1252 2346 per
1279 2291 1409 2328 eum
1439 2270 1733 2347 perducta,
1765 2270 1909 2327 nihil
1940 2289 2084 2345 opus
2114 2277 2202 2327 est
2232 2269 2582 2346 Paedagogo,
2615 2279 2680 2328 ut
2709 2271 2901 2348 Apos-

495 2350 653 2409 tolus
675 2351 895 2428 probat,
924 2350 1056 2409 Gal.
1089 2350 1168 2408 iv,
1192 2353 1242 2423 1,
1269 2355 1323 2424 2,
1350 2354 1405 2409 3.
1451 2355 1505 2408 2.
1533 2350 1659 2409 Lex
1682 2357 1804 2409 erat
1828 2350 2130 2425 μεσότοιχον,
2157 2348 2312 2425 quod
2335 2350 2637 2426 separabat
2657 2349 2700 2409 J
2705 2351 2904 2411 udaeos

495 2450 531 2488 a
561 2430 867 2505 GentibuS,
913 2430 1016 2488 sed
1056 2429 1285 2488 sublato
1325 2450 1428 2507 per
1456 2431 1747 2489 Christum
1778 2430 2055 2489 Gentium
2084 2429 2414 2487 discrimine
2442 2429 2637 2488 nullus
2665 2440 2753 2489 est
2782 2452 2902 2488 am-

493 2590 659 2648 illum
689 2589 951 2663 diruisse,
986 2589 1135 2666 Eph.
1161 2589 1219 2647 ii.
1249 2591 1340 2648 14.
1385 2592 1441 2648 3.
1475 2590 1599 2648 Lex
1630 2590 1737 2649 fuit
1764 2590 2093 2671 xncgo'ygaecpor
2121 2588 2399 2647 adversus
2427 2609 2550 2664 nos,
2582 2611 2697 2648 non
2728 2590 2902 2652 modo

494 2669 821 2745 detegendo
850 2678 1168 2745 peccatum,
1214 2669 1317 2727 sed
1359 2678 1416 2728 et
1459 2678 1679 2727 reatum
1709 2672 2026 2745 peccatoris
2055 2680 2111 2729 et
2141 2669 2675 2729 condemnationem
2705 2671 2900 2749 obsig-

491 2748 683 2806 nando
708 2771 722 2823 ;
769 2749 873 2807 sed
901 2748 1090 2805 soluto
1118 2768 1221 2824 per
1250 2749 1541 2808 Christum
1570 2748 1765 2807 debito
1794 2757 2009 2824 nostr0‚
2041 2759 2097 2808 et
2126 2749 2375 2827 expiatis
2402 2750 2672 2826 peccatiS,
2700 2752 2900 2811 Chiro-

491 2828 776 2905 graphum
814 2828 1067 2886 deletum
1113 2836 1218 2902 est,
1270 2837 1329 2887 et
1372 2828 1445 2887 de
1486 2828 1678 2886 medio
1721 2829 2028 2903 sublatum,
2086 2830 2202 2887 imo
2244 2838 2303 2888 et
2344 2830 2499 2888 cruci
2542 2830 2795 2906 affixum,
2832 2841 2901 2891 ut

491 2908 787 2984 eleganter
828 2907 1084 2984 loquitur
1112 2907 1450 2985 Apostolus,
1483 2908 1705 2966 Coloss,
1736 2908 1794 2966 ii.
1829 2912 1921 2966 14.
1991 2913 2049 2967 4.
2081 2910 2206 2968 Lex
2248 2910 2360 2967 ista
2397 2910 2599 2968 habuit
2634 2912 2899 2970 umbram

490 3008 681 3047 rerum
711 2988 1208 3062 futurarum‚Heb.
1240 3009 1298 3047 x.
1334 2992 1385 3063 1,
1417 2988 1553 3065 quia
1594 3008 1794 3046 omnes
1832 2988 1988 3048 illius
2017 2989 2177 3063 rituS,
2210 2997 2274 3047 ut
2302 3009 2475 3066 supra
2503 2990 2711 3065 visum,
2742 2991 2897 3051 hunc

489 3069 777 3146 praecipue
805 3068 978 3127 finem
1007 3068 1316 3141 habebant,
1340 3078 1406 3128 ut
1431 3068 1719 3127 Christum
1752 3077 1811 3128 et
1831 3070 1958 3147 ejus
1986 3069 2171 3127 officia
2200 3077 2258 3127 et
2284 3069 2564 3128 beneficia
2590 3070 2895 3130 adumbra-

489 3158 655 3225 rent;
702 3149 804 3208 sed
832 3149 1052 3208 umbrae
1081 3158 1436 3208 evanescunt
1463 3158 1747 3226 praesente
1777 3150 1915 3223 sole,
1948 3149 2152 3225 figuris
2181 3149 2342 3206 locus
2369 3169 2486 3207 non
2515 3159 2605 3208 est
2637 3152 2899 3211 exhibita

487 3229 749 3303 veritate,
781 3238 840 3288 et
867 3229 1122 3288 candelis
1150 3249 1267 3287 non
1295 3250 1440 3307 opus
1474 3238 1563 3288 est
1602 3229 1972 3288 illucescente
2014 3229 2146 3288 die:
2205 3228 2283 3287 Et
2312 3229 2392 3287 ita
2434 3239 2568 3289 sunt
2608 3230 2723 3289 ista
2748 3232 2900 3291 inter

488 3329 550 3369 se
579 3310 861 3383 ἀνύσηται,
894 3318 959 3367 ut
986 3309 1219 3367 umbras
1246 3311 1492 3369 retinere
1521 3309 1673 3367 velle
1703 3309 1809 3367 sub
1840 3309 1912 3367 N.
1932 3309 1999 3367 T.
2030 3317 2183 3368 esset
2212 3308 2424 3368 Christi
2452 3309 2763 3369 adventum
2796 3332 2895 3371 ne·

489 3408 645 3465 gare,
678 3390 815 3465 quia
856 3388 1282 3446 adhibebantur
1309 3398 1374 3447 ut
1416 3389 1583 3465 signa
1610 3389 1863 3463 venturi,
1895 3388 2051 3465 quod
2079 3389 2312 3465 quidem
2357 3398 2488 3448 ante
2519 3390 2646 3467 ejus
2675 3390 2892 3449 adven-

488 3476 613 3526 tum
662 3487 799 3526 vere
845 3466 968 3523 fieri
1006 3468 1212 3542 potuit,
1262 3467 1366 3525 sed
1409 3477 1541 3545 post
1585 3469 1816 3526 nonnisi
1860 3468 2004 3527 falso
2039 3478 2097 3527 et
2138 3488 2455 3545 perperam.
2528 3474 2583 3528 5.
2631 3470 2757 3529 Lex
2785 3471 2895 3532 fuit

490 3549 678 3626 03·ng
722 3546 830 3603 sub
872 3565 988 3621 qua
1015 3545 1381 3604 detinebatur
1421 3547 1685 3623 populus,
1717 3567 1791 3605 ne
1834 3548 1908 3605 ad
1938 3549 2207 3625 profanos
2246 3550 2506 3625 gentium
2536 3550 2727 3609 cultus
2766 3572 2892 3611 sese

491 3635 794 3697 averteret,
827 3632 886 3682 ct
913 3644 1045 3682 cum
1075 3625 1191 3682 illis
1221 3627 1707 3701 commisceretur,
1731 3628 1860 3686 Gal.
1891 3628 1972 3687 iii.
2004 3632 2100 3704 23,
2126 3649 2230 3706 per
2262 3629 2538 3706 Spiritum
2568 3631 2887 3707 servitutiS,

490 3705 589 3783 qui
625 3705 705 3763 ibi
735 3704 1067 3763 obtinebat:
1129 3704 1245 3763 Sed
1273 3726 1428 3765 nunc
1454 3706 1657 3765 fideles
1686 3706 1758 3765 ad
1788 3708 2114 3767 libertatem
2147 3709 2562 3785 Evangelicam
2592 3711 2802 3784 vocati,
2834 3721 2893 3771 et

494 3786 713 3863 Spiritu
740 3784 1071 3861 adoptionis
1099 3784 1300 3845 donati
1328 3795 1601 3864 tanquam
1630 3789 1879 3865 populus
1908 3788 2288 3865 voluntarius,
2312 3789 2408 3846 Ps.
2429 3810 2521 3849 cx.
2553 3793 2608 3866 3,
2641 3790 2749 3849 sub
2777 3791 2890 3851 ista

488 3866 752 3926 custodia
779 3865 1037 3925 deteneri
1065 3866 1312 3942 amplius
1341 3886 1458 3925 non
1485 3876 1744 3944 possunt.

485 3991 518 4038 6
572 3992 650 4038 Ex
753 3993 972 4037 utationo
1095 3946 1242 4005 VII.
1288 3950 1343 4005 6.
1391 3947 1539 4021 Quia
1585 3947 1873 4023 Personae,
1928 3949 2046 4008 Res
2091 3957 2149 4008 et
2194 3949 2367 4024 Loca,
2400 3969 2530 4025 quae
2577 3950 2685 4008 sub
2729 3950 2889 4028 Lege

519 4009 975 4156 ’ἔρωωῖἷρῖἓίΐ
1017 4027 1401 4166 caeremontiali
1432 4027 1875 4167 <rieguirebatntutr
1907 4028 1983 4087 ad
2016 4030 2141 4106 ejus
2179 4030 2891 4170 achammtobsEen⁷atioz

576 4125 697 4165 rum,
954 4135 971 4145 ·
1013 4126 1143 4165 nem
1194 4127 1291 4165 mu
1320 4128 1403 4165 an
1472 4128 1503 4166 e
1547 4127 1728 4166 uerun
1803 4128 1834 4167 e
1899 4129 2101 4167 revera
2144 4129 2237 4167 mu
2322 4130 2362 4167 a
2391 4129 2497 4167 sun
2528 4154 2542 4168 .
2684 4131 2712 4167 r
2754 4131 2788 4169 o

543 4183 667 4214 rum.
1010 4186 1136 4245 Lex
1149 4151 1285 4263 ’ipsa
1305 4188 1639 4265 abroganda
1661 4154 1785 4262 fuit’,
1811 4199 1875 4247 ut
1905 4189 2181 4266 abrogata
2204 4198 2310 4247 est.
2356 4189 2560 4263 Quoad
2581 4131 2884 4266 Persgoncg,

487 4266 615 4325 Lex
642 4268 761 4326 lata
788 4266 896 4325 fuit
925 4274 1148 4325 tantum
1174 4267 1472 4341 Israelitis,
1504 4288 1610 4326 nec
1640 4268 1784 4326 alias
1813 4279 2016 4345 gentes
2044 4269 2317 4345 respexit.
2374 4269 2489 4328 Sed
2510 4289 2664 4328 nunc
2686 4290 2887 4330 omnes

484 4347 683 4422 populi
713 4356 770 4406 et
799 4357 1002 4423 gentes
1029 4346 1106 4404 ad
1134 4348 1511 4405 oeconomiam
1543 4348 1743 4423 gratiae
1787 4348 2054 4406 salutaris
2082 4359 2380 4423 vocantur,
2413 4358 2471 4407 et
2500 4351 2747 4427 populus
2776 4352 2885 4409 iste

484 4426 759 4501 rejicitur.
845 4427 972 4499 Quo
1014 4426 1305 4503 pertinent
1341 4427 1469 4485 loca
1507 4427 1607 4484 illa
1635 4428 1797 4484 varia
1830 4428 2263 4504 Prophetarum,
2310 4449 2439 4505 quae
2475 4429 2546 4487 dc
2574 4431 2885 4507 rejectione

483 4504 676 4580 gentis
704 4506 744 4563 J
752 4505 995 4579 udaicae‚
1027 4516 1086 4564 et
1113 4526 1243 4582 quae
1272 4506 1343 4564 de
1374 4507 1677 4565 vocatione
1701 4507 1979 4565 Gentium
2008 4507 2340 4582 loquuntur,
2372 4519 2437 4567 ut
2467 4510 2641 4568 Deut.
2672 4511 2882 4585 xxxii.,

483 4582 673 4642 Lavit.
693 4584 874 4654 xxvi„
903 4585 1049 4643 Hos.
1073 4586 1152 4660 ii.,
1186 4586 1301 4643 Isa.
1324 4586 1402 4658 ii.,
1427 4585 1592 4659 xlix.,
1618 4586 1738 4659 liv„
1763 4587 1864 4657 lx„
1889 4586 2054 4660 lxvi,
2079 4585 2187 4644 &a
2233 4587 2385 4647 Olim
2408 4589 2483 4647 ad
2501 4590 2889 4649 ministerium

480 4681 706 4721 sacrum
724 4682 839 4720 una
866 4672 1090 4723 tantum
1111 4665 1296 4723 tribus
1324 4665 1751 4740 admittebatur,
1777 4679 1917 4744 puta
1942 4667 2231 4725 Levitica:
2262 4667 2365 4725 sed
2393 4689 2546 4727 nunc
2574 4678 2765 4731 ortum
2794 4680 2889 4729 est.
