3221 5200
521 345 648 402 ‘350
1360 357 1543 399 meus
1575 356 1835 396 Dscmus
1866 354 2157 403 QUARTUS.
2562 332 2815 412 [QUAEST.
2846 353 2959 391 vn.

1457 576 1845 653 QUAESTIO
1914 576 2062 635 vn.

1237 759 1317 798 m:
1345 757 1576 799 01²me
1604 757 1843 797 CHRISTI
1873 753 2262 796 PROPHETICO.

531 906 603 963 In
630 923 739 981 quo
769 902 1032 961 consistat
1070 901 1219 959 ratio
1249 897 1576 976 Proplietioe
1613 898 1840 1053 Οὴλιζςεί,
1869 918 1967 1037 εἶα
1994 899 2271 964 Quaenam
2286 904 2503 969 partes,
2528 903 2580 954 et
2607 895 2730 971 quis
2757 897 2958 953 modus

1566 983 1683 1054 ejus
1768 980 1877 1036 erit

1154 1139 1203 1197 Ι.
1249 1140 1446 1196 Prima
1475 1139 1661 1198 Officii
1691 1139 1904 1197 Christi
1933 1158 2065 1215 pars
2093 1148 2183 1197 est
2213 1137 2535 1213 Prophetia,
2566 1155 2696 1212 quoe
2724 1134 2953 1191 hicnon

529 1222 896 1292 Quotnpliciter
911 1220 1028 1263 Pro·
1070 1223 1182 1278 late
1211 1228 1268 1278 et
1297 1220 1608 1296 improprie
1664 1219 1908 1278 sumitur
1956 1239 2059 1296 pro
2106 1220 2377 1292 Qualibet
2401 1218 2513 1288 Dei
2567 1214 2861 1291 agnitione
2893 1224 2951 1272 et

560 1282 724 1340 pheua
752 1285 991 1324 sumatur.
1064 1299 1464 1373 celebratione,
1516 1299 1806 1377 quomodo
1850 1298 2052 1358 fideles
2100 1299 2370 1358 dicuntur
2416 1294 2812 1374 prophetaturi
2840 1294 2949 1352 sub

531 1389 701 1446 Novo
730 1386 1117 1454 TestamentO,
1149 1380 1192 1439 J
1196 1380 1306 1437 ocl.
1339 1380 1396 1438 ii.
1427 1382 1523 1454 28,
1572 1380 1684 1438 Vel
1733 1398 1837 1456 pro
1859 1379 2096 1456 publica
2116 1379 2494 1452 institutione,
2515 1396 2643 1452 quae
2678 1375 2953 1452 competit

529 1464 949 1542 Interpretibus
1001 1463 1322 1533 Sacrorum,
1375 1479 1477 1518 seu
1511 1459 1760 1537 publicis
1817 1459 2095 1518 Ecclesiae
2153 1459 2503 1517 Doctoribus
2551 1465 2611 1514 et
2639 1455 2944 1528 Ministris,

473 1567 478 1573 ·
529 1567 646 1624 quo
676 1565 865 1620 seusu,
904 1548 932 1601 1
960 1542 1090 1600 Cor.
1134 1541 1256 1597 xiv.
1283 1543 1378 1614 32,
1422 1541 1670 1615 Spiritus
1691 1541 2109 1615 Prophetarum
2138 1540 2399 1598 dicuntur
2452 1537 2678 1611 subjecti
2695 1536 2949 1610 Prophe-

529 1629 615 1701 tis,
666 1625 777 1684 Vel
804 1624 1046 1682 strictius
1088 1622 1159 1679 de
1201 1621 1274 1678 iis
1316 1640 1462 1697 quos
1493 1621 1655 1679 Deus
1703 1620 2030 1679 immediate
2073 1628 2132 1679 et
2172 1629 2338 1678 extra
2393 1618 2651 1677 ordinem
2679 1616 2945 1689 vocabat,

529 1728 646 1766 non
697 1715 918 1765 tantum
964 1702 1040 1761 ad
1068 1700 1392 1759 docendum
1437 1700 1730 1777 populum,
1779 1699 1883 1757 sed
1930 1709 1989 1758 et
2016 1699 2089 1758 ad
2111 1700 2330 1758 cultum
2362 1698 2474 1756 Dei
2503 1707 2832 1773 corruptum
2860 1696 2947 1752 in-

529 1786 921 1859 staurandum,
982 1792 1040 1841 et
1077 1782 1269 1840 futura
1305 1780 1487 1838 mult-a
1524 1780 1906 1857 praedicenda,
1947 1800 2077 1857 quae
2104 1780 2357 1838 maxime
2397 1778 2684 1837 ordinaria
2732 1785 2820 1834 est
2868 1775 2948 1833 is-

528 1870 647 1928 tius
694 1868 856 1925 vocis
886 1862 1231 1942 significatio
1279 1862 1340 1918 in
1390 1861 1591 1919 Veteri
1642 1861 2029 1936 Testamento,
2081 1881 2211 1937 quse
2257 1858 2532 1937 peculiari
2580 1856 2828 1934 quadam
2856 1875 2945 1912 ra-

513 1989 518 1996 ·
1056 1943 1213 2002 tione
1271 1942 1426 2000 Mosi
1481 1941 1830 2014 vindicatur,
1882 1941 2054 1999 Num.
2085 1942 2207 2015 xii,
2262 1949 2327 1999 ut
2382 1947 2582 2017 postea
2636 1936 2946 1995 videbitur.

529 1988 795 2091 most-{2230
824 2000 1009 2090 ὦίῗιῗ
1054 2023 1169 2082 Sed
1184 2022 1524 2079 strictissime
1545 2031 1598 2078 et
1619 2021 1864 2079 maxime
1871 2021 2128 2097 proprie,
2173 2040 2276 2096 pro
2298 2019 2631 2096 plenissima
2652 2026 2710 2075 et
2736 2035 2948 2092 augus-

515 2141 520 2144 -
602 2111 702 2151 tur.
1061 2103 1284 2162 tissima
1330 2102 1735 2178 mysteriorum
1774 2101 1979 2160 salutis
2025 2101 2392 2174 revelatione,
2444 2119 2615 2176 quam
2668 2097 2947 2170 Christus,

528 2195 595 2245 ut
623 2203 924 2262 supremus
955 2183 1231 2242 Ecclesiae
1264 2183 1496 2256 Doctor,
1529 2181 1698 2240 nobis
1725 2181 2007 2239 exhibuit.

1136 2264 1220 2321 ΙΙ.
1266 2262 1512 2337 Quidam
1562 2261 1781 2320 vellent
1816 2260 2225 2338 Propheticum
2272 2261 2381 2318 hoe
2426 2260 2645 2317 Munus
2692 2276 2945 2333 compre·

519 2346 571 2396 N
574 2359 636 2391 ⁰¹²
660 2345 1016 2426 comprehendi·
1054 2343 1231 2402 hendi
1260 2343 1368 2401 sub
1400 2342 1605 2419 Regio,
1637 2341 1711 2400 ad
1740 2341 1897 2417 quod
1923 2341 2171 2417 pertinet
2201 2340 2536 2416 LegislatiO,
2568 2346 2669 2397 aut
2704 2337 2813 2396 sub
2845 2336 2947 2394 Sa-

515 2463 518 2468 ·
588 2403 1011 2507 Ξιζξὶοωζρῗαζᾝ
1052 2423 1328 2482 cel-dotali
1358 2423 1655 2493 contineri,
1688 2422 1782 2480 cui
1829 2421 1921 2478 vis
1970 2421 2339 2494 vaticinandi,
2391 2428 2450 2479 et
2477 2418 2719 2478 facultas
2758 2418 2948 2475 Deum

512 2542 518 2550 ·
589 2496 777 2578 Rogn’o.
1058 2503 1402 2562 consulendi
1429 2512 1488 2561 et
1516 2522 1791 2579 responsa
1820 2501 1995 2559 dandi
2023 2520 2252 2559 annexa
2297 2510 2436 2559 erat.
2527 2499 2643 2557 Sed
2662 2517 2779 2556 non
2807 2496 2949 2555 satis

1052 2591 1316 2641 accurate
1366 2583 1718 2658 loquuntur;
1764 2581 1913 2657 Quia
1940 2582 2050 2640 hoc
2078 2602 2196 2640 non
2243 2580 2595 2659 impediebat
2642 2577 2950 2656 quominus

527 2662 652 2719 haec
683 2663 792 2719 tria
823 2662 1068 2721 Munera
1090 2663 1226 2720 olim
1250 2662 1464 2720 fuerint
1486 2662 1777 2721 distincta.
1866 2662 1949 2721 Ut
1970 2682 2107 2721 sane
2137 2662 2296 2720 aliud
2324 2669 2413 2720 est
2440 2661 2789 2719 ordinarium
2819 2677 2947 2716 esse

529 2742 845 2815 Pastorem,
872 2741 1030 2800 aliud
1059 2762 1199 2800 vero
1230 2741 1615 2818 Prophetam3
1660 2741 1820 2799 aliud
1868 2762 2144 2819 responsa
2191 2741 2419 2816 referre,
2469 2740 2630 2799 aliud
2657 2758 2810 2797 nova
2830 2758 2947 2796 non

524 2819 724 2877 audita
744 2840 850 2877 nec
878 2822 1124 2895 quaesita
1169 2821 1440 2898 proferre.
1507 2821 1810 2898 Prophetae
1833 2822 2238 2881 excitabantur
2265 2831 2431 2880 extra
2456 2821 2713 2879 ordinem
2745 2828 2846 2877 aut
2872 2818 2949 2876 ad

530 2898 964 2976 instituendum,
997 2910 1097 2961 aut
1125 2901 1200 2960 ad
1228 2901 1662 2960 instaurandum
1689 2902 1799 2959 Dei
1842 2903 2078 2977 cultum,
2120 2922 2364 2979 quorum
2411 2902 2592 2960 verba
2633 2901 2715 2978 pii
2754 2900 2949 2975 Reges

527 2988 587 3038 et
613 2978 954 3040 Sacerdotes
971 2982 1143 3042 avide
1161 2982 1544 3058 excipiebant.
1572 2982 1666 3040 Ex
1689 2982 1804 3040 alia
1824 2982 1998 3040 etiam
2019 2982 2201 3041 Tribu
2222 3002 2394 3059 quam
2415 2981 2678 3040 Levitica
2693 2999 2948 3039 assume·

528 3059 753 3133 bantur,
798 3061 874 3119 ad
901 3083 1073 3140 quam
1102 3063 1426 3141 pertinebat
1458 3063 1872 3137 Sacerdotium,
1905 3073 1964 3122 et
2003 3063 2079 3121 ad
2106 3064 2261 3121 hunc
2281 3064 2567 3141 proecipuc
2610 3062 2783 3119 finem
2811 3079 2948 3118 con·

528 3142 735 3201 sectati
757 3153 935 3219 erant,
959 3154 1023 3204 ut
1046 3165 1269 3205 sacrum
1290 3142 1444 3221 apud
1464 3143 1785 3202 Ecclesiam
1808 3143 2161 3221 deponerent
2183 3143 2491 3218 Canonem,
2511 3142 2670 3219 quod
2686 3141 2945 3199 Verbum

528 3230 632 3297 est,
665 3243 779 3280 non
807 3223 1200 3301 Sacerdotum,
1232 3234 1333 3283 aut
1383 3225 1630 3301 Regum,
1677 3224 1780 3282 sed
1805 3224 2229 3301 propheticum,
2277 3227 2314 3280 2
2348 3224 2473 3284 Pet.
2519 3224 2557 3280 i.
2593 3224 2682 3295 19,
2715 3221 2809 3279 cui
2851 3240 2945 3278 su-

533 3303 781 3378 perstrui
810 3303 1011 3364 debuit
1042 3306 1321 3379 Ecclesia,
1355 3305 1505 3381 Eph.
1530 3304 1587 3362 ii.
1620 3307 1716 3362 20.
1804 3304 1896 3362 Ita
1923 3304 2052 3362 alise
2082 3312 2217 3362 sunt
2254 3304 2314 3360 in
2345 3304 2572 3362 Christo
2624 3301 2943 3379 Prophetae,

530 3382 659 3440 aliae
694 3382 1038 3460 Sacerdotis,
1066 3394 1124 3445 et
1155 3385 1351 3460 Regis,
1384 3393 1592 3460 partes,
1626 3394 1690 3442 ut
1718 3404 1891 3460 supra
1919 3384 2157 3442 dictum.

1139 3465 1258 3521 111.
1304 3464 1633 3522 Necessitas
1655 3464 1822 3522 istius
1847 3465 2107 3523 Muneris
2127 3472 2284 3540 patet
2311 3484 2386 3521 ex
2403 3463 2624 3522 tribus:
2650 3467 2701 3520 1.
2732 3462 2828 3519 Ex
2854 3480 2944 3518 re-

530 3539 813 3585 Necessitas
903 3544 1013 3600 ejus
1053 3544 1342 3602 velationis
1369 3545 1703 3617 necessitate,
1745 3543 1882 3620 quia
1922 3546 2083 3602 nulla
2126 3552 2318 3621 potest
2359 3564 2485 3601 esse
2518 3543 2629 3601 Dei
2678 3552 2737 3601 et
2756 3561 2944 3599 rerum

644 3600 896 3656 probatum
1055 3623 1378 3680 divinarum
1408 3624 1665 3699 cognitio
1716 3624 1838 3682 sine
1886 3625 2253 3700 revelatione,
2285 3624 2421 3700 quia
2468 3624 2641 3683 homo
2685 3621 2949 3680 animalis

531 3718 649 3757 non
678 3701 832 3777 capit
860 3721 988 3778 quae
1019 3712 1154 3761 sunt
1197 3703 1324 3778 Dei,
1354 3706 1380 3760 1
1418 3704 1546 3761 Cor.
1605 3704 1664 3761 ii.
1700 3706 1791 3778 14,
1817 3712 1875 3762 et
1923 3706 2084 3763 nulla
2127 3705 2298 3762 datur
2352 3703 2629 3761 revelatio
2678 3701 2946 3761 salutaris

531 3778 643 3837 nisi
672 3800 774 3856 per
803 3782 1111 3857 Christum,
1138 3784 1181 3843 J
1184 3784 1276 3841 oh.
1309 3784 1346 3841 i.
1384 3786 1472 3858 18,
1501 3784 1711 3842 Matth.
1743 3784 1822 3841 xi.
1845 3788 1940 3843 27.
2027 3785 2148 3842 Nec
2177 3785 2340 3858 ratio,
2366 3793 2467 3842 aut
2491 3785 2617 3841 Lex
2636 3792 2946 3859 potuerunt

517 3859 699 3918 nobis
729 3863 1064 3939 mysterium
1087 3864 1317 3940 pietatis
1337 3864 1677 3942 patefacere,
1704 3864 1807 3922 sed
1836 3866 1994 3923 solus
2014 3864 2277 3923 Christus
2299 3865 2359 3921 in
2388 3864 2732 3939 Evangelio.
2764 3866 2819 3921 2.
2853 3862 2946 3942 Ex

521 3942 725 3999 salutis
769 3945 1005 4018 ratione,
1036 3944 1174 4021 quia
1229 3944 1452 4003 nullum
1501 3944 1747 4002 dabatur
1790 3943 2041 4003 medium
2071 3944 2273 4002 salutis
2310 3952 2518 4021 praeter
2565 3944 2756 4016 fidem,
2797 3942 2948 4020 fides

527 4030 715 4080 autem
744 4044 817 4081 esc
863 4026 1079 4099 auditu,
1137 4026 1364 4083 auditus
1393 4045 1522 4083 vero
1544 4045 1619 4082 ex
1656 4026 1834 4083 Verbo
1862 4026 1993 4098 Dei,
2023 4025 2188 4083 Rom.
2220 4045 2278 4081 x.
2315 4028 2407 4082 17.
2452 4027 2508 4081 3.
2554 4024 2649 4081 Ex
2685 4022 2951 4083 oraculis

541 4102 655 4159 Vct.
725 4105 867 4161 Test.
917 4121 1061 4182 'quse
1094 4105 1461 4183 Prophetiam
1518 4105 1688 4164 istam
1753 4104 2111 4182 promittunt,
2163 4124 2294 4181 quae
2343 4104 2666 4163 necessario
2725 4102 2949 4179 impleri

421 4222 426 4227 «
523 4180 869 4243 debuerunt.

629 4299 697 4346 E,
742 4303 951 4349 Veritas.
1137 4264 1246 4324 IV.
1299 4267 1600 4324 Veritatem
1631 4264 1893 4323 Muneris
1923 4264 2136 4323 Christi
2186 4262 2518 4341 Prophetici
2547 4264 2716 4323 docet
2736 4263 2950 4339 saepius

1060 4344 1371 4422 Scriptura,
1403 4346 1462 4403 in
1493 4344 1742 4404 Oraculo
1774 4344 1974 4419 Mosis,
2030 4345 2202 4403 Deut.
2234 4345 2399 4403 xviii.
2429 4348 2520 4402 15.
2604 4346 2949 4421 Pmphetam

524 4424 809 4482 suscitabit
850 4423 948 4482 tibi
969 4425 1208 4498 Jehova,
1232 4422 1341 4483 ἕω.
1365 4426 1522 4501 quod
1571 4424 1646 4483 ad
1684 4424 1976 4483 Christum
2019 4425 2303 4502 pertinere
2333 4424 2501 4484 docet
2551 4422 2775 4499 Petrus,
2810 4424 2947 4483 Act.

479 4526 492 4537 ·
528 4503 608 4560 iii.
640 4508 735 4576 22,
760 4511 820 4562 et
851 4504 1053 4576 Isaiae,
1105 4523 1230 4580 cap.
1254 4504 1379 4562 xlii.
1430 4508 1480 4579 1,
1530 4510 1584 4580 2,
1618 4508 1672 4580 3,
1706 4508 1760 4579 6,
1792 4504 1893 4563 ubi
1935 4505 2146 4563 dicitur
2195 4505 2423 4564 Christo
2464 4505 2683 4564 inditus
2711 4525 2746 4562 a
2774 4504 2949 4562 Patre

531 4582 797 4658 Spiritus,
829 4592 893 4640 ut
920 4584 1199 4658 judicium
1228 4583 1491 4644 Gentibus
1527 4588 1811 4660 proferat,
1843 4585 1922 4643 id.
1972 4586 2321 4663 Prophetam
2349 4595 2486 4662 agat
2523 4586 2674 4644 inter
2703 4585 2946 4659 Gentes,

523 4671 583 4719 et
606 4681 706 4737 per
727 4664 919 4738 justas
945 4663 1251 4738 Evangelii
1272 4664 1450 4739 legeS,
1476 4674 1534 4723 ct
1555 4666 1781 4742 justum
1818 4665 1925 4723 Dei
1948 4667 2184 4743 cultum,
2210 4685 2309 4724 cas
2338 4666 2413 4724 ad
2436 4685 2630 4725 veram
2652 4664 2946 4742 justitiam
