3221 5200
501 326 618 382 248
698 318 705 326 ’
1347 342 1529 384 Locus
1560 346 1819 388 naeuius
1846 350 2114 392 rsa-trus.
2571 335 2830 415 [Quzssr.
2864 355 2904 393 1.

586 482 745 541 XX.
792 480 1059 540 Secundo
1078 502 1094 555 ;
1133 481 1473 558 Septimanca
1494 485 1567 545 de
1589 489 1802 564 quibus
1823 492 2033 569 agitur,
2054 513 2172 552 non
2190 502 2326 553 sunt
2352 495 2588 568 dier-um,
2615 494 2719 554 sed
2739 515 2918 553 anno·

504 582 652 636 rum,
674 561 746 619 de
768 563 981 639 quibus
1009 561 1201 637 agitur
1230 562 1374 621 Lev.
1407 585 1549 625 xxv.
1573 571 1630 643 8,
1653 580 1720 628 ut
1748 583 1967 648 septem
1995 574 2132 631 anni
2159 575 2220 631 in
2237 576 2499 652 singulas
2524 575 2922 632 hebdomadas

508 650 913 719 computentur
937 660 1095 699 more
1127 642 1488 720 Prophetico,
1523 648 1694 707 Ezec.
1724 650 1804 707 iv·
1836 654 1890 725 6,
1921 661 1980 710 et
2006 654 2154 711 ratio
2181 663 2271 712 est
2298 654 2641 732 multiplex:
2686 657 2738 712 1.
2770 654 2924 728 Quia

508 725 586 780 70
616 722 949 797 septimanae
1004 721 1225 778 dierum
1253 724 1427 783 nimis
1467 737 1730 804 angusta}
1772 730 1976 807 forent,
2018 753 2127 791 nec
2169 735 2575 812 sesquiannum
2610 734 2919 808 efficerent,

510 800 668 877 quod
696 820 897 876 parum
928 801 1195 875 congruit
1222 811 1340 860 tam
1369 805 1581 864 illustri
1625 811 1918 886 vaticinio,
1967 813 2178 871 nedum
2209 816 2338 892 ejus
2365 815 2819 890 complemento;
2864 818 2922 872 2.

510 879 673 938 Nihil
701 879 945 955 contigit
972 879 1123 937 intra
1149 880 1257 938 hoc
1288 885 1532 959 spatium
1564 907 1761 947 eorum
1790 910 1919 966 quae
1946 893 2218 968 praedixit
2246 894 2530 969 Angelus,
2560 913 2666 950 nec
2711 893 2921 951 Hiero-

510 961 736 1036 solyma
762 968 959 1036 posset
987 958 1102 1017 dici
1131 969 1351 1037 septem
1398 965 1859 1028 hebdomadibus
1903 971 2202 1047 aedificata,
2232 972 2389 1050 quod
2418 973 2665 1049 plurium
2695 981 2920 1030 tantum

511 1059 792 1097 annorum
821 1038 1067 1096 decursu
1089 1040 1365 1116 contigit3
1398 1046 1454 1102 3.
1486 1046 1603 1104 Hic
1633 1049 1822 1125 stylus
1849 1060 1938 1108 est
1962 1052 2358 1129 propheticus,
2385 1054 2555 1111 Ezec.
2584 1052 2684 1123 iv.,
2730 1050 2919 1128 Apoc.

512 1119 616 1175 xii.
648 1121 703 1192 6,
734 1128 792 1176 et
819 1118 947 1176 xiii.
978 1120 1049 1193 53
1094 1119 1234 1177 alibi
1261 1122 1435 1180 etiam
1463 1125 1667 1185 eodem
1712 1149 1884 1187 sensu
1914 1132 2175 1205 sumitur,
2229 1133 2377 1190 Gen.
2407 1131 2573 1189 xxix.
2605 1136 2701 1205 27,
2733 1140 2791 1189 et
2819 1132 2920 1189 ubi

511 1197 830 1255 hebdomas
857 1197 1082 1255 dierum
1121 1198 1395 1276 innuitur,
1439 1204 1675 1264 additur
1698 1228 1819 1265 vox
1860 1211 2093 1284 dierum,
2127 1212 2277 1269 Dan.
2320 1232 2380 1269 x.
2423 1216 2479 1285 2,
2509 1220 2567 1269 et
2597 1212 2768 1269 Ezec.
2797 1211 2922 1268 xIV.

514 1280 611 1349 23,
656 1277 753 1336 hic
801 1297 940 1334 vero
980 1296 1097 1335 non
1138 1278 1205 1337 fit
1252 1283 1467 1342 mentio
1508 1305 1807 1362 annorum,
1864 1289 2001 1366 quia
2040 1291 2304 1349 consulto
2353 1289 2621 1367 Angelus
2669 1290 2923 1366 loquitur

515 1358 833 1430 obscurius,
863 1364 932 1414 ut
959 1366 1151 1417 servet
1177 1378 1395 1418 morem
1426 1364 1866 1442 Prophetarum.
1951 1370 2192 1427 Frustra
2219 1390 2358 1428 vero
2386 1371 2479 1427 hic
2507 1369 2702 1428 Judaei
2730 1371 2791 1427 vi
2819 1390 2919 1427 ve·

517 1436 705 1494 ritatis
733 1436 915 1512 pressi
945 1436 1288 1514 confugiunt
1315 1441 1390 1499 ad
1415 1446 1756 1519 septimam
1783 1450 2190 1522 decenniorum,
2223 1451 2316 1507 vel
2344 1451 2729 1508 Jubfloeomm.
2774 1449 2926 1524 Quia

520 1518 573 1573 1.
595 1515 751 1592 apud
771 1515 992 1573 nullum
1015 1517 1317 1592 probatum
1340 1520 1681 1598 Authorem,
1707 1546 1812 1586 nec
1841 1529 1899 1585 in
1921 1536 2043 1586 tota
2065 1529 2359 1605 Scriptura
2379 1529 2444 1587 fit
2466 1530 2585 1586 ulla
2606 1529 2822 1587 mentio
2833 1539 2918 1587 ta-

516 1594 659 1652 lium
690 1595 1163 1671 septimanarum,
1186 1599 1289 1656 sed
1343 1609 1568 1660 tantum
1595 1605 1692 1663 vel
1720 1605 1960 1680 dierum,
2005 1609 2102 1665 vel
2146 1628 2463 1685 annorum;
2506 1608 2658 1666 unde
2688 1618 2926 1684 apparet

518 1674 701 1751 gratis
739 1694 866 1732 esse
908 1675 1201 1734 confictas.
1244 1683 1300 1737 2.
1348 1681 1570 1759 Scopus
1616 1684 1863 1762 Spiritus
1909 1688 2105 1746 Sancti
2132 1687 2302 1765 plane
2343 1688 2438 1746 hic
2478 1697 2778 1764 repugnat,
2822 1687 2922 1764 qui

518 1762 608 1811 est
636 1754 809 1811 solari
840 1754 1142 1813 Danielem
1169 1764 1228 1814 et
1248 1761 1523 1836 populum
1552 1784 1764 1841 magno
1785 1786 2028 1824 moerore
2055 1767 2364 1841 confectos,
2385 1788 2460 1825 ex
2487 1768 2743 1825 adventu
2766 1767 2922 1825 Mes·

520 1833 620 1891 siae
648 1833 972 1910 propinquo
1000 1843 1131 1910 post
1187 1840 1264 1896 70
1293 1842 1675 1919 septimanas;
1721 1844 1825 1902 sed
1870 1865 2045 1922 quam
2088 1846 2362 1923 frigidum
2406 1846 2610 1905 fuisset
2635 1846 2746 1904 hoc
2774 1848 2923 1904 sola-

520 1913 683 1987 tium,
715 1913 871 1990 quod
900 1915 1129 1972 nonnisi
1156 1926 1288 1992 post
1327 1927 1417 1977 ter
1469 1923 1629 1981 mille
1685 1925 2033 2000 quingentos
2081 1946 2264 1984 annos
2318 1925 2428 1985 fuit
2454 1935 2778 1984 venturum.
2862 1928 2920 1984 3.

522 1991 732 2049 Daniel
759 1992 923 2069 ponit
952 1993 1184 2052 Messiae
1214 1996 1528 2058 adventum
1556 2011 1688 2061 ante
1722 2004 1899 2063 Urbis
1935 2012 1993 2062 et
2021 2005 2246 2082 Templi
2272 2006 2514 2081 ruinam,
2543 2006 2660 2063 imo
2689 2005 2921 2063 calami-

519 2079 698 2129 tatem
720 2072 879 2129 illam
910 2073 1212 2154 subjungit
1239 2087 1303 2135 ut
1344 2099 1703 2157 consequens
1730 2083 1900 2141 morti
1945 2084 2197 2157 Messiae,
2224 2093 2290 2143 ut
2331 2086 2477 2144 tanti
2505 2084 2775 2142 facinoris
2800 2104 2921 2142 me·

519 2150 851 2209 ritissimam
892 2172 1121 2228 poenam
1144 2177 1158 2228 ;
1196 2157 1300 2214 sed
1329 2157 1681 2220 fabulatores
1735 2163 1832 2221 isti
1863 2163 2095 2222 Messiae
2122 2164 2435 2223 adventum
2458 2172 2546 2223 ter
2571 2164 2728 2222 mille
2755 2165 2923 2221 annis

520 2239 875 2307 postponunt
908 2231 1083 2290 Urbis
1138 2236 1382 2297 excidio,

602 2310 791 2367 XXI.
839 2311 1062 2386 Scopus
1090 2332 1227 2389 ergo
1260 2317 1368 2375 Dei
1418 2320 1526 2378 fuit
1555 2322 1727 2379 solari
1756 2323 2030 2399 populum
2061 2323 2118 2379 in
2148 2323 2456 2381 durissima
2483 2322 2834 2399 captivitate,
2863 2333 2924 2381 et

517 2388 691 2446 fidem
732 2391 860 2466 ejus
900 2392 1253 2468 confirmare,
1297 2417 1414 2455 non
1454 2409 1679 2459 tantum
1722 2402 1892 2459 finem
1935 2403 2063 2479 ejus
2103 2402 2482 2479 designando,
2522 2402 2625 2460 sed
2652 2411 2711 2460 et
2750 2403 2924 2478 longe

518 2468 985 2527 excellentiorem
1030 2471 1506 2551 Redemptionem
1548 2481 1893 2555 pollicendO,
1938 2502 2065 2559 quae
2094 2492 2225 2560 post
2265 2483 2495 2559 longius
2536 2482 2811 2559 temporis
2838 2483 2924 2538 iu·

519 2548 844 2622 ter-vallum,
890 2567 1006 2605 non
1056 2555 1133 2609 70
1175 2573 1472 2630 annorum,
1519 2559 1623 2617 sed
1665 2564 1743 2618 70
1792 2562 2238 2638 septimanarum
2279 2582 2557 2621 annorum
2588 2571 2710 2621 erat
2736 2562 2921 2620 revel-

520 2626 688 2701 anda,
720 2637 786 2685 ut
814 2629 895 2685 ita
942 2631 1131 2702 gratia
1174 2632 1285 2690 Dei
1327 2638 1653 2695 conferatur
1693 2660 1823 2697 cum
1866 2644 1994 2718 ejus
2025 2643 2266 2719 judici0‚
2311 2651 2370 2701 et
2412 2645 2489 2700 70
2528 2642 2921 2701 hebdomades

520 2724 801 2763 annorum
844 2726 974 2764 curn
1021 2712 1099 2767 70
1141 2712 1323 2786 annis,
1367 2715 1578 2790 quibus
1621 2718 1817 2777 Judaei
1857 2739 2083 2794 poenam
2126 2723 2499 2799 pertulerunt.
2585 2722 2664 2780 Et
2724 2722 2808 2779 sic
2835 2741 2921 2779 re·

522 2783 767 2859 spondet
798 2786 1062 2861 Angelus
1090 2790 1334 2848 orationi
1360 2793 1636 2870 Danielis,
1662 2799 1763 2873 qui
1791 2798 1862 2855 de
1887 2801 1998 2859 fine
2029 2804 2107 2859 70
2156 2822 2433 2859 annorum
2462 2802 2691 2860 locutus
2718 2800 2920 2874 fuerat,

520 2882 578 2939 q.
609 2863 649 2919 d
674 2885 688 2921 :
732 2863 822 2922 Tu
851 2865 922 2922 de
951 2869 1195 2926 termino
1238 2872 1591 2949 captivitatis
1620 2884 1679 2933 et
1706 2877 1818 2935 fine
1863 2882 2227 2957 septuaginta
2254 2900 2533 2939 annorum
2559 2881 2791 2939 locutus
2816 2900 2880 2938 es
2901 2902 2920 2939 ε

523 2942 651 3018 Ego
680 2963 819 3001 vero
847 2964 964 3002 non
993 2947 1165 3006 modo
1192 2949 1588 3011 liberationem
1620 2957 1788 3014 istam
1819 2961 2192 3037 temporalem
2220 2961 2527 3019 instantem
2556 2960 2663 3018 tibi
2690 2960 2920 3033 nunci0,

518 3022 622 3080 sed
649 3022 823 3100 longe
867 3028 1334 3087 excellentiorem
1361 3034 1638 3108 polliceor
1678 3046 1811 3113 post
1839 3042 1916 3097 70
1963 3041 2312 3116 septimanas
2352 3059 2669 3112 annorum;
2717 3040 2800 3098 Ut
2841 3039 2923 3097 ita

517 3102 910 3163 misericordia
953 3107 1065 3166 Dei
1107 3120 1340 3186 superet
1381 3114 1647 3191 septuplo
1693 3116 1978 3192 judicium
2022 3139 2207 3193 suum,
2251 3128 2309 3177 et
2349 3119 2687 3195 magnitudo
2715 3118 2917 3195 gratiae

517 3180 823 3243 absorbeat
862 3188 1319 3264 magnitudinem
1362 3194 1722 3254 calamitatis.
1807 3199 1957 3256 Nam
1997 3208 2130 3276 post
2170 3199 2649 3274 complementum
2692 3208 2919 3274 septua-

516 3261 679 3337 ginta
708 3263 947 3323 istorum
975 3287 1253 3327 annorum
1283 3272 1543 3346 proxime
1564 3273 1837 3352 futurum,
1869 3278 2163 3354 praefinitae
2185 3287 2319 3336 sunt
2347 3278 2530 3335 a·Deo
2558 3278 2925 3353 septuaginta

518 3342 869 3418 septimanae,
901 3365 1016 3402 non
1044 3346 1284 3422 dierum,
1307 3350 1410 3408 sed
1437 3372 1733 3430 annorum,
1758 3357 2164 3433 quadringenti
2186 3357 2406 3414 scilicet
2433 3356 2916 3433 nonagintaanni,

520 3418 730 3494 Populi
772 3431 831 3478 et
876 3423 1055 3481 Urbis
1096 3425 1424 3488 durationi:
1470 3432 1631 3490 Intra
1685 3454 1832 3510 quos
1873 3446 2152 3495 venturus
2193 3444 2281 3494 est
2324 3436 2571 3494 Messias
2614 3436 2915 3510 Dominus,

517 3497 619 3571 qui
647 3508 881 3572 peccata
909 3521 1014 3578 per
1038 3513 1280 3562 mortem
1311 3509 1569 3582 expiabit
1595 3521 1656 3570 et
1692 3515 1962 3590 abolebit,
1995 3515 2294 3575 Justitiam
2328 3514 2758 3590 Evangelicam,
2789 3535 2918 3592 qnae

517 3574 579 3631 in
609 3584 885 3635 aeternum
913 3592 1226 3657 permanet,
1260 3586 1529 3663 stabiliet,
1565 3591 1905 3669 Prophetias
1926 3595 2188 3672 implebit
2216 3604 2275 3653 et
2295 3595 2472 3667 finiet,
2504 3595 2786 3652 visionem
2816 3595 2916 3654 ob·

518 3654 791 3730 signabit,
850 3665 910 3716 et
961 3659 1085 3735 ipse
1145 3661 1554 3726 Sanctissimus
1608 3675 2038 3732 consecrabitur
2062 3694 2167 3751 per
2185 3674 2514 3733 unctionem
2555 3674 2802 3750 Spiritus
2834 3674 2914 3750 S.,

516 3752 689 3808 quem
716 3737 935 3839 alpia-5⁶5
963 3749 1301 3817 accepturus
1329 3753 1418 3803 est
1446 3746 1506 3803 in
1538 3748 1758 3825 Regem
1783 3762 2057 3811 veternum
2087 3762 2146 3812 et
2183 3755 2370 3830 Caput
2393 3753 2669 3812 Ecclesiae
2698 3774 2835 3812 suae.

594 3812 820 3872 XXII.
853 3818 1042 3876 sertio
1066 3842 1080 3894 ;
1113 3821 1202 3879 De
1220 3822 1384 3881 initio
1406 3834 1464 3884 et
1485 3827 1596 3885 fine
1625 3830 2082 3907 Septimanarum
2100 3853 2310 3909 magno
2328 3834 2645 3890 animorum
2666 3844 2810 3892 aestu
2831 3832 2917 3890 in·

510 3901 598 3950 ter
618 3913 679 3952 se
710 3904 932 3955 certant
962 3898 1329 3978 Interpretes‚
1354 3924 1460 3964 nec
1478 3906 1664 3967 facilis
1693 3920 1782 3969 est
1802 3912 2162 3985 conciliati03
2208 3912 2311 3970 sed
2339 3933 2453 3970 non
2481 3932 2717 3971 necesse
2745 3920 2834 3970 est
2851 3922 2917 3972 ut

511 3991 617 4031 nos
633 3981 1003 4050 torqueamus
1023 3979 1083 4036 in
1101 3982 1419 4043 enodandis
1436 3988 1796 4062 gravissimis
1812 3991 1929 4049 illis
1947 3991 2411 4065 difficultatibus,
2434 3993 2652 4068 absque
2673 4012 2742 4050 eo
2764 3993 2917 4051 enim

510 4050 791 4111 invictum
814 4067 1007 4117 manet
1036 4079 1261 4137 semper
1280 4063 1559 4124 adversus
1580 4068 1825 4127 Judaeos
1846 4081 2266 4147 argumentum.
2339 4071 2738 4147 Undecunque
2761 4072 2915 4130 enim

510 4142 771 4192 sumatur
797 4135 1024 4196 initium
1050 4139 1280 4198 illarum
1304 4164 1318 4216 ;
1368 4144 1506 4203 Sive
1544 4146 1618 4204 ab
1647 4168 1797 4206 anno
1825 4150 2009 4226 primo
2039 4151 2193 4227 Cyri,
2224 4171 2340 4228 quo
2367 4151 2411 4209 J
2413 4150 2564 4208 udaei
2592 4150 2913 4209 libertatem

509 4209 834 4272 habuerunt
861 4215 1157 4291 redeundi,
1189 4230 1247 4278 et
1274 4223 1474 4281 urbem
1504 4225 1861 4303 aedificandi3
1894 4238 1958 4287 ut
1985 4232 2308 4288 Beroaldus
2335 4239 2393 4288 et
2424 4231 2690 4288 calz—mus
2710 4230 2916 4288 volunt

509 4307 585 4346 ex
617 4290 748 4351 Esr.
778 4294 817 4351 i.
867 4298 894 4351 1
921 4317 934 4369 ;
984 4297 1120 4355 Sive
1151 4299 1223 4356 ab
1252 4321 1404 4360 anno
1439 4307 1693 4364 secundo
1734 4308 1897 4366 Darii
1928 4310 2106 4367 Nothi
2135 4330 2209 4367 ex
2246 4311 2374 4367 Esr.
2409 4310 2507 4382 vi.,
2538 4318 2603 4368 ut
2636 4311 2910 4385 Scaliyer,

506 4370 732 4460 (unius,
768 4373 1061 4448 Calvisius,
1094 4376 1202 4436 &a
1225 4400 1239 4451 ;
1289 4381 1425 4440 Sive
1448 4404 1483 4440 a
1510 4386 1755 4461 septimo
1779 4387 2128 4448 Artaxerxis
2158 4389 2521 4467 Longimani,
2548 4389 2619 4446 de
2641 4408 2758 4465 quo
2782 4390 2911 4448 ESI'·

506 4466 607 4505 vn.
645 4452 694 4524 l,
731 4454 821 4526 13,
859 4457 949 4528 14,
983 4454 1109 4530 810„
1141 4466 1207 4516 ut
1235 4463 1582 4536 pertendunt
1614 4466 1897 4541 Capellae,
1928 4470 2306 4546 Bulkinqerm,
2350 4469 2630 4541 Helvicus,
2676 4478 2736 4527 et
2775 4469 2911 4544 alii;

506 4523 619 4615 Vel
662 4549 697 4585 a
738 4532 1023 4608 vigesimo
1065 4557 1139 4594 ex
1185 4538 1330 4596 Neh.
1372 4541 1430 4599 ii.
1466 4545 1536 4612 1.,
1567 4553 1633 4602 ut
1658 4547 1850 4605 Julius
1875 4550 2203 4622 Africanus,
2240 4550 2568 4623 Tor-niellus,
2608 4548 2864 4606 Usserius
2885 4573 2911 4620 ,-

509 4602 647 4664 Sive
688 4608 959 4687 aliunde3
1004 4635 1110 4673 nos
1151 4618 1301 4674 enim
1333 4620 1491 4678 litem
1521 4623 1670 4683 hanc
1699 4635 1953 4685 nostram
1981 4648 2133 4685 nunc
2157 4629 2388 4706 quidem
2418 4648 2532 4685 non
2562 4627 2821 4700 facimus,
2853 4637 2914 4692 et
