3221 5200
186 383 417 432 onAEsr.
445 363 602 444 xxm]
1199 381 1278 422 m:
1307 382 1461 422 Leon
1489 382 1612 425 nm.
2528 372 2561 426 ⁷
2568 370 2605 426 9

191 544 300 582 non
330 523 524 598 modo,
553 531 623 582 ut
648 522 830 582 homo
859 521 1048 582 Deum
1082 522 1236 581 eolat
1277 523 1508 599 publice
1536 524 1699 583 cultu
1743 525 1939 602 aliquo
1984 531 2244 602 externe,
2275 531 2335 585 et
2372 524 2607 602 quidem

193 606 247 661 in
273 604 685 662 communione
719 603 1080 678 Sanctorum,
1112 610 1172 661 et
1199 604 1504 663 Conventu
1532 604 1784 680 publico,
1817 604 1920 663 sed
1950 605 2124 664 etiam
2154 614 2219 664 ut
2247 615 2476 682 tempus
2504 607 2603 664 ali·

193 683 347 760 quod
389 684 526 741 huic
554 681 692 742 usui
731 691 1066 760 separetur-3
1122 683 1383 742 naturale
1424 682 1640 760 pariter
1676 702 1801 743 esse
1841 684 2032 760 debet,
2078 694 2144 744 ut
2190 685 2294 744 fiat
2334 687 2609 763 temporis

195 764 360 822 istius
407 763 665 822 solennis
708 762 904 839 aliqua
941 761 1358 839 determinatio,
1405 771 1529 822 tum
1567 763 1762 840 quoad
1806 763 2203 841 frequentiam,
2250 773 2375 824 tum
2417 765 2611 842 quoad

197 842 574 918 durationem,
606 862 739 919 quae
767 862 884 901 non
911 842 985 900 ab
1013 841 1127 900 alio
1156 862 1330 919 quam
1359 862 1394 900 a
1422 844 1550 901 Deo
1579 844 2002 922 sapientissimo
2031 845 2222 903 cultus
2250 854 2310 904 et
2336 846 2611 921 temporis

198 924 436 982 authore
462 923 591 982 fieri
618 930 830 1000 potest.
882 922 1028 981 Cum
1055 941 1195 998 ergo
1223 920 1376 981 diem
1404 922 1570 981 illum
1596 922 1836 982 definire
1862 923 2113 984 voluerit
2140 925 2199 982 in
2231 925 2407 1001 Lege,
2437 945 2612 1001 quem

194 1023 290 1079 pro
317 1002 613 1080 sapientia
641 1022 750 1061 sua
775 1002 942 1062 novit
968 1001 1043 1060 ad
1069 1001 1224 1061 hunc
1251 1001 1425 1060 finem
1455 1003 2063 1062 convenientissimum
2104 1023 2231 1063 esse
2260 1013 2319 1063 et
2359 1004 2611 1063 maxime

194 1082 650 1157 aeoemmodum,
683 1101 789 1141 sex
817 1082 1023 1141 diebus
1049 1081 1271 1140 homini
1298 1082 1532 1157 relictis,
1564 1090 1624 1141 et
1645 1102 1824 1141 unum
1852 1092 2077 1143 tantum
2107 1084 2169 1141 in
2197 1085 2364 1162 cyclo
2391 1083 2609 1142 hebdo-

196 1163 378 1220 madis
410 1163 526 1220 sibi
555 1161 872 1238 servando;
915 1162 1015 1238 qui
1043 1162 1224 1221 vellet
1244 1162 1368 1238 jam
1398 1161 1551 1220 diem
1580 1161 1746 1220 illum
1786 1161 2045 1240 refigere,
2076 1172 2136 1222 et
2162 1163 2341 1222 alium
2382 1163 2443 1221 in
2484 1164 2613 1241 ejus

196 1242 383 1301 locum
415 1242 787 1316 substituere,
818 1261 993 1318 supra
1021 1243 1213 1300 Deum
1254 1260 1382 1300 sese
1423 1241 1850 1318 quodammodo
1879 1242 2202 1316 extolleret,
2233 1250 2293 1301 et
2332 1262 2400 1302 eo
2430 1262 2492 1300 se
2522 1263 2611 1301 sa·

197 1322 536 1398 pientiorem
557 1321 824 1397 jactaret,
854 1320 1011 1398 quod
1037 1340 1154 1379 non
1183 1320 1355 1379 modo
1383 1321 1653 1379 maximae
1680 1322 2040 1398 temeritatis,
2072 1322 2175 1381 sed
2203 1331 2262 1381 et
2300 1322 2611 1381 intoleran-

199 1400 279 1460 ἀπ
307 1401 621 1479 superbiae,
654 1409 714 1459 et
739 1400 993 1478 prosumo
1021 1400 1334 1477 impietatis
1362 1408 1516 1458 esset
1542 1409 1967 1478 argumentum.

272 1480 641 1540 XXXVII.
689 1479 997 1540 Secundo:
1040 1480 1189 1554 Quia
1215 1480 1268 1539 si
1294 1500 1370 1538 ex
1398 1480 1460 1539 vi
1487 1488 1548 1539 et
1573 1481 1842 1558 analogia
1868 1482 2141 1558 praeeepti
2169 1501 2286 1540 non
2312 1490 2467 1540 recte
2496 1482 2614 1541 eol·

202 1560 415 1638 ligitur,
448 1580 633 1619 unum
661 1559 815 1619 diem
843 1580 876 1619 e
905 1566 1126 1638 septem
1152 1558 1353 1617 divino
1380 1559 1563 1619 cultui
1597 1579 1725 1619 esse
1753 1561 2225 1636 consecrandum,
2255 1561 2451 1621 nullus
2493 1582 2614 1620 cer-

202 1648 291 1700 tus
318 1641 556 1699 dierum
584 1659 860 1699 numerus
885 1649 987 1699 aut
1013 1638 1263 1698 circulus
1291 1659 1367 1698 ex
1394 1639 1515 1699 ullo
1542 1649 1831 1717 proecepto
1860 1640 2059 1698 divino
2099 1640 2335 1700 limitari
2383 1641 2613 1717 poterit,

206 1741 328 1779 cum
355 1720 585 1779 nullius
611 1719 851 1778 alterius
876 1720 1099 1778 numeri
1127 1718 1294 1778 ullibi
1322 1719 1383 1778 in
1410 1720 1532 1779 ullo
1559 1720 1674 1778 alio
1700 1739 1887 1797 praeee
1930 1728 1990 1778 to
2017 1719 2121 1779 fiat
2147 1719 2363 1778 mentio
2386 1741 2401 1794 ;
2447 1718 2617 1793 Quod

206 1800 523 1859 absurdum
567 1819 694 1858 esse
742 1819 913 1858 nemo
957 1818 1078 1858 non
1118 1798 1296 1857 videt.
1382 1799 1505 1858 Nec
1536 1800 1710 1876 juvat
1752 1820 1833 1876 qu
1955 1799 2257 1876 excipitur,
2305 1798 2447 1856 satis
2491 1817 2618 1857 esse

209 1880 356 1956 quod
375 1880 511 1940 dies
538 1879 832 1939 sufficiens
858 1878 934 1937 ad
964 1880 1092 1938 Deo
1119 1878 1532 1955 gratitudinem
1560 1878 1951 1938 exhibendam
1979 1897 2057 1936 ex
2083 1879 2146 1936 vi
2185 1877 2458 1956 praecepti
2499 1877 2616 1936 col-

207 1959 434 2036 ligatur.
524 1957 674 2034 Quia
700 1966 1051 2037 praeeeptum
1077 1978 1195 2017 non
1222 1959 1345 2035 agit
1377 1966 1603 2018 tantum
1646 1958 1719 2017 de
1761 1958 1857 2018 die
1898 1957 2220 2035 sufficienti,
2264 1957 2367 2017 sed
2408 1957 2482 2017 de
2523 1956 2618 2015 die

208 2038 1905 2194 angiexspgcreflii‘qssqdrfppsuffiangzgpttoffiuffigfiom
1933 2117 2050 2176 diei
2099 2116 2329 2194 septimi
2370 2116 2620 2175 retinue-

212 2207 335 2258 runt
362 2207 566 2257 tamen
596 2198 825 2274 cyclum
852 2197 1348 2272 hebdomadalem,
1388 2206 1454 2256 ut
1495 2218 1571 2257 ex
1614 2205 1834 2274 septem
1875 2197 2081 2256 diebus
2121 2216 2301 2256 unum
2343 2196 2623 2272 eligerent

215 2277 281 2336 ad
307 2279 534 2338 cultum
562 2278 877 2355 publicum,
907 2277 1065 2355 quod
1092 2297 1209 2336 non
1236 2277 1508 2337 fecissent
1535 2285 1748 2352 tamen,
1778 2276 1892 2335 nisi
1933 2276 2046 2335 hoo
2073 2296 2179 2353 pro
2208 2274 2538 2334 invariabili
2566 2283 2626 2334 et

214 2359 408 2417 morali
438 2357 838 2435 agnovissent.
921 2358 1002 2417 Et
1026 2377 1196 2416 nemo
1229 2366 1490 2434 repertus
1518 2365 1608 2416 est
1635 2375 1889 2433 unquam
1932 2355 2081 2414 inter
2123 2354 2479 2414 Christianos
2523 2355 2625 2431 qui

219 2439 593 2497 mutationem
621 2437 875 2514 aliquam
903 2437 999 2495 hie
1025 2437 1218 2496 moliri
1243 2456 1419 2496 ausus
1447 2436 1540 2495 sit.
1628 2436 1750 2494 Nec
1792 2434 1907 2493 dici
1949 2435 2138 2510 debet,
2182 2436 2293 2493 hoc
2335 2454 2411 2492 ex
2450 2433 2623 2493 liber·

218 2527 325 2576 tate
353 2517 692 2577 Christiana
719 2526 779 2576 et
807 2517 1115 2594 prudentia
1141 2517 1356 2576 factum
1384 2536 1547 2576 esse:
1598 2515 1867 2592 quamvis
1895 2515 2048 2574 enim
2076 2514 2321 2575 mutatio
2349 2513 2465 2571 diei
2495 2533 2624 2590 sep-

216 2598 330 2655 timi
357 2599 420 2657 in
451 2597 703 2675 primum
730 2597 886 2656 facta
912 2597 989 2656 sit
1014 2617 1091 2657 ex
1117 2596 1384 2657 libertate
1413 2595 1774 2672 Christiana;
1807 2595 1940 2654 Non
1961 2595 2222 2673 sequitur
2249 2592 2627 2654 retentionem

219 2679 376 2737 unius
410 2678 535 2737 diei
563 2698 595 2737 e
624 2686 846 2756 septem
872 2678 1088 2755 pariter
1114 2677 1291 2736 fuisse
1320 2678 1583 2737 absolute
1608 2677 1871 2753 liberam,
1912 2684 1972 2736 et
2009 2675 2337 2754 positivam,
2381 2694 2512 2751 quae
2554 2673 2629 2733 ab

221 2757 471 2834 ipsorum
497 2778 659 2817 mero
687 2757 924 2817 arbitrio
951 2756 1308 2834 pependerit.

595 2897 607 2909 ‚
824 2836 1155 2895 XXXIX.
1186 2835 1605 2896 Determinatio
1633 2835 1807 2896 unius
1836 2835 1952 2895 diei
1974 2855 2006 2894 e
2028 2844 2265 2912 septem,
2295 2853 2414 2893 non
2440 2832 2630 2910 magis

254 2895 662 3000 Pontessgiuno-
742 2924 1031 2994 repugnat
1082 2916 1338 2975 libertati
1387 2917 1746 2993 Christianae,
1796 2935 1971 2994 quam
2027 2914 2336 2974 destinatio
2384 2912 2527 2973 certi
2571 2920 2631 2971 et

743 2998 883 3056 stati
922 2996 1038 3056 diei
1064 2996 1141 3056 ad
1168 2996 1431 3055 divinum
1459 2996 1716 3056 cultum:
1764 2996 1901 3055 Sive
1943 2995 2096 3053 enim
2137 3014 2288 3054 unus
2315 3015 2348 3053 e
2389 3000 2628 3069 septem,

226 3074 338 3136 sive
384 3096 469 3135 ex
511 3084 644 3136 octo
692 3085 794 3136 aut
835 3076 1035 3137 decem
1075 3075 1376 3153 seligatur,
1426 3095 1652 3153 semper
1700 3073 1936 3150 aliquod
1978 3074 2287 3131 discrimen
2349 3079 2630 3130 servatur.

229 3154 372 3233 Ergo
400 3176 589 3234 quum
617 3155 939 3234 Apostolus
982 3156 1291 3215 discrimen
1332 3154 1556 3213 dierum
1600 3153 1892 3212 sublatum
1934 3172 2060 3211 esse
2103 3152 2273 3210 docet
2313 3151 2422 3210 sub
2463 3150 2636 3208 Novo

227 3234 391 3312 Test,
427 3237 602 3295 Rom.
633 3237 756 3296 xiv.
787 3239 842 3311 5,
874 3240 929 3312 6,
971 3236 1163 3295 Galat.
1194 3234 1276 3293 iv.
1309 3236 1401 3307 10,
1432 3242 1492 3292 6ι
1531 3232 1759 3292 crimini
1801 3231 1903 3289 dat
1944 3230 2190 3304 Galatis,
2209 3229 2368 3307 quod
2409 3228 2534 3286 dies
2576 3236 2636 3286 et

229 3333 450 3375 menses
478 3316 806 3390 observent,
836 3316 948 3375 hoc
975 3313 1419 3392 intelligendum
1452 3319 1545 3372 est
1583 3312 1658 3372 de
1687 3310 2057 3371 distinctione
2098 3310 2321 3368 dierum
2363 3327 2634 3367 caeremo·

228 3394 369 3471 niali,
399 3396 598 3472 qualis
627 3397 925 3455 obtinebat
952 3396 1107 3474 apud
1133 3396 1175 3455 J
1179 3393 1379 3453 udaeos
1406 3394 1515 3452 sub
1544 3393 1746 3453 Veteri
1775 3392 2163 3465 TestamentO,
2193 3389 2295 3449 ubi
2323 3388 2633 3448 constitue-

233 3473 321 3533 bat
345 3484 574 3553 partem
603 3476 798 3535 cultus
823 3476 1025 3551 divini,
1070 3483 1130 3535 et
1167 3474 1270 3534 ubi
1311 3493 1551 3551 operose
1592 3481 1654 3533 et
1692 3471 1881 3550 rigide
1922 3469 2219 3531 observari
2258 3469 2496 3543 debuit;
2539 3467 2640 3526 vel

232 3556 407 3628 qualis
441 3556 743 3615 obtinebat
769 3555 926 3633 apud
954 3555 1237 3629 Gentiles,
1266 3555 1370 3630 qui
1397 3554 1523 3613 dies
1550 3553 1696 3613 alios
1724 3552 1857 3612 aliis
1898 3551 2214 3613 sanctiores
2252 3559 2313 3609 et
2351 3548 2639 3608 feliciores

233 3652 299 3690 ex
325 3655 386 3693 se
415 3635 851 3711 existimabant,
895 3654 1157 3713 quosque
1196 3634 1328 3693 ideo
1368 3634 1431 3691 in
1472 3642 1629 3693 atros
1670 3642 1731 3694 et
1770 3633 1952 3708 albos,
1996 3632 2217 3692 faustos
2259 3639 2318 3690 et
2357 3629 2639 3688 infaustos

233 3712 583 3792 distinguere
614 3715 917 3776 solebant:
961 3715 1106 3773 alias
1134 3714 1185 3772 si
1212 3712 1399 3772 omnis
1426 3713 1758 3773 observatio
1786 3712 2010 3773 dierum
2038 3711 2302 3771 absolute
2331 3720 2391 3769 et
2419 3708 2638 3784 simpli-

235 3793 364 3853 citer
389 3794 718 3871 damnatur,
749 3795 974 3855 nullum
1002 3794 1235 3853 omnino
1262 3793 1462 3853 licebit
1488 3814 1643 3853 nunc
1671 3793 1826 3852 diem
1867 3794 2164 3852 solennem
2209 3790 2285 3849 ad
2327 3790 2516 3846 Deum
2544 3808 2639 3845 co-

234 3872 466 3934 lendum
487 3874 834 3951 observare;
881 3876 1007 3934 Neo
1036 3874 1256 3932 Paulus
1282 3873 1567 3950 potuisset
1585 3873 1928 3932 Christianis
1956 3869 2343 3949 praescribere,
2373 3875 2440 3926 ut
2455 3866 2643 3943 primo

237 3971 459 4031 quoque
485 3954 868 4014 hebdomadis
895 3955 988 4014 die
1016 3953 1380 4027 conveniant,
1411 3962 1470 4013 et
1496 3954 1770 4013 collectas
1796 3952 2025 4026 faciant,
2060 3953 2091 4007 1
2125 3950 2255 4008 Cor.
2278 3946 2402 4004 xvi.
2431 3951 2487 4003 2.

309 4033 453 4093 XL.
483 4034 762 4108 Quamvis
783 4042 1086 4094 teneantur
1113 4032 1314 4092 fideles
1342 4033 1588 4110 singulis
1618 4030 1953 4108 septimanae
1981 4028 2187 4088 diebus
2216 4028 2408 4085 Deum
2434 4024 2647 4116 colere,

240 4120 292 4170 et
334 4114 420 4173 sic
460 4122 587 4173 tota
624 4114 750 4174 vita
775 4124 974 4175 nostra
999 4113 1336 4181 continuum
1364 4112 1600 4172 deberet
1627 4130 1755 4170 esse
1786 4110 2182 4185 Sabbathum;
2227 4107 2361 4165 Non
2388 4112 2649 4180 seqmtur

242 4200 446 4252 statum
495 4194 748 4271 aliquem
794 4194 858 4252 in
900 4193 1221 4272 septimana
1267 4191 1421 4252 diem
1463 4212 1583 4255 non
1630 4210 1759 4250 esse
1808 4191 1935 4250 Deo
1963 4185 2417 4249 consecrandum
2441 4205 2455 4242 :
2499 4182 2648 4256 Quia

243 4282 460 4333 eonstat
507 4275 729 4334 cultum
772 4273 940 4333 illum
986 4273 1282 4351 publicum
1330 4271 1592 4350 praestari
1619 4270 1878 4348 quotidie
1906 4289 2023 4328 non
2049 4287 2237 4345 posse,
2266 4273 2390 4325 tum
2417 4269 2654 4354 propter

244 4354 424 4413 earnis
471 4353 882 4430 infirmitatem,
932 4362 1057 4413 tum
1099 4362 1333 4432 propter
1378 4352 1516 4411 vitae
1565 4349 1830 4409 animalis
1873 4348 2292 4419 necessitatem,
2333 4361 2654 4436 qum-vana

246 4449 409 4508 opera
452 4435 708 4493 hominis
757 4433 946 4510 exigit
992 4433 1067 4492 ad
1115 4433 1206 4493 sui
1251 4432 1786 4492 conservationem:
1829 4430 2028 4507 Atque
2075 4427 2159 4485 ita
2211 4423 2653 4516 Sabbatlusmps

246 4509 411 4589 hujus
436 4516 576 4574 vitae
605 4514 984 4590 distinguitur
1009 4533 1045 4572 a
1073 4514 1313 4589 eoelesti,
1337 4512 1439 4591 qui
1456 4511 1567 4571 erit
1583 4519 1895 4588 perpetuus
1924 4517 1984 4569 et
2010 4514 2298 4581 constans,
2329 4503 2467 4583 quia
2492 4522 2655 4580 qule-

248 4592 356 4649 turi
381 4613 578 4655 sumus
606 4595 682 4653 ab
710 4593 978 4653 omnibus
1003 4593 1301 4653 laboribus
1327 4592 1558 4669 nostris,
1588 4591 1819 4652 liberati
1845 4589 2059 4669 quippe
2085 4587 2159 4647 ab
2188 4586 2455 4647 omnibus
2481 4584 2658 4661 hujus

249 4669 378 4731 vitae
406 4675 654 4735 miseriis
681 4683 740 4755 et
768 4673 1229 4734 necessitatibus.
