3221 5200
325 408 546 457 QrAEs‘r.
581 390 694 471 vr]
1053 411 1127 449 ns
1161 411 1422 448 ransom
1456 410 1528 447 m·
1559 410 1746 448 sium*
1779 410 2031 448 ‹·111:1‹r1.
2642 397 2753 450 277

319 571 596 626 expressa
640 550 880 609 duarum
931 560 1264 610 naturarum
1316 551 1545 625 Christi,
1599 551 1817 608 Divinae
1861 560 1981 609 tum
2013 571 2115 627 per
2139 555 2327 630 μοςφὸν
2370 554 2750 624 Ouvforman

320 631 497 703 Dei,
483 651 539 688 ιιι
572 651 687 706 qua
709 631 919 689 dicitur
946 632 1139 707 tuisse,
1173 643 1231 690 et
1259 652 1361 709 per
1388 632 1763 707 aequalitatem
1793 652 1915 688 cum
1946 633 2089 702 Dec,
2122 651 2294 706 quam
2324 632 2583 708 rapinam
2632 653 2749 690 non

320 710 488 769 duxit
502 711 610 768 sibi
624 711 891 786 tribuere,
907 714 1164 770 humanae
1178 733 1312 770 vero
1335 732 1434 788 per
1448 714 1636 791 μοςφὶη
1653 707 2095 785 Jon‘movsormam
2112 731 2236 768 sert
2240 712 2273 782 i,
2300 732 2471 786 quam
2492 732 2747 788 assump-

315 792 401 864 sit,
435 800 486 848 et
501 791 909 849 similitudinem
938 793 1282 867 hommum,
1268 813 1326 849 m
1345 813 1460 868 qua
1488 794 1673 849 factus
1697 802 1801 849 est.
1887 795 1943 848 2.
1972 791 2219 848 Unionis
2242 791 2522 850 duarum
2507 805 2744 850 istarum

317 880 648 929 naturarum
679 871 738 927 in
766 891 938 929 unam
963 892 1282 964 personam,
1309 873 1442 949 quia
1465 872 1635 946 idem,
1662 872 1759 946 qui
1780 881 1903 929 erat
1923 871 1979 928 in
2004 871 2240 928 formam
2268 872 2395 946 Dei,
2422 871 2634 931 dicitur
2654 892 2744 930 as-

318 952 628 1027 sumpsisse
652 952 891 1008 sormam
922 953 1092 1026 servi,
1123 963 1182 1010 et
1210 953 1396 1010 factus
1423 972 1550 1010 csse
1579 951 1655 1008 ad
1684 950 1964 1008 similitud
1987 971 2118 1008 nem
2147 951 2444 1009 hominum
2472 972 2589 1010 non
2617 962 2742 1010 tan-

315 1040 436 1089 tum
459 1031 791 1107 apparuisse
821 1031 880 1088 in
910 1032 1094 1088 forma
1121 1032 1291 1105 servi,
1322 1041 1386 1090 ut
1405 1032 1541 1088 olim
1561 1031 1906 1108 apparebat
1892 1052 1950 1088 ιιι
1980 1031 2162 1088 forma
2203 1031 2451 1089 hominis
2486 1031 2594 1089 sub
2624 1033 2741 1090 Ve-

315 1111 422 1168 teri
442 1111 830 1183 Testamento,
848 1111 1137 1170 induendo
1150 1111 1224 1168 ad
1247 1121 1473 1187 tempus
1493 1111 1645 1170 hanc
1658 1112 1914 1184 formam,
1936 1121 2207 1187 tanquam
2224 1122 2444 1170 vestem
2468 1112 2563 1169 vel
2586 1131 2739 1188 sym-

314 1191 510 1248 bolum
560 1191 881 1267 praesentiae
920 1212 1055 1265 suae,
1089 1191 1193 1249 sed
1233 1192 1508 1265 accepisse
1522 1195 1781 1264 sormam
1822 1190 1998 1265 illam,
2032 1201 2094 1248 ut
2124 1191 2385 1250 innueret
2414 1211 2608 1249 veram
2653 1212 2737 1250 as·

283 1299 298 1316 ·
315 1271 699 1346 sumptionem
724 1280 941 1329 naturae
960 1280 1170 1329 nostrae
1193 1271 1252 1328 in
1276 1273 1550 1328 unitatem
1576 1291 1852 1347 personae.
1886 1275 2010 1344 Quo
2034 1274 2281 1347 pertinet
2303 1272 2474 1329 etiam
2499 1271 2740 1329 verbum

316 1351 514 1424 infinum,
545 1350 697 1427 quod
723 1371 837 1407 non
866 1351 1188 1427 simpliciter
1228 1360 1282 1408 et
1305 1353 1549 1409 absolute
1578 1361 1667 1409 est
1710 1351 2068 1426 sumendum,
2100 1352 2266 1427 quasi
2297 1352 2458 1408 Deus
2487 1371 2613 1409 esse
2641 1351 2740 1410 de·

316 1431 492 1505 sierit,
526 1431 620 1488 vel
661 1431 722 1487 in
751 1430 995 1489 nihilum
1024 1431 1307 1505 redactuS,
1340 1431 1496 1509 quod
1527 1431 1597 1489 de
1626 1431 1751 1488 Deo
1781 1441 1993 1489 aeterno
2023 1441 2080 1489 et
2107 1431 2470 1504 immutabili,
2503 1431 2741 1508 impium

316 1520 405 1569 est
433 1511 526 1569 vel
556 1510 828 1587 cogitare,
862 1511 965 1569 sed
993 1511 1213 1569 ratione
1240 1521 1418 1569 status
1445 1522 1499 1569 et
1538 1521 1880 1586 comparate,
1912 1511 2048 1586 quia
2070 1511 2326 1568 divinam
2356 1511 2599 1587 gloriam
2631 1513 2740 1570 sub

315 1592 447 1648 velo
477 1592 664 1649 carnis
693 1591 1021 1665 occultavit,
1055 1601 1112 1650 et
1133 1592 1298 1668 quasi
1327 1591 1612 1668 deposuit,
1644 1611 1757 1648 non
1803 1590 2146 1648 dimittendo
2175 1590 2332 1666 quod
2360 1601 2497 1665 erat,
2521 1592 2623 1649 sed
2651 1611 2742 1650 as·

314 1670 591 1729 sumendo
620 1670 778 1746 quod
806 1692 922 1728 non
950 1680 1086 1744 erat,
1120 1682 1178 1730 et
1205 1681 1270 1729 ut
1297 1672 1523 1748 proprie
1554 1672 1793 1730 verbum
1826 1673 2010 1730 ἐκένωπ
2039 1672 2323 1747 importat,
2358 1691 2417 1728 se
2437 1673 2740 1747 evacuavit,

315 1750 413 1807 vel
442 1751 708 1808 evacuari
739 1751 898 1809 visus
926 1763 1014 1809 est
1032 1753 1187 1809 omni
1216 1751 1318 1809 illa
1345 1751 1547 1828 gloria,
1580 1772 1710 1828 quae
1730 1765 1880 1808 recte
1906 1751 2201 1827 plenitudo
2236 1751 2483 1807 Deitatis
2511 1750 2739 1826 dieitur,

315 1840 381 1887 ut
410 1839 670 1888 naturam
700 1842 952 1890 nostram
982 1832 1173 1905 vilem,
1198 1852 1328 1907 quae
1357 1852 1513 1889 mera
1542 1841 1631 1888 est
1659 1832 1903 1904 vanitaS,
1938 1841 1994 1888 et
2022 1831 2184 1905 quasi
2217 1829 2458 1887 nihilum
2482 1841 2744 1907 respectu

320 1910 448 1984 Dei,
480 1920 538 1968 ct
565 1912 624 1968 in
653 1931 721 1969 ea
760 1921 970 1969 sortem
1019 1911 1482 1986 abjectissimam,
1516 1919 1574 1968 et
1618 1911 1993 1968 miserrimam
2025 1910 2175 1968 servi
2207 1909 2537 1986 susciperet,
2571 1921 2744 1987 atque

316 1990 396 2047 ita
424 2010 497 2047 ex
528 1992 917 2067 omnipotente
942 1990 1216 2065 infirmuS,
1242 2011 1316 2048 ex
1335 1990 1621 2048 ditissimo
1650 2011 1881 2067 pauper,
1919 1995 1953 2047 2
1987 1993 2115 2048 Cor.
2147 1989 2266 2047 viii.
2298 1992 2352 2062 9,
2386 2010 2459 2047 ex
2492 1990 2742 2048 Domino

318 2070 676 2146 Angelorum
698 2091 899 2128 servus
925 2070 1239 2143 hominum,
1272 2090 1346 2128 ex
1369 2071 1623 2147 glorioso
1646 2081 1702 2128 et
1726 2071 2054 2127 felicissimo
2079 2079 2248 2143 statu,
2280 2089 2395 2145 quo
2414 2089 2543 2128 cum
2570 2070 2740 2128 Patre

309 2149 627 2215 fruebatur,
674 2151 733 2206 in
771 2148 1156 2208 tristissimam
1184 2150 1481 2226 ingressus
1510 2160 1599 2208 est
1628 2150 2032 2224 conditionem,
2066 2151 2123 2206 in
2154 2170 2267 2225 qua
2289 2149 2473 2207 sactus
2496 2160 2584 2207 est
2612 2171 2741 2208 ver-

314 2230 440 2302 mis,
467 2250 583 2287 non
603 2230 793 2302 homo,
820 2229 1187 2305 opprobrium
1208 2230 1505 2287 hominum
1535 2239 1593 2287 et
1616 2230 1877 2306 dejectus
1905 2230 2116 2306 populi,
2158 2228 2310 2287 Psal.
2342 2229 2485 2286 xxii.
2518 2231 2572 2304 6,
2619 2230 2742 2288 sine

316 2308 514 2382 forma,
547 2309 668 2365 sine
700 2310 905 2385 specie,
931 2308 1044 2364 Isa.
1075 2308 1177 2366 liii.
1209 2313 1263 2382 2,
1289 2316 1346 2366 et
1364 2310 1596 2367 excisus
1618 2330 1684 2367 ac
1704 2309 1885 2367 veluti
1910 2309 1966 2365 in
1997 2310 2239 2368 nihilum
2263 2309 2544 2384 redactuS,
2569 2311 2743 2386 juxta

318 2388 646 2459 Oraculum,
677 2388 823 2446 Dan.
867 2388 947 2446 ix.
993 2391 1089 2445 26.

401 2468 581 2525 XIV.
629 2470 867 2526 Frustra
922 2467 1015 2525 hic
1073 2468 1149 2524 ad
1205 2467 1568 2526 evadendum
1628 2468 1967 2526 Adversarii
2014 2468 2213 2527 dicunt
2268 2472 2318 2526 1.
2373 2472 2561 2549 μοςφὺν
2611 2478 2743 2529 Θεοῦ

317 2568 428 2607 non
468 2549 764 2625 desiqnare
797 2557 1066 2607 naturam
1093 2549 1359 2624 divinam,
1391 2568 1517 2625 quae
1545 2570 1654 2607 non
1683 2558 1870 2625 potest
1896 2549 2196 2621 exinaniri,
2228 2552 2331 2608 scd
2356 2551 2742 2609 excellentiam

306 2630 366 2687 'et
387 2630 710 2705 diqnitatem
751 2639 971 2688 natur-ce
1008 2631 1282 2703 humanm,
1314 2639 1618 2705 spectatam
1660 2631 1717 2687 in
1740 2632 2072 2705 patratione
2100 2631 2522 2704 miraculorum,
2557 2640 2607 2688 et
2636 2651 2735 2689 ra-

315 2711 422 2767 diis
463 2711 572 2767 illis
615 2731 753 2786 quos
793 2711 1057 2768 exerebat
1089 2712 1188 2768 sub
1225 2712 1344 2768 velo
1388 2712 1596 2768 carnis.
1684 2710 1849 2785 Quia,
1887 2711 2099 2785 Prim0,
2131 2711 2240 2768 hoe
2270 2731 2443 2768 sensu
2475 2710 2739 2770 Christus

317 2790 658 2867 sumpsisset
700 2790 940 2848 formam
985 2791 1154 2863 servi,
1201 2800 1508 2866 antequam
1552 2790 1756 2848 fuisset
1798 2789 1858 2847 in
1903 2790 2086 2847 forma
2117 2790 2242 2864 Dei,
2276 2791 2491 2849 directe
2534 2800 2736 2849 contra

321 2870 584 2945 Paulum,
619 2871 718 2948 qui
749 2871 953 2928 asserit
984 2870 1275 2928 Christum
1313 2870 1437 2947 jam
1469 2871 1796 2928 substitisse
1826 2871 1885 2926 in
1917 2871 2100 2928 forma
2132 2871 2259 2945 Dei,
2291 2890 2420 2928 cum
2452 2871 2740 2947 acciperet

317 2948 556 3006 formam
601 2949 771 3022 servi,
803 2961 860 3007 ct
903 2950 1076 3006 talem
1123 2950 1467 3007 existentem
1512 2970 1572 3006 se
1602 2949 1997 3007 exinanivisse
2027 2960 2324 3026 assumpta
2352 2950 2534 3007 forma
2563 2952 2736 3009 servi.

322 3028 605 3101 Secunde,
637 3028 820 3085 forma
851 3028 963 3084 Dei
1005 3029 1098 3084 hic
1141 3037 1230 3085 est
1249 3047 1456 3101 parem
1485 3048 1598 3085 esse
1626 3049 1748 3084 cum
1780 3031 1925 3100 Dec,
1958 3028 2114 3103 quod
2143 3027 2214 3085 de
2244 3049 2585 3104 quacunque
2638 3050 2739 3087 ex-

320 3106 590 3164 cellentia
631 3117 850 3164 naturae
895 3106 1214 3181 Angelicae,
1275 3105 1486 3162 nedum
1529 3106 1797 3162 humanae
1840 3107 1957 3163 dici
1997 3106 2213 3180 nequit.
2300 3107 2577 3181 Apostoli
2621 3119 2738 3166 stu-

319 3185 509 3263 penda
537 3185 814 3243 miracula
841 3192 1156 3260 patrarunt,
1188 3184 1304 3241 imo
1336 3184 1555 3260 majora
1584 3185 1725 3260 ipsis
1749 3184 1964 3242 Christi
1984 3184 2296 3257 miraculiS,
2333 3185 2371 3241 J
2380 3186 2472 3242 oh.
2498 3186 2618 3243 xiv.
2648 3191 2739 3245 12.

316 3285 423 3323 nec
452 3275 645 3323 tamen
675 3264 804 3321 ideo
825 3272 1068 3339 possunt
1090 3263 1204 3321 dici
1233 3283 1400 3339 pares
1426 3264 1570 3321 De0.
1656 3263 1870 3334 TertiO,
1906 3263 2067 3321 Deus
2094 3282 2211 3319 non
2244 3272 2434 3339 potest
2457 3264 2743 3322 exinaniri

316 3366 420 3421 per
442 3345 644 3421 gloriae
673 3344 1149 3416 imminutionem,
1182 3342 1285 3400 sed
1312 3362 1415 3419 per
1443 3343 1569 3419 ejus
1609 3343 2069 3415 occultationem,
2102 3362 2217 3400 non
2246 3343 2399 3419 apud
2431 3344 2618 3401 Deum
2650 3365 2732 3401 m-

316 3426 563 3500 mnsece,
597 3424 699 3483 sed
727 3424 1033 3481 extrinsece
1061 3423 1250 3498 quoad
1280 3423 1561 3481 homines.
1593 3428 1649 3481 2.
1683 3423 1813 3481 Non
1843 3423 2050 3481 melius
2073 3423 2277 3481 volunt
2288 3426 2546 3497 formam
2567 3445 2732 3499 serve,

314 3527 427 3565 non
454 3507 760 3563 humanam
789 3512 1054 3561 naturam
1087 3504 1300 3562 Christi
1337 3512 1656 3575 connotare,
1687 3506 1789 3560 sed
1822 3512 2038 3561 tantum
2065 3504 2488 3577 abjectissimam
2522 3506 2739 3563 Christi

318 3586 699 3659 conditionem,
731 3584 866 3661 quia
907 3592 1137 3658 accepta
1175 3587 1380 3657 forma
1419 3584 1570 3641 servi
1603 3584 1810 3641 dicitur
1840 3592 2053 3641 tantum
2079 3587 2275 3657 sactus
2316 3587 2399 3642 ad
2420 3586 2736 3643 similitudi-

318 3687 442 3724 nem
460 3666 709 3739 hominis,
732 3665 808 3722 id.
832 3664 972 3721 sicut
987 3666 1165 3738 home,
1181 3684 1291 3722 non
1303 3666 1682 3737 autemfactus
1695 3666 1856 3721 homo
1873 3664 2211 3740 simpliciter.
2245 3663 2393 3737 Quia
2405 3676 2741 3741 separantur

319 3744 742 3821 conjungenda,
776 3744 1003 3802 servilis
1032 3743 1185 3801 enim
1215 3744 1470 3801 conditio
1492 3744 1724 3819 Christi,
1750 3764 1879 3821 quae
1904 3764 2008 3820 per
2024 3743 2263 3801 sormam
2288 3745 2441 3802 servi
2471 3744 2739 3820 designa·

318 3833 429 3897 tur,
460 3844 576 3881 non
605 3824 863 3881 excludit
890 3824 1192 3882 veritatem
1223 3833 1441 3882 naturae
1469 3824 1755 3897 humanm,
1789 3824 1891 3881 sed
1925 3823 2213 3900 supponit,
2245 3823 2381 3899 quia
2409 3843 2524 3879 non
2553 3825 2742 3900 potuit

320 3912 533 3961 statum
575 3902 738 3960 illum
782 3903 1048 3961 servilem
1081 3902 1272 3961 subire
1301 3903 1413 3961 nisi
1442 3903 1502 3960 in
1530 3913 1737 3961 natura
1765 3904 2035 3960 humana.
2140 3902 2263 3961 Nec
2292 3902 2341 3959 si
2370 3902 2444 3959 ad
2473 3902 2739 3961 similitu-

319 3983 514 4041 dinem
542 3983 839 4040 hominum
868 3981 1055 4040 factus
1083 3982 1309 4056 dicitur,
1341 3990 1588 4058 negatur
1617 3983 1888 4041 identitas
1918 3981 2185 4058 specifica
2205 3990 2425 4040 naturae
2446 3981 2731 4057 humanae,

320 4063 422 4122 sed
445 4069 666 4121 tantum
696 4062 1026 4136 numerica3
1072 4061 1216 4119 alias
1239 4063 1450 4120 Sethus
1479 4084 1594 4120 non
1619 4072 1773 4120 esset
1794 4061 2054 4137 ejusdem
2076 4069 2295 4118 naturae
2326 4080 2456 4119 cum
2487 4060 2737 4136 Adam0,

321 4144 459 4221 quia
486 4143 697 4201 dicitur
725 4142 910 4200 factus
931 4141 1005 4198 ad
1035 4141 1161 4216 ejus
1190 4141 1642 4216 similitudinem,
1676 4143 1825 4200 Gen.
1856 4161 1913 4198 v.
1946 4144 2002 4199 3.

295 4224 306 4233 ’
377 4242 426 4287 3
441 4243 518 4287 Ex
547 4241 573 4285 1
607 4242 732 4286 Tim.
907 4220 1052 4278 XV.
1077 4220 1291 4295 Tertio,
1306 4241 1442 4296 qula
1466 4221 1679 4279 “Deus
1698 4219 2513 4293 manifestatusestincarne,'’
2534 4222 2563 4276 1
2588 4218 2738 4278 Tim.

485 4301 555 4345 iii.
579 4300 661 4353 16;
848 4301 928 4358 iii.
954 4303 1046 4374 16,
1072 4300 1171 4357 ubi
1195 4300 1323 4358 duae
1345 4309 1565 4358 naturae
1594 4300 1795 4358 divina
1823 4309 1881 4357 et
1907 4300 2162 4356 hnmana
2179 4308 2577 4373 connotantur,
2611 4318 2739 4375 quae

323 4379 381 4436 in
424 4399 726 4455 personam
771 4381 986 4439 Christi
1030 4380 1366 4439 coaluerunt
1409 4400 1511 4455 per
1545 4379 1994 4437 incarnationem
2022 4401 2035 4453 3
2081 4378 2224 4436 alias
2258 4399 2374 4436 non
2402 4387 2597 4454 posset
2626 4378 2739 4436 dici

319 4458 473 4515 idem
497 4458 776 4534 ChristuS,
805 4461 966 4519 Deus
989 4469 1047 4519 et
1075 4479 1226 4533 carc,
1257 4461 1465 4534 manes
1438 4459 1614 4516 ..stari
1640 4460 1696 4515 in
1725 4479 1913 4533 carne,
1947 4458 2097 4516 idem
2129 4468 2217 4516 est
2246 4457 2403 4534 quod
2432 4458 2568 4514 alibi
2590 4479 2736 4533 par-

321 4538 538 4611 tzcistem
567 4538 891 4598 tiericarnis
914 4550 966 4599 et
984 4540 1288 4616 sanquinis,
1319 4539 1470 4596 lleb.
1491 4539 1550 4597 ii.
1580 4542 1673 4611 14,
1704 4539 1844 4617 fieri
1864 4559 2089 4596 carnem
2112 4539 2250 4596 ..1011
2277 4538 2313 4596 i.
2351 4540 2441 4610 14,
2474 4539 2568 4595 et
2553 4562 2592 4594 ιι
2621 4565 2741 4619 σας-

320 4644 374 4674 ιιι
419 4614 644 4708 ἷςχισθιιι
679 4621 865 4678 venire
907 4621 964 4678 in
1005 4640 1194 4692 carne,
1241 4623 1276 4677 2
1322 4619 1463 4677 Joh.
1510 4622 1564 4675 7.
1615 4619 1776 4676 Deus
1820 4638 1935 4675 non
1977 4614 2210 4681 ουσιυδός
2254 4618 2354 4675 Sed
2401 4624 2742 4683 ὑποστατικὸς

318 4716 526 4774 nempe
575 4696 635 4753 in
690 4718 935 4775 persona
979 4701 1147 4771 Λόγου
1196 4699 1406 4757 dicitur
1449 4697 1865 4773 manifestatus,
1907 4718 2022 4757 non
2070 4708 2291 4756 tautum
2336 4698 2503 4775 signo
2545 4699 2739 4776 aliquo
