3221 5200
294 343 522 391 Quaesr.
553 322 649 404 11.]
1018 343 1096 381 ns
1127 343 1389 383 reasons
1422 343 1495 382 ετ
1526 344 1713 385 suro·
1743 344 1998 385 cums'ri.
2594 334 2710 389 255

295 483 344 544 J
346 502 482 542 esus
511 483 861 558 Nazarenus‚
892 504 1063 560 quem
1088 484 1336 542 Messias
1365 483 1652 543 credimus
1681 494 1739 545 et
1781 485 2178 563 praedicamus,
2211 487 2286 545 sit
2314 506 2485 545 verus
2527 488 2626 547 ille
2654 500 2712 549 et

295 563 567 640 proprius
592 563 838 621 Messias
860 584 900 636 ,a
929 565 1057 621 Deo
1087 564 1415 640 promissus,
1448 565 1547 641 qui
1570 574 1849 623 venturus
1877 575 1999 624 erat
2019 565 2094 622 ad
2123 566 2366 625 salutem
2395 568 2710 628 hominum.

298 643 345 703 J
350 643 501 702 udaei
536 643 902 720 pertinaciter
929 652 1160 720 negant,
1196 645 1316 702 Nos
1346 664 1483 702 vero
1525 655 1855 703 constanter
1881 645 2246 719 affirmamus,
2279 656 2335 704 et
2370 646 2583 707 invicte
2613 648 2710 708 de·

296 732 705 783 monstramus.

300 840 786 886 JanmNum-enum
910 802 1029 860 III.
1077 802 1287 876 Primo,
1341 802 1489 875 Quia
1533 803 1726 860 omnia
1775 803 2008 861 Messias
2054 807 2278 884 κςιτιὶςιι
2324 805 2536 881 quibus
2578 828 2712 867 eum

362 913 466 944 osse
568 900 790 944 Maniam
831 881 1135 958 designare
1170 882 1355 940 voluit
1377 883 1534 940 Deus
1564 882 1623 939 in
1653 883 1787 941 Vet.
1812 883 1967 940 Test.
1998 883 2073 941 ad
2101 884 2235 942 fidei
2264 896 2472 943 nostra-*2
2508 889 2711 945 confir»

360 959 595 1027 profatur
608 972 668 1002 ex
684 957 792 1002 Cri·
832 963 1159 1036 mationem,
1181 970 1297 1020 tam
1328 982 1457 1038 quae
1487 963 1689 1021 Ortum
1713 963 1838 1038 ejus
1856 963 2186 1039 respiciunt,
2218 985 2390 1041 quam
2420 985 2548 1041 quae
2575 968 2711 1025 Per-

362 1021 503 1060 ²⁴³¹⁷¹¹⁸
524 1017 639 1072 ⁶5⁰⁸*
833 1060 1051 1116 sonam,
1098 1049 1156 1099 et
1202 1042 1445 1115 Statum,
1491 1042 1585 1099 vel
1624 1042 1977 1116 Doctrinam,
2010 1052 2068 1100 et
2113 1045 2317 1121 Opera,
2349 1045 2434 1102 illi
2485 1068 2709 1123 compe-

303 1129 452 1197 tunt,
484 1131 542 1182 et
586 1121 643 1178 in
685 1140 753 1179 eo
783 1119 1018 1197 impleta
1049 1129 1202 1194 sunt,
1248 1130 1311 1179 ut
1340 1121 1434 1178 vel
1477 1121 1622 1179 nulli
1664 1122 2026 1195 conveniant,
2059 1123 2152 1181 vel
2195 1124 2329 1182 huic
2367 1136 2711 1201 competant.

375 1254 386 1265 ,
832 1202 909 1258 Et
956 1200 1032 1258 ad
1079 1203 1277 1260 Ortum
1321 1200 1571 1276 quidem,
1619 1201 1742 1259 sive
1803 1204 2039 1276 Tempus
2079 1204 2416 1277 nativitatis,
2475 1207 2714 1283 ejusque

304 1253 787 1357 {affigi-3⁰32&
831 1281 1229 1355 Prodromum,
1279 1281 1402 1338 sive
1451 1283 1681 1354 Locum,
1731 1281 1854 1339 sive
1897 1282 2124 1339 Tribum
2173 1293 2224 1340 et
2235 1285 2542 1360 familiam,
2592 1287 2715 1347 sive

832 1361 1072 1417 hlodum
1111 1360 1492 1434 attendamus,
1531 1360 1724 1418 omnia
1766 1361 1825 1418 in
1866 1381 1996 1419 eum
2026 1364 2398 1439 concurrisse,
2457 1376 2514 1424 et
2563 1387 2715 1424 com·

301 1444 655 1519 plementum
700 1459 866 1499 suum
894 1439 1165 1497 habuisse
1194 1448 1436 1513 constat,
1469 1449 1532 1497 ut
1568 1460 1671 1516 per
1697 1449 1889 1517 partes
1916 1441 2081 1500 facile
2111 1443 2337 1501 ostendi
2367 1454 2571 1520 potest,
2603 1467 2718 1504 non

304 1523 496 1599 quoad
526 1522 785 1599 singulas
814 1519 1069 1592 seorsim,
1102 1540 1215 1594 quo
1246 1529 1412 1595 pacto
1442 1519 1587 1577 nihil
1629 1521 1954 1596 probarent,
2000 1522 2103 1579 sed
2144 1524 2497 1600 conjunctim
2525 1526 2718 1602 quoad

304 1623 521 1678 omnes,
552 1622 681 1679 quae
709 1607 1109 1676 argumentum
1138 1598 1355 1656 faciunt
1383 1599 1650 1658 solidum.

909 1678 1019 1736 IV.
1068 1682 1119 1735 1.
1153 1679 1399 1736 Ratione
1443 1681 1747 1755 Temporis,
1783 1679 2030 1737 Messias
2057 1682 2217 1739 nasci
2245 1681 2445 1740 debuit
2473 1702 2541 1740 eo
2571 1691 2712 1741 tem·

828 1777 980 1834 porc,
1012 1778 1128 1833 quo
1159 1758 1346 1834 Regia
1387 1768 1446 1816 et
1489 1759 1876 1834 Legislatoria
1903 1759 2167 1817 Potestas
2201 1760 2411 1817 auferri
2453 1761 2652 1820 debuit
2680 1783 2715 1820 a

826 1837 1071 1911 Judaeis,
1137 1849 1267 1913 post
1313 1841 1389 1895 70
1439 1839 1789 1912 septimanas
1855 1857 2151 1911 annorum,
2205 1839 2281 1896 id.
2329 1840 2540 1915 elapsis
2594 1844 2713 1900 490

304 1919 471 1977 annis
499 1938 534 1975 a
562 1916 895 1994 captivitate
929 1916 1287 1992 Babylonica
1311 1939 1325 1976 ε
1369 1927 1425 1975 et
1454 1936 1570 1993 quo
1602 1917 1888 1974 Davidica
1936 1916 2141 1975 domus
2183 1917 2242 1974 in
2272 1938 2495 1976 summo
2524 1920 2715 1979 futura

304 2007 429 2057 erat
455 2006 805 2073 contemptu,
838 2005 896 2054 et
925 1997 1105 2054 veluti
1134 2005 1371 2055 truncus
1400 1996 1472 2054 ad
1502 1995 1755 2053 radicem
1784 2016 1966 2072 usque
1995 1997 2243 2071 excisuS,
2277 1997 2390 2055 Isa.
2423 1999 2501 2056 xi.
2538 2003 2589 2056 1.
2622 2001 2711 2058 Eo

304 2088 495 2136 autem
526 2088 781 2154 tempore
810 2076 851 2133 J
856 2095 1017 2134 esum
1045 2085 1305 2136 nostrum
1334 2076 1658 2133 exhibitum
1681 2076 1874 2149 fuisse,
1901 2085 1958 2134 et
1971 2076 2093 2152 jam
2124 2097 2296 2153 supra
2329 2078 2581 2136 evictum
2605 2089 2709 2155 est,

301 2167 361 2217 et
389 2178 481 2217 res
524 2158 650 2235 ipsa
676 2155 947 2234 loquitur.

484 2289 495 2301 ,
906 2235 981 2293 V.
1026 2238 1081 2292 2.
1128 2234 1373 2292 Ratione
1416 2233 1728 2291 Prodromi
1744 2257 1766 2304 ;
1823 2234 1970 2292 Nam
2001 2242 2063 2291 ut
2094 2234 2429 2293 Adventum
2482 2237 2713 2297 Messiae

304 2288 350 2333 ²⁸
382 2290 614 2392 Rssffiffi.
637 2290 752 2334 Pro·
827 2314 1178 2371 Prodromus
1206 2313 1415 2389 aliquis
1444 2312 1766 2388 praecedere
1804 2312 2019 2388 debuit,
2052 2314 2150 2389 qui
2181 2314 2336 2371 viam
2373 2314 2458 2372 illi
2486 2328 2714 2392 pararet

603 2383 615 2401 ’
827 2414 902 2452 ex
944 2393 1207 2452 Oraculis
1251 2392 1627 2469 Propheticis,
1664 2392 1777 2449 Isa.
1809 2393 1889 2449 xl.
1930 2396 1986 2466 3,
2033 2393 2174 2450 Mal.
2217 2393 2297 2451 iii.
2343 2398 2393 2467 1,
2439 2405 2497 2452 et
2531 2397 2608 2455 iv,
2656 2402 2710 2472 5,

306 2476 343 2506 “
363 2474 515 2533 Ecce
565 2494 674 2550 ego
703 2474 869 2533 mitto
899 2474 1067 2532 vobis
1106 2473 1295 2531 Eliam
1332 2473 1697 2549 Prophetam,
1729 2481 2035 2549 antequam
2065 2473 2262 2532 veniat
2305 2474 2428 2532 dies
2461 2476 2712 2535 Jehovae

304 2574 549 2631 magnus
577 2564 635 2613 et
673 2555 944 2614 terribilis
966 2554 1014 2614 :''
1063 2554 1155 2612 Ita
1191 2553 1251 2611 in
1280 2553 1550 2613 Johanne
1587 2553 1852 2630 Baptista
1878 2553 2178 2633 impletum
2200 2554 2446 2629 videtur,
2478 2556 2576 2633 qui
2607 2556 2715 2618 fuit

304 2634 441 2693 Vox
471 2635 771 2693 clamantis
801 2636 858 2692 in
901 2635 1145 2710 desert0,
1178 2635 1277 2712 qui
1305 2634 1598 2711 praecessit
1629 2635 1919 2694 Christum
1948 2635 2008 2693 in
2038 2636 2242 2714 spiritu
2273 2636 2435 2710 Eliae,
2469 2647 2532 2695 ut
2560 2638 2712 2696 viam

302 2714 390 2772 illi
406 2725 649 2791 pararet,
678 2716 886 2774 Matth.
912 2716 991 2774 iii.
1017 2719 1071 2791 3,
1098 2724 1156 2774 et
1176 2716 1253 2773 xi.
1283 2720 1373 2791 14,
1401 2716 1543 2775 Luc.
1574 2715 1612 2773 i.
1632 2719 1732 2789 17,
1752 2736 1868 2774 non
1890 2716 2062 2774 modo
2092 2717 2544 2793 resipiscentiam
2570 2739 2712 2796 prae-

304 2793 567 2867 dicandO,
620 2795 723 2852 sed
777 2805 835 2854 et
884 2797 1105 2855 illustre
1159 2796 1550 2854 testimonium
1603 2796 1833 2855 Christo
1881 2797 2208 2873 praebendO,
2260 2807 2317 2856 et
2372 2809 2713 2874 praesentem

302 2872 503 2930 divino
544 2874 735 2947 elogio
764 2875 1019 2933 ornando
1044 2898 1058 2947 3
1102 2896 1217 2951 quo
1247 2896 1420 2934 sensu
1450 2876 1867 2951 Prophetarum
1898 2878 2149 2935 omnium
2174 2878 2461 2937 maximus
2483 2879 2709 2954 dicitur,

304 2960 363 3009 et
404 2952 928 3023 evangelizantium
962 2954 1198 3027 primuS‚
1231 2955 1441 3011 Matth.
1473 2955 1552 3011 xi.
1584 2957 1641 3026 9,
1678 2958 1768 3028 ll,
1799 2955 1902 3029 qui
1941 2956 2258 3014 ministerio
2304 2977 2409 3014 suo
2459 2960 2708 3035 explet0,

307 3027 538 3085 Christo
566 3027 831 3101 decessit,
863 3037 920 3086 et
949 3031 1136 3087 Vetus
1164 3031 1232 3087 Τ.
1263 3032 1485 3101 clausit,
1520 3032 1728 3089 Matth.
1760 3033 1840 3089 xi.
1877 3036 1968 3090 13.

909 3106 1020 3162 VI.
1065 3109 1120 3164 3.
1154 3107 1398 3164 Ratione
1429 3109 1583 3181 Loci,
1618 3109 1865 3166 Messias
1893 3112 2200 3167 Betlehemi
2225 3112 2384 3167 nasci
2411 3111 2611 3171 debuit
2639 3135 2714 3171 ex

832 3182 1077 3241 Oraculo
1106 3184 1335 3259 Michae,
1382 3205 1505 3260 cap.
1551 3205 1607 3242 V.
1652 3192 1707 3259 2,
1743 3188 1871 3243 “Et
1887 3196 1951 3244 tu
1982 3187 2282 3244 Betlehem
2315 3188 2571 3262 Ephrata
2599 3212 2715 3249 non

306 3284 370 3324 es
398 3263 636 3322 minima
662 3263 724 3320 in
760 3263 1018 3321 millibus
1046 3264 1087 3321 J
1092 3262 1238 3335 udae,
1271 3283 1345 3321 ex
1387 3272 1445 3321 te
1487 3263 1629 3321 mihi
1671 3264 1924 3341 prodibit
1968 3264 2309 3322 Dominator
2335 3266 2393 3321 in
2429 3267 2626 3342 Israel,
2658 3279 2717 3328 et

304 3346 431 3422 ejus
461 3363 728 3421 egressus
756 3364 791 3402 a
819 3344 1072 3401 seculo,’'
1156 3343 1277 3420 Agi
1307 3344 1379 3402 de
1419 3343 1640 3401 Messia
1660 3353 1981 3421 agnoscunt
2012 3343 2214 3402 Chald.
2247 3345 2510 3422 Paraph.,
2547 3347 2616 3405 R.
2653 3350 2711 3407 S.

304 3424 527 3499 Jarchi,
558 3432 617 3483 et
647 3424 900 3499 Kimchi,
933 3433 991 3485 et
1018 3424 1270 3484 fatentur
1300 3424 1577 3483 Pharisaei
1612 3433 1669 3483 et
1702 3424 1916 3484 Scribae
1947 3423 2170 3482 Herodi
2198 3424 2272 3483 de
2298 3426 2407 3483 hoc
2436 3429 2716 3503 quaerenti

305 3504 735 3583 respondenteS,
760 3504 969 3563 Matth.
999 3504 1058 3562 ii.
1145 3504 1229 3562 At
1251 3525 1418 3563 nemo
1441 3506 1625 3563 nescit
1654 3506 1697 3564 J
1701 3524 1860 3563 esum
1892 3505 2211 3564 Betlehemi
2243 3515 2459 3565 natum.
2545 3508 2622 3567 Et
2640 3529 2714 3569 ne

305 3585 437 3661 quis
466 3604 602 3642 casu
650 3584 799 3642 illud
846 3584 1159 3661 contigisse
1189 3594 1464 3659 censeret,
1517 3585 1615 3643 vel
1644 3585 1714 3643 de
1761 3583 2043 3643 industria
2072 3592 2129 3643 et
2171 3607 2246 3644 ex
2275 3598 2572 3663 compacto
2611 3610 2713 3648 seu

307 3664 623 3723 deliberato
651 3665 892 3722 consilio
921 3665 964 3723 J
967 3665 1166 3742 osephi
1194 3675 1295 3723 aut
1326 3665 1543 3739 Mariae,
1572 3665 1734 3723 Deus
1763 3684 1880 3723 rem
1912 3665 2192 3740 singulari
2219 3686 2323 3724 sua
2350 3668 2716 3743 providentia

306 3744 387 3803 ita
413 3763 716 3820 procurare
744 3744 931 3802 voluit
959 3744 1035 3802 ad
1070 3745 1427 3821 praedictioni
1456 3764 1575 3803 suae
1613 3744 1784 3802 fidem
1815 3745 2152 3821 faciendam,
2183 3766 2300 3805 non
2329 3747 2499 3805 modo
2529 3750 2712 3807 nesci-

305 3823 535 3884 entibus
563 3832 622 3881 et
650 3844 765 3881 non
794 3825 1183 3900 cogitantibus
1210 3823 1281 3882 de
1310 3844 1379 3882 eo
1412 3824 1756 3883 Parentibus
1784 3826 1826 3884 J
1830 3845 1949 3900 esu,
1982 3826 2085 3884 sed
2111 3834 2336 3884 tantum
2356 3846 2472 3883 non
2494 3828 2716 3904 invitis,

306 3923 374 3961 ac
424 3912 622 3962 contra
666 3904 1016 3979 optantibus.
1112 3904 1233 3960 Nec
1278 3903 1432 3960 enim
1476 3903 1652 3961 alium
1699 3904 1758 3961 in
1802 3904 1973 3962 finem
2022 3905 2306 3963 Caesarem
2356 3904 2712 3981 Augustum,

303 3991 508 4059 pacato
539 3983 663 4060 jam
692 3983 949 4058 imperio,
981 3983 1209 4058 altaque
1251 3982 1465 4058 ubique
1507 4003 1648 4058 pace
1690 3982 1989 4056 fruentem,
2031 3991 2089 4041 ct
2125 3984 2270 4040 nihil
2310 3984 2502 4042 minus
2539 4005 2712 4061 qnam

305 4061 377 4121 de
406 4062 680 4120 vaticinio
719 4061 793 4120 ad
823 4062 1098 4120 Messiam
1140 4061 1462 4138 pertinente
1506 4062 1800 4140 implendo
1849 4063 2217 4138 cogitantem,
2248 4062 2467 4121 excivit
2503 4072 2570 4122 ut
2613 4064 2710 4123 de-

305 4142 673 4218 scriptionem
702 4142 879 4199 totius
908 4142 1063 4200 orbis
1091 4142 1133 4199 J
1138 4141 1332 4199 udai'ci
1361 4142 1592 4217 faceret,
1624 4163 1796 4219 quam
1815 4152 1881 4202 ut
1903 4142 2209 4201 Oraculum
2233 4142 2344 4200 hoc
2361 4143 2712 4219 impleretur,

305 4221 466 4279 etita
485 4221 810 4281 indubitato
828 4230 1168 4297 argumento
1192 4230 1479 4280 constaret
1500 4223 1543 4281 J
1546 4224 1826 4300 osephum
1848 4242 1974 4281 esse
1994 4221 2211 4279 familia
2230 4221 2491 4293 Davidis‚
2511 4232 2712 4299 utpote

305 4301 472 4376 cujus
495 4320 680 4377 genus
701 4302 760 4358 in
778 4301 1023 4360 obscuro
1046 4310 1184 4377 erat,
1210 4310 1268 4359 et
1294 4302 1417 4377 jam
1436 4301 1511 4360 ad
1529 4302 1785 4362 infimam
1813 4302 1950 4360 vitae
1979 4301 2365 4360 conditionem
2394 4301 2707 4379 redactum,

301 4381 450 4456 regii
479 4380 796 4440 stemmatis
823 4381 968 4438 nihil
997 4401 1114 4457 prae
1144 4402 1204 4439 se
1233 4380 1469 4441 ferebat.
1576 4383 1817 4442 Frustra
1856 4402 1996 4440 vero
2024 4384 2288 4440 Menasse
2314 4382 2374 4439 in
2405 4382 2621 4441 Concil.
2652 4384 2712 4441 in

302 4458 362 4518 h.
390 4460 431 4517 l.
462 4480 593 4519 cum
612 4461 654 4519 J
657 4460 838 4520 udaeis
855 4461 1270 4520 recentioribus
1298 4461 1603 4521 discedens
1625 4483 1661 4521 a
1677 4462 2006 4535 Veteribus,
2039 4462 2182 4537 vult,
2218 4465 2253 4495 “
2273 4462 2574 4520 Betlehem
2597 4463 2712 4522 dici

303 4540 546 4616 patriam
577 4541 826 4616 Messiae,
857 4541 995 4618 quia
1014 4542 1289 4600 oriundus
1318 4551 1441 4600 erat
1467 4563 1504 4600 a
1533 4542 1762 4601 Davide
1786 4542 2186 4616 Betlehemita,
2216 4550 2283 4601 ut
2307 4551 2539 4602 notetur
2565 4545 2710 4604 nati-

304 4619 456 4678 vitas
487 4620 736 4695 Messiae,
767 4641 884 4680 non
913 4621 1171 4697 actualis,
1204 4621 1308 4681 sed
1335 4621 1694 4699 originalis.'’
1781 4621 1929 4697 Quia
1955 4622 2211 4700 loquitur
2238 4622 2309 4681 de
2339 4631 2467 4683 ortu
2512 4624 2710 4684 Domi-

305 1733 348 1779 l.
379 1734 584 1804 Ratione
634 1737 756 1777 tem-

464 1807 595 1850 poris
612 1806 625 1846 ;

304 3156 350 3201 3.
382 3154 590 3200 Ratione
616 3154 731 3198 Loci
746 3170 759 3210 3
