3221 5200
303 407 519 458 eumer.
553 385 755 466 xvn1.]
1010 403 1090 444 m:
1117 401 1385 446 ransom
1416 402 1494 445 ΕΤ
1519 402 1717 445 era-ru
1745 402 2002 446 cnms‘n.
2597 387 2712 446 321

718 609 729 620 ‚
903 545 1050 604 VII.
1095 545 1261 605 Licet
1310 546 1681 606 Resurrectio
1724 544 1940 604 Christi
1980 544 2190 622 saepius
2218 543 2505 604 tribuatur
2533 546 2710 621 Patri,

329 605 752 708 F0⁰20⁸ug⁰¹¹¹t¹·
826 624 993 683 Rom.
1025 626 1102 684 vi.
1148 629 1203 701 4,
1237 626 1372 686 Act.
1423 627 1481 684 ii.
1533 630 1629 700 24,
1662 633 1720 684 et
1765 624 1887 699 xiii,
1920 627 2015 698 30,
2060 625 2209 701 Eph.
2242 625 2278 682 i.
2314 625 2405 700 19,
2451 627 2546 700 20,
2580 625 2712 683 Non

455 679 518 710 on
609 694 622 707 ⁶
826 705 1084 781 sequitur
1125 725 1249 763 eam
1307 725 1423 764 non
1471 725 1641 784 posse
1684 703 1932 763 adscribi
1967 705 2136 778 Filio,
2169 704 2305 779 quia
2353 724 2711 781 quaecunque

289 782 474 840 Pater
495 781 648 856 facit,
683 782 867 842 Filius
896 786 1110 861 pariter
1136 785 1289 860 facit,
1315 786 1357 844 J
1362 787 1454 844 oh.
1485 807 1541 843 v.
1572 788 1664 858 19,
1712 792 1772 843 et
1797 792 1864 842 ut
1894 784 2261 842 Resurrectio
2300 793 2389 843 est
2437 804 2582 862 opus
2631 784 2707 842 ad

295 870 480 935 extra,
528 861 700 919 debet
728 882 854 921 esse
896 864 1210 922 indivisum
1257 866 1366 923 toti
1410 865 1699 923 Trinitati.
1763 863 1878 922 Sed
1922 864 2227 941 peculiaris
2269 873 2357 922 est
2398 865 2561 939 ratio,
2609 883 2713 922 cur

299 941 458 999 Patri
488 941 773 999 tribuatur
798 952 1032 1021 propter
1058 943 1450 1002 vadimonium
1473 943 1630 1021 quod
1649 943 1912 1002 Christus
1941 952 2286 1019 susceperat,
2311 964 2347 1001 a
2368 964 2483 1020 quo
2511 943 2712 1002 debuit

297 1020 527 1079 liberari
578 1041 612 1078 a
643 1021 830 1098 Patre,
862 1031 928 1082 ut
948 1023 1163 1100 judice,
1209 1024 1309 1101 qui
1337 1032 1402 1082 ut
1441 1025 1734 1083 Christum
1775 1018 1948 1081 morti
1976 1022 2290 1082 tradiderat
2317 1032 2549 1100 propter
2575 1043 2708 1099 pec-

295 1108 424 1158 cata
471 1109 684 1175 nostra„
728 1103 812 1162 ita
852 1103 1052 1162 debuit
1092 1123 1223 1161 eum
1264 1105 1540 1163 suscitare
1584 1104 1660 1162 ad
1687 1103 1868 1161 nostri
1910 1102 2398 1179 justificationem,
2443 1111 2509 1161 ut
2535 1111 2713 1161 testa·-

293 1188 452 1238 retur
496 1180 606 1238 sibi
655 1182 823 1258 plene
862 1182 1218 1241 satisfactum
1248 1203 1374 1242 esse
1403 1203 1507 1261 per
1533 1184 1741 1260 ipsum.
1828 1182 1996 1240 Alias
2025 1203 2155 1241 cum
2183 1182 2375 1258 agitur
2403 1181 2474 1240 de
2504 1181 2710 1240 confir-

292 1259 504 1317 manda
547 1261 847 1320 vocatione
899 1262 1128 1338 Christi,
1177 1271 1236 1322 et
1263 1263 1613 1322 vindicanda
1655 1264 1781 1340 ejus
1830 1262 2152 1339 divinitate,
2203 1261 2543 1320 resurrectio
2598 1261 2712 1339 ipsi

293 1339 566 1397 tribuitur
594 1342 819 1417 saepiuS,
851 1350 917 1400 ut
945 1341 1163 1400 dictum
1192 1349 1297 1401 est.

373 1418 554 1477 VIII.
600 1419 937 1480 Absurdum
986 1430 1075 1480 est
1122 1431 1180 1481 et
1207 1421 1513 1479 ridiculum
1541 1420 1695 1495 ψιλὶν
1715 1420 1802 1481 ἔνθ
1832 1447 1974 1493 ωπον,
1999 1420 2099 1496 qui
2127 1429 2389 1479 mortuus
2418 1428 2523 1495 est,
2557 1420 2705 1496 seip-

292 1517 420 1556 sum
440 1499 692 1557 excitare
721 1521 755 1558 a
783 1501 1024 1560 mortuis
1047 1523 1061 1576 ;
1097 1500 1213 1560 Sed
1231 1503 1535 1582 &drogum-ov
1562 1503 1775 1561 virtute
1838 1499 2115 1558 'vinitatis
2138 1520 2273 1576 suae,
2294 1500 2709 1559 humanitatem

289 1596 451 1635 suam
480 1578 774 1656 suscitare,
804 1589 1029 1639 tantum
1058 1580 1222 1639 abest
1263 1591 1327 1640 ut
1370 1584 1447 1640 sit
1493 1582 1823 1657 absurdum,
1854 1589 1919 1639 ut
1962 1580 2297 1657 blasphema
2326 1588 2383 1638 et
2411 1580 2588 1657 impia
2631 1581 2707 1639 sit

289 1657 418 1715 e‘us
446 1677 516 1716 ne
562 1658 696 1716 atio.

317 1677 343 1733 J
373 1737 491 1794 IX.
521 1678 800 1797 gChristus
836 1739 1025 1815 potuit
1053 1740 1310 1798 obtinere
1360 1759 1520 1798 suam
1561 1739 2035 1798 resurrectionem
2079 1759 2113 1796 a
2153 1739 2341 1812 Patre,
2375 1737 2529 1796 Heb.
2560 1758 2618 1796 v.
2652 1742 2704 1813 7,

285 1834 389 1891 per
417 1835 613 1893 preces
641 1838 676 1875 a
697 1838 757 1876 se
787 1826 851 1876 ut
871 1818 1102 1877 homine
1125 1819 1299 1893 fusas,
1325 1828 1382 1877 et
1410 1827 1602 1877 tamen
1625 1839 1750 1876 eam
1780 1819 2053 1892 effecisse,
2079 1826 2143 1876 ut
2164 1819 2323 1875 Deus
2346 1817 2547 1875 eadem
2576 1837 2707 1875 eum

292 1894 461 1953 Patre
490 1898 764 1972 potentia.
848 1898 993 1955 Cum
1022 1899 1173 1955 enim
1204 1898 1467 1956 Christus
1506 1899 1788 1956 Lazarum
1839 1907 1898 1957 et
1945 1898 2089 1955 alios
2132 1897 2407 1955 suscitare
2436 1897 2703 1973 potuerit,

287 1995 419 2033 cum
451 1975 621 2035 Pater
669 1977 892 2035 dederit
922 1977 1074 2035 Filio
1121 1978 1334 2035 habere
1373 1978 1557 2036 vitam
1601 1979 1665 2035 in
1713 1978 1919 2054 seips0,
1968 1986 2026 2035 et
2055 1977 2258 2051 Filius,
2309 1977 2459 2035 sicut
2510 1976 2700 2053 Pater,

286 2074 433 2130 quos
461 2057 589 2114 vult
617 2056 902 2115 vivificet:
947 2057 1089 2131 Quis
1118 2057 1205 2115 illi
1231 2066 1575 2134 potestatem
1605 2057 1858 2135 seipsum
1880 2057 1940 2113 in
1968 2057 2149 2114 vitam
2177 2054 2490 2114 revocandi
2520 2056 2694 2115 dene-

286 2154 424 2211 gare
454 2135 632 2193 vellet
658 2138 686 2194 :³

368 2214 453 2271 X.
500 2215 679 2272 Porro
728 2235 905 2292 quum
936 2215 1198 2274 Christus
1229 2215 1479 2293 seipsum
1507 2215 1820 2290 excitavit3
1864 2236 1980 2273 non
2003 2214 2318 2292 putandum
2349 2222 2437 2273 est
2466 2235 2703 2294 corpore

287 2311 391 2350 suo
421 2313 625 2350 saxum
656 2294 957 2370 sepulchro
986 2294 1317 2372 impositum
1365 2304 1711 2372 penetrasse,
1744 2295 1898 2371 quod
1941 2295 2162 2353 vellent
2202 2294 2492 2353 Pontificii
2521 2298 2699 2354 errori

289 2388 395 2428 suo
424 2373 850 2448 patrocinaturi.
935 2374 1083 2432 Nam
1114 2394 1322 2452 corpus
1350 2375 1507 2452 quod
1556 2375 1807 2452 resurgit
1856 2374 2168 2451 spirituale,
2200 2393 2317 2430 non
2360 2375 2548 2450 magis
2577 2396 2704 2433 vcr-

287 2450 429 2509 titur
457 2453 515 2508 in
545 2453 824 2528 spiritum,
857 2472 1029 2529 quam
1059 2473 1265 2531 corpus
1303 2454 1362 2512 in
1393 2454 1663 2512 animam.
1749 2456 1826 2512 Et
1868 2455 2052 2511 virtus
2080 2454 2279 2511 divina
2307 2474 2423 2511 non
2452 2455 2511 2511 in
2540 2475 2701 2513 ever-

287 2530 495 2606 tendis,
529 2531 631 2589 sed
661 2533 719 2589 in
749 2534 1160 2592 conservandis
1182 2554 1370 2592 rerum
1400 2534 1622 2592 naturis
1652 2554 1713 2592 se
1756 2533 2218 2611 conspiciendam
2250 2534 2485 2610 praebet.
2573 2535 2701 2593 Ma·

285 2611 563 2670 terialitas
618 2621 676 2670 et
716 2613 977 2689 finitud0,
1026 2634 1143 2672 non
1185 2623 1273 2674 est
1322 2635 1396 2673 ex
1447 2615 1876 2673 infirmitatibus
1931 2615 2066 2671 vitae
2127 2614 2409 2688 animalis,
2471 2614 2572 2673 sed
2629 2636 2704 2674 ex

285 2692 732 2769 proprietatibus
786 2694 1191 2753 essentialibus
1233 2695 1506 2771 corporiS.
1593 2695 1792 2753 Potuit
1834 2715 1973 2771 ergo
2015 2702 2279 2753 creatura
2319 2694 2523 2753 cedere
2567 2696 2701 2754 Cre·

282 2774 430 2830 atori
479 2773 539 2829 in
603 2774 1018 2833 resurrectione
1069 2775 1213 2833 citra
1283 2774 1736 2851 penetrationem
1788 2774 2227 2849 dimensionum,
2280 2775 2377 2833 vel
2419 2794 2559 2833 usus
2614 2782 2703 2834 est

283 2852 546 2910 Christus
577 2852 792 2929 Angeli
822 2854 1139 2912 ministerio
1169 2854 1244 2912 ad
1273 2853 1659 2912 amovendum
1690 2874 1892 2911 saxum
1924 2874 2000 2911 ex
2022 2874 2118 2912 ore
2149 2855 2453 2932 sepulchri,
2488 2855 2699 2914 Matth.

279 2931 486 2988 xxviii.
510 2936 566 3003 2,
587 2941 894 3007 antequam
918 2934 1304 3008 egrederetur.
1358 2933 1413 2991 N
1416 2952 1490 2991 on
1513 2952 1587 2990 ex
1607 2933 1943 3008 indigentia,
1964 2933 2067 2991 sed
2085 2933 2461 3009 indulgentia,
2493 2943 2558 2991 ut
2586 2943 2699 2992 tes-

279 3018 500 3067 taretur
526 3018 867 3084 potestatem
911 3031 1072 3068 suam
1116 3012 1386 3087 stipatam
1427 3031 1554 3069 esse
1598 3011 1948 3070 satellitibus
1977 3032 2053 3069 ex
2102 3014 2369 3070 omnibus
2405 3014 2698 3089 creaturiS‚

277 3088 375 3145 vel
403 3088 540 3165 quia
568 3087 628 3144 in
656 3096 810 3146 statu
838 3088 1153 3147 vadimonii
1181 3090 1371 3147 adhuc
1413 3090 1778 3163 constitutus,
1811 3089 1997 3147 voluit
2024 3100 2329 3165 expectare
2360 3091 2702 3149 sententiam

279 3167 469 3225 Patris
491 3166 564 3225 ab
593 3167 802 3244 angelo
831 3166 941 3244 ipsi
970 3167 1426 3244 significandam.

1115 3404 1505 3481 QUAESTIO
1548 3404 1804 3464 xvnl.

1058 3583 1137 3623 DE
1180 3582 1544 3625 ASCENSIONE
1586 3583 1841 3624 CHRISTI.

273 3726 368 3782 An
395 3724 659 3783 Ascensio
692 3723 1084 3799 Christifacta
1109 3725 1183 3781 sit
1196 3724 1440 3801 proprie
1457 3745 1572 3800 per
1598 3734 1807 3783 motum
1851 3727 2086 3783 localem
2132 3744 2206 3783 εει·
2253 3725 2385 3784 locis
2413 3726 2696 3800 inferiori·

354 3806 453 3860 bus
495 3806 579 3860 ad
620 3806 813 3861 coelum
829 3824 1152 3879 supremum
1170 3806 1486 3864 Beatorum
1507 3807 1535 3862 3
1598 3806 1691 3862 An
1711 3806 2087 3880 metaphorice
2092 3825 2207 3881 per
2225 3806 2647 3880 disparitionem
2669 3809 2698 3863 ‚²

355 3881 580 3938 Affirm.
613 3880 814 3957 Prius;
868 3885 1091 3942 Poster.
1123 3884 1271 3961 Neg.
1297 3907 1312 3962 3
1358 3892 1559 3943 contra
1586 3883 1967 3942 Lutheranos.

882 4041 930 4099 Ι.
977 4041 1231 4115 Quaestio
1260 4042 1384 4100 haec
1412 4049 1681 4101 movetur
1705 4050 1941 4120 propter
1970 4040 2348 4112 LutheranOS,
2381 4042 2693 4116 etquidem

319 4104 698 4207 statggnssuaes-
799 4119 947 4193 illos,
969 4121 1069 4196 qui
1090 4120 1488 4198 Ubiquitatem
1511 4122 1750 4198 Corpori
1774 4120 1987 4179 Christi
2010 4119 2285 4193 tribuunt,
2317 4119 2484 4193 Nam,
2514 4130 2580 4179 ut
2607 4122 2690 4180 fa-

579 4194 590 4206 ”
796 4200 965 4258 cilius
993 4200 1224 4258 elevent
1249 4210 1651 4277 argumentum
1681 4200 1922 4276 petitum
1952 4200 2025 4257 ab
2068 4199 2429 4257 Ascensione
2479 4200 2693 4260 Christi

271 4282 345 4340 ad
400 4282 756 4358 probandam
813 4279 1399 4356 circumscriptionem
1472 4280 1741 4357 Corporis
1799 4279 2028 4353 Christi,
2106 4286 2322 4356 negant
2398 4279 2690 4340 Christum

267 4380 402 4419 vere
460 4370 518 4420 et
572 4363 798 4440 proprie
855 4359 1216 4435 ascendisse3
1303 4360 1406 4418 sed
1458 4368 1684 4419 tantum
1744 4359 2004 4435 figurate,
2066 4366 2350 4434 quatenus
2411 4359 2692 4420 subduxit

267 4441 631 4516 praesentiam
688 4462 849 4500 suam
879 4440 1169 4499 visibilem
1198 4439 1433 4513 mund0,
1463 4439 1601 4498 licet
1630 4439 1690 4496 in
1717 4438 1934 4497 mundo
1975 4437 2164 4496 adhuc
2211 4445 2443 4495 maneat
2490 4438 2688 4497 invisi·

266 4519 477 4577 biliter.
563 4521 641 4580 Et
668 4523 878 4580 coelum
906 4521 967 4578 in
995 4519 1152 4598 quod
1181 4518 1456 4593 ascendit,
1499 4517 1847 4596 pertendunt
1893 4537 2009 4575 non
2058 4537 2183 4576 esse
2233 4517 2442 4575 coelum
2492 4538 2688 4596 supre-

264 4618 442 4673 mum,
474 4618 576 4657 seu
602 4602 836 4660 tertium
864 4601 1091 4675 coelum,
1138 4599 1358 4658 dictum
1408 4599 1615 4656 coelum
1662 4598 1990 4672 Beatorum,
2038 4597 2141 4656 sed
2186 4596 2604 4657 beatitudinem
2631 4607 2691 4661 et

269 4678 539 4754 Regnum
571 4679 698 4755 Dei,
729 4681 886 4757 quod
914 4681 990 4739 sit
1010 4680 1244 4757 ubique.
1271 4698 1276 4704 ·
1329 4678 1481 4738 Vide
1514 4678 1814 4736 Brentium
1842 4677 1914 4735 de
1945 4677 2211 4736 Ascensu
2253 4676 2485 4736 Christi.

345 4775 493 4816 rans
520 4775 582 4815 11.
2404 4776 2446 4815 x
