3221 5200
352 362 573 408 Quass‘r.
608 343 696 423 vu]
1270 363 1342 400 m:
1375 363 1921 402 sAx‹·r11··1cA‘r1osn.
2647 352 2760 406 627

348 521 488 559 vero
518 501 901 561 essentialiter
940 511 1072 560 sunt
1114 504 1265 561 bona
1314 524 1502 580 opera,
1535 505 1673 581 quia
1723 505 1913 562 omnia
1963 504 2177 562 habent
2222 524 2256 562 a
2285 505 2494 580 quibus
2537 506 2765 565 bonitas

351 583 593 641 aetionis
621 582 879 656 resultat,
913 583 1170 660 adeoque
1200 604 1335 642 vere
1366 585 1519 659 talia,
1552 605 1669 642 non
1718 593 2072 662 apparenter,
2116 585 2383 659 quamvis
2414 587 2765 662 gradualiter

352 662 638 737 deficiant,
684 671 741 720 et
771 663 880 720 sibi
910 664 1200 721 admixtos
1230 664 1479 723 habeant
1501 685 1718 724 naeVOS.

431 742 611 800 XIV.
660 743 824 800 Licet
868 763 1041 819 opera
1084 754 1410 803 renatorum
1455 745 1723 803 dieantur
1774 752 2024 822 peecata,
2077 753 2247 820 atque
2307 745 2386 802 ita
2431 746 2591 820 fides,
2651 767 2766 824 qua

344 822 744 899 justificamur,
769 832 1066 899 peceatum
1099 825 1207 882 sub
1236 824 1429 900 aliqua
1458 833 1614 894 σχίη,
1633 825 1746 882 diei
1774 823 1973 901 possit,
2007 832 2144 881 utet
2173 825 2353 882 oratio
2374 845 2487 901 qua
2515 827 2764 902 petimus

352 903 744 961 remissionem
774 912 1137 979 peecatorum
1161 926 1174 978 ;
1224 904 1353 962 Non
1385 905 1645 981 sequitur
1670 906 1959 962 hominem
1985 925 2086 981 per
2113 914 2408 980 peecatum
2432 906 2761 982 justificari,

352 992 411 1041 et
437 1003 540 1060 per
567 992 865 1059 peceatum
896 983 1198 1059 impetrare
1228 984 1620 1042 remissionem
1653 985 1892 1062 peceati.
2008 985 2155 1060 Quia
2182 1004 2296 1040 non
2342 985 2586 1043 dicimus
2617 1006 2763 1064 opus

346 1063 534 1139 ipsum
564 1062 835 1121 credendi
864 1063 959 1120 vel
988 1063 1187 1120 orandi
1217 1083 1341 1121 esse
1428 1072 1703 1137 eeeatum,
1753 1065 1857 1122 sed
1897 1072 2121 1122 tantum
2164 1084 2360 1122 naevos
2403 1075 2460 1124 et
2504 1065 2762 1125 defectus

354 1143 455 1218 qui
483 1142 568 1199 illi
612 1142 925 1201 adhaerent.
1035 1145 1126 1200 Ita
1170 1164 1315 1220 opus
1364 1084 1500 1200 {filei
1545 1164 1660 1201 non
1690 1152 1780 1201 est
1826 1145 2266 1203 instrumentum
2306 1145 2756 1221 justificationiS,

352 1231 616 1298 respectu
644 1223 845 1280 talium
875 1243 1187 1298 naevorum,
1222 1224 1324 1281 sed
1353 1231 1618 1299 respectu
1647 1232 1810 1282 aetus
1839 1224 2037 1300 ipsine,
2070 1225 2167 1300 qui
2215 1246 2249 1282 a
2282 1226 2496 1302 Spiritu
2548 1227 2763 1286 Sancto

352 1302 704 1379 producitur,
736 1314 792 1360 et
838 1304 947 1361 sub
990 1304 1091 1360 illa
1119 1304 1588 1380 reduplicatione.
1675 1304 1797 1363 Nee
1827 1323 1927 1380 per
1955 1313 2251 1380 peecatum
2304 1307 2615 1381 quaerimus
2664 1316 2764 1365 aut

353 1382 679 1441 obtinemus
707 1384 1099 1442 remissionem
1146 1385 1382 1462 peceati,
1429 1393 1494 1442 ut
1540 1385 1732 1462 inepte
1762 1384 2046 1460 eolligunt
2095 1384 2469 1460 Adversarii;
2519 1387 2635 1445 Sed
2663 1407 2766 1464 per

352 1471 412 1520 et
439 1471 670 1538 propter
699 1464 965 1521 meritum
1010 1464 1240 1539 Christi,
1274 1463 1577 1539 mediante,
1608 1474 1884 1542 tanquam
1915 1464 2242 1523 conditione
2285 1486 2319 1522 a
2374 1467 2540 1524 nobis
2571 1468 2760 1543 requi-

355 1542 482 1614 sita,
516 1542 719 1616 officio,
751 1563 867 1600 non
896 1545 1040 1603 vitio
1069 1545 1345 1603 orationis
1374 1554 1603 1603 nostrae.

436 1623 581 1680 XV.
627 1625 906 1697 Quamvis
956 1625 1303 1683 concedat-ur
1348 1645 1521 1702 opera
1570 1626 1764 1682 omnia
1791 1634 2115 1684 renatorum
2148 1644 2272 1681 esse
2303 1625 2497 1700 aliquo
2527 1635 2763 1701 peccato

353 1702 574 1775 vitiata,
608 1713 759 1760 reete
790 1705 976 1778 potuit
999 1704 1187 1762 dicere
1216 1706 1533 1780 Apostolus
1588 1707 1727 1761 nihil
1756 1707 1890 1760 milei
1914 1705 2159 1760 conscius
2198 1725 2335 1777 sum,
2368 1705 2503 1778 quia
2533 1705 2625 1761 hie
2649 1725 2763 1763 non

354 1781 426 1838 de
456 1781 633 1838 totius
662 1782 798 1839 vitae
829 1803 946 1840 suae
996 1804 1166 1840 eursu
1212 1785 1480 1859 loquitur,
1515 1784 1617 1840 sed
1666 1784 1737 1839 de
1777 1783 2092 1839 ministerio
2134 1782 2381 1840 fideliter
2429 1783 2760 1859 adimpletO,

354 1880 460 1918 nee
489 1860 769 1934 gloriatur
791 1881 935 1936 opus
963 1862 1263 1919 ministerii
1295 1863 1376 1919 sie
1422 1881 1457 1919 a
1495 1882 1555 1919 se
1593 1863 1985 1937 adimpletum,
2020 1870 2083 1919 ut
2112 1862 2253 1917 nihil
2286 1862 2412 1919 vitii
2435 1862 2567 1919 huie
2604 1864 2765 1939 operi

354 1961 428 1999 ex
457 1948 617 2016 parte
648 1941 835 1997 carnis
864 1941 1253 2015 intervenerit,
1287 1941 1389 1999 sed
1438 1950 1502 1999 ut
1542 1942 1687 1998 nihil
1730 1941 1927 1999 dolose
1959 1949 2016 1999 et
2046 1941 2216 2016 impie
2247 1942 2448 2016 egerit,
2481 1962 2595 2017 quo
2626 1963 2765 2000 eon-

354 2019 651 2079 scientiam
673 2040 833 2076 suam
863 2021 1182 2094 sauciaret3
1228 2040 1360 2078 nam
1391 2021 1550 2091 aliaS,
1575 2022 1742 2078 Rom.
1764 2021 1861 2077 vii.
1899 2024 1989 2094 19,
2017 2022 2313 2097 profitetur
2343 2041 2403 2079 se
2433 2042 2549 2079 non
2577 2021 2764 2080 faeere

353 2101 565 2159 bonum
597 2099 754 2177 quod
782 2101 956 2177 eupit,
989 2100 1090 2158 sed
1118 2100 1309 2176 potius
1352 2101 1564 2158 malum
1593 2100 1750 2176 quod
1779 2100 1918 2158 odit.
2373 2105 2382 2114 “

438 2180 615 2237 XVI.
661 2180 804 2237 Cum
838 2181 998 2238 Deus
1027 2190 1293 2256 operetur
1320 2179 1380 2236 in
1425 2180 1592 2238 nobis
1622 2180 1814 2237 omnia
1842 2189 2038 2238 nostra
2065 2180 2217 2237 bona
2245 2201 2419 2257 opera
2448 2182 2764 2239 seeundum

356 2259 415 2317 id
445 2259 601 2334 quod
629 2260 846 2317 habent
869 2260 926 2316 in
957 2280 1016 2317 se
1043 2260 1331 2334 bonitatis,
1364 2268 1421 2317 et
1449 2279 1563 2317 non
1595 2259 1911 2318 seeundum
1930 2260 1992 2317 id
2020 2259 2177 2336 quod
2205 2261 2419 2319 habent
2459 2262 2518 2319 in
2548 2282 2609 2319 se
2660 2262 2764 2319 im·

356 2339 722 2416 perfeetionis
752 2348 851 2397 aut
878 2339 1229 2413 vitiositatiS,
1261 2359 1375 2416 quo
1427 2359 1597 2397 sensu
1628 2339 2066 2416 proficiscuntur
2114 2359 2149 2396 a
2178 2340 2395 2415 Carne;
2444 2342 2594 2399 Vere
2625 2342 2763 2399 diei·

356 2439 482 2476 mus
512 2439 679 2477 omne
724 2439 868 2496 opus
909 2420 1122 2477 bonum
1175 2440 1301 2478 esse
1358 2419 1553 2496 aliquo
1594 2428 1832 2496 peceato
1889 2420 2188 2494 vitiatum3
2250 2420 2328 2477 Et
2383 2441 2516 2479 vere
2574 2431 2767 2480 tamen

356 2519 638 2574 negamus
672 2500 859 2557 Deum
889 2519 1015 2558 esse
1044 2499 1216 2577 hujus
1239 2499 1366 2557 vitii
1397 2519 1499 2557 seu
1528 2500 1750 2576 peceati
1778 2499 2096 2558 authorem.

438 2579 653 2638 XVII.
694 2581 746 2637 N
750 2600 815 2638 ee
844 2579 1157 2639 absurdum
1186 2588 1276 2638 est
1301 2588 1360 2638 et
1388 2587 1646 2636 keba-am
1679 2579 1829 2638 idem
1862 2599 2006 2657 opus
2035 2579 2251 2638 bonum
2269 2587 2328 2638 et
2354 2580 2588 2655 malum,
2619 2600 2764 2657 prae-

356 2660 472 2717 mio
502 2668 560 2718 et
609 2680 778 2737 poena
806 2660 1047 2737 dignum
1093 2662 1287 2718 vocari
1318 2670 1425 2715 κατ’
1471 2670 1597 2715 ἄλλο
1632 2669 1712 2714 καὶ
1760 2669 1901 2734 ἄλλο,
1946 2660 2161 2718 bonum
2192 2669 2477 2736 quatenus
2505 2682 2540 2719 a
2562 2663 2766 2737 spiritu

357 2741 753 2816 proficiscitur,
775 2742 991 2799 malum
1009 2749 1179 2818 prout
1199 2743 1345 2800 Caro
1363 2741 1452 2798 illi
1473 2741 1850 2816 admiscetur;
1874 2741 2088 2800 bonum
2108 2740 2327 2799 ratione
2350 2751 2529 2815 aetuS,
2557 2743 2767 2800 malum

355 2822 577 2879 ratione
624 2822 958 2880 vitiositatis
1008 2822 1093 2879 illi
1138 2821 1503 2880 adhaerentis.
1592 2822 1714 2878 Nee
1759 2828 1952 2878 tamen
1996 2841 2099 2898 per
2144 2821 2428 2897 ejusmodi
2451 2842 2624 2898 opera
2653 2822 2766 2880 diei

357 2899 570 2958 debent
598 2900 798 2958 fideles
845 2902 1060 2959 servire
1104 2902 1229 2959 Deo
1268 2912 1325 2959 et
1358 2900 1625 2974 Diabolo‚
1658 2901 1753 2958 vel
1782 2920 1908 2958 esse
1934 2901 2040 2957 filii
2074 2901 2200 2973 Dei,
2234 2909 2291 2958 et
2325 2901 2573 2958 Diaboli.
2621 2902 2771 2974 Quia

357 2978 442 3034 illi
502 2979 750 3037 Diabolo
792 2988 1016 3037 tantum
1058 2981 1335 3038 inservire
1379 2980 1664 3052 dicuntur,
1710 2987 1768 3037 et
1796 2981 1922 3056 ejus
1951 2980 2054 3036 filii
2098 2979 2474 3054 appellantur,
2519 2980 2619 3054 qui
2662 2980 2770 3037 sub

358 3057 611 3115 dominio
640 3059 862 3132 peceati
891 3058 1115 3131 vivunt,
1149 3069 1207 3116 et
1235 3079 1408 3135 opera
1435 3058 1800 3116 tenebrarum
1832 3058 2093 3115 volentes
2124 3067 2467 3132 perpetrant,
2512 3078 2628 3115 non
2670 3059 2768 3134 qui

357 3137 468 3194 hoe
512 3136 827 3194 dominium
871 3147 1266 3208 excusserunt,
1313 3144 1370 3195 et
1413 3156 1586 3213 opera
1626 3137 1780 3194 bona
1821 3137 1956 3194 lieet
1998 3136 2185 3193 earnis
2227 3136 2371 3194 vitio
2413 3137 2769 3214 aliquantum

358 3216 644 3292 impurata
677 3216 1018 3293 producunt.
1108 3217 1203 3274 Sie
1234 3215 1470 3289 Paulus,
1506 3216 1673 3273 Rom.
1704 3216 1825 3289 vii„
1859 3235 1920 3273 se
1951 3215 2179 3273 Christo
2210 3215 2425 3273 servire
2453 3217 2768 3292 profitetur,

359 3306 417 3354 et
446 3296 595 3354 inter
625 3296 809 3354 Filios
841 3296 950 3353 Dei
979 3305 1293 3373 reputatur,
1341 3295 1439 3372 qui
1482 3295 1788 3353 confitetur
1829 3304 2019 3354 tamen
2051 3314 2110 3352 se
2140 3302 2330 3352 mente
2366 3296 2578 3355 servire
2626 3297 2770 3373 Legi

363 3376 491 3448 Dei,
525 3376 710 3435 Carne
740 3396 879 3433 vero
908 3376 1022 3453 legi
1055 3376 1295 3454 peceati.

1300 3615 1689 3691 QUAEs‘rlo
1732 3616 1807 3674 v.

1234 3796 1311 3833 DE
1357 3795 1579 3834 Mssffl'ro
1624 3794 1885 3833 OPERUM.

362 3934 455 3992 An
484 3935 648 3990 detur
676 3936 849 3990 ullum
880 3935 1149 3991 hieritunz
1179 3938 1247 3991 de
1273 3936 1554 4009 Coum-ue,
1587 3937 1675 3991 vel
1700 3937 1768 3991 de
1801 3933 2094 4007 Condiyno
2112 3934 2139 3988 ἓ
2222 3934 2305 3988 Et
2331 3933 2422 3988 An
2451 3934 2594 3989 bona
2630 3934 2773 4008 Ope·

633 4032 704 4068 ra
732 4012 843 4069 sint
871 4014 1162 4071 meritoria
1201 4014 1339 4069 Vitoe
1367 4024 1590 4072 aeternoe
1617 4014 1645 4068 9
1731 4012 1877 4088 Neg.
1909 4020 2108 4070 eontra
2141 4011 2491 4068 pontificios.

444 4172 492 4229 I.
542 4171 622 4230 Ut
655 4171 933 4228 Doctrina
961 4170 1032 4229 de
1066 4172 1292 4229 Meritis
1312 4174 1560 4248 Operum
1575 4171 1787 4229 elarius
1808 4180 2089 4243 teneatur,
2114 4189 2297 4246 pauca
2319 4169 2391 4227 de
2419 4189 2562 4228 voce
2592 4172 2773 4227 Meri·

360 4252 419 4325 ti,
451 4260 509 4309 et
535 4251 715 4311 verbo
743 4252 997 4308 merendi
1020 4250 1423 4327 praemittenda
1450 4259 1600 4325 sunt,
1633 4270 1708 4309 ex
1750 4251 1961 4327 quibus
2007 4250 2079 4308 de
2127 4270 2188 4307 re
2217 4250 2343 4325 ipsa
2390 4249 2615 4307 facilius
2643 4249 2776 4308 ferri

366 4330 577 4407 poterit
599 4332 641 4389 J
645 4330 919 4389 udieium.

372 4449 479 4493 vox
555 4455 700 4494 „mm
748 4450 847 4493 late
972 4410 1056 4467 II.
1101 4411 1302 4469 Μανία·
1328 4431 1446 4469 vox
1475 4409 1737 4468 bifariam
1784 4410 2044 4482 sumitur,
2077 4409 2174 4467 vel
2215 4409 2332 4467 late
2361 4418 2419 4467 et
2446 4407 2772 4485 improprie,

420 4514 471 4551 et
506 4510 678 4552 stricte
700 4510 850 4552 sumi-
892 4491 988 4548 vel
1018 4490 1215 4549 stricte
1244 4499 1303 4549 et
1332 4491 1578 4568 proprie.
1648 4492 1851 4549 Stricta
1878 4498 2042 4548 notat
2069 4489 2215 4546 illud
2245 4508 2405 4565 opus,
2438 4488 2526 4546 eui
2559 4509 2778 4546 merces

426 4572 524 4608 ‘us‘
885 4591 961 4629 ex
981 4570 1211 4646 justitia
1233 4570 1475 4629 debetur
1501 4580 1734 4647 propter
1756 4570 2130 4629 intrinsecum
2156 4570 2279 4651 ejus
2299 4570 2550 4627 valorem
2571 4578 2629 4627 et
2651 4568 2779 4644 dig-

358 4649 617 4708 nitatem.
705 4650 822 4708 Sed
850 4649 964 4709 late
996 4671 1148 4728 saepe
1178 4652 1409 4727 ponitur
1430 4672 1532 4727 pro
1582 4653 1664 4709 rei
1715 4650 1960 4728 alicujus
2011 4650 2430 4721 consecutione,
2464 4667 2577 4724 quo
2609 4668 2781 4707 sensu
