3221 5200
505 337 622 393 358
1311 336 1493 378 Locus
1523 336 1782 379 Dscmus
1811 338 2100 388 omarus.
2551 322 2808 404 [Quaes'r.
2838 341 2929 382 ix.

511 492 587 552 ad
629 490 729 549 illa
754 482 1106 565 auspicanda
1142 482 1265 559 jam
1310 479 1382 537 de
1431 478 1582 537 facto
1629 478 1910 539 Sacerdos
1959 501 2085 542 esse
2131 482 2349 546 debuit.
2435 481 2635 541 Aaron
2675 482 2933 560 perfecte

513 580 637 631 erat
686 566 965 629 Sacerdos
1007 563 1177 622 etiam
1221 568 1344 619 tum
1386 578 1564 635 quum
1594 559 1943 619 subsistebat
1982 561 2043 618 in
2071 562 2260 639 Atrio,
2290 563 2429 622 licet
2454 562 2709 622 muneris
2736 570 2936 639 partes

518 669 719 710 omnes
746 668 865 707 0011
894 642 1269 722 implevisset.

602 729 685 787 X.
730 727 933 786 Passio
978 732 1037 783 et
1085 721 1250 779 Mors
1299 716 1513 776 Christi
1554 716 1877 777 debuerunt
1920 720 2154 796 quidem
2183 721 2587 798 praeparatoria
2616 729 2674 779 et
2701 729 2935 779 antece-

519 809 723 870 denter
748 827 810 867 se
838 805 1050 866 habere
1079 800 1153 859 ad
1184 797 1678 870 Intercessionem,
1710 798 1809 873 qui
1837 798 1946 858 fuit
1966 800 2113 859 alter
2142 801 2462 860 Sacerdotii
2488 809 2651 859 actus
2679 800 2738 857 in
2767 800 2941 858 coelis

520 887 904 968 peragendus.
992 881 1109 942 Sed
1145 898 1261 937 non
1309 885 1545 954 possent
1573 876 1687 934 dici
1716 880 2056 954 praeparatio
2089 880 2406 939 Sacerdotii
2437 880 2495 937 in
2524 882 2671 938 coelo
2699 879 2939 937 demum

521 963 979 1037 administrandi,
1031 980 1161 1020 cum
1199 959 1260 1015 in
1302 958 1415 1016 ista
1455 963 1641 1015 morte
1679 958 1906 1034 proprie
1955 959 2171 1018 oblatio
2214 959 2586 1019 sacerdotalis
2614 967 2674 1019 et
2699 958 2941 1018 traditio

527 1047 742 1107 Christi
768 1065 872 1123 pro
901 1041 1070 1100 nobis
1095 1038 1283 1117 posita
1312 1037 1404 1094 sit.

609 1127 730 1184 XI.
754 1124 909 1183 Heb.
934 1142 991 1180 v.
1015 1124 1069 1194 5,
1096 1119 1150 1177 N
1153 1137 1227 1176 on
1249 1118 1488 1175 docetur
1510 1115 1755 1189 Quando
1783 1116 2129 1178 constitutus
2152 1117 2321 1177 fuerit
2347 1118 2628 1177 Sacerdos
2652 1117 2938 1191 Christus,

528 1205 632 1266 sed
659 1226 694 1264 a
723 1205 867 1279 Quo,
899 1201 1166 1259 nimirum
1210 1217 1246 1254 a
1297 1196 1484 1270 Patre,
1516 1194 1616 1270 qui
1638 1195 1801 1254 illum
1839 1198 2080 1273 agnovit
2119 1218 2222 1274 pro
2267 1198 2438 1256 Filio.
2524 1198 2770 1256 Notatur
2795 1217 2943 1273 ergo

530 1284 805 1343 divinitas
854 1278 1209 1350 VocationiS,
1259 1295 1375 1333 non
1418 1283 1662 1351 tempus.
1769 1276 1890 1334 Nec
1936 1277 1985 1335 si
2033 1276 2342 1336 declaratio
2375 1277 2693 1337 Sacerdotii
2723 1276 2944 1334 Christi

529 1364 779 1442 pertinet
806 1361 882 1421 ad
910 1356 1399 1428 resurrectionem,
1423 1353 1620 1413 statim
1660 1355 1990 1432 negandum
2028 1365 2116 1415 est
2143 1377 2273 1416 eum
2312 1358 2434 1434 jam
2464 1365 2596 1416 ante
2624 1356 2799 1414 fuisse
2834 1356 2941 1414 Sa-

533 1442 843 1502 cerdotem.
875 1441 1006 1498 Non
1035 1433 1437 1495 confundenda
1465 1434 1618 1491 enim
1647 1454 1738 1494 res
1767 1445 1856 1494 est
1882 1455 2013 1494 cum
2042 1436 2169 1513 ejus
2198 1436 2675 1495 manifestatione.
2719 1436 2947 1493 Caetera

533 1542 664 1599 quse
692 1522 806 1581 huc
833 1518 1122 1599 pertinent
1150 1521 1391 1593 possunt
1417 1513 1536 1590 peti
1580 1533 1656 1571 cx
1694 1514 1862 1592 Disp.
1915 1515 1987 1573 de
2020 1515 2307 1575 Satisfact.
2339 1516 2407 1575 P.
2438 1516 2549 1575 VI.
2594 1536 2627 1573 a
2675 1516 2783 1572 Th.
2814 1515 2943 1572 xix.

535 1621 719 1678 usque
749 1601 824 1660 ad
853 1597 1063 1658 xxxiii.

1461 1829 1851 1905 QUAESTIO
1896 1831 2015 1891 IX.

541 2001 634 2058 De
661 2006 890 2071 natura,
923 2004 974 2053 et
1009 1992 1232 2052 Unitate
1259 1989 1918 2128 Sacwdotzgzggsseg}
1944 1990 2069 2111 tour
2095 1991 2318 2051 dicatur
2345 1994 2641 2051 seeundum
2676 1990 2948 2051 Ordinem

540 2275 737 2378 ”¹:533
789 2273 1019 2388 {aasz
1059 2226 1551 2387 ..giezita
1565 2227 2953 2386 2}{sinentis&exasserat

601 2390 763 2463 figura
784 2390 1023 2460 'Sacerdo-
1064 2390 1124 2447 in
1155 2388 1355 2448 Veteri
1383 2388 1753 2446 Testamento
1781 2387 2182 2447 adumbratum
2210 2388 2335 2463 fuit,
2368 2390 2602 2449 Levitici
2625 2388 2844 2447 scilicet
2892 2396 2954 2446 et

601 2451 658 2495 ω
679 2448 880 2494 chnsti.
1064 2467 1562 2541 Melchisedeciani,
1594 2466 1751 2542 quod
1777 2477 2082 2543 utrumque
2104 2467 2179 2525 ad
2201 2467 2493 2529 Christum
2521 2468 2861 2546 respexisse,
2895 2475 2953 2526 et

542 2553 758 2631 inipso
800 2550 1279 2628 complementum
1330 2564 1497 2605 suum
1546 2545 1865 2605 obtinuisse
1915 2546 2216 2607 indubium
2244 2557 2348 2623 est,
2380 2549 2517 2608 licet
2541 2548 2604 2607 in
2650 2547 2955 2626 posteriori

546 2634 720 2708 longe
750 2630 1055 2709 perfectior
1082 2627 1209 2703 ejus
1252 2627 1444 2701 imago
1473 2625 1735 2684 exhibita
1762 2626 1853 2700 sit,
1884 2646 2056 2703 quam
2086 2627 2145 2685 in
2173 2628 2349 2705 priori
2375 2651 2390 2688 ι
2436 2628 2607 2689 Unde
2637 2627 2955 2686 secundum

547 2710 806 2771 ordinem
836 2705 1227 2767 Melchisedec
1255 2704 1479 2777 dicitur,
1504 2723 1623 2763 non
1642 2724 1780 2763 vero
1800 2705 2112 2764 secundum
2131 2708 2390 2766 ordinem
2420 2707 2688 2767 Aaronis.

548 2829 586 2876 0
622 2827 761 2873 natio
792 2832 843 2872 et
863 2825 1032 2870 discri-
1115 2785 1199 2842 II.
1231 2784 1396 2842 Licet
1422 2783 1573 2841 enim
1602 2783 1997 2844 Sacerdotium
2021 2785 2350 2847 Leviticum
2370 2808 2484 2846 non
2500 2788 2673 2845 alium
2697 2786 2757 2844 in
2778 2786 2954 2845 finem

591 2844 719 2932 omen
763 2861 1034 2931 'Sacer-dotti
1074 2862 1358 2942 praecipue
1371 2862 1697 2923 institutum
1715 2864 1806 2938 sit,
1828 2884 2002 2940 quam
2029 2865 2104 2923 ad
2116 2866 2571 2926 adumbrandum
2602 2866 2816 2925 Christi
2847 2866 2956 2924 Sa·

606 2945 826 2997 Lex-itini,
978 2945 1029 2987 et
1069 2942 1404 3018 cerdotium,
1456 2950 1515 3001 et
1563 2942 1879 3002 similitudo
1924 2945 1985 3002 in
2015 2945 2190 3004 variis
2219 2947 2438 3006 attendi
2465 2947 2673 3024 possit;
2719 2946 2956 3003 Certum

608 3003 809 3049 christi.
1070 3033 1261 3082 tamen
1290 3020 1447 3082 istud
1473 3023 1647 3100 longe
1676 3042 1801 3082 esse
1830 3024 1931 3082 illo
1959 3024 2261 3101 augustius
2317 3034 2375 3085 et
2401 3026 2724 3103 perfectius,
2756 3034 2815 3083 et
2836 3024 2957 3084 dis-

551 3109 766 3169 crimen
794 3107 855 3166 in
875 3104 1138 3185 pluribus
1165 3122 1479 3179 occurrere,
1511 3104 1636 3162 sive
1684 3123 2072 3179 personarum,
2105 3105 2229 3163 sive
2258 3105 2650 3180 institutionis,
2683 3105 2807 3163 sive
2836 3104 2957 3163 effi-

550 3190 741 3265 caciae,
772 3187 896 3248 sive
925 3184 1306 3265 perfectionis,
1337 3193 1395 3242 et
1423 3182 1741 3242 durationis
1768 3183 2048 3242 habeatur
2074 3184 2237 3243 ratio.

1114 3264 1235 3323 III.
1278 3263 1425 3322 Nam
1439 3263 1513 3320 ad
1528 3264 1808 3321 Personas
1836 3263 1993 3340 quod
2010 3263 2231 3339 attinet,
2252 3264 2592 3323 Sacerdotes
2611 3263 2856 3322 Levitici
2880 3283 2957 3322 ex

598 3334 973 3416 1.Quoad·P01-
1074 3343 1197 3402 sola
1252 3342 1431 3400 Tribu
1483 3340 1629 3400 L‘evi
1677 3342 2158 3418 desumebantur;
2208 3344 2323 3403 Sed
2353 3344 2616 3403 Christus
2660 3362 2734 3401 ex
2776 3343 2957 3402 Tribu

688 3405 859 3443 ⁸⁰⁰⁸⁸'
1073 3422 1248 3482 Judae
1278 3421 1554 3479 oriundus
1582 3420 1706 3495 fuit,
1741 3422 1893 3480 neb.
1939 3422 2038 3479 vii.
2075 3426 2164 3497 13,
2201 3426 2293 3481 14.
2380 3423 2647 3481 numeri
2675 3422 2955 3496 homines,

557 3504 677 3563 Iste
733 3522 906 3562 verus
954 3509 1013 3559 et
1054 3509 1301 3559 aeternus
1353 3499 1463 3557 Dei
1514 3500 1717 3559 Filius.
1804 3501 1900 3558 Illi
1950 3510 2294 3579 peccatores,
2325 3503 2425 3580 qui
2474 3523 2619 3580 opus
2667 3502 2958 3561 habebant

555 3582 761 3641 offerre
802 3600 905 3657 pro
935 3579 1156 3656 seipsis,
1218 3579 1336 3636 Iste
1387 3586 1620 3637 sanctus
1674 3587 1732 3637 et
1779 3581 2196 3657 immaculatus,
2229 3583 2328 3660 qui
2376 3603 2479 3660 pro
2517 3582 2685 3641 nobis
2733 3591 2957 3641 tantum

554 3661 758 3720 offerre
787 3658 1004 3732 debuit,
1049 3666 1252 3717 etnon
1282 3677 1385 3734 pro
1414 3676 1492 3731 se,
1527 3658 1681 3716 Heb.
1713 3659 1811 3717 vii.
1852 3660 1949 3734 26,
1976 3666 2071 3720 27.
2158 3661 2255 3719 ΙΠ1
2283 3662 2624 3721 differebant
2652 3662 2725 3721 ab
2754 3662 2958 3720 hostiis

555 3760 700 3818 quas
749 3738 1080 3812 offerebant,
1112 3744 1172 3795 et
1212 3736 1399 3794 alieno
1443 3737 1723 3814 sanguine
1772 3740 2159 3816 expiationem
2205 3742 2389 3801 facere
2446 3741 2782 3816 debuerunt,
2837 3741 2957 3800 Iste

560 3818 839 3880 Sacerdos
868 3828 927 3878 et
954 3816 1209 3876 Victima
1237 3816 1405 3875 simul
1430 3816 1553 3886 fuit,
1576 3817 1674 3893 qui
1704 3819 1952 3895 seipsum
1976 3840 2079 3896 pro
2108 3820 2275 3879 nobis
2303 3821 2554 3896 tradidit,
2587 3829 2645 3880 et
2664 3822 2956 3899 proprium

555 3901 896 3977 sanguinem
951 3898 1011 3956 in
1053 3897 1377 3957 Sacrarium
1424 3896 1620 3956 intulit
1668 3906 1937 3957 aeternam
1987 3900 2435 3977 redemptionem
2482 3901 2650 3960 nobis
2694 3901 2955 3978 adeptus.

553 3981 653 4040 Illi
680 3980 874 4057 plures
902 3986 1079 4052 erant,
1110 3975 1247 4053 quia
1267 3976 1482 4054 singuli
1509 3997 1625 4035 non
1654 3986 1917 4054 poterant
1943 3988 2134 4056 partes
2162 3999 2361 4039 omnes
2386 3981 2555 4040 istius
2572 3980 2824 4039 muneris
2851 3980 2957 4038 im·

553 4060 728 4137 plere,
785 4060 899 4118 Sed
930 4058 1208 4133 Christus,
1250 4057 1386 4133 quia
1412 4056 1824 4133 perfectissime
1853 4059 2044 4117 omnia
2070 4079 2174 4137 per
2202 4060 2451 4138 seipsum
2480 4060 2721 4138 peregit,
2752 4059 2957 4119 unicus

555 4148 660 4214 est,
691 4139 789 4217 qui
820 4159 925 4198 nec
959 4140 1316 4211 Successore,
1348 4156 1454 4195 nec
1482 4135 1716 4196 Vicario
1745 4146 1895 4214 eget.

1160 4216 1269 4273 IV.
1315 4220 1370 4273 2.
1402 4215 1695 4292 Respeetu
1733 4216 1889 4274 modi
1917 4218 2298 4293 Ιπείὶῖιιτίοηίε,
2347 4219 2511 4277 Licet
2556 4218 2709 4277 enim
2737 4225 2955 4277 utrum-

1072 4315 1183 4372 que
1206 4314 1241 4352 a
1270 4295 1397 4353 Deo
1426 4295 1501 4353 sit
1527 4295 1871 4371 institutum,
1903 4296 2133 4355 diversa
2161 4306 2350 4357 tamen
2379 4298 2551 4375 longe
2580 4298 2689 4357 fuit
2730 4297 2956 4356 instit-u·

1074 4374 1248 4433 tionis
1275 4374 1402 4451 ejus
1429 4374 1592 4449 rati0,
1627 4375 1951 4434 LeViticum
1972 4376 2203 4452 quidem
2234 4378 2357 4436 sine
2373 4379 2719 4455 juramentO,
2747 4378 2959 4435 Christi

554 4473 693 4511 vero
753 4453 1147 4512 Sacerdotium
1199 4476 1333 4528 μετα
1386 4455 1710 4533 {gupa-nbc,
1771 4455 1923 4513 Heb.
1981 4456 2079 4513 vii.
2137 4460 2233 4532 20,
2282 4461 2376 4532 21,
2435 4466 2494 4516 01
2538 4458 2691 4515 Psal.
2748 4477 2842 4516 cx.
2897 4460 2956 4532 4,

554 4540 839 4608 quatenus
900 4532 1158 4590 adhibita
1220 4534 1558 4592 sacramenti
1623 4534 1898 4611 religione
1963 4544 2240 4597 ueternum
2303 4545 2359 4596 et
2417 4537 2790 4613 ἀμεταμέλητον
2845 4555 2958 4594 coe-

552 4609 716 4669 lestis
766 4612 938 4669 Pater
993 4612 1221 4670 Christo
1278 4612 1657 4671 sacerdotium
1714 4613 2005 4690 pollicitus
2051 4624 2156 4673 est.
2247 4616 2404 4674 Illud
2444 4621 2584 4675 κιιτὲ
2615 4617 2747 4692 νόμον
2776 4617 2962 4681 {noue

554 4277 599 4323 2.
630 4278 802 4328 Quoad
823 4278 1032 4323 Institu-

688 4338 869 4381 tionem
893 4350 905 4388 ;
