3221 5200
260 360 496 412 Qufflsr.
529 338 648 421 nn]
1224 398 1230 403 ,
1303 357 1382 397 ns
1412 357 1566 397 snos
1596 357 1716 397 mn.
2614 347 2690 404 47

260 501 661 577 Hieronymo,
687 497 786 558 vel
815 496 1112 556 Gnosticis
1137 505 1198 556 et
1225 497 1605 557 Eunomianis
1635 497 1924 573 associari,
1948 518 1984 556 a
2003 518 2248 576 quorum
2277 502 2563 561 sententia
2582 504 2694 564 fuit

261 581 682 641 alienissimus,
768 579 843 637 In
870 597 987 654 quo
1014 577 1208 655 inique
1237 597 1368 636 cum
1397 579 1523 654 ipso
1552 577 1744 655 egisse
1775 578 2216 655 Hieronymum,
2249 579 2526 640 Erasmus
2565 583 2690 660 ipse

263 682 390 720 non
416 668 612 738 potest
640 657 1024 732 dissimulare,
1054 676 1231 733 quum
1262 658 1344 716 ait
1371 677 1503 716 eum
1531 658 1591 717 in
1621 658 1640 715 i
1682 677 1808 716 sum
1838 657 1920 716 ita
1946 657 2362 719 debacchatum
2391 661 2585 736 fuisse,
2624 672 2690 723 ut

264 741 603 820 plusculum
649 737 949 797 modestiae
994 737 1055 794 in
1100 755 1170 796 eo
1214 746 1455 814 cogatur
1497 679 1843 810 desid’erare,
1874 739 2040 814 quasi
2085 748 2324 816 negaret
2361 741 2687 801 faciendum

266 821 633 897 martyrium,
664 819 764 877 vel
790 826 1108 894 martyrum
1137 817 1478 894 sanguinem
1521 816 1978 876 conculcandum
2026 828 2085 878 et
2124 819 2286 878 nullo
2319 840 2554 912 prorsus
2583 823 2686 879 ho·

265 920 411 960 nore
440 899 687 976 dignum
717 897 1112 971 existimaret3
1159 895 1305 954 Cum
1347 906 1585 973 negaret
1613 905 1838 956 tantum
1881 897 2203 975 Martyrum
2244 900 2517 978 reliquias
2558 923 2686 962 esse

267 979 582 1054 colendas;
647 978 776 1053 Qua
819 977 880 1034 in
925 997 985 1035 re
1015 995 1145 1034 cum
1176 976 1500 1052 vigilantio
1527 996 1635 1035 nos
1663 976 1850 1036 facere
1879 992 1995 1036 non
2023 977 2349 1038 diffitemur.
2439 981 2501 1039 Si
2543 1001 2683 1042 vero

265 1079 491 1120 errores
521 1057 807 1135 quosdam
835 1056 982 1114 fovit
1010 1056 1070 1113 in
1097 1055 1228 1113 aliis
1270 1055 1546 1114 doctrinae
1575 1056 1879 1133 capitibus,
1910 1066 1974 1116 ut
2001 1057 2087 1116 illi
2132 1059 2444 1136 exprobrat
2473 1060 2682 1120 Hiero·

263 1159 499 1216 nymus,
532 1158 710 1215 quam
738 1155 874 1195 vere
916 1154 1033 1194 non
1061 1135 1204 1193 satis
1244 1145 1486 1212 constat,
1531 1136 1678 1193 nihil
1719 1136 1887 1194 nobis
1921 1157 2052 1196 cum
2080 1137 2181 1197 illo
2210 1158 2511 1198 commune
2555 1161 2681 1200 esse

262 1218 624 1298 profitemur.

1200 1455 1587 1530 QUAEsrlo
1631 1457 1750 1517 lx.

687 1635 770 1674 AD
800 1633 1167 1674 PRAECEPTUM
1196 1633 1699 1676 &munuum—DE.
1727 1636 1920 1677 CULTU
1949 1635 2274 1678 numium.

265 1776 362 1834 An
389 1775 511 1833 Dei
535 1784 587 1833 et
613 1775 663 1833 S
677 1775 741 1833 S.
774 1774 1083 1847 Trinitatis,
1119 1773 1343 1849 Christi,
1374 1775 1653 1851 Deiparae
1690 1775 1952 1852 Vir-qim),
1983 1786 2036 1834 et
2061 1777 2305 1834 aliorum
2343 1778 2696 1839 Sanctorum.

430 1856 717 1931 Imaqines
745 1857 896 1912 cultu
922 1854 1181 1932 religioso
1202 1855 1475 1931 prosequi
1498 1856 1709 1914 liceat!
1753 1855 1902 1932 Neg.
1933 1865 2131 1914 contra
2163 1856 2514 1917 Pontificios.

353 2014 403 2074 1.
449 2015 599 2072 Duze
628 2023 765 2073 sunt
790 2013 1095 2091 praecipuae
1125 2013 1484 2088 Quaestiones
1526 2014 1598 2073 de
1630 2014 1992 2090 Imaginibus
2034 2014 2229 2091 sacris,
2265 2020 2318 2074 1.
2351 2016 2440 2074 De
2482 2036 2679 2076 earum

265 2098 437 2169 calm,
470 2094 571 2152 An
619 2093 877 2152 colendae
925 2093 1043 2151 sint
1090 2102 1150 2152 et
1176 2093 1518 2152 venerandae
1539 2097 1568 2152 P
1651 2099 1707 2151 2.
1752 2095 1842 2152 De
1883 2115 2080 2153 earum
2110 2115 2230 2169 usu,
2263 2095 2363 2152 An
2401 2095 2680 2156 faciendae

270 2175 480 2233 saltem
510 2175 640 2248 sint,
672 2182 732 2234 et
758 2173 818 2230 in
847 2172 1121 2250 Templis,
1152 2172 1394 2250 aliisque
1437 2172 1581 2232 locis
1609 2173 1790 2232 sacris
1831 2173 2182 2232 collocandas
2202 2176 2231 2232 P
2294 2174 2679 2236 Posteriorem

270 2254 540 2331 proxime
567 2253 976 2330 expendemus,
1063 2252 1228 2310 Prior
1254 2272 1407 2311 nunc
1435 2252 1793 2328 attingenda.

878 2331 962 2392 11.
1028 2332 1160 2389 Non
1209 2332 1502 2407 quaeritur,
1534 2332 1636 2389 An
1685 2331 1812 2389 dari
1851 2331 2076 2408 possint
2119 2332 2428 2409 Imagines,
2459 2355 2589 2413 quae
2618 2337 2680 2395 in

796 2412 992 2488 aliquo
1021 2413 1206 2489 pretio
1235 2411 1389 2488 apud
1415 2431 1524 2470 nos
1553 2431 1681 2470 esse
1710 2410 1974 2486 debeant,
2000 2412 2123 2471 sive
2152 2413 2427 2471 artificem
2458 2426 2680 2492 specte·

294 2538 299 2543 .
796 2512 943 2567 mus,
975 2492 1098 2549 sive
1128 2491 1443 2564 materiam,
1476 2490 1600 2550 sive
1629 2490 2047 2568 antiquitatem,
2081 2492 2204 2551 sive
2234 2492 2406 2552 etiam
2445 2505 2680 2572 propter

265 2580 661 2651 prototypum,
695 2571 744 2631 si
772 2571 849 2631 sit
875 2572 967 2631 vir
994 2571 1241 2649 alicujus
1278 2570 1543 2647 nominis,
1574 2571 1673 2630 vel
1713 2570 1881 2632 nobis
1910 2592 2094 2632 carus.
2184 2572 2301 2632 Sed
2329 2572 2430 2631 An
2459 2574 2678 2653 Imagi-

264 2653 439 2712 nibus
470 2652 584 2710 Dei
612 2661 671 2711 et
692 2652 1032 2732 Sanctorum
1061 2672 1234 2710 manu
1261 2652 1558 2711 hominum
1587 2651 1755 2712 factis
1773 2651 2116 2713 deferendus
2145 2653 2221 2713 sit
2249 2655 2439 2714 cultus
2466 2656 2678 2734 aliquis

263 2733 593 2810 religiosus,
627 2733 751 2791 sive
778 2731 1056 2805 adoratio,
1089 2733 1212 2790 sive
1236 2733 1528 2791 veneratio
1551 2732 1794 2791 dicatur.
1879 2733 1933 2790 N
1937 2752 2002 2792 ec
2024 2734 2177 2792 enim
2206 2735 2356 2792 inter
2378 2734 2676 2795 Adversa-

262 2813 381 2872 rios
410 2812 483 2870 de
512 2833 583 2871 eo
613 2812 902 2886 convenit,
934 2812 1063 2871 aliis
1103 2813 1493 2871 adorationem
1532 2812 1778 2872 rotunde
1826 2812 2229 2887 tribuentibus,
2261 2814 2392 2871 aliis
2419 2835 2559 2875 vero
2600 2816 2678 2875 ad

265 2891 672 2950 declinandam
702 2891 996 2965 invidiam,
1031 2894 1438 2951 venerationem
1479 2901 1706 2952 tantum
1747 2893 2106 2985 urgentibus.
2194 2894 2311 2952 Sed
2357 2893 2516 2952 inani
2556 2896 2674 2954 dis·

264 2973 562 3046 tinctione,
593 2972 732 3049 quia
759 2991 889 3029 cum
918 2971 1109 3031 cultus
1136 2971 1443 3050 religiosus
1470 2980 1694 3031 tantum
1739 2992 1945 3030 unicus
1974 2973 2067 3048 sit,
2097 2992 2206 3032 nec
2234 2973 2425 3032 varias
2453 2976 2676 3051 species

265 3051 552 3126 admittat,
582 3050 822 3129 perinde
850 3060 940 3111 est
965 3071 1307 3129 quocunque
1337 3052 1566 3110 nomine
1601 3051 1959 3128 indigitetur.

348 3132 469 3191 ΙΙΙ.
517 3131 806 3206 Secundo,
836 3151 953 3189 non
1021 3131 1255 3189 uaeritur
1295 3131 1390 3189 hic
1419 3131 1491 3188 de
1534 3133 1698 3188 modo
1727 3130 1918 3188 cultus
1948 3128 2311 3205 Imaginibus
2339 3129 2670 3206 exhibendi,

266 3232 367 3272 seu
395 3213 674 3289 quomodo
702 3210 929 3269 adorari
1021 3211 1229 3270 ebeant
1274 3209 1601 3286 Imagines3
1645 3217 1713 3268 ut
1755 3209 2116 3267 excutiamus
2144 3208 2434 3266 variantes
2463 3218 2522 3267 et
2562 3210 2676 3268 sibi

262 3291 541 3352 adversas
572 3290 1005 3350 Pontificiorum
1033 3289 1365 3362 sententias,
1396 3289 1497 3366 qui
1523 3289 1707 3347 instar
1722 3287 1936 3347 veteris
1964 3287 2202 3346 Babelis
2229 3287 2673 3347 architectorum

263 3372 438 3431 divisi
467 3380 606 3430 sunt
633 3370 868 3447 linguis,
906 3378 965 3429 et
1013 3371 1218 3429 acriter
1266 3370 1418 3428 inter
1462 3388 1523 3427 se
1569 3367 2001 3445 digladiantur:
2061 3367 2160 3425 An
2202 3367 2510 3426 adorandas
2555 3369 2674 3428 sint

262 3452 489 3529 proprie
521 3459 583 3509 et
607 3470 712 3527 per
740 3470 819 3524 se,
850 3459 915 3509 ut
954 3449 1262 3509 terminent
1304 3450 1456 3508 inter
1483 3468 1544 3507 se
1586 3448 1998 3522 adorationem,
2043 3455 2108 3506 ut
2148 3447 2384 3526 quidam
2412 3449 2668 3526 vellent3

261 3532 363 3591 An
390 3550 533 3590 vero
562 3539 787 3588 tantum
815 3529 1131 3606 analogice,
1162 3528 1485 3606 improprie,
1518 3538 1577 3588 et
1603 3528 1901 3587 reductive
1929 3527 2004 3587 ad
2032 3529 2362 3606 exemplum
2390 3537 2449 3587 et
2474 3539 2669 3606 proto-

259 3621 485 3689 typum,
516 3609 677 3688 quod
704 3609 819 3669 alii.
904 3608 1004 3667 An
1033 3610 1194 3668 cultu
1221 3609 1425 3668 eodem
1452 3629 1584 3667 cum
1613 3618 1939 3686 prototyp0,
1964 3616 2030 3667 ut
2057 3628 2173 3666 non
2200 3609 2386 3685 pauci,
2412 3608 2513 3667 An
2530 3630 2671 3669 vero

260 3692 495 3750 diverso
541 3699 602 3749 et
650 3688 920 3763 inferiori,
951 3697 1016 3747 ut
1058 3689 1176 3748 alii.
1265 3688 1380 3748 Sed
1423 3690 1700 3765 quaeritur
1731 3698 1956 3747 tantum
1983 3687 2057 3747 de
2083 3689 2315 3748 veritate
2341 3691 2535 3765 cultus,
2568 3688 2670 3748 An

258 3772 472 3848 aliquis
501 3770 695 3828 cultus
722 3769 1028 3846 religiosus
1053 3769 1174 3827 illis
1214 3768 1524 3845 debeatur3
1569 3768 1727 3845 quod
1767 3775 2098 3827 constanter
2134 3776 2399 3827 asserunt
2427 3768 2668 3826 Pontifi-

257 3852 351 3925 cii,
384 3850 510 3909 Nos
538 3869 679 3908 vero
705 3868 1004 3926 negamus.

341 3930 455 3989 IV.
502 3928 935 3989 Pontificiorum
985 3929 1271 3988 sententia
1315 3948 1433 3987 non
1480 3928 1715 3987 aliunde
1762 3927 1969 3987 melius
2013 3926 2323 4002 colligitur,
2370 3945 2543 4003 quam
2591 3945 2668 3984 ex

258 4009 505 4072 Concilii
534 4008 860 4068 Tridentini
906 4008 1220 4068 sanctione.
1304 4008 1470 4067 Licet
1513 4009 1668 4066 enim
1707 4007 1820 4082 hic,
1851 4015 1915 4065 ut
1955 4006 2111 4079 alibi,
2142 4024 2419 4083 suspense
2447 4014 2506 4064 et
2545 4025 2666 4062 am-

255 4090 433 4167 bigue
460 4090 749 4165 loquatur,
780 4097 847 4148 ut
872 4088 1100 4165 utrique
1129 4088 1590 4147 dissentientium
1610 4087 1762 4165 parti
1789 4095 2068 4162 quantum
2095 4083 2218 4144 fieri
2246 4092 2472 4162 poterat
2499 4086 2666 4143 satis-

256 4170 508 4244 faceret3
571 4168 714 4226 satis
757 4176 951 4226 tamen
999 4176 1248 4226 mentem
1294 4188 1456 4227 suam
1485 4167 1688 4245 aperit,
1718 4185 1896 4243 quum
1936 4173 2214 4242 provocat
2241 4164 2317 4222 ad
2346 4164 2667 4223 Concilium

256 4250 563 4308 Nicaenum
590 4248 926 4323 secundum,
958 4256 1017 4307 et
1057 4248 1337 4325 approbat
1364 4246 1640 4325 quicquid
1680 4245 1741 4304 in
1769 4266 1838 4304 eo
1880 4245 2032 4305 circa
2073 4244 2291 4302 cultum
2337 4242 2665 4320 Imaginum

255 4330 636 4388 constitutum
666 4337 793 4403 est;
856 4328 1055 4386 Verba
1095 4337 1229 4387 sunt
1275 4328 1542 4387 Sessione
1572 4329 1669 4400 25,
1703 4326 1951 4384 Decreto
1985 4324 2058 4382 de
2087 4322 2475 4381 Veneratione
2506 4323 2665 4383 Reli-

254 4409 540 4485 quiarum,
574 4408 954 4467 Invocatione
988 4406 1345 4483 Sanctorum,
1378 4417 1438 4467 et
1466 4404 1847 4482 Imaginibus,
1877 4404 1980 4464 ubi
2007 4401 2312 4461 mandatur
2340 4402 2662 4482 Episcopis,

254 4497 317 4547 ιιι
348 4492 384 4522 “
404 4487 656 4546 doceant
677 4488 1017 4546 Sanctorum
1040 4487 1492 4560 Invocationem,
1515 4486 1912 4564 Reliquiarum
1940 4485 2234 4557 honorem,
2256 4491 2315 4541 et
2337 4482 2663 4560 Imaginum

252 4588 441 4644 usum,
473 4577 534 4627 et
561 4587 664 4626 eos
691 4567 792 4644 qui
821 4568 991 4627 aliter
1016 4566 1229 4628 docent
1255 4568 1429 4644 impie
1471 4566 1684 4625 sentire
1711 4563 2063 4643 praedicent;
2129 4560 2203 4619 Id
2231 4563 2388 4641 quod
2417 4563 2663 4623 Concili-

249 4667 435 4726 orum,
465 4647 788 4727 praesertim
817 4667 957 4708 vero
986 4646 1251 4709 secundae
1281 4647 1534 4708 Nioaenae
1565 4644 1806 4724 Synodi,
1838 4641 2086 4704 decretis
2113 4651 2313 4705 contra
2335 4645 2663 4722 Imaginum

339 2387 510 2432 Status
529 2386 687 2435 Quaes·

408 2491 422 2503 ‚
442 2445 604 2489 tionis.
