3221 5200
506 353 624 410 600
1314 369 1496 409 Locus
1544 368 1799 408 nncnms
1845 369 2085 410 sexrus.
2549 351 2804 431 [QuAEsr.
2834 371 2919 410 11.

1439 588 1826 662 QUAEsTIO
1871 589 1989 647 lx.

1230 766 1308 805 DE
1350 765 1627 806 TEMPORE
1669 767 1891 807 Jth'rlm
1899 767 2187 809 CATIONIS.

512 910 605 967 An
644 908 983 987 Jzaetzficatnb
996 910 1164 981 sacta
1190 907 1264 963 sit
1289 907 1359 964 ab
1388 916 1615 982 aeterno,
1656 909 1749 966 An
1781 914 1897 981 fiat
1938 909 1998 967 in
2046 910 2320 986 Tempore
2341 912 2369 968 ‚²
2449 912 2534 968 Et
2559 910 2652 969 An
2679 911 2926 970 sitacttoe

1209 986 1491 1064 indivisus,
1522 989 1623 1063 qui
1629 990 1744 1068 fiat
1770 989 1938 1046 simul
1963 998 2017 1047 et
2040 992 2209 1047 semel
2233 992 2261 1047 ,ἲ

588 1147 635 1203 1.
682 1145 875 1202 Variae
903 1152 1037 1203 sunt
1066 1143 1217 1203 circa
1247 1145 1638 1221 Quaestionem
1659 1147 1810 1206 hanc
1839 1149 2268 1226 Theologorum
2299 1149 2617 1209 sententiae.
2675 1148 2921 1225 Quidam

501 1224 845 1303 pertendunt
873 1243 999 1282 esse
1027 1233 1220 1283 actum
1248 1226 1656 1287 immanentem
1682 1228 1743 1285 in
1775 1228 1917 1304 Deo,
1950 1230 2048 1306 qui
2079 1229 2264 1287 factus
2293 1229 2369 1287 sit
2397 1230 2468 1287 ab
2498 1238 2712 1289 aeterno
2737 1253 2752 1306 ς
2799 1230 2922 1288 Alii

502 1325 627 1362 csse
658 1312 1048 1362 transeuntem
1079 1305 1179 1382 qui
1208 1306 1547 1366 terminetur
1573 1308 1636 1364 in
1681 1308 1866 1382 nobie,
1893 1317 1949 1367 et
1980 1310 2081 1385 qui
2108 1311 2210 1368 fiat
2257 1309 2488 1368 demum
2537 1311 2597 1367 in
2643 1319 2918 1386 tempore,

502 1394 559 1441 et
578 1384 637 1439 in
658 1384 766 1440 hac
790 1383 928 1441 vita.
974 1384 1095 1442 Nec
1125 1384 1335 1445 desunt
1356 1387 1455 1462 qui
1474 1386 1694 1445 vellent
1722 1407 1848 1445 eam
1893 1388 2100 1446 deferri
2130 1388 2205 1445 ad
2232 1389 2610 1446 novissimum
2640 1400 2698 1449 et
2727 1390 2923 1448 decre·

501 1463 707 1520 torium
738 1462 908 1537 diem,
941 1482 1055 1539 quo
1078 1464 1319 1522 sistendi
1348 1475 1482 1524 sunt
1510 1486 1709 1523 omnes
1738 1486 1929 1524 coram
1959 1467 2259 1524 Tribunali
2299 1467 2511 1524 Christi
2535 1468 2830 1525 solennem
2861 1479 2920 1528 et

500 1541 788 1620 publicam
817 1543 1158 1601 sententiam
1187 1543 1567 1603 absolutionis
1595 1545 1692 1601 vel
1739 1545 2232 1603 condemnationis
2261 1564 2334 1603 ex
2364 1564 2461 1602 ore
2491 1547 2617 1622 ejus
2645 1547 2917 1605 audituri.

500 1622 665 1681 Licet
686 1642 824 1680 vero
852 1622 1119 1699 utrinque
1149 1642 1463 1682 consensus
1492 1624 1566 1682 sit
1594 1623 1656 1680 in
1683 1624 1764 1681 rei
1794 1623 2131 1698 substantia,
2178 1634 2236 1683 et
2283 1623 2578 1682 dissensus
2607 1633 2830 1683 tantum
2858 1626 2922 1683 in

498 1702 669 1760 modo
698 1702 820 1777 rei;
864 1722 980 1760 non
1010 1723 1209 1780 parum
1239 1703 1477 1763 interest
1505 1711 1699 1762 tamen
1728 1703 1801 1761 ad
1831 1712 2154 1762 accuratam
2205 1703 2286 1763 rei
2335 1704 2745 1780 cognitionem,
2776 1706 2920 1784 quid

499 1783 594 1841 hic
624 1782 986 1841 sentiendum
1011 1782 1086 1842 sit
1113 1802 1302 1842 nosse.

583 1863 668 1922 ΙΙ.
717 1862 911 1920 Prima
941 1864 1226 1936 sententia
1254 1884 1450 1922 eorum
1480 1870 1585 1939 est,
1618 1863 1720 1941 qui
1760 1863 1966 1923 volunt
2015 1863 2504 1923 Justificationem
2534 1864 2763 1924 natales
2792 1885 2925 1923 nos·

497 1951 618 2002 tros
646 1943 1024 2020 praecessisse,
1058 1952 1115 2001 et
1143 1943 1351 2002 factam
1381 1943 1558 2003 fuisse
1587 1944 1661 2003 ab
1691 1952 1922 2020 aeterm,
1955 1945 2091 2021 quia
2120 1944 2452 2021 concipiunt
2480 1964 2605 2002 eam
2635 1954 2699 2003 ut
2725 1954 2917 2003 actum

499 2023 906 2082 immanentem
934 2023 995 2080 in
1027 2024 1152 2082 Deo
1181 2032 1240 2082 et
1267 2022 1572 2082 internum.
1660 2024 1743 2083 Ut
1770 2045 1908 2082 vero
1931 2024 2076 2082 nihil
2105 2025 2177 2083 de
2227 2045 2380 2083 novo
2429 2024 2701 2084 accedere
2729 2033 2920 2102 potest

502 2102 628 2161 Deo
659 2103 716 2160 in
746 2111 1019 2181 tempore,
1044 2104 1168 2181 jam
1196 2104 1256 2161 in
1284 2104 1411 2181 ipso
1433 2104 1506 2162 ab
1536 2112 1750 2163 aeterno
1781 2105 1988 2162 factam
2031 2104 2207 2163 fuisse
2253 2113 2509 2179 censent,
2558 2115 2616 2164 et
2652 2105 2789 2163 fidei
2816 2105 2914 2164 tri·

496 2181 598 2240 bui
626 2191 851 2242 tantum
879 2182 1072 2260 quoad
1100 2184 1363 2242 notitiam
1414 2192 1472 2243 et
1521 2204 1771 2259 sensum,
1805 2185 1940 2261 quia
1969 2204 2076 2243 nos
2106 2185 2165 2242 in
2208 2185 2336 2259 ejus
2364 2185 2629 2243 notitiam
2653 2185 2829 2261 ducit,
2860 2194 2919 2244 et

500 2260 571 2320 de
602 2262 702 2320 illa
730 2270 917 2321 certos
945 2282 1052 2322 nos
1082 2263 1289 2322 reddit.

495 2381 796 2426 Justiflcatio
812 2389 983 2427 nostra
1106 2344 1226 2402 III.
1276 2342 1391 2402 Sed
1438 2343 1575 2402 licet
1602 2364 1720 2402 non
1769 2343 2114 2402 diffiteamur
2157 2344 2444 2402 decretam
2467 2346 2591 2421 jam
2641 2345 2816 2403 fuisse
2845 2346 2918 2402 ab

562 2455 660 2484 non
725 2447 802 2484 est
852 2441 983 2485 facta
1025 2431 1237 2482 aeterno
1258 2422 1734 2496 justificationem
1763 2433 2036 2497 nostram,
2068 2432 2132 2483 ut
2160 2425 2303 2481 nihil
2333 2425 2667 2501 intempore
2697 2425 2914 2483 contin-

557 2501 616 2543 ab
639 2505 838 2544 aeterno.
1021 2503 1124 2580 git,
1156 2503 1310 2580 quod
1340 2502 1413 2561 ab
1444 2503 1568 2579 ipso
1598 2504 1971 2562 constitutum
2003 2523 2117 2561 non
2148 2504 2223 2562 sit
2240 2504 2313 2563 ab
2344 2514 2591 2579 aetern03
2666 2504 2795 2563 Non
2813 2524 2916 2581 pu·

499 2593 687 2644 tamus
716 2592 907 2643 tamen
930 2591 1194 2642 accurate
1222 2582 1529 2660 loquendO,
1561 2584 1605 2642 J
1608 2583 2050 2642 ustificationem
2073 2584 2255 2661 ipsam
2285 2603 2452 2661 posse
2483 2584 2596 2643 dici
2627 2593 2918 2644 aeternam.

500 2665 649 2739 Quia
676 2664 834 2721 aliud
864 2673 952 2722 cst
980 2663 1271 2722 decretum
1293 2663 1746 2736 justificationiS,
1779 2663 1938 2721 aliud
1985 2665 2111 2739 ipsa
2149 2664 2508 2736 justificatiO,
2533 2672 2599 2721 ut
2643 2665 2801 2721 aliud
2831 2674 2920 2723 est

497 2744 769 2801 volu‘ntas
792 2741 1057 2800 salvandi
1086 2749 1145 2798 et
1189 2741 1603 2813 sanctificandi,
1653 2742 1811 2799 aliud
1856 2761 1994 2799 vero
2046 2742 2204 2799 salus
2253 2751 2311 2799 et
2350 2743 2726 2800 sanctificatio
2757 2744 2917 2819 ipsa:

497 2823 768 2880 voluntas
797 2840 899 2879 seu
929 2820 1218 2877 decretum
1250 2818 1321 2876 de
1350 2819 1694 2895 quibusdam
1716 2819 2124 2893 justificandis,
2158 2829 2431 2879 aeternum
2462 2821 2694 2897 quidem
2725 2832 2829 2895 est,
2861 2832 2920 2881 et

494 2902 667 2959 fidem
698 2900 883 2978 ipsam
910 2898 1216 2976 praecedit3
1263 2899 1365 2957 sed
1394 2898 1519 2975 ipsa
1545 2898 1789 2957 actualis
1808 2898 2150 2972 justificatio
2174 2899 2243 2959 fit
2272 2900 2328 2958 in
2353 2908 2627 2979 tempore,
2649 2910 2708 2961 et
2742 2903 2917 2961 fidem

498 3001 560 3041 se
606 2981 775 3040 uitur.

564 3002 690 3120 qIV.
740 3059 1023 3133 Secumlo,
1047 3058 1263 3118 Paulus
1293 3079 1564 3136 expresse
1592 3061 1704 3118 hoc
1733 3060 2033 3120 confirmat
2059 3061 2121 3119 in
2150 3069 2353 3120 catena
2392 3062 2612 3137 salutis²
2637 3062 2920 3121 beneficia

498 3162 628 3219 quae
657 3162 734 3201 ex
757 3150 970 3200 aeterno
1003 3139 1114 3198 Dei
1142 3160 1334 3198 amore
1363 3140 1423 3197 in
1455 3139 1689 3199 Electos
1719 3150 1955 3199 manant
1996 3142 2196 3201 ordine
2241 3162 2563 3216 recensens,
2599 3143 2697 3199 ubi
2728 3143 2917 3201 Voca-

497 3223 715 3282 tionem
744 3222 1026 3299 praeponit
1053 3222 1097 3279 J
1101 3220 1486 3296 ustificationi,
1519 3229 1792 3298 tanquam
1823 3222 2041 3299 aliquid
2071 3222 2435 3298 antecedenS,
2469 3223 2637 3281 Rom.
2668 3223 2789 3281 viii.
2821 3226 2915 3297 30,

506 3304 661 3369 Quos
690 3303 920 3377 vocavit,
946 3323 1038 3359 eos
1051 3302 1396 3378 justificavit.
1481 3301 1604 3360 Nec
1633 3302 1748 3360 alio
1776 3302 2022 3361 tendunt
2050 3303 2211 3360 varia
2239 3303 2340 3360 illa
2369 3303 2512 3378 loca,
2545 3302 2643 3360 ubi
2673 3302 2920 3362 dicimur

499 3403 602 3460 per
627 3383 799 3441 fidem
830 3391 888 3441 ct
914 3381 1028 3439 fide
1048 3381 1374 3456 justificari,
1408 3401 1577 3457 quam
1608 3389 1673 3440 ut
1702 3381 1945 3441 doceant
1970 3382 2144 3440 fidem
2188 3402 2314 3440 esse
2364 3382 2582 3459 aliquid
2604 3381 2680 3438 ad
2699 3382 2916 3456 justifi-

500 3463 784 3521 cationem
812 3460 1290 3539 praerequisitam.
1376 3460 1544 3534 Quod
1572 3460 1687 3518 dici
1716 3480 1831 3518 non
1861 3469 2056 3537 posset
2105 3462 2154 3520 si
2195 3461 2534 3537 justificatio
2583 3461 2656 3519 ab
2706 3472 2919 3521 aeterno

498 3539 652 3598 facta
680 3540 901 3597 fuisset.
987 3538 1135 3595 Nam
1166 3539 1289 3596 haec
1318 3538 1391 3594 ad
1422 3558 1654 3596 sensum
1697 3548 1918 3598 tanturn
1934 3540 2368 3614 justificationis
2415 3539 2623 3597 referre
2670 3540 2916 3599 dilutum

498 3626 604 3692 est,
635 3626 693 3676 et
721 3638 755 3674 a
787 3617 951 3674 Pauli
980 3624 1171 3673 mente
1200 3616 1470 3673 alienum.

581 3697 657 3756 V.
701 3696 916 3771 Terti0‚
950 3695 1060 3753 Rei
1090 3694 1274 3771 ipsius
1312 3701 1518 3752 natura
1558 3695 1669 3752 hoc
1713 3697 1945 3755 evincit.
2032 3696 2175 3754 Cum
2206 3697 2359 3753 enim
2408 3694 2780 3771 Justificatio,
2814 3716 2918 3758 seu

500 3777 785 3838 Remissio
831 3782 1214 3854 peccatorum,
1245 3773 1513 3851 importet
1557 3776 1883 3833 necessario
1925 3774 2321 3833 liberationem
2351 3776 2424 3834 ab
2454 3775 2808 3851 obligatione
2838 3778 2913 3836 ad

499 3879 729 3938 poenam
757 3877 930 3935 quam
972 3863 1208 3935 peccata
1248 3854 1651 3928 merebantur3
1697 3875 1803 3913 nec
1851 3856 2156 3932 quisquam
2206 3875 2333 3913 eam
2381 3856 2566 3933 possit
2621 3859 2914 3935 consequi,

499 3940 611 3998 nisi
639 3939 827 4017 posita
854 3937 967 3996 fide
1024 3944 1083 3995 et
1123 3935 1498 4014 poenitentia3
1541 3933 1727 4011 liquet
1768 3936 1941 3995 talem
1978 3935 2452 4013 justificationem
2494 3957 2610 3995 non
2659 3939 2914 4015 potuisse

496 4020 622 4078 fieri
650 4019 724 4078 ab
774 4028 1005 4093 aetern0,
1038 4016 1141 4075 sed
1169 4024 1394 4075 tantum
1444 4015 1504 4073 in
1543 4023 1817 4092 tempore,
1849 4036 2028 4094 quum
2071 4017 2244 4075 homo
2273 4026 2407 4077 actu
2436 4017 2620 4076 credit
2648 4028 2705 4076 et
2733 4017 2913 4095 poeni-

497 4100 735 4159 tentiam
765 4099 905 4175 agit.
990 4095 1159 4155 Alias
1202 4104 1537 4173 sequeretur
1584 4115 1733 4169 eum,
1786 4097 1886 4172 qui
1927 4097 2281 4174 justificatus
2310 4108 2414 4173 est,
2467 4107 2526 4157 et
2566 4116 2670 4175 per
2716 4117 2913 4156 conse-

498 4200 682 4257 quens
727 4178 953 4237 transiit
997 4197 1031 4234 a
1075 4184 1257 4236 morte
1303 4177 1375 4235 ad
1405 4177 1602 4251 vitam,
1636 4184 1694 4235 et
1741 4175 1895 4235 filius
1936 4177 2047 4235 Dei
2101 4177 2288 4237 factus
2329 4187 2433 4253 est,
2479 4188 2538 4238 et
2564 4178 2749 4235 haeres
2776 4178 2912 4235 vitoe

499 4268 744 4334 aeternae,
778 4259 966 4317 adhuc
994 4276 1225 4315 manere
1253 4256 1312 4314 in
1343 4262 1543 4330 morte,
1576 4265 1636 4314 et
1664 4276 1791 4315 esse
1820 4256 2001 4315 filium
2029 4257 2164 4332 irae3
2197 4259 2334 4335 quia
2361 4259 2460 4335 qui
2488 4256 2743 4316 nondum
2774 4275 2909 4314 con-

500 4359 701 4398 versus
731 4347 834 4413 est,
868 4337 1013 4396 etin
1052 4345 1287 4413 peccato
1306 4335 1483 4413 jacet,
1514 4346 1709 4395 manet
1736 4337 1795 4394 in
1837 4345 2038 4410 morte,
2089 4341 2117 4395 1
2152 4339 2296 4397 Joh.
2345 4340 2426 4397 iii.
2483 4342 2574 4414 14,
2606 4344 2663 4395 et
2692 4345 2781 4395 est
2836 4356 2912 4394 cx

501 4418 766 4492 Diabolo‚
803 4422 830 4476 l
865 4418 906 4476 J
912 4417 1004 4475 oh.
1036 4416 1115 4474 iii.
1147 4418 1202 4489 8,
1233 4415 1293 4472 in
1324 4424 1478 4473 statu
1507 4415 1909 4491 damnationis,
1945 4416 2076 4474 Gal.
2119 4437 2176 4475 v.
2209 4422 2305 4476 21.

578 4497 689 4555 VI.
717 4497 981 4574 Denique
994 4515 1124 4554 cum
1139 4494 1479 4572 justificatio
1491 4495 1565 4552 sit
1580 4496 1689 4554 Dei
1701 4495 2060 4569 beneficium,
2073 4497 2413 4555 beneficium
2436 4505 2628 4556 autem
2647 4517 2761 4555 non
2781 4516 2910 4573 pos·

498 4576 573 4634 sit
590 4577 665 4633 ad
682 4597 788 4635 nos
810 4576 1070 4649 transire,
1086 4575 1368 4652 nobisque
1386 4583 1517 4632 actu
1542 4575 1804 4650 conferri,
1830 4575 1941 4632 nisi
1959 4575 2020 4633 in
2038 4585 2310 4653 tempore,
2325 4585 2484 4653 patet
2495 4597 2611 4635 non
2635 4597 2761 4635 esse
2781 4595 2914 4635 con·

496 4653 819 4729 cipiendam
848 4655 923 4712 ad
954 4654 1188 4712 modum
1218 4664 1381 4712 actus
1410 4653 1794 4729 immanentis,
1828 4662 1886 4713 et
1913 4655 2121 4713 interni
2165 4656 2224 4712 in
2256 4656 2400 4729 De0‚
2444 4657 2544 4715 sed
2575 4658 2649 4715 ad
2677 4657 2914 4715 modum
