3221 5200
315 322 543 383 QuAEs‘r.
574 314 712 395 vin]
1194 334 1272 374 nn
1301 334 1554 374 roenaaa
1584 335 1842 374 onum.
2603 316 2718 373 201

313 474 548 550 factum,
581 483 646 533 ut
662 472 853 533 varias
881 474 1180 534 stricturas
1206 476 1440 535 foederis
1470 476 1672 553 gratiae
1700 477 1759 534 in
1791 474 2087 550 Decalogo
2118 474 2280 531 Deus
2308 491 2435 532 esse
2456 473 2723 547 voluerit,

316 575 447 631 quae
476 554 552 612 ad
594 554 743 613 illud
785 556 1062 633 populum
1105 566 1459 632 revocarent,
1505 577 1577 615 ne
1621 576 1697 615 ex
1739 554 2090 632 impotentiae
2134 573 2253 612 suae
2288 551 2635 630 cognitione,
2667 562 2728 611 et

315 634 559 693 terribili
600 634 803 693 mortis
845 635 1303 711 denunciatione,
1346 635 1418 694 de
1462 637 1650 713 gratia
1681 637 1794 694 Dei
1833 635 2003 713 plane
2034 633 2397 711 desperaret;
2442 632 2600 709 quod
2629 633 2728 691 vel

317 714 579 792 praefatio
607 715 695 772 illi
722 715 978 791 praefixa,
1008 716 1109 774 ubi
1140 736 1201 774 se
1229 716 1532 793 profitetur
1559 719 1749 792 Deum
1776 716 1983 791 populi
2005 715 2108 789 sui,
2140 712 2240 790 qui
2267 711 2434 771 illum
2463 711 2667 771 eduxit
2694 732 2727 770 e

319 795 597 854 servitute
621 795 997 871 AEgyptiaea,
1029 805 1088 854 et
1115 796 1525 872 promissiones
1555 796 1809 854 secundo
1832 803 1891 853 et
1917 794 2120 872 quinto
2148 802 2436 871 praecepto
2465 812 2724 867 annexae,

317 875 458 932 satis
486 885 682 952 aperte
711 875 938 933 docent.

401 954 660 1012 XXXI.
706 953 965 1030 Interim,
998 955 1134 1031 quia
1158 955 1377 1015 Foedus
1406 955 1608 1032 gratiae
1639 954 1698 1012 in
1726 956 1835 1013 hac
1864 961 2031 1013 aetate
2054 953 2163 1013 sub
2192 952 2381 1029 rigida
2408 952 2729 1011 oeconomia

314 1033 494 1110 legali
535 1034 937 1092 administrare
979 1035 1105 1093 Deo
1144 1036 1377 1112 placuit,
1422 1046 1546 1095 tum
1590 1043 1825 1112 propter
1866 1034 2254 1093 conditionem
2287 1033 2495 1109 Populi
2538 1032 2728 1091 adhuc

317 1113 571 1189 infantis,
619 1122 743 1172 tum
784 1123 1018 1191 propter
1059 1115 1394 1174 dilationem
1442 1115 1731 1173 adventus
1784 1114 2015 1189 Christi,
2067 1123 2126 1173 et
2174 1111 2583 1172 satisfactionis
2627 1132 2730 1189 per

317 1193 507 1270 ipsum
555 1194 929 1271 praestandae3
983 1195 1219 1272 Duplex
1261 1194 1426 1272 σχέο-ις
1475 1196 1537 1253 in
1581 1196 1691 1253 hac
1733 1194 2161 1273 dispensatione
2204 1212 2429 1269 semper
2469 1192 2729 1251 obtinere

318 1273 536 1332 debuit.
632 1275 763 1331 Una
788 1275 1016 1350 Leyalis
1045 1275 1315 1351 severior,
1359 1297 1462 1353 per
1503 1295 1678 1353 quam
1719 1295 1873 1332 nova
1915 1274 2091 1351 Legis
2133 1282 2191 1332 et
2218 1273 2452 1330 foederis
2493 1292 2729 1350 operum

318 1353 798 1431 promulgatione,
852 1374 983 1412 eum
1041 1355 1401 1415 intolerando
1457 1355 1925 1414 caeremoniarum
1974 1356 2121 1431 jugo
2171 1352 2493 1430 exprimere
2542 1352 2730 1411 voluit

318 1433 461 1511 quid
500 1434 763 1492 homines
792 1434 1085 1509 deberent,
1118 1443 1177 1494 et
1204 1436 1345 1512 quid
1373 1436 1515 1515 ipsis
1544 1436 1620 1495 ob
1649 1434 1899 1494 officium
1937 1454 2054 1492 non
2098 1434 2417 1511 praestitum
2447 1441 2601 1491 esset
2628 1453 2728 1491 ex-

317 1514 698 1590 pectandum;
744 1534 858 1591 quo
901 1517 1336 1592 respectuLex
1365 1525 1607 1576 vocatur
1650 1515 1847 1574 Litera
1888 1513 2175 1587 occidens,
2220 1519 2255 1570 2
2298 1513 2428 1571 Cor.
2472 1513 2552 1571 iii.
2585 1515 2639 1587 6,
2672 1521 2730 1571 et

320 1593 779 1671 Chirographum
827 1595 995 1654 nobis
1044 1597 1411 1672 contrarium,
1465 1596 1588 1655 Col.
1621 1596 1679 1653 ii.
1716 1599 1807 1671 14,
1839 1595 1977 1672 quia
2023 1614 2127 1671 per
2167 1591 2314 1650 illud
2354 1593 2617 1651 homines
2668 1613 2729 1650 se

321 1672 569 1731 debendi
613 1694 758 1750 reOS,
790 1684 850 1734 et
876 1676 1078 1735 mortis
1107 1676 1274 1752 filios,
1306 1676 1695 1735 declaratione
1725 1675 1939 1752 scripta
1967 1694 2042 1732 ex
2083 1672 2315 1751 proprio
2345 1672 2626 1748 sanguine
2669 1673 2730 1728 in

321 1753 785 1831 Circumcisione,
817 1764 876 1813 et
904 1756 1187 1832 sanguine
1216 1757 1601 1831 victimarum,
1634 1755 2068 1832 profitebantur.
2151 1755 2354 1809 Altera
2383 1751 2732 1827 Evanyelica

321 1834 570 1907 suavior,
596 1844 880 1911 quatenus
913 1838 948 1868 “
970 1836 1096 1893 Lex
1119 1846 1242 1896 erat
1268 1836 1627 1913 paedagogus
1649 1836 1723 1892 ad
1753 1834 2106 1907 Christum,’'
2132 1831 2265 1891 Gal.
2289 1831 2369 1888 iii.
2394 1834 2489 1906 24,
2515 1840 2575 1890 et
2596 1850 2730 1888 con·-

320 1913 542 1972 tinebat
574 1917 609 1946 ‘⁴
631 1915 893 1973 umbram
921 1935 1112 1975 rerum
1142 1916 1520 1990 futurarum,’'
1554 1915 1709 1973 Heb.
1740 1935 1799 1973 x.
1835 1918 1886 1988 1,
1919 1913 2087 1990 cujus
2116 1931 2324 1988 corpus
2353 1919 2412 1969 et
2460 1930 2735 1988 expressa

317 1993 510 2070 imago
552 2002 641 2053 cst
684 1995 745 2052 in
789 1994 1036 2074 ChristO.
1126 1995 1313 2071 Unde,
1346 2003 1628 2073 quantum
1672 1994 1952 2054 molestiae
1998 2001 2056 2051 et
2084 1990 2414 2051 vexationis
2457 1989 2734 2049 afferebat

319 2073 419 2131 illa
447 2075 766 2132 oeconomia
794 2095 896 2151 per
924 2095 1086 2134 suam
1114 2076 1362 2153 priorem
1391 2075 1575 2152 σχίσιν,
1608 2084 1835 2134 tantum
1876 2071 2180 2150 posteriori
2223 2069 2552 2129 conferebat
2582 2069 2730 2128 sola-

317 2154 489 2212 minis
517 2162 576 2213 et
603 2155 802 2231 gaudii
828 2155 1160 2213 hominibus
1187 2155 1299 2232 piis
1328 2155 1404 2214 ad
1445 2156 1605 2213 illam
1634 2152 2084 2225 attendentibus,
2117 2160 2176 2210 et
2203 2149 2595 2228 quaerentibus
2624 2150 2732 2208 sub

316 2234 419 2292 illo
462 2234 674 2293 cortice
717 2243 777 2293 et
803 2234 936 2304 velo
966 2235 1270 2293 veritatem
1314 2234 1675 2313 spiritualem
1704 2242 1763 2292 et
1793 2231 2229 2308 Evangelicam,
2261 2249 2433 2307 quam
2482 2228 2733 2306 Spiritus

322 2315 570 2374 Sanctus
598 2334 697 2373 eos
726 2313 987 2390 docebat,
1032 2334 1136 2391 per
1176 2315 1589 2373 revelationem
1630 2313 1875 2372 subinde
1905 2310 2240 2386 clariorem3
2309 2310 2436 2368 Deo
2478 2309 2645 2385 plura
2673 2317 2734 2367 et

316 2395 537 2472 majora
575 2415 680 2472 pro
710 2402 965 2472 tempore
996 2394 1255 2453 subsidia
1285 2394 1773 2469 subministrante,
1819 2413 1935 2451 non
1962 2390 2136 2449 modo
2177 2410 2280 2469 per
2320 2388 2733 2466 promissiones

319 2482 379 2533 et
407 2475 655 2534 Oracula
697 2473 1014 2533 identidem
1056 2475 1317 2552 repetita,
1364 2474 1465 2533 sed
1509 2482 1568 2533 et
1607 2494 1712 2552 per
1752 2470 2158 2532 delineatiores
2185 2481 2378 2547 typos,
2411 2469 2646 2527 umbras
2675 2476 2735 2527 et

316 2554 534 2632 figuras
561 2555 947 2633 perfectiores,
992 2556 1054 2613 in
1082 2556 1294 2634 quibus
1334 2554 1630 2615 habebant
1657 2554 2008 2613 exactiorem
2051 2551 2136 2610 rei
2177 2551 2362 2628 ipsius
2392 2548 2730 2608 delineatio-

320 2655 470 2712 nem,
503 2644 562 2694 et
589 2636 913 2696 accuratius
943 2636 1156 2696 Christi
1185 2637 1260 2696 ob
1290 2636 1488 2695 oculos
1517 2636 1685 2714 quasi
1712 2635 1774 2693 in
1802 2633 1959 2712 typis
1988 2632 2248 2691 crucifixi
2277 2629 2616 2712 πςόγςαμιω.

318 2766 511 2826 Duplex
548 2768 806 2813 oeconomia
915 2719 1211 2778 XXXII.
1241 2721 1432 2780 Juxta
1459 2719 1749 2796 duplicem
1778 2718 1947 2777 istam
1978 2716 2144 2792 σχέο-ιι
2172 2714 2593 2774 administratio
2621 2713 2735 2771 ista

376 2827 568 2871 foederis
618 2829 708 2871 sub
748 2826 807 2871 v,
847 2808 1038 2876 potest
1056 2800 1318 2877 spectari,
1343 2800 1439 2859 vel
1467 2799 1660 2877 quoad
1677 2807 1970 2858 externam
1992 2796 2349 2855 oeconomiam
2377 2793 2734 2871 paedagogiae

380 2883 454 2951 Τ..
492 2882 534 2927 1.
574 2885 810 2952 Externa.
851 2879 1073 2955 legalia,
1103 2881 1200 2938 vel
1229 2880 1421 2956 quoad
1462 2881 1741 2938 internam
1781 2878 2070 2936 veritatem
2110 2875 2506 2953 promissionis
2536 2875 2733 2931 Evan-

379 2954 515 2995 ⁰¹¹J¹¹⁸
537 2941 762 2984 Materna.
844 2958 1044 3031 gelicae
1075 2958 1183 3016 sub
1222 2958 1324 3015 illa
1350 2958 1644 3016 latentem.
1728 2957 1984 3014 blateria
2012 2964 2266 3014 externae
2295 2954 2463 3012 istius
2504 2973 2731 3010 oecono-

324 3035 454 3094 miae
476 3036 586 3094 fuit
614 3037 741 3094 Lex
769 3035 998 3110 triplex,
1029 3035 1281 3110 moralis,
1312 3036 1742 3110 caeremonialis,
1784 3044 1843 3092 et
1869 3034 2113 3092 forensis
2138 3055 2152 3092 ε
2197 3034 2311 3090 Illa
2337 3032 2734 3090 fundamenta-

850 3113 924 3170 lis
966 3121 1070 3186 est,
1105 3113 1243 3171 Istae
1271 3113 1428 3171 illius
1455 3114 1821 3190 appendices.
1910 3114 2130 3169 Forma
2164 3111 2274 3169 fuit
2300 3111 2490 3187 pactio
2520 3110 2606 3166 illi
2633 3128 2734 3166 ex-

852 3201 1029 3251 ternae
1059 3192 1473 3269 dispensationi
1514 3192 1728 3266 addita,
1759 3211 1887 3267 quae
1917 3211 1993 3249 ex
2027 3198 2189 3266 parte
2221 3189 2333 3247 Dei
2360 3188 2470 3247 fuit
2496 3188 2736 3266 promis·

319 3274 406 3333 sio
435 3283 601 3333 terrae
632 3273 882 3346 Canaan,
914 3280 972 3331 et
1009 3271 1220 3348 quietis
1248 3292 1314 3330 ac
1337 3271 1628 3330 felicitatis
1656 3272 1714 3328 in
1744 3270 1859 3346 illa,
1891 3279 1966 3346 et,
1999 3269 2108 3329 sub
2137 3269 2434 3345 utriusque
2463 3268 2732 3344 imagine,

318 3354 450 3413 eoeli
478 3363 536 3413 et
564 3360 929 3429 σιββαιτισ-μοῧ
956 3352 1015 3409 in
1044 3352 1163 3427 illo,
1199 3351 1352 3411 Heb.
1382 3352 1460 3410 iv.
1492 3354 1547 3427 3,
1579 3354 1634 3426 9,
1667 3371 1769 3410 seu
1797 3351 1934 3409 vitae
1963 3358 2191 3409 aeternae
2213 3349 2388 3426 juxta
2416 3347 2734 3406 clausulam

301 3437 412 3508 sac
439 3437 541 3493 hoc
584 3446 637 3494 et
672 3435 834 3493 vives.
921 3433 1016 3490 Ex
1057 3441 1219 3509 parte
1262 3433 1460 3509 populi
1500 3431 1608 3491 fuit
1652 3430 1944 3508 stipulatio
1988 3428 2330 3489 obedientiae
2373 3448 2512 3505 erga
2552 3436 2733 3487 totam

320 3515 554 3591 Legem,
588 3516 712 3573 sive
725 3513 955 3590 justitia
983 3532 1114 3571 cum
1134 3516 1406 3588 perfecta,
1432 3512 1605 3580 Deut.
1626 3511 1831 3587 xxvii„
1865 3510 1997 3570 Gal.
2029 3510 2128 3577 iii„
2162 3517 2282 3568 tum
2303 3509 2641 3584 personalia,
2674 3518 2734 3568 ct

317 3615 421 3671 per
447 3595 605 3653 illam
629 3593 987 3674 justificatiO,
1022 3593 1190 3651 Rom.
1221 3593 1280 3650 ii.
1329 3592 1445 3651 Sed
1472 3592 1595 3650 liaec
1626 3591 1919 3668 stipulatio
1948 3590 2008 3647 in
2031 3589 2243 3647 foedere
2276 3589 2597 3648 Israelitico
2626 3589 2735 3648 fuit

318 3683 541 3732 tantum
569 3673 970 3747 accidentaria,
1015 3680 1214 3750 utpote
1257 3692 1386 3749 quae
1429 3671 1559 3730 ideo
1601 3671 1773 3730 fuerit
1815 3679 2037 3730 tantum
2080 3669 2295 3744 addita,
2327 3679 2392 3727 ut
2432 3690 2536 3746 per
2575 3669 2734 3729 illius

467 3167 659 3212 Forma.

316 3750 592 3829 ἀδυναμίαι
616 3754 790 3812 homo
811 3753 886 3811 ad
905 3772 1023 3811 suae
1045 3753 1289 3830 justitiae
1317 3751 1754 3827 abdicationem,
1786 3760 1846 3810 et
1871 3752 2092 3826 alienae,
2117 3769 2245 3825 quae
2275 3749 2382 3807 sub
2404 3750 2562 3825 Lege
2591 3749 2733 3807 late·
2832 3756 2835 3760 ’

315 3833 435 3908 bat,
466 3834 796 3911 amplexum
825 3832 1222 3892 deduceretur.

900 3912 1231 3970 XXXIII.
1268 3912 1429 3969 Finis
1456 3911 1625 3970 istius
1653 3909 1986 3968 oeconomiae
2013 3908 2130 3967 κατ’
2155 3905 2310 3989 ἔξω,
2342 3926 2458 3964 non
2487 3906 2732 3981 fuitjus-

847 3992 1070 4071 tificatio
1092 3991 1359 4065 hominiS,
1385 3991 1541 4068 quod
1559 3990 1779 4048 ratione
1805 3988 1981 4065 Legis
2009 3989 2244 4046 moralis
2271 3986 2439 4044 facile
2468 3994 2734 4062 poterant

321 4074 670 4148 cognoscere
688 4091 761 4130 ex
776 4072 897 4129 suis
904 4071 1168 4147 peccatiS,
1195 4071 1406 4148 quibus
1425 4079 1587 4129 erant
1616 4068 1888 4143 obnoxii,
1906 4068 2073 4124 Rom.
2098 4067 2177 4124 iii.
2202 4070 2298 4140 20,
2324 4086 2398 4124 ex
2418 4065 2732 4124 irritatione

320 4171 552 4210 suarum
581 4150 980 4227 cupiditatum,
1015 4150 1182 4208 Rom.
1214 4150 1332 4224 vii.,
1365 4170 1439 4208 ex
1468 4149 1903 4225 impossibilitate
1930 4147 2117 4222 legem
2146 4145 2420 4203 moralem
2436 4143 2730 4221 implendi,

322 4231 491 4289 Rom.
516 4230 637 4289 viii.
668 4234 723 4303 3,
756 4250 832 4288 ex
873 4230 1255 4288 maledictione
1295 4230 1461 4306 legis,
1492 4248 1665 4306 quam
1694 4226 2080 4285 denunciabat
2120 4225 2369 4282 minimae
2412 4233 2733 4299 transgres-

312 4311 485 4384 sioni,
509 4310 641 4370 Gal.
665 4309 747 4368 iii.
782 4312 883 4385 10;
916 4310 1333 4386 rationeLegis
1352 4307 1782 4380 cae1·emoniah'S,
1819 4308 1872 4364 1.
1896 4325 1970 4364 ex
1993 4314 2202 4363 natura
2234 4303 2732 4378 Coeremoniarum,

320 4410 450 4467 quae
479 4398 603 4449 tota
629 4398 753 4448 erat
779 4388 1071 4447 mundana
1099 4396 1157 4448 et
1185 4389 1449 4463 carnalis,
1481 4408 1609 4465 quae
1639 4386 1782 4443 nihil
1814 4404 2114 4443 commune
2156 4382 2407 4441 habebat
2436 4402 2567 4441 cum
2597 4404 2732 4441 eon-

323 4469 581 4543 scientia,
626 4474 683 4527 2.
728 4489 803 4526 ex
845 4469 1085 4527 istarum
1127 4469 1450 4545 repetitione
1472 4477 1549 4525 ret
1591 4466 1909 4540 iteratione,
1953 4464 2180 4541 qualem
2224 4462 2562 4541 justificatio
2604 4484 2734 4541 quae

325 4548 589 4608 consistit
625 4548 687 4605 in
715 4568 831 4607 non
873 4548 1267 4607 recordatione
1310 4556 1693 4625 peccatorum,
1727 4545 1881 4603 Heb.
1911 4544 2052 4618 viii„
2083 4563 2201 4602 non
2242 4542 2513 4619 admittit,
2559 4545 2614 4602 3.
2659 4565 2736 4602 ex

319 4629 560 4688 istarum
587 4628 912 4703 conditione,
936 4636 1059 4689 tum
1088 4628 1226 4705 quia
1253 4637 1415 4686 erant
1444 4625 1746 4704 mutabiles,
1779 4624 1936 4703 quod
1976 4624 2166 4684 locum
2195 4644 2311 4683 non
2339 4622 2653 4702 habuisset,
2687 4624 2735 4682 si

485 3964 636 4011 Finis.
