3221 5200
278 397 499 446 Quasr.
531 374 620 457 v.]
973 396 1049 434 ni:
1079 396 1312 436 orricio
1341 398 1576 438 cuius’ri
1609 398 1999 438 Memnonio.
2581 387 2695 444 347

278 551 337 599 ct
364 547 565 598 morte.
615 537 711 597 Sic
743 538 896 597 ch.
921 539 957 596 i.
989 541 1043 612 2,
1067 541 1120 612 3,
1149 539 1310 598 Deus
1338 539 1549 600 dicitur
1565 539 1736 598 nobis
1763 541 1991 599 locutus
2020 539 2080 598 in
2112 540 2282 617 Filio,
2314 550 2587 620 tanquam
2638 544 2698 602 in

282 640 505 679 summo
552 619 855 695 Propheta,
890 618 991 695 qui
1031 627 1336 695 postquam
1359 621 1761 698 purgationem
1803 631 2171 698 peccatorum
2205 631 2531 681 nostrorum
2562 624 2700 683 fecit

279 721 395 778 qua
442 698 738 774 Sacerdos,
771 699 921 758 sedit
949 699 1008 755 in
1038 698 1246 758 dextra
1272 700 1491 758 Throni
1520 701 1838 779 majestatis
1863 700 1920 758 in
1951 702 2215 776 excelsis,
2248 722 2363 779 qua
2386 703 2534 762 Rex.

281 820 328 864 2.
357 821 415 864 Iu
460 820 642 877 triplici
689 819 772 864 ho-
895 779 1077 836 VIII.
1119 780 1402 855 SecundO,
1430 781 1601 839 Hanc
1630 780 1874 857 triplicis
1903 781 2090 841 Officii
2119 783 2581 861 conjunctionem
2610 805 2699 843 re-

340 881 527 923 minum
631 880 774 923 mise·
813 859 1079 936 quirebat
1108 861 1318 936 triplex
1365 862 1647 919 hominum
1689 862 1915 919 miseria
1942 881 2045 939 per
2071 871 2371 938 peccatum
2400 866 2695 940 accersita,

338 940 436 990 rim
805 940 1159 1016 Ignorantia,
1195 942 1429 1017 Beatus,
1461 942 1751 1018 Tyrannis
1774 950 1832 999 et
1864 942 2113 1001 servitus
2140 945 2380 1020 peccati.
2412 947 2695 1021 Ignoran-

280 1025 359 1081 tia
389 1031 624 1082 sanatur
650 1041 753 1098 per
783 1020 1171 1097 Prophetiam,
1197 1023 1415 1080 Beatus
1436 1042 1537 1099 per
1569 1021 1985 1097 Sacerdotium,
2022 1024 2304 1098 Dymnus,
2331 1035 2382 1082 et
2410 1027 2699 1102 corruptio

271 1105 498 1181 peccati
522 1121 625 1180 per
654 1102 942 1178 Regnum.
990 1100 1212 1159 Lumen
1265 1102 1670 1178 Propheticum
1702 1103 1971 1160 tenebras
1998 1104 2207 1162 erroris
2235 1104 2489 1180 discutit,
2523 1107 2698 1164 Meri-

281 1194 403 1243 tum
438 1182 765 1242 Sacerdotis
793 1189 1014 1239 reatum
1036 1181 1206 1256 tollit,
1238 1190 1297 1240 et
1323 1182 1847 1240 reconciliationem
1876 1182 2045 1241 nobis
2071 1194 2251 1260 parat,
2287 1185 2553 1244 Potentia
2584 1188 2699 1245 Re·

282 1264 374 1340 gis
404 1263 740 1322 servitutem
781 1261 1004 1339 peccati
1045 1269 1105 1319 ct
1146 1262 1346 1320 mortis
1395 1262 1597 1321 aufert.
1686 1262 1977 1339 Propheta
2015 1265 2267 1322 ostendit
2289 1266 2458 1324 nobis
2488 1266 2695 1341 Deum,

287 1343 570 1402 Sacerdos
612 1342 849 1401 adducit
896 1361 1003 1398 nos
1052 1340 1127 1398 ad
1177 1344 1384 1417 Deum,
1417 1351 1475 1400 et
1507 1343 1637 1400 Rex
1668 1343 1969 1419 conjungit
1998 1352 2055 1403 et
2076 1344 2360 1419 glorificat
2391 1367 2517 1404 cum
2554 1348 2699 1406 Deo,

282 1425 574 1500 Propheta
606 1423 823 1499 Spiritu
850 1421 1289 1480 illuminationis
1316 1422 1670 1481 intellectum
1716 1422 1982 1496 illustrat,
2013 1425 2294 1483 Sacerdos
2328 1427 2544 1504 Spiritu
2564 1448 2698 1485 con-

283 1503 581 1563 solationis
611 1501 946 1579 tranquillat
996 1521 1096 1559 cor
1123 1511 1181 1561 et
1222 1502 1654 1577 conscientiam,
1688 1503 1818 1560 Rex
1863 1503 2081 1581 Spiritu
2110 1506 2581 1565 sanctificationis
2610 1527 2699 1566 re·

281 1579 564 1646 bellantes
593 1581 833 1641 affectus
862 1581 1074 1639 domat.

886 1661 1006 1720 IX.
1049 1661 1262 1734 Tertio,
1296 1661 1556 1720 Eandem
1594 1662 1872 1740 exigebat
1915 1674 2126 1722 natura
2153 1667 2349 1724 salutis
2382 1668 2535 1725 nobis
2573 1689 2699 1726 con-

788 1744 1066 1817 serendae.
1152 1742 1288 1799 Tria
1325 1742 1479 1800 enim
1527 1743 1762 1800 omnino
1808 1743 1881 1801 ad
1931 1765 2053 1802 eam
2096 1746 2548 1823 requirebantur,
2581 1749 2699 1805 An-

805 1823 1105 1895 nunciatzb,
1136 1823 1459 1898 Acqm'sitio,
1488 1824 1813 1898 Applicatio
1842 1847 1861 1881 .·
1893 1824 1976 1882 Ut
2001 1825 2351 1884 revelaretur
2378 1826 2544 1884 nobis
2573 1828 2699 1904 qui-

284 1904 393 1962 bus
422 1912 627 1963 natura
653 1911 743 1962 est
772 1902 986 1979 ignota,
1036 1902 1119 1960 Ut
1147 1902 1315 1960 nobis
1343 1903 1750 1979 acquireretur,
1782 1911 1842 1961 et
1871 1904 1954 1962 Ut
1971 1905 2252 1981 acquisita
2299 1906 2700 1982 applicaretur.

283 1985 547 2043 Christus
576 2003 716 2061 ergo
743 1982 957 2060 triplici
986 1981 1189 2041 Officio
1238 2002 1359 2057 suc,
1391 1983 1503 2040 tria
1530 1982 1643 2040 ista
1683 1983 1883 2043 debuit
1923 1994 2213 2059 praestare,
2262 1986 2504 2044 salutem
2535 1988 2703 2046 nobis

282 2065 632 2140 annunciare
716 2083 820 2140 per
900 2061 1222 2120 doctrinam
1287 2062 1607 2139 Prophetae,
1691 2063 1932 2122 salutem
1996 2064 2337 2141 promissam
2407 2067 2702 2143 acquirere

280 2165 384 2283 pneg·
421 2145 691 2239 meritum
739 2142 1084 2217 Sacerdotis,
1129 2149 1189 2200 et
1229 2142 1570 2219 acquisitam
1614 2143 1903 2219 applicare
1945 2164 2048 2222 per
2092 2144 2403 2202 efficaciam
2451 2146 2701 2223 Spiritus

378 2245 477 2303 gu.

283 2372 328 2416 4.
373 2372 431 2416 In
485 2371 770 2415 Mediatoris

429 2431 653 2482 actibus;

282 1730 326 1775 3.
349 1731 407 1774 In
432 1735 611 1774 natura
633 1729 763 1774 salu·

314 1791 379 1832 tis
401 1789 704 1834 conferendas
723 1803 735 1840 ;

893 2303 977 2360 X.
1022 2302 1256 2377 Quarto,
1287 2302 1629 2360 Mediator-is
1671 2311 1828 2360 actu-s
1855 2322 1967 2360 non
2000 2311 2263 2380 poterant
2291 2305 2458 2365 aliter
2483 2307 2700 2383 perfici.

811 2383 945 2441 Duo
975 2383 1128 2441 enim
1173 2383 1499 2442 necessaria
1525 2391 1706 2456 erant,
1751 2383 1834 2442 Ut
1863 2393 2061 2460 ageret
2089 2403 2123 2441 a
2143 2393 2305 2461 parte
2335 2387 2517 2444 nostri
2546 2387 2702 2465 apud

811 2464 1017 2536 Deum,
1050 2471 1109 2521 et
1136 2482 1171 2520 a
1213 2471 1375 2540 parte
1406 2462 1516 2521 Dei
1558 2463 1714 2540 apud
1742 2483 1847 2521 nos
1875 2488 1945 2521 τι
1984 2469 2104 2545 ’'e'‘
2144 2469 2223 2521 τὸν
2263 2469 2373 2524 θῶν
2401 2475 2457 2525 et
2485 2492 2554 2525 τοι
2581 2474 2701 2548 πςὶς

283 2544 431 2620 ἐμὸἱς.
469 2545 590 2602 Pro
618 2545 771 2603 nobis
796 2547 881 2603 ad
905 2546 1092 2603 Deum
1121 2542 1543 2619 satisfaciendo,
1568 2551 1628 2603 et
1655 2543 2083 2621 intercedendo,
2109 2545 2267 2623 quod
2294 2546 2430 2606 fecit
2457 2567 2573 2625 qua
2598 2549 2700 2608 Sa-

283 2626 502 2701 eadee,
552 2628 588 2659 ‘⁴
607 2625 808 2684 Omnis
827 2625 978 2683 enim
1007 2625 1288 2683 Sacerdos
1316 2625 1640 2684 instituitur
1667 2625 1811 2683 iniis
1833 2644 1962 2702 quae
1979 2635 2114 2685 sunt
2136 2626 2292 2704 apud
2321 2628 2528 2704 Deum,
2562 2629 2699 2688 offe·

279 2706 459 2765 rende
488 2706 642 2765 dona
669 2717 728 2765 et
755 2705 1092 2779 sacrificia,'’
1127 2705 1279 2764 Heb.
1310 2724 1369 2764 v,
1405 2710 1456 2764 1.
1477 2707 1600 2764 Pro
1619 2707 1842 2764 Deoad
1858 2727 1974 2775 nos,
2000 2707 2290 2784 loquendo
2312 2716 2371 2767 et
2389 2710 2698 2786 operandO,

278 2788 438 2863 prius
465 2806 570 2863 per
596 2786 1097 2845 annunciationem
1149 2786 1348 2863 gratiae
1401 2786 1511 2845 Dei
1549 2794 1607 2845 et
1638 2786 1824 2846 Officii
1852 2787 2050 2861 nostri,
2081 2788 2238 2864 quod
2267 2790 2389 2865 egit
2416 2810 2531 2866 qua
2561 2790 2700 2849 Pro-

280 2868 487 2943 pheta;
532 2867 817 2944 posterius
845 2886 948 2942 per
974 2875 1266 2944 potentem
1294 2866 1746 2943 redemptionem
1778 2867 1852 2924 ab
1880 2868 2147 2926 omnibus
2174 2869 2440 2928 hostibus
2468 2872 2698 2947 nostris,

282 2955 339 3004 et
369 2946 657 3004 efficacem
687 2946 891 3003 salutis
917 2945 1103 3022 plenae
1130 2947 1608 3022 procurationem,
1640 2946 1797 3021 quod
1825 2946 1961 3005 fecit
1981 2968 2097 3024 qua
2128 2948 2277 3007 Rex.

680 3092 690 3102 ³
890 3024 1010 3081 XI.
1055 3024 1286 3097 Quint0,
1317 3026 1616 3098 symbolica
1665 3028 1784 3083 Vct.
1835 3026 1978 3084 Test.
2018 3028 2234 3086 UnctiO.
2278 3028 2518 3105 Triplex
2548 3031 2699 3088 enim

282 3091 403 3137 5.1n
418 3090 664 3147 'typorum
678 3105 767 3134 ¹¹¹¹·
807 3103 1102 3161 hominum
1149 3122 1333 3178 genus
1377 3103 1486 3161 fuit
1515 3104 1623 3162 sub
1669 3104 1804 3161 Vet.
1835 3104 1994 3163 Test.
2041 3106 2196 3181 quod
2240 3108 2511 3166 unctione
2541 3129 2703 3167 sacra

412 3149 657 3207 pletione;
809 3182 1130 3240 consecrari
1152 3182 1368 3257 debuit,
1393 3182 1697 3260 Prophetae
1727 3181 1963 3257 scilicet,
2013 3184 2369 3259 Sacerdotes,
2401 3195 2459 3244 et
2490 3188 2701 3263 Reges,

281 3273 348 3324 ut
373 3264 566 3322 visum
597 3263 655 3319 in
685 3262 916 3335 Elisaeo,
954 3263 983 3318 1
1020 3262 1167 3337 Reg.
1217 3261 1341 3319 xix.
1384 3264 1475 3334 15,
1519 3262 1581 3319 in
1613 3262 1846 3319 Aarone
1878 3262 2067 3321 Exod.
2098 3264 2282 3338 xxix„
2335 3265 2395 3322 in
2436 3266 2700 3343 Regibus

282 3344 517 3423 passim.
568 3343 650 3401 Ut
675 3362 816 3402 vero
839 3361 1038 3400 omnes
1067 3341 1219 3419 Typi
1249 3341 1319 3399 ad
1349 3360 1528 3400 unum
1559 3342 1853 3400 Christum
1875 3343 2274 3419 respiciebant,
2298 3345 2433 3404 etin
2453 3366 2523 3405 eo
2545 3367 2702 3405 com-

283 3427 637 3504 plementum
683 3443 851 3482 suum
897 3422 1298 3497 sortiebantur,
1349 3421 1549 3481 debuit
1579 3422 1843 3481 Christus
1895 3423 2195 3482 veritatem
2242 3424 2488 3502 triplicis
2537 3426 2705 3486 istius

287 3505 548 3565 Muneris
576 3505 636 3562 in
666 3505 856 3581 seipso
884 3501 1176 3577 exhibere,
1200 3502 1301 3561 sed
1324 3501 1497 3579 longe
1525 3502 1836 3580 perfectius
1863 3523 2035 3580 quam
2064 3504 2125 3561 in
2153 3504 2300 3580 aliis,
2331 3525 2447 3564 non
2476 3515 2701 3567 tantum

282 3588 503 3645 ratione
533 3584 959 3664 conjunctionis
986 3583 1159 3642 trium
1206 3584 1447 3641 istarum
1490 3584 1757 3660 partium,
1788 3603 1933 3661 quas
1987 3584 2184 3644 nullus
2204 3586 2499 3645 hominum
2532 3588 2703 3647 simul

283 3667 521 3744 implere
550 3667 754 3743 potuit,
785 3673 852 3725 ut
880 3684 1053 3741 supra
1080 3663 1316 3738 dictum,
1348 3664 1451 3721 sed
1479 3663 1650 3721 etiam
1681 3664 1903 3722 ratione
1925 3666 2268 3741 eminentiae,
2294 3675 2352 3726 et
2379 3667 2698 3746 dignitatis,

285 3756 408 3805 tum
439 3745 642 3821 Officii,
666 3756 788 3805 tum
821 3746 1139 3803 Donorum.

894 3825 1049 3883 XII.
1097 3826 1294 3897 Sexte,
1344 3824 1475 3882 Hoc
1524 3824 1698 3882 etiam
1745 3845 1861 3883 non
1912 3826 2152 3883 obscure
2203 3826 2520 3885 innuebant
2584 3835 2703 3887 tres

816 3904 1116 3982 praecipuae
1149 3904 1261 3961 Dei
1289 3904 1549 3977 virtuteS,
1582 3904 1793 3981 quaein
1812 3905 1998 3981 Opere
2020 3905 2455 3983 Redemptionis
2474 3926 2535 3964 se
2563 3926 2704 3983 erga

817 4003 921 4041 nos
950 3984 1279 4057 exerebant,
1316 3983 1628 4060 Sapientia,
1682 3984 2098 4058 Misericordia,
2132 3984 2416 4043 Potentia.
2475 3986 2700 4063 Quippe

289 4060 628 4139 sapientiam
660 4061 772 4119 Dei
798 4063 1020 4122 revelat
1055 4064 1223 4122 nobis
1272 4063 1460 4121 Filius
1500 4073 1567 4123 ut
1617 4064 1923 4140 Propheta,
1967 4064 2415 4122 misericordiam
2445 4066 2573 4141 ejus
2599 4086 2701 4125 no·

286 4144 377 4201 bis
405 4150 765 4220 promeretur
791 4150 857 4201 nt
909 4143 1205 4218 Sacerdos,
1252 4150 1311 4201 et
1336 4145 1653 4220 potentiam
1683 4143 1968 4220 depromit
1994 4143 2069 4200 ad
2096 4145 2276 4201 nostri
2304 4144 2703 4205 liberationem

288 4232 346 4283 et
368 4223 614 4283 salutem
652 4231 717 4282 ut
749 4222 879 4281 Rex
907 4232 1118 4282 noster.
1155 4223 1311 4281 Hinc
1353 4224 1612 4282 nascitur
1655 4223 1943 4300 objectum
1972 4222 2146 4281 trium
2177 4222 2473 4282 Virtutum
2504 4226 2701 4284 Cardi-

289 4304 527 4378 nalium,
561 4303 747 4378 Fidei,
800 4305 953 4381 Spei,
979 4313 1039 4363 et
1067 4303 1393 4377 Charitatis,
1430 4304 1605 4362 Fides
1635 4303 1789 4361 enim
1818 4302 2183 4380 amplectitur
2210 4304 2529 4363 doctrinam
2562 4305 2701 4364 Pro-

287 4385 495 4463 phetae,
531 4384 675 4461 Spes
703 4385 908 4444 nititur
933 4385 1138 4443 merito
1171 4381 1516 4458 Sacerdotis,
1541 4393 1599 4442 et
1619 4383 1881 4441 Charitas
1903 4402 1963 4442 se
1992 4402 2095 4459 per
2120 4383 2507 4443 voluntarium
2538 4386 2702 4445 obse-

289 4464 489 4540 quium
518 4474 743 4541 sceptro
774 4465 956 4543 Regis
979 4464 1230 4543 subjicit.

375 4543 565 4600 XIII.
610 4544 746 4603 Tria
774 4554 966 4605 antem
1008 4546 1122 4604 ista
1149 4543 1336 4603 officia
1362 4544 1445 4601 ita
1465 4544 1525 4601 in
1555 4542 1787 4602 Christo
1815 4544 2262 4620 conjunguntur,
2281 4550 2348 4602 ut
2374 4563 2489 4602 non
2519 4547 2706 4605 solum

290 4642 488 4683 eorum
518 4626 878 4699 operationes
905 4626 1208 4685 distinctas
1235 4631 1451 4699 exerat,
1473 4623 1578 4683 sed
1599 4623 1797 4683 eadem
1829 4624 1979 4683 actio
2000 4644 2036 4682 a
2051 4623 2236 4683 tribus
2258 4623 2430 4684 simul
2449 4625 2715 4703 prodeat,

289 4703 448 4781 quod
493 4703 574 4762 rei
619 4704 1125 4765 admirabilitatem
1180 4722 1296 4762 non
1343 4723 1546 4781 parum
1594 4712 1790 4782 auget.
1878 4704 1975 4764 Sic
2005 4704 2172 4764 Crux
2200 4704 2430 4782 Christi,
2461 4725 2591 4784 quae
2618 4718 2709 4767 est

285 3890 330 3938 6.
361 3892 421 3937 In
463 3890 645 3935 Tribus
683 3892 772 3936 Dei

405 3950 686 3995 virtutibus.
