3221 5200
270 399 488 447 Quazsr.
521 383 613 460 ιι]
1190 398 1266 436 οε
1310 397 1856 437 εΑΝοΤιε-ιεᾼτιοκε.
2570 381 2681 437 617

275 539 523 616 amplius
565 538 672 596 sub
703 537 861 612 Lege
891 547 1028 611 erat,
1055 538 1158 596 sed
1187 538 1294 596 sub
1324 537 1544 596 Gratia.
1606 543 1663 595 2.
1695 539 1844 613 Quia
1872 537 2064 614 agitur
2093 537 2164 595 de
2192 558 2260 595 co
2290 537 2383 595 eui
2413 537 2686 613 competit

274 619 426 676 velle
454 618 686 691 bonum,
720 625 777 674 et
804 617 958 675 nolle
989 617 1219 693 malum,
1252 637 1352 676 seu
1396 617 1586 675 odisse
1630 627 1945 695 peceatum,
1994 621 2028 650 ‘⁵
2051 618 2182 673 Non
2211 617 2368 693 quod
2397 617 2548 690 volo,
2575 617 2684 675 hoe

277 697 441 767 facio,
476 696 579 755 sed
606 695 763 771 quod
791 696 888 753 odi
918 697 1025 755 lioe
1050 697 1255 770 faci0,’'
1280 716 1396 755 ver.
1424 699 1514 770 15,
1547 707 1604 756 et
1627 718 1748 756 ver.
1785 700 1875 771 18,
1914 697 2119 753 “Nam
2149 696 2298 753 velle
2328 697 2494 753 adest
2522 696 2684 771 mihi,

276 777 378 834 sed
424 786 488 834 ut
528 776 684 852 quod
714 776 926 832 bonum
955 786 1044 833 est
1072 775 1332 850 efficiam,
1374 795 1488 832 non
1517 778 1850 854 assequor.”
1937 775 2021 834 At
2049 777 2156 833 hoc
2185 776 2433 851 pertinet
2462 783 2686 832 tantum

276 857 351 914 ad
381 864 626 930 renatOS,
671 855 730 912 in
754 855 964 930 quibus
990 856 1149 913 Deus
1178 864 1445 931 operatur
1491 863 1543 909 ez
1574 865 1725 910 stam
1749 866 1828 910 aa>
1851 866 1902 910 τὸ
1945 864 2123 928 incy-5·
2151 857 2285 912 velle
2314 864 2366 911 et
2383 855 2684 930 perficere,

278 937 413 993 licet
457 955 573 993 non
618 955 841 1011 semper
890 934 1238 992 concedatur
1294 937 1505 1010 exequi
1547 935 1702 1011 quod
1749 935 1969 1004 volunt,
2000 954 2131 991 nam
2161 933 2352 1011 quoad
2397 933 2541 990 alios
2583 934 2685 1009 qui

277 1015 421 1073 nihil
466 1023 707 1092 possunt
749 1014 885 1070 boni
914 1015 1186 1090 cogitare,
1219 1017 1507 1090 quomodo
1526 1023 1768 1091 possunt
1792 1014 1905 1071 dici
1938 1014 2076 1070 illud
2102 1014 2248 1072 velle
2269 1017 2297 1071 Ρ
2380 1016 2433 1070 3.
2467 1013 2684 1088 Agitur

279 1095 350 1152 de
381 1114 449 1151 eo
478 1094 578 1170 qui
608 1093 893 1151 consentit
924 1094 1070 1169 Legi
1112 1093 1222 1150 Dei
1263 1095 1454 1168 quoad
1483 1093 1774 1153 hominem
1803 1093 2108 1167 internum,
2158 1102 2215 1152 et
2257 1092 2355 1168 qui
2384 1112 2453 1150 ea
2494 1092 2681 1151 delec-

278 1182 449 1248 tatur,
499 1193 618 1230 ver.
651 1178 746 1247 22,
792 1192 866 1229 ex
896 1192 1010 1247 qua
1039 1172 1420 1231 delectatione
1464 1176 1646 1231 oritur
1684 1172 1891 1245 cultuS,
1947 1192 2065 1229 ver.
2113 1176 2208 1248 25,
2261 1175 2450 1230 Mente
2502 1173 2683 1231 servio

278 1255 424 1310 Deo,
510 1251 651 1326 Quis
681 1272 817 1310 vero
838 1251 1050 1309 dixerit
1078 1252 1253 1310 alium
1284 1272 1457 1328 quam
1480 1252 1710 1310 fidelem
1754 1251 2029 1309 delectari
2073 1252 2230 1327 Lege
2264 1252 2391 1325 Dei,
2434 1261 2491 1309 et
2511 1252 2686 1327 juxta

280 1332 440 1388 illam
476 1332 665 1389 Deum
708 1332 914 1405 colere,
945 1331 1042 1389 vel
1098 1332 1386 1389 hominem
1416 1334 1704 1391 internum
1761 1331 1936 1389 alium
1967 1351 2092 1388 esse
2136 1352 2308 1407 quam
2337 1352 2552 1390 novum
2584 1332 2686 1390 ho-

277 1411 489 1468 minem
510 1414 538 1469 P
619 1411 731 1484 Qui
761 1431 875 1469 non
906 1411 1082 1468 semel
1113 1411 1192 1470 ita
1214 1411 1568 1488 designatur,
1598 1411 1746 1488 Eph.
1772 1411 1851 1468 iii.
1881 1413 1971 1484 16,
2004 1415 2039 1467 2
2073 1411 2201 1468 Cor.
2234 1411 2311 1468 iv.
2353 1414 2441 1484 16,
2494 1415 2520 1468 1
2557 1411 2683 1470 Pet.

278 1490 358 1547 iii.
410 1494 466 1548 4.
550 1494 606 1548 4.
654 1490 801 1564 Quia
848 1491 1041 1565 agitur
1069 1491 1140 1549 de
1169 1512 1254 1565 ee,
1305 1492 1365 1548 in
1402 1513 1516 1569 quo
1560 1492 1996 1567 distinguuntur
2037 1490 2151 1549 duo
2181 1490 2477 1567 principia,
2512 1511 2688 1549 unum

279 1570 593 1628 secundum
628 1570 784 1646 quod
811 1571 948 1629 facit
975 1571 1191 1628 malum
1220 1571 1376 1648 quod
1424 1593 1540 1630 non
1568 1572 1712 1645 vult,
1758 1571 2000 1630 alterum
2031 1570 2345 1628 secundum
2389 1569 2544 1645 quod
2573 1591 2688 1628 non

276 1658 565 1725 perpetrat
587 1651 817 1724 malum,
851 1650 953 1707 sed
981 1660 1277 1727 peceatum
1308 1651 1368 1708 in
1397 1653 1522 1728 ipso
1551 1651 1834 1723 habitanS,
1880 1659 1936 1707 et
1979 1649 2293 1706 secundum
2323 1649 2479 1724 quod
2508 1651 2689 1708 servit

282 1730 424 1801 De0,
459 1748 577 1785 ver.
614 1727 703 1803 17,
741 1696 831 1803 18,
886 1732 976 1788 19.
1063 1731 1147 1788 At
1170 1741 1394 1789 constat
1436 1732 1558 1788 haec
1609 1749 1725 1787 non
1768 1748 1936 1804 posse
1966 1727 2079 1784 dici
2129 1727 2334 1784 niside
2365 1728 2537 1800 fideli,
2584 1729 2684 1802 qui

280 1806 498 1864 habet
484 1827 544 1863 m
575 1826 635 1863 se
666 1817 919 1865 veterem
959 1817 1017 1865 et
1044 1828 1260 1899 novum
1296 1810 1623 1882 Hominem,
1657 1809 1898 1865 Carnem
1929 1815 1988 1863 et
2019 1807 2313 1882 Spiritum.
2398 1809 2453 1863 5.
2489 1807 2576 1862 Dc
2616 1827 2684 1864 eo

280 1885 487 1961 agitur,
520 1886 620 1961 qui
648 1885 975 1960 ingemiscit
1016 1888 1090 1945 ob
1119 1886 1404 1945 miseriam
1452 1907 1632 1960 suam,
1678 1895 1736 1944 et
1778 1886 1878 1962 qui
1931 1885 2328 1942 liberationem
2378 1885 2584 1960 quaerit
2629 1895 2686 1944 et

280 1974 457 2041 optat,
490 1974 547 2022 et
589 1965 659 2021 de
683 1985 750 2022 ea
799 1965 1034 2022 inventa
1074 1965 1186 2022 sibi
1228 1967 1566 2042 gratulatur,
1598 1975 1657 2024 et
1685 1964 1901 2042 gratias
1930 1965 2067 2040 agit,
2101 1985 2220 2021 ver.
2268 1968 2363 2038 24,
2397 1967 2507 2039 25;
2554 1984 2683 2039 quae

281 2045 357 2102 ad
384 2045 668 2102 neminem
698 2044 809 2101 nisi
837 2045 1159 2120 regenitum
1190 2055 1466 2121 spectant.
1539 2048 1593 2104 6.
1631 2045 1897 2120 Fingitur
1925 2063 2217 2119 perperam
2250 2053 2433 2102 status
2461 2043 2686 2102 medius

282 2124 431 2181 inter
460 2124 779 2200 regenitum
830 2124 1319 2200 etirregenitum,
1372 2125 1537 2201 quasi
1567 2125 1801 2183 daretur
1846 2123 2097 2180 medium
2148 2123 2298 2181 inter
2325 2123 2506 2182 filium
2552 2123 2681 2198 Dei,

283 2212 341 2261 et
383 2202 565 2260 filium
612 2203 860 2276 Diaboli,
921 2204 1070 2262 inter
1117 2204 1406 2262 hominem
1454 2205 1655 2262 vivum
1705 2212 1762 2261 et
1791 2211 2097 2260 mortuum.
2184 2203 2304 2260 Nec
2348 2203 2456 2260 hoe
2486 2202 2683 2260 referri

281 2291 472 2358 potest
500 2281 573 2338 ad
603 2291 815 2340 statum
845 2281 952 2339 sub
986 2283 1158 2358 Lege,
1184 2284 1321 2360 quia
1349 2285 1446 2358 qui
1478 2284 1584 2340 sub
1616 2304 1683 2340 ea
1725 2283 1997 2340 vixerunt
2025 2282 2140 2340 Vel
2168 2281 2398 2340 fuerunt
2435 2282 2679 2358 reprobi,

281 2362 379 2436 qui
411 2361 518 2420 sub
548 2381 616 2419 ea
645 2362 806 2421 velut
835 2362 942 2419 sub
973 2361 1215 2420 Foedere
1246 2362 1491 2436 fuerunt,
1518 2362 1777 2438 adeoque
1822 2362 1928 2419 sub
1958 2362 2086 2437 ejus
2135 2363 2516 2434 execratione,
2551 2361 2682 2420 Gal.

283 2441 363 2498 iii.
389 2444 479 2514 10,
506 2440 616 2498 Vel
640 2441 901 2518 regeniti,
927 2442 1027 2517 qui
1046 2442 1153 2499 sub
1173 2463 1239 2499 ea
1260 2441 1566 2499 fueruntut
1584 2442 1693 2499 sub
1716 2441 2159 2517 dispensatione,
2186 2441 2242 2496 in
2263 2461 2376 2517 qua
2399 2441 2534 2498 licet
2555 2461 2684 2516 par·

280 2521 405 2578 eius
428 2529 486 2578 et
503 2520 820 2594 obscurius,
846 2521 961 2578 illis
990 2530 1179 2578 tamen
1204 2521 1451 2598 Spiritus
1478 2523 1535 2580 S.
1560 2521 1952 2597 regenerantis
1974 2520 2160 2597 gratia
2188 2520 2644 2596 dispensabatur.

364 2600 544 2659 XIV.
590 2600 751 2658 Nihil
780 2600 979 2660 tribuit
1007 2602 1100 2659 hie
1132 2602 1347 2660 Paulus
1378 2602 1504 2675 sibi,
1538 2600 1695 2678 quod
1724 2621 1839 2658 non
1869 2600 2051 2678 possit
2081 2599 2283 2659 eadere
2315 2600 2372 2657 in
2401 2611 2681 2661 renatum.

287 2679 416 2739 Non
444 2680 601 2757 quod
628 2680 769 2739 dicit
837 2684 871 2714 “
894 2701 955 2739 se
985 2701 1112 2739 esse
1140 2682 1423 2740 carnalem
1456 2689 1514 2740 et
1542 2681 1839 2739 venditum
1872 2681 1979 2738 sub
2017 2682 2373 2757 peecatum,'’
2419 2702 2538 2739 ver.
2589 2686 2682 2740 14.

285 2760 435 2833 Quia
463 2761 569 2819 hoc
599 2782 714 2819 non
744 2761 1005 2820 absolute
1029 2762 1467 2838 intelligendum
1492 2770 1596 2834 est,
1624 2761 1725 2819 sed
1749 2770 2072 2837 comparate
2093 2769 2151 2818 et
2180 2761 2493 2819 secundum
2524 2761 2681 2837 quid,

282 2848 348 2897 ut
372 2841 604 2915 PauluS,
643 2845 670 2897 1
700 2843 828 2899 Cor.
859 2842 939 2899 iii.
989 2845 1038 2913 1,
1073 2851 1242 2900 vocat
1271 2846 1530 2900 carnales
1563 2841 1902 2915 CorinthiOS,
1933 2850 1987 2898 et
2028 2862 2139 2898 non
2165 2842 2502 2914 spirituale&
2549 2842 2685 2916 quia

281 2919 493 2976 multas
515 2920 701 2977 adhue
730 2921 1050 2996 prodebant
1077 2921 1137 2977 in
1180 2921 1299 2980 suis
1328 2922 1652 2980 actionibus
1674 2921 1862 2978 earnis
1916 2929 1974 2978 et
2018 2920 2228 2977 veteris
2257 2920 2504 2977 hominis
2553 2921 2684 2977 reli-

281 2996 484 3073 quias;
529 3018 643 3054 non
693 2998 765 3055 de
796 2998 1125 3056 venditione
1164 3008 1222 3058 et
1267 3002 1600 3075 captivitate
1648 2999 1961 3058 universali
2002 2998 2193 3072 quoad
2243 3007 2470 3069 statum,
2519 2999 2685 3073 quasi

283 3085 437 3133 esset
485 3076 673 3133 adhue
703 3077 809 3134 sub
852 3077 1087 3152 imperio
1132 3080 1370 3152 peccati,
1403 3080 1539 3154 quia
1589 3079 1672 3135 sie
1702 3098 1807 3134 nee
1854 3076 2235 3134 delectaretur
2267 3077 2421 3152 Lege
2456 3077 2564 3133 Dei
2595 3097 2681 3134 se-

284 3155 535 3212 eundum
585 3156 872 3212 hominem
903 3156 1205 3228 internum,
1237 3177 1344 3214 nee
1394 3167 1588 3233 posset
1626 3157 1738 3214 dici
1786 3156 2000 3213 servire
2033 3156 2158 3212 Deo
2186 3165 2415 3228 mente;
2463 3156 2564 3213 sed
2612 3155 2684 3214 de

284 3235 635 3310 captivitate,
668 3244 725 3292 et
755 3235 1085 3292 venditione
1122 3236 1452 3310 particulari
1500 3235 1692 3309 quoad
1722 3243 1908 3292 certos
1938 3243 2117 3306 aetus,
2165 3255 2280 3310 quo
2337 3255 2508 3293 sensu
2539 3236 2685 3293 Caro

282 3314 492 3372 dicitur
541 3314 942 3390 concupiscere
992 3314 1271 3372 adversus
1303 3315 1597 3390 Spiritum,
1642 3324 1707 3372 ut
1755 3334 1869 3372 non
1898 3313 2176 3371 faciamus
2218 3334 2346 3389 quae
2397 3315 2682 3389 volumuS,

286 3393 418 3451 Gal.
467 3413 520 3450 v.
605 3392 667 3450 N
672 3414 736 3451 ee
759 3394 915 3470 quod
943 3393 1085 3451 dicit
1100 3403 1394 3468 peccatum
1425 3395 1481 3451 in
1508 3414 1566 3451 se
1604 3395 1877 3452 habitare.
1943 3393 2093 3467 Quia
2120 3393 2279 3451 aliud
2296 3402 2384 3451 est
2406 3394 2683 3469 babitare,

281 3471 441 3529 aliud
470 3493 709 3549 regnare
733 3496 747 3547 3
812 3473 968 3531 Illud
996 3474 1359 3550 praesentiam
1408 3474 1629 3550 peceati
1659 3482 1820 3531 notat
1849 3473 2039 3550 quoad
2068 3481 2155 3532 est
2185 3493 2365 3549 usque
2395 3473 2469 3530 ad
2512 3475 2686 3531 finem

283 3552 340 3609 in
362 3552 539 3623 fideli,
585 3553 693 3611 hoe
724 3573 860 3611 vero
909 3554 1035 3629 ejus
1065 3553 1427 3630 tyrannidem
1478 3561 1535 3612 et
1580 3553 1914 3625 dominium,
1946 3553 2101 3628 quod
2150 3553 2404 3611 ablatum
2455 3563 2543 3612 est
2587 3574 2689 3631 per

286 3632 564 3709 Spiritum
595 3633 825 3692 Christi.
912 3633 1043 3692 Non
1072 3633 1228 3710 quod
1270 3633 1500 3691 additur
1544 3654 1674 3692 eum
1721 3634 2098 3691 liber-attonem
2140 3643 2340 3709 optare
2374 3654 2410 3690 a
2453 3655 2689 3709 corpore

284 3714 494 3785 mor-tea,
539 3733 671 3771 eum
730 3713 915 3771 fidelis
947 3714 1022 3771 sit
1048 3713 1327 3771 liberatus
1356 3734 1390 3771 a
1422 3714 1579 3790 Lege
1610 3714 1828 3791 peccati
1859 3721 1916 3771 et
1935 3713 2151 3771 mortis,
2240 3712 2394 3779 Quia
2443 3713 2556 3769 alia
2600 3721 2687 3770 est

282 3789 548 3849 liberatio
616 3793 901 3865 inchoata,
953 3794 1067 3851 alia
1123 3793 1413 3869 perfecta;
1462 3794 1603 3850 Alia
1653 3815 1687 3851 a
1735 3793 2140 3851 maledictione
2194 3792 2368 3867 Legis
2418 3800 2474 3847 et
2524 3800 2684 3849 reatu

285 3870 502 3942 mortis,
549 3871 663 3927 alia
711 3891 745 3927 a
794 3872 1047 3929 dominio
1098 3873 1333 3947 peceati,
1394 3881 1451 3931 et
1516 3873 1883 3944 mortalitate,
1942 3891 2070 3946 quae
2140 3870 2283 3926 illud
2340 3870 2686 3928 comitatur:

281 3948 524 4025 primam
547 3949 669 4023 jam
700 3950 948 4009 obtinuit
975 3951 1182 4023 fidelis,
1214 3951 1314 4008 sed
1344 3951 1578 4009 alteram
1612 3952 1798 4008 adhuc
1829 3958 2095 4025 expectat
2117 3957 2174 4006 et
2202 3957 2379 4024 optat.

364 4028 509 4085 XV.
556 4028 832 4101 Quamvis
877 4050 1025 4105 saepe
1066 4039 1327 4087 occurrat
1356 4031 1415 4087 in
1444 4030 1770 4105 irregenitis
1812 4030 1969 4086 lucta
1999 4029 2146 4086 inter
2173 4028 2487 4104 appetitum
2518 4037 2575 4086 et
2603 4048 2690 4086 ra-

282 4106 514 4181 tionem,
547 4108 735 4181 qualis
764 4107 872 4166 fuit
901 4109 960 4165 in
992 4108 1201 4165 Medea
1234 4109 1444 4182 Poetae,
1471 4130 1599 4186 quae
1631 4108 1876 4183 dicebat,
1921 4109 2094 4166 Video
2123 4107 2359 4165 meliora
2379 4110 2686 4183 proboque,

285 4188 614 4245 Deterz’oria
656 4208 874 4263 sequor,
908 4208 1181 4264 magnum
1220 4197 1411 4246 tamen
1460 4189 1769 4246 discrimen
1812 4187 2115 4245 intercedit
2143 4207 2273 4244 cum
2303 4187 2459 4244 lucta
2489 4188 2690 4245 Carnis

288 4277 345 4325 et
392 4267 640 4344 Spiritus
670 4268 1076 4343 regenitorum,
1109 4267 1179 4325 de
1209 4287 1323 4343 qua
1350 4267 1605 4343 loquitur
1637 4267 1870 4325 Paulus.
1954 4267 2120 4340 Tum,
2158 4271 2208 4324 1.
2242 4266 2444 4339 Quoad
2473 4287 2689 4341 causae,

281 4347 417 4421 quia
434 4347 590 4405 lucta
618 4347 1055 4439 irregenitorum
1085 4347 1264 4405 oritur
1292 4368 1367 4405 ex
1395 4347 1703 4405 dictamine
1733 4347 2095 4405 eonscientiae
2136 4366 2236 4404 seu
2264 4346 2498 4404 luminis
2527 4356 2691 4405 natu-

278 4425 415 4482 ralis
446 4427 745 4501 stricturis,
798 4448 926 4503 quae
971 4427 1032 4482 in
1080 4427 1375 4485 intellectu
1424 4427 1791 4519 potissimum
1842 4427 2035 4484 sedem
2065 4426 2297 4499 habent,
2329 4434 2387 4483 et
2429 4446 2503 4483 ex
2531 4435 2691 4484 metu

280 4505 479 4562 servili
497 4525 743 4597 poenas:
790 4507 874 4565 At
900 4508 1057 4566 lucta
1086 4505 1340 4564 fidelium
1370 4508 1553 4565 oritur
1580 4527 1656 4564 ex
1698 4526 1851 4564 nova
1881 4517 1937 4565 et
1968 4471 2387 4598 supernatuiali
2415 4507 2691 4581 qualitate

280 4604 381 4642 seu
424 4585 704 4662 principio
754 4586 1003 4662 Spiritus
1051 4586 1264 4661 Sancti,
1312 4586 1467 4663 quod
1513 4606 1617 4644 sua
1667 4594 1871 4664 sponte
1920 4586 2101 4644 fertur
2148 4586 2206 4642 in
2250 4607 2317 4643 ea
2372 4606 2500 4661 qua.
2558 4594 2692 4645 sunt

280 4664 448 4738 bona,
500 4685 614 4721 non
664 4684 738 4721 ex
789 4675 943 4725 metu
973 4675 1195 4725 tantum
1247 4665 1444 4723 servili
1494 4685 1698 4742 poenae,
1732 4665 1833 4724 sed
1889 4686 1962 4723 ex
1992 4666 2193 4724 timore
2229 4665 2335 4725 Dei
2364 4665 2544 4723 filiali.
2631 4670 2687 4724 2.
