3221 5200
467 359 583 415 630
1291 371 1469 410 noers
1503 371 1757 410 vurmius
1789 372 2089 411 st-:v'rlms
2523 353 2775 433 [Qua-:siu
2826 373 2882 412 v.

472 516 551 573 xi.
611 517 705 590 35,
764 524 821 572 et
876 512 1114 572 haberet
1170 511 1388 589 aliquid
1444 512 1599 588 quod
1647 532 1762 570 non
1805 513 2042 589 accepit,
2109 523 2308 572 contra
2363 515 2625 588 eundem,
2690 520 2714 572 1
2752 517 2881 573 Cor.

475 600 553 653 iv.
587 600 640 652 7.
733 599 787 652 4.
822 595 970 668 Quia
1000 593 1234 666 inimici,
1266 600 1324 651 et
1354 592 1548 665 Athei,
1580 593 1781 669 quales
1810 613 2008 650 sumus
2047 614 2246 652 omnes
2275 606 2406 653 ante
2438 596 2698 671 gratiam,
2733 596 2881 670 Eph.

479 676 536 733 ii.
576 679 663 747 11,
691 678 782 748 12,
804 674 919 733 Tit.
944 674 1023 731 iii.
1056 678 1110 746 3,
1143 674 1287 730 nihil
1310 674 1512 730 mereri
1531 682 1789 749 possunt.
1874 676 1931 731 5.
1956 674 2103 747 Quia
2131 675 2225 732 vel
2250 677 2515 733 meritum
2536 675 2688 734 istud
2708 676 2888 732 oritur

478 775 552 813 ex
583 755 849 813 omnibus
878 754 1163 831 operibus,
1197 754 1290 811 vel
1313 773 1385 810 ex
1405 753 1749 829 quibusdam
1781 761 2002 811 tantum
2027 776 2041 828 3
2088 754 2182 811 Ex
2212 755 2495 830 omnibus,
2527 775 2695 813 nemo
2724 754 2882 812 dixe·

480 837 591 910 rit3
638 836 761 894 Nec
790 856 862 893 ex
894 835 1253 911 quibusdam,
1285 833 1422 909 quia
1451 833 1534 890 sic
1562 835 1663 910 qui
1691 844 1953 910 peccaret
2000 834 2059 891 in
2088 854 2220 909 un0,
2262 855 2378 893 non
2428 845 2580 894 esset
2607 855 2739 894 reus
2767 854 2884 892 om—

481 918 659 988 nium,
693 926 891 974 contra
919 915 1224 987 Jacobum,
1256 933 1305 972 8.
1337 913 1395 969 ii.
1433 915 1523 971 10.

570 996 686 1054 IX.
734 997 973 1054 Frustra
1015 993 1088 1051 ad
1117 994 1383 1051 meritum
1412 993 1657 1069 congrui
1683 1003 1984 1069 torquetur
2010 994 2228 1053 dictum
2259 995 2489 1070 Christi,
2524 996 2734 1053 Matth.
2765 994 2886 1051 xiii.

490 1080 580 1150 12,
613 1077 834 1134 habenti
859 1075 1099 1132 dabitur.
1144 1071 1292 1145 Quia
1321 1072 1418 1146 ibi,
1450 1082 1516 1131 ut
1543 1073 1682 1129 alibi
1712 1081 1801 1130 est
1829 1076 2215 1150 observatum,
2260 1096 2375 1134 non
2403 1077 2595 1153 agitur
2623 1075 2694 1134 de
2725 1074 2890 1133 donis

486 1166 722 1229 naturae,
755 1153 858 1212 sed
881 1154 1114 1226 Gratiae,
1146 1172 1262 1210 non
1292 1153 1363 1211 de
1393 1152 1705 1211 virtutibus
1731 1155 2047 1214 moralibus
2091 1165 2191 1214 aut
2238 1157 2462 1214 actibus
2511 1154 2893 1232 dispositor-iis

486 1256 601 1293 non
630 1243 974 1304 renatorum,
1007 1232 1109 1290 sed
1138 1232 1209 1289 de
1239 1233 1606 1291 incrementis
1635 1252 1787 1290 verae
1834 1234 1967 1292 fidei
2018 1236 2331 1294 secuudum
2363 1237 2603 1312 gratiam
2639 1235 2894 1293 Electio-

486 1316 593 1389 nis,
620 1334 738 1370 ver.
773 1316 861 1370 ll.
926 1312 1092 1384 Quod
1123 1311 1334 1370 dieitur
1358 1313 1517 1369 Deus
1569 1321 1864 1383 ιῦιςιστιῖθιι
1916 1316 2121 1373 hostiis
2150 1316 2558 1388 beneficentiae,
2588 1316 2740 1373 Heb,
2769 1315 2893 1371 xiii.

494 1397 582 1466 16,
609 1392 776 1450 docet
824 1391 1056 1467 quidem
1083 1392 1270 1448 Deum
1320 1391 1593 1449 delectari
1623 1393 1838 1452 talibus
1893 1394 2161 1465 victimis,
2214 1405 2271 1453 et
2300 1416 2396 1452 eas
2439 1405 2633 1470 gratas
2662 1395 2891 1467 habere,

490 1473 593 1531 sed
655 1490 1014 1547 nequaquam
1091 1470 1278 1545 ipsum
1343 1470 1557 1527 talibus
1623 1473 1950 1546 promereri,
2018 1481 2082 1529 ut
2138 1474 2377 1530 barbare
2446 1474 2618 1530 vertit
2686 1474 2895 1529 Versio

490 1552 793 1626 Vulgata;
845 1558 1225 1627 praeterquam
1269 1549 1425 1624 quod
1467 1549 1659 1625 agitur
1689 1550 1760 1609 de
1807 1550 2076 1627 operibus
2125 1552 2397 1625 fidelium,
2443 1551 2543 1626 qui
2590 1552 2711 1626 jam
2757 1560 2893 1608 sunt

492 1633 550 1690 iu
593 1632 795 1708 gratia,
840 1650 955 1687 non
997 1629 1069 1687 de
1097 1629 1323 1687 actibus
1369 1649 1485 1687 non
1527 1639 1870 1688 renatorum.
1955 1629 2074 1687 Nec
2115 1631 2163 1687 si
2195 1632 2354 1689 Deus
2382 1639 2777 1688 remuneratus
2805 1639 2896 1688 est

491 1712 801 1790 aliquando
855 1711 1100 1769 virtutes
1150 1710 1487 1785 Gentilium,
1538 1711 1635 1767 vel
1662 1731 1778 1769 non
1817 1720 2162 1785 renatorum,
2202 1710 2616 1787 temporalibus
2658 1710 2897 1787 quibus-

494 1794 626 1851 dam
675 1790 986 1866 benefieiis,
1018 1799 1082 1848 ut
1136 1799 1444 1848 testaretur
1497 1799 1775 1866 quantum
1819 1791 1925 1866 ipsi
1971 1801 2267 1868 acceptata
2294 1800 2445 1850 esset
2490 1811 2628 1848 vera
2652 1791 2896 1868 justitia,

494 1874 754 1950 sequitur
781 1891 880 1930 eos
908 1873 1183 1930 meruisse
1206 1871 1277 1928 de
1307 1891 1561 1947 congruo
1590 1871 1764 1930 talem
1792 1871 2132 1928 mercedem.

1100 1953 1182 2010 X.
1229 1953 1433 2026 Quoad
1464 1953 1664 2009 merita
1692 1955 1760 2010 de
1779 1953 2049 2028 condigno
2070 1972 2186 2009 non
2216 1970 2330 2008 una
2358 1961 2447 2009 est
2467 1951 2897 2008 pontificiorum

1019 2033 1320 2107 sententia,
1351 2033 1493 2089 Tres
1522 2033 1674 2090 enim
1698 2032 1997 2109 praecipuae
2027 2041 2413 2090 recensentur.
2462 2029 2655 2088 Prima
2685 2051 2897 2105 eorum,

495 2121 593 2196 qui
623 2120 828 2178 volunt
856 2136 1029 2194 opera
1056 2116 1207 2172 bona
1227 2115 1517 2188 justorum
1555 2112 1846 2170 meritoria
1890 2132 2015 2170 esse
2061 2113 2197 2170 vitae
2247 2119 2472 2169 aeternae
2510 2132 2582 2169 ex
2614 2111 2899 2186 condigno

498 2201 717 2258 ratione
748 2200 951 2276 operis,
985 2194 1207 2253 etiamsi
1239 2195 1398 2252 nulla
1425 2201 1650 2251 extaret
1677 2192 1875 2250 divina
1921 2193 2243 2266 conventio,
2293 2211 2463 2267 quam
2498 2191 2767 2248 Bellarm.
2799 2191 2899 2248 lib.

497 2300 553 2337 v.
580 2279 651 2338 de
676 2281 718 2339 J
724 2280 895 2337 ustifi.
920 2297 1045 2352 cap.
1076 2279 1163 2346 17,
1192 2275 1392 2333 tribuit
1417 2274 1707 2346 Caietam,
1737 2275 1845 2330 Deo
1874 2293 1912 2329 α
1930 2274 2080 2347 Soto,
2106 2282 2162 2330 et
2182 2292 2349 2348 quam
2369 2273 2630 2347 Vosquez,
2655 2272 2905 2328 Mic-hail

498 2362 712 2434 Remus,
740 2368 798 2416 et
826 2358 1081 2435 plerique
1104 2355 1418 2412 Thomistae
1448 2363 1780 2430 sequuntur,
1807 2361 1872 2410 ut
1900 2352 2169 2410 observat
2195 2353 2475 2424 BecanuS,
2509 2352 2697 2409 Tract.
2718 2357 2773 2408 4.
2795 2350 2899 2408 To.

503 2444 553 2497 l.
584 2459 703 2515 par.
736 2444 791 2496 2.
838 2438 1041 2495 Altera
1070 2443 1159 2491 est
1186 2435 1340 2491 Scoti
1362 2441 1421 2491 et
1469 2434 1594 2509 ejus
1637 2433 1985 2508 sequacium,
2018 2433 2115 2508 qui
2159 2431 2503 2509 pertendunt
2551 2450 2726 2508 opera
2753 2431 2904 2487 bona

497 2539 573 2576 ex
602 2519 787 2594 gratia
816 2514 1184 2594 procedentia
1211 2533 1326 2570 non
1355 2532 1481 2571 esse
1523 2512 1814 2570 meritoria
1857 2532 1931 2569 ex
1976 2512 2263 2586 condigno
2301 2510 2518 2568 ratione
2563 2510 2767 2588 operia,
2801 2509 2903 2568 sed

498 2608 721 2656 tantum
751 2597 971 2655 ratione
999 2594 1152 2672 pacti
1180 2604 1238 2652 et
1266 2593 1677 2669 acceptationis
1705 2591 1935 2650 divinae.
2020 2593 2215 2650 Tertia
2243 2611 2456 2666 eorum,
2488 2590 2586 2668 qui
2617 2591 2759 2648 duas
2787 2590 2902 2668 pri-

496 2698 620 2734 mas
651 2678 963 2735 sententias
993 2674 1427 2749 conjungentes,
1460 2682 1697 2730 censent
1725 2692 1913 2748 opera,
1957 2692 2064 2730 888
2107 2671 2441 2748 simpliciter
2469 2692 2542 2730 ex
2587 2692 2664 2745 se,
2695 2691 2801 2728 nec
2829 2690 2903 2728 ex

497 2764 666 2832 pacto
697 2764 917 2812 tantum
949 2753 1239 2810 meritoria
1267 2771 1409 2824 esse,
1445 2751 1545 2808 sed
1595 2752 1814 2808 ratione
1844 2751 1998 2827 pacti
2027 2761 2084 2809 et
2126 2752 2316 2827 operis
2345 2752 2533 2825 simul,
2565 2771 2735 2828 quam
2768 2750 2900 2808 Bel-

496 2834 773 2893 larminus
802 2832 1181 2908 amplectitur,
1214 2838 1271 2887 et
1300 2849 1471 2905 quam
1502 2830 1632 2886 vult
1660 2849 1784 2886 esse
1832 2830 2074 2887 Concilii
2104 2830 2443 2903 Tridentini,
2476 2832 2609 2889 licet
2654 2831 2799 2888 nihil
2828 2850 2901 2887 ex

496 2916 597 2973 illo
630 2913 772 2973 certi
800 2912 1105 2988 exculpere
1134 2910 1334 2987 possit.
1421 2908 1653 2966 Certum
1678 2908 1910 2983 quidem
1940 2918 2029 2968 est
2051 2910 2371 2967 Concilium
2401 2911 2604 2969 merita
2633 2930 2902 2986 expresse

497 2995 845 3068 asseruisse3
892 2992 993 3051 sed
1024 2992 1083 3047 in
1111 3009 1179 3047 eo
1210 2988 1554 3047 veteratorie
1586 2988 1824 3046 Patrum
1855 2989 2140 3049 calliditas
2171 3010 2230 3048 se
2262 2991 2464 3063 exerit,
2495 2990 2653 3066 quod
2683 2990 2902 3048 conscii

498 3076 874 3136 certaminum
907 3071 1391 3132 Scholasticorum
1420 3068 1491 3127 de
1537 3069 1758 3126 ratione
1801 3080 1858 3127 et
1904 3070 2074 3128 modo
2103 3070 2308 3144 meriti,
2356 3071 2665 3129 noluerunt
2714 3080 2902 3128 tamen

498 3158 659 3215 litem
689 3154 1032 3233 pendentem
1063 3150 1343 3225 decidere,
1389 3157 1447 3208 et
1476 3148 1664 3208 solitis
1707 3150 2002 3208 cothurnis
2029 3151 2120 3208 usi
2165 3158 2314 3224 sunt,
2367 3159 2433 3208 ut
2460 3160 2759 3226 utramque
2789 3149 2902 3207 liti-

498 3237 760 3314 gantium
803 3243 1023 3311 partem
1067 3242 1358 3307 utcunque
1403 3230 1793 3304 conciliarent,
1840 3251 1962 3306 cap.
2012 3233 2103 3305 16,
2149 3239 2207 3288 et
2250 3230 2426 3288 Cano.
2479 3233 2573 3305 32,
2624 3230 2743 3289 “Si
2774 3230 2905 3304 quis

498 3316 711 3373 dixerit
744 3314 1013 3371 Hominis
1035 3311 1338 3388 justificati
1360 3310 1512 3368 bona
1541 3330 1714 3387 opera
1744 3311 1824 3367 ita
1852 3331 1978 3368 esse
2007 3310 2158 3367 dona
2200 3310 2325 3383 Dei,
2358 3321 2422 3369 ut
2450 3330 2564 3367 non
2597 3310 2709 3367 sint
2732 3310 2904 3367 etiam

497 3397 649 3454 bona
673 3395 853 3471 ipsius
874 3393 1176 3469 justificati
1203 3391 1424 3463 merita,
1450 3399 1549 3448 aut
1592 3391 1778 3467 ipsum
1815 3389 2196 3464 justificatum
2241 3390 2410 3446 bouis
2459 3391 2744 3466 operibus,
2775 3409 2905 3465 qua:

498 3476 571 3529 ab
601 3494 668 3530 eo
699 3494 799 3548 per
827 3473 1071 3548 gratiam
1099 3480 1157 3529 et
1185 3472 1332 3529 Jesu
1384 3470 1596 3527 Christi
1645 3471 1928 3544 meritum,
1981 3472 2147 3547 cujus
2194 3470 2512 3528 membrum
2570 3470 2768 3527 vivum
2798 3478 2903 3541 est,

495 3552 655 3623 fiunt,
690 3570 804 3608 non
835 3570 969 3607 vere
998 3550 1203 3607 mereri
1232 3558 1606 3623 augmentum
1638 3550 1856 3625 gratiae,
1902 3550 2080 3607 vitam
2131 3559 2420 3623 aeternam,
2472 3560 2530 3608 et
2559 3550 2739 3627 ipsius
2768 3549 2904 3605 vitae

499 3639 745 3701 aeternae,
778 3629 827 3685 si
857 3636 1048 3685 tamen
1078 3627 1137 3683 in
1166 3627 1351 3703 gratia
1380 3628 1711 3702 excesserit,
1745 3629 2225 3705 consecutionem,
2280 3638 2452 3706 atque
2483 3630 2654 3688 etiam
2705 3628 2903 3705 gloriae

496 3718 885 3787 augmentum,
915 3706 1239 3764 Auathema
1269 3706 1400 3762 sit.''

581 3791 699 3848 XI.
748 3790 911 3848 Licet
932 3808 1088 3861 ver0,
1119 3786 1220 3863 qui
1258 3784 1568 3844 secundam
1600 3786 1941 3845 sententiam
1973 3788 2412 3865 amplectuntur,
2443 3789 2665 3846 nullum
2696 3806 2905 3864 agnos-

496 3881 691 3929 centes
737 3871 1002 3929 meritum
1031 3867 1142 3925 nisi
1172 3888 1247 3925 ex
1273 3874 1461 3944 pecte,
1504 3868 1697 3925 minus
1747 3868 2062 3944 periculose
2096 3878 2286 3928 errent
2315 3869 2552 3942 caeteris,
2585 3879 2643 3927 et
2670 3868 2907 3945 propius

499 3951 573 4009 ad
602 3951 904 4009 veritatem
934 3949 1243 4023 accedant;
1273 3967 1390 4004 non
1419 3955 1664 4025 possunt
1709 3957 1899 4006 tamen
1945 3949 2228 4007 excusari.
2315 3950 2508 4007 Primo
2554 3949 2709 4025 quod
2731 3948 2906 4006 vehe-

495 4040 719 4089 menter
740 4031 981 4088 vocibus
1008 4030 1333 4101 abutantur,
1364 4027 1630 4087 meritum
1652 4027 1721 4085 de
1752 4027 2039 4104 condigno
2067 4029 2213 4086 illud
2241 4037 2530 4103 vocantes,
2563 4029 2719 4105 quod
2746 4028 2908 4086 nullo

497 4111 669 4169 modo
699 4130 907 4167 nomen
937 4108 1082 4166 illud
1110 4116 1375 4180 meretur,
1408 4107 1456 4165 si
1486 4107 1835 4166 ordinarium
1886 4109 2158 4184 loquendi
2208 4129 2374 4166 usum
2426 4109 2586 4184 sequi
2617 4109 2905 4167 volumuS.

499 4192 641 4264 Quis
671 4190 826 4247 enim
855 4188 1069 4247 dixerit
1097 4207 1241 4263 opus
1290 4186 1361 4243 de
1403 4187 1694 4263 condigno
1731 4188 1935 4244 mereri
1973 4188 2148 4245 vitam
2190 4198 2478 4261 aeternam,
2510 4189 2666 4263 quod
2687 4208 2790 4264 per
2845 4208 2907 4245 se

497 4291 612 4328 non
644 4280 731 4327 est
762 4279 920 4327 tanto
950 4268 1183 4345 praemio
1213 4266 1470 4342 dignum,
1504 4267 1604 4325 sed
1635 4267 1726 4324 cui
1755 4268 2052 4343 praemium
2082 4268 2236 4326 istud
2267 4288 2439 4345 supra
2466 4270 2752 4345 propriam
2784 4270 2912 4344 ejus

495 4349 836 4426 dignitatem
867 4347 1180 4406 liberaliter
1207 4357 1295 4404 est
1316 4346 1660 4422 promissum
1681 4350 1709 4405 Ρ
1793 4346 2014 4404 Deinde
2038 4348 2251 4405 locutio
2280 4349 2391 4405 ista
2419 4368 2534 4405 non
2563 4349 2736 4406 modo
2765 4349 2906 4406 abu·

497 4430 639 4501 siva,
701 4427 803 4485 sed
831 4439 888 4486 et
917 4428 1086 4486 valde
1142 4426 1466 4503 periculosa
1520 4435 1624 4498 est,
1678 4426 1879 4485 favens
1936 4426 2153 4484 scilicet
2200 4428 2504 4503 supercilio
2551 4429 2906 4502 Pharisa'ico,

496 4528 625 4584 quoe
684 4509 1042 4565 occasionem
1098 4506 1316 4583 praebet
1380 4506 1438 4562 in
1494 4506 1682 4581 reipsa
1740 4506 1995 4582 graviter
2052 4507 2295 4581 errandi,
2371 4509 2640 4583 operibus
2696 4509 2911 4566 nostris

495 4587 734 4643 nimium
759 4587 1082 4661 tribuendo,
1115 4596 1172 4645 et
1210 4606 1324 4643 non
1355 4602 1555 4661 parum
1586 4586 1977 4644 imminuendo
2022 4586 2262 4662 gloriam
2317 4588 2547 4646 Divinae
2580 4587 2909 4647 Misericor-

494 4665 623 4735 diae,
657 4665 813 4738 quod
846 4665 901 4722 in
936 4666 1197 4723 Ecclesia
1228 4666 1490 4722 Romana
1518 4666 1830 4741 contigisse
1861 4666 2031 4724 nimis
2059 4675 2300 4724 constat.

494 2007 600 2051 Nec
634 2007 692 2050 dc
721 2006 974 2061 condigno.
