3221 5200
272 345 496 393 QuAEs'r.
528 325 640 405 vn]
1107 343 1182 380 ns
1225 342 1558 382 vocarioxe
1605 343 1678 382 ΕΤ
1723 344 1880 382 rins.
2160 323 2163 326 ’
2566 325 2683 381 485

430 554 440 564 ·
877 483 1056 540 XIV.
1114 483 1325 557 Tertio,
1375 483 1484 540 Dei
1519 483 1774 558 operatio
1835 482 2049 539 invicta
2092 481 2330 539 docetur
2385 501 2458 539 ex
2516 481 2677 552 locis,

265 552 313 599 3.
346 552 752 654 Qfflssnlgssgssnffu
796 563 853 619 in
883 563 1092 638 quibus
1144 564 1303 620 Deus
1352 562 1561 621 dicitur
1608 562 1776 619 nobis
1820 561 1955 618 dare
1985 581 2083 618 cor
2111 581 2344 634 novum,
2371 571 2428 618 et
2456 561 2677 618 auferre

385 625 442 654 ⁶⁰
681 642 692 660 ’
790 643 1098 719 lapideum,
1145 651 1201 700 et
1244 642 1428 702 facere
1457 651 1521 700 ut
1549 641 1909 699 ambulemus
1954 641 2012 697 in
2055 641 2286 698 statutis
2328 641 2471 716 ejuS,
2508 641 2676 699 Ezcc.

269 725 476 783 xxxvi.
498 727 592 797 26,
616 728 711 796 27,
740 725 774 755 “
797 723 963 780 Dabo
993 721 1160 780 vobis
1183 742 1282 780 cor
1303 742 1535 794 novum,
1563 732 1621 778 et
1643 721 1905 798 spiritum
1926 740 2139 778 novum
2160 740 2369 797 ponam
2398 721 2457 777 iu
2487 719 2677 777 medio

268 804 463 878 vestri,
510 804 761 861 auferam
813 822 911 860 cor
957 801 1245 878 lapideum
1276 823 1310 858 a
1339 821 1505 858 carne
1538 809 1746 875 vestra,
1779 809 1836 859 et
1865 800 2014 857 dabo
2046 800 2212 858 vobis
2248 820 2345 857 cor
2387 819 2673 872 carneum,

266 891 326 940 et
358 883 632 960 Spiritum
675 903 865 941 meum
908 902 1117 959 ponam
1147 882 1204 937 in
1235 880 1423 938 medio
1452 881 1647 954 vestri,
1693 901 1807 956 quo
1850 879 2052 937 faciam
2085 888 2147 937 ut
2175 879 2234 937 in
2265 880 2495 937 statutis
2533 879 2677 937 meis

267 964 633 1021 ambuletis.''
688 963 806 1021 Ubi
836 971 977 1038 quot
1006 970 1140 1019 sunt
1169 961 1360 1032 verba,
1394 969 1479 1019 tot
1508 971 1643 1017 sunt
1670 968 2135 1036 argumentorum
2165 958 2456 1035 pondera:
2485 961 2672 1033 Dabo,

267 1042 471 1118 inquit,
504 1063 616 1100 non
642 1041 875 1099 offeram
918 1050 1158 1114 tantum,
1191 1049 1249 1099 et
1277 1040 1647 1116 praeparab03
1683 1040 1815 1112 Cor,
1848 1059 1962 1096 non
1992 1047 2214 1097 tantum
2258 1047 2525 1112 mentem,
2572 1039 2674 1097 sed

268 1122 455 1197 ipsum
486 1123 691 1179 animae
721 1121 1065 1195 sacrarium3
1115 1121 1233 1179 Cor
1268 1140 1485 1193 novum,
1531 1139 1647 1177 non
1676 1119 1953 1194 refingam
1984 1127 2152 1177 vetus
2182 1127 2239 1176 et
2269 1117 2583 1176 immutabo
2614 1119 2673 1176 in

267 1202 490 1276 meliuS,
524 1201 625 1259 sed
655 1201 821 1277 plane
851 1221 1085 1273 novum,
1117 1209 1176 1258 et
1203 1199 1359 1257 aliud
1391 1199 1557 1273 dabo,
1589 1219 1703 1256 non
1734 1199 2094 1275 conjungens
2122 1218 2313 1255 meum
2344 1218 2472 1256 cum
2503 1198 2673 1255 corde

264 1290 476 1355 vestm,
502 1281 603 1338 sed
625 1301 901 1338 amovens
930 1281 1157 1356 penitus
1189 1281 1306 1338 Cor
1335 1279 1618 1354 lapideum
1646 1278 1870 1352 durum,
1902 1277 2143 1351 aridum,
2175 1286 2231 1335 et
2261 1297 2463 1335 sensus
2493 1280 2678 1335 omnis

263 1381 508 1436 expers;
538 1362 746 1418 Iudam
765 1381 1045 1433 carneum,
1080 1359 1156 1417 id.
1188 1358 1397 1433 flexile,
1425 1359 1615 1428 molle,
1640 1367 1698 1416 et
1726 1359 2068 1434 obsequenS,
2102 1357 2300 1414 vivido
2330 1377 2500 1415 sensu
2531 1377 2672 1433 prae·

265 1440 485 1514 ditum;
533 1441 610 1498 Et
639 1448 702 1497 ut
730 1440 1018 1516 potentior
1045 1448 1102 1496 et
1131 1439 1412 1497 efficacior
1441 1438 1516 1496 sit
1545 1439 1655 1496 ista
1683 1438 1885 1514 gratia,
1918 1435 2143 1495 Ponam
2173 1438 2444 1512 Spirdtum
2477 1457 2671 1509 meum,

264 1540 380 1577 non
410 1520 655 1577 transire
687 1519 888 1577 faciam
921 1520 1098 1576 instar
1127 1519 1386 1594 hospitiS,
1433 1518 1536 1576 sed
1565 1527 1629 1576 ut
1660 1519 1971 1576 Dominum
2001 1527 2059 1576 et
2090 1517 2399 1574 Praesidem
2443 1536 2670 1593 ponam,

264 1619 380 1656 non
413 1600 469 1656 in
500 1600 751 1673 naribus,
800 1599 901 1657 sed
931 1600 990 1655 in
1019 1600 1213 1656 Medio
1241 1599 1423 1672 vestri,
1457 1607 1520 1656 ut
1547 1598 1929 1675 principatum
1961 1598 2019 1654 in
2049 1598 2216 1655 vobis
2245 1606 2511 1654 exerceat
2536 1618 2550 1669 3
2595 1596 2673 1653 Et

263 1699 336 1736 ne
366 1681 677 1755 potentiam
730 1689 952 1737 tantum
997 1678 1140 1736 bene
1186 1678 1396 1754 agendi
1429 1678 1594 1735 vobis
1645 1677 1889 1735 conferri
1934 1677 2196 1748 credatiS,
2242 1684 2432 1733 actum
2484 1676 2670 1750 ipsum

264 1760 598 1834 procumbe,
632 1760 867 1816 Faciam
899 1768 959 1814 ut
985 1759 1270 1815 ambuletis
1299 1758 1355 1814 in
1382 1758 1601 1814 statutz's
1629 1758 1778 1829 meis,
1811 1777 1925 1813 non
1970 1756 2256 1828 hortabor,
2304 1754 2405 1811 scd
2434 1774 2661 1830 persua·

265 1838 432 1912 debo,
477 1859 592 1896 non
638 1839 943 1915 impellam,
989 1848 1053 1895 ut
1094 1837 1326 1913 possitis
1378 1835 1549 1892 modo
1596 1836 1805 1908 velitis,
1851 1835 1954 1892 sed
1979 1836 2201 1908 faciam
2265 1843 2325 1890 ut
2364 1834 2669 1906 ambuletis,

265 1919 470 1975 faciam
510 1919 567 1974 in
598 1918 765 1975 vobis
809 1917 957 1974 velle
1001 1927 1058 1974 et
1096 1916 1383 1992 perficere,
1437 1915 1642 1972 faciam
1691 1924 1756 1972 ut
1804 1914 2042 1972 faciatis,
2130 1913 2271 1987 Quis
2319 1932 2457 1970 vero
2506 1913 2670 1970 locus

264 1998 583 2074 magnificae
615 1998 709 2055 isti
740 1996 1105 2072 promissioni
1153 2015 1278 2053 esse
1329 2003 1532 2070 potest,
1575 1995 1624 2051 si
1666 1995 1824 2052 Deus
1865 1994 1984 2050 leni
2025 2002 2246 2051 tantum
2298 1992 2580 2066 suasione,
2612 2003 2671 2050 ct

263 2076 647 2134 resistibiliter
687 2077 810 2151 agit
852 2076 909 2132 in
954 2076 1164 2132 nobis?
1263 2075 1405 2148 Quis
1435 2094 1550 2130 non
1579 2074 1739 2131 videt
1766 2093 1881 2131 non
1910 2093 2078 2149 posse
2107 2072 2237 2130 aliis
2267 2072 2458 2129 verbis
2488 2071 2669 2129 invic-

263 2165 381 2212 tam
412 2164 468 2213 et
497 2155 939 2231 insuperabilem
977 2156 1079 2212 Dei
1112 2155 1354 2230 gratiam
1386 2154 1675 2230 exprimi?
1778 2153 1996 2210 Eadem
2026 2162 2114 2210 est
2153 2152 2296 2210 ratio
2338 2151 2667 2227 promissio-

264 2235 372 2306 niS,
417 2254 546 2310 quae
617 2235 875 2306 habetur,
938 2234 1061 2292 Jer.
1123 2234 1287 2291 xxxi.
1334 2237 1428 2307 31,
1463 2231 1588 2304 ἀει,
1636 2233 1734 2290 ubi
1777 2233 2082 2308 pollicetur
2132 2233 2291 2289 Deus
2341 2231 2448 2288 sub
2499 2232 2667 2288 Novo

266 2314 508 2371 Foedere
540 2333 600 2371 se
632 2314 846 2389 Legem
884 2313 1288 2389 inscripturum
1318 2312 1376 2369 in
1407 2313 1676 2370 cordibus
1705 2312 1901 2388 populi
1931 2312 2036 2385 sui,
2071 2321 2133 2370 ut
2161 2331 2359 2369 omnes
2389 2311 2503 2369 sint
2531 2332 2669 2386 cog-

263 2394 439 2451 nituri
491 2394 821 2467 Dominum,
867 2392 1022 2469 quod
1067 2393 1279 2469 utique,
1325 2412 1439 2449 non
1479 2393 1763 2450 actionem
1806 2392 2190 2466 resistibilem,
2236 2390 2337 2448 sed
2372 2390 2663 2466 invictam,

262 2493 391 2549 quae
449 2473 713 2532 effectum
744 2472 1059 2531 certissime
1117 2473 1500 2547 consequitur,
1535 2472 1806 2542 denotat;
1853 2473 1999 2529 Nam
2051 2472 2175 2529 Deo
2220 2471 2433 2547 Legem
2468 2470 2665 2528 inscri-

263 2553 450 2628 bente,
498 2573 612 2612 non
641 2562 830 2632 potest
859 2573 973 2611 non
1006 2553 1130 2610 Lex
1159 2553 1410 2626 inscribi,
1443 2561 1501 2611 et
1528 2551 1715 2610 fidelis
1745 2552 1971 2610 edoceri
2001 2564 2057 2611 ct
2087 2551 2363 2610 converti.

343 2634 486 2691 XV.
563 2636 800 2692 Frustra
856 2634 1150 2711 reponitur
1181 2657 1194 2693 :
1244 2637 1295 2691 1.
1350 2638 1384 2666 “
1417 2634 1542 2691 Non
1587 2653 1757 2709 posse
1808 2632 2199 2691 conversionis
2256 2632 2499 2707 gratiam
2576 2631 2667 2689 his

191 2728 198 2743 ¹
260 2714 404 2772 loeis
433 2714 698 2787 describi,
731 2713 866 2790 quia
897 2716 1055 2772 Deus
1085 2734 1308 2791 semper
1338 2713 1554 2771 Electis
1584 2714 1703 2771 suis
1732 2714 1904 2771 etiam
1936 2714 2042 2771 sub
2066 2712 2265 2771 Veteri
2296 2712 2665 2769 Testamento

262 2794 422 2851 dedit
452 2814 551 2852 cor
592 2815 824 2868 novum,
873 2794 956 2852 At
984 2794 1077 2852 hic
1108 2794 1398 2870 singulare
1428 2793 1663 2869 aliquod
1691 2792 2029 2851 beneficium
2075 2791 2331 2870 promitti
2374 2792 2664 2868 proprium

263 2873 416 2930 Novi
466 2874 878 2932 Testamenti.’'
965 2874 1129 2947 Quia,
1161 2875 1296 2930 licet
1323 2873 1456 2929 fidei
1487 2881 1544 2931 et
1572 2872 1762 2930 cordis
1792 2873 1927 2930 novi
1958 2872 2130 2943 datio,
2176 2892 2291 2930 non
2335 2872 2409 2929 sit
2451 2871 2664 2929 benefi-

260 2952 408 3009 cium
459 2953 749 3028 singulare
795 2954 1138 3028 quibusdam
1193 2953 1426 3025 Electis,
1473 2952 1573 3009 sed
1619 2972 1918 3010 commune
1969 2953 2251 3024 omnibuS,
2300 2951 2665 3026 privilegium

262 3039 455 3088 tamen
478 3031 710 3107 aliquod
742 3032 833 3088 hic
863 3031 1289 3106 agnoscendum
1321 3040 1582 3105 respectu
1612 3031 1868 3088 fidelium
1900 3031 2053 3087 Novi
2082 3030 2451 3101 Testamenti,
2479 3030 2525 3085 si
2550 3050 2665 3086 non

260 3110 452 3185 quoad
479 3131 617 3181 rem,
650 3111 850 3167 saltem
882 3110 1073 3185 quoad
1103 3108 1334 3166 modum
1365 3119 1421 3166 et
1450 3109 1693 3184 gradum
1722 3110 1822 3182 rei,
1848 3120 2129 3185 quatenus
2160 3109 2331 3182 longe
2364 3108 2660 3181 illustriuS,

261 3198 320 3247 et
349 3189 660 3261 solennius,
693 3200 750 3246 ct
779 3190 950 3265 longe
981 3189 1240 3265 pluribus
1271 3207 1369 3245 cor
1397 3208 1610 3245 novum
1642 3187 1817 3259 dedit,
1840 3208 2011 3262 quam
2043 3188 2150 3244 sub
2180 3187 2314 3243 Vct.
2345 3187 2501 3244 Test.
2579 3188 2665 3245 At

258 3290 387 3345 quae
419 3289 533 3326 non
563 3277 696 3326 sunt
723 3269 984 3339 illustria,
1029 3287 1224 3325 eorum
1257 3268 1314 3324 in
1348 3267 1641 3343 Scriptura
1670 3267 1956 3325 interdum
1986 3267 2131 3324 ratio
2160 3286 2274 3323 non
2304 3266 2563 3340 habetur,
2596 3287 2663 3324 ac

263 3350 455 3406 sinon
505 3358 713 3423 essent,
768 3355 830 3405 ut
887 3348 1130 3423 Spiritus
1169 3350 1410 3405 nondum
1463 3350 1629 3403 datus
1667 3346 1893 3420 dicitur,
1952 3346 2091 3405 Joh.
2124 3346 2223 3404 vii,
2255 3349 2350 3419 39,
2381 3345 2517 3421 quia
2546 3356 2663 3403 tam

257 3429 560 3506 magnifice
611 3439 668 3487 et
717 3428 944 3505 copiose
995 3428 1164 3486 datus
1214 3447 1328 3485 non
1378 3435 1516 3484 erat.
1601 3431 1658 3484 2.
1719 3430 1753 3458 “
1779 3426 1981 3484 Cordis
2031 3426 2316 3484 dationem
2370 3426 2660 3502 praecipi,''

262 3510 431 3568 Ezec.
479 3509 641 3566 xviii.
702 3512 796 3566 31.
883 3508 1029 3582 Quia
1057 3507 1384 3584 praecipitur
1411 3516 1476 3565 ut
1504 3502 1751 3565 officium
1800 3506 2066 3581 hominiS,
2112 3506 2267 3582 quod
2316 3506 2666 3582 promittitur

257 3590 600 3648 beneficium
647 3589 789 3659 Dei;
835 3609 936 3666 per
976 3598 1323 3665 praeceptum
1368 3587 1724 3663 significatur
1751 3587 1891 3663 quid
1919 3588 2092 3644 homo
2122 3586 2345 3659 debeat,
2390 3607 2491 3663 per
2532 3607 2661 3663 pro-

257 3670 606 3742 missionem,
640 3669 789 3727 unde
819 3678 1121 3745 expectare
1153 3668 1358 3726 debeat
1387 3668 1541 3743 quod
1570 3688 1646 3724 ex
1677 3688 1737 3725 se
1765 3668 1977 3725 habere
2008 3668 2222 3742 nequit.
2308 3666 2477 3724 Adde
2508 3667 2665 3743 quod

259 3768 388 3805 cum
419 3749 531 3805 tale
561 3758 906 3825 praeceptum
949 3749 1231 3824 dirigatur
1258 3748 1331 3805 ad
1355 3748 1476 3823 jam
1508 3748 1780 3821 VocatOS,
1827 3768 1941 3804 non
1970 3756 2086 3804 tam
2120 3747 2400 3821 jubentur
2427 3766 2525 3803 eor
2554 3747 2661 3803 sibi

260 3847 474 3884 novum
505 3828 706 3900 facere,
740 3829 795 3884 in
828 3828 1218 3886 conversionis
1249 3827 1428 3901 initio,
1460 3847 1630 3901 quam
1664 3827 1721 3882 in
1751 3846 2059 3903 progressu
2088 3845 2189 3900 per
2217 3825 2466 3881 studium
2500 3845 2661 3883 sanc-

259 3906 588 3964 tificationis
634 3916 690 3964 et
734 3908 1103 3983 poenitentiae.
1191 3907 1454 3982 Denique
1510 3927 1582 3965 ex
1624 3906 1930 3982 hypothesi
1994 3903 2238 3974 Armin„
2299 3904 2459 3960 Deus
2495 3903 2665 3978 jubet

261 3986 433 4044 etiam
463 3994 526 4043 ut
557 3986 909 4044 intellectum
958 3987 1271 4044 habeamus
1321 3986 1691 4062 spiritualem,
1725 3995 1782 4042 et
1810 3984 2047 4041 affectus
2098 4002 2368 4040 accensos
2398 3982 2471 4039 ad
2517 3982 2665 4039 bona

261 4066 594 4142 spiritualia,
643 4074 920 4123 ettamen
962 4065 1166 4123 volunt
1194 4086 1227 4123 a
1259 4065 1384 4123 Deo
1425 4064 1769 4122 irresistibili
1816 4063 1987 4120 modo
2030 4062 2197 4119 nobis
2239 4062 2521 4138 inspirari.
2607 4066 2663 4121 3.

261 4150 299 4178 “
325 4147 742 4204 Promissiones
771 4146 911 4203 istas
939 4164 1054 4201 non
1083 4145 1376 4202 absolutas
1405 4165 1548 4218 esse,
1595 4143 1698 4201 sed
1727 4142 2202 4212 conditionataS‚”
2248 4162 2320 4198 ex
2367 4142 2536 4199 Ezec.
2581 4143 2661 4200 xi.

264 4229 352 4300 18,
391 4229 480 4297 19,
515 4229 608 4301 20,
641 4229 737 4283 21.
819 4225 968 4298 Quia
995 4224 1246 4282 conditio
1276 4224 1508 4300 quidem
1538 4222 1875 4300 proponitur
1902 4230 1959 4279 et
1988 4220 2294 4296 requiritur
2322 4241 2355 4277 a
2387 4222 2528 4294 Dec,
2562 4222 2665 4282 sed

258 4326 428 4381 quam
472 4307 593 4382 ipse
637 4313 887 4382 praestat,
920 4313 977 4362 et
1005 4324 1134 4380 quae
1177 4324 1354 4380 quum
1397 4303 1652 4379 exigitur
1693 4302 1751 4358 in
1796 4301 2014 4359 Electis
2062 4320 2269 4357 arcana
2310 4302 2368 4359 vi
2417 4301 2663 4378 Spiritus

259 4396 498 4442 creatur.
588 4386 834 4462 Spiritus
877 4404 1015 4462 ergo
1058 4384 1413 4460 promittitur
1440 4383 1511 4439 iis
1540 4382 1637 4458 qui
1678 4390 1947 4438 amovent
1990 4381 2325 4454 amovenda,
2372 4402 2483 4440 non
2528 4382 2664 4457 quia

258 4464 367 4520 hoc
411 4463 668 4523 fecerunt
696 4474 845 4539 ante,
880 4464 1180 4538 Quomodo
1212 4464 1364 4521 enim
1394 4464 1502 4520 hoe
1534 4462 1718 4518 facere
1751 4472 2000 4537 possent,
2047 4470 2351 4536 antequam
2383 4482 2480 4519 cor
2516 4462 2658 4538 lapi-

257 4542 445 4614 deum,
479 4544 631 4618 quod
662 4554 749 4602 est
777 4565 950 4601 causa
978 4545 1231 4602 omnium
1283 4543 1520 4601 istarum
1569 4542 2076 4613 abominationum,
2126 4541 2285 4599 Deus
2328 4542 2448 4617 ipse
2504 4562 2659 4599 amo-

262 4622 455 4680 verit?
498 4622 596 4680 sed
642 4633 699 4680 ut
735 4624 790 4680 vi
843 4624 1090 4700 Spiritus
1139 4623 1300 4680 inditi
1350 4622 1576 4696 faciant,
1623 4622 1767 4679 adeo
1795 4629 1859 4679 ut
1888 4622 2099 4679 amotio
2148 4622 2244 4678 illa
2291 4622 2365 4680 sit
2410 4622 2661 4683 conditio
