3221 5200
266 367 495 416 Qua-:sn
522 345 634 427 ηπ]
1179 364 1255 403 ns
1284 361 1621 403 vocxmonn
1651 361 1724 402 ar
1755 362 1910 403 mon.
2599 347 2713 403 471

273 509 434 567 enim
464 527 634 565 unum
664 505 780 564 siut
829 524 1050 579 omneS‚
1083 525 1204 564 ver.
1238 507 1292 579 8,
1324 503 1404 562 id.
1434 523 1671 563 munere
1702 514 1759 563 et
1799 523 1969 580 opere
1998 502 2326 581 conjunctis
2354 502 2576 563 viribus
2603 504 2704 562 uni

279 589 536 646 Domino
566 586 901 658 servientes,
934 596 991 644 et
1042 585 1229 643 eidem
1278 584 1514 661 negotio
1565 584 1979 656 incumbentes,
2040 605 2156 642 non
2212 604 2440 661 aequum
2491 593 2613 641 erat
2639 594 2708 642 ut

273 677 473 745 partes
503 667 771 741 facerent,
805 666 900 724 vel
931 675 995 724 ut
1023 675 1257 742 propter
1285 684 1385 722 eos
1413 665 1473 722 in
1503 664 1783 722 factiones
1822 664 2234 722 dividerentur.
2323 664 2478 722 Hinc
2509 664 2699 722 Calvi-

277 768 393 806 nus
423 748 702 805 adversus
735 747 1005 823 Pighium
1035 746 1071 803 l.
1104 766 1153 804 c.
1184 766 1240 821 p.
1273 748 1409 820 212,
1442 744 1588 802 bene
1620 745 1861 821 colligit,
1890 747 1927 776 “
1952 744 2211 802 bifariam
2240 744 2302 801 in
2333 744 2551 802 Electis
2581 743 2703 802 suis

278 830 474 885 Deum
505 826 744 904 operari,
777 835 943 884 extra
970 846 1073 902 per
1120 824 1397 900 Verbum,
1451 824 1612 882 intus
1669 844 1772 902 per
1814 824 2151 900 Spiritum.'’
2238 825 2316 882 Et
2343 824 2516 900 paulo
2544 831 2693 900 post,

279 911 319 940 ‘⁴
349 906 824 980 Praedicatione,”
856 906 1060 982 inquit,
1097 903 1358 981 “jacitur
1380 924 1610 978 semen;
1643 915 1707 963 ut
1736 912 1931 962 autem
1959 903 2183 962 radices
2213 912 2367 980 agat,
2399 913 2463 962 ut
2492 904 2701 980 germi-

277 996 397 1059 net,
422 996 487 1046 ut
516 985 836 1059 fructificet,
871 986 981 1044 Dei
1017 986 1265 1062 Spiritus
1294 984 1450 1042 intus
1499 984 1697 1042 facit.''
1783 985 1911 1058 Quo
1961 992 2225 1061 spectant
2253 992 2311 1042 et
2359 983 2471 1042 ista
2500 987 2701 1042 Game-

279 1067 461 1140 ronis,
497 1067 661 1143 Disp.
694 1066 766 1124 de
797 1067 961 1125 Grat.
992 1074 1050 1124 ct
1081 1065 1207 1122 Lib.
1242 1064 1409 1123 Arbi.
1454 1064 1563 1121 Th.
1594 1066 1690 1138 20,
1724 1085 1852 1141 quae
1902 1072 2098 1139 aperte
2127 1063 2373 1140 gratiam
2404 1064 2699 1121 immedia-

286 1156 407 1205 tam
440 1154 788 1223 supponunt.
822 1145 1048 1219 “Quod
1070 1154 1264 1203 autem
1298 1144 1608 1220 Evangelii
1641 1144 1896 1204 Ministri
1920 1143 2035 1202 Dei
2065 1144 2380 1221 cooperarii
2409 1143 2694 1218 dicuntur,

281 1227 559 1284 aliorsum
587 1226 834 1302 pertinet
867 1248 879 1284 :
930 1226 1025 1283 Sic
1054 1226 1207 1282 enim
1236 1225 1556 1283 instituitur
1602 1225 1953 1301 comparatio
2002 1225 2151 1282 inter
2196 1234 2493 1282 externam
2524 1223 2705 1282 Verbi

281 1306 768 1383 praedicationem,
828 1306 1067 1382 ejusque
1125 1305 1182 1361 in
1238 1304 1536 1361 hominum
1565 1303 1773 1362 animis
1815 1304 1934 1361 vim
1965 1313 2022 1362 et
2077 1303 2404 1378 efficaciam,
2463 1323 2707 1380 quarum

280 1387 441 1463 prior
467 1406 502 1443 a
534 1387 658 1443 Deo
688 1385 921 1461 quidem
953 1395 1057 1459 est,
1091 1385 1194 1442 sed
1223 1404 1412 1461 operae
1441 1384 1707 1442 humanae
1731 1385 2077 1459 interventu,
2110 1384 2291 1442 altera
2318 1384 2649 1442 immediate
2671 1403 2708 1441 a

283 1466 411 1524 solo
445 1466 551 1523 Dei
587 1465 803 1542 Spiritu
832 1465 1228 1542 proficiscitur.
1315 1465 1388 1522 In
1416 1483 1531 1540 quo
1561 1473 1799 1541 apparet
1825 1465 2020 1541 imago
2058 1464 2323 1540 quaedam
2352 1464 2705 1541 cooperatio·

283 1547 395 1621 nie,
427 1545 658 1603 homine
681 1546 1041 1604 extrinsecus
1063 1545 1352 1621 loquente,
1389 1544 1607 1620 Spiritu
1638 1545 1792 1603 intus
1819 1544 2263 1621 persuadente.''

896 1625 1287 1683 XXXVIII.
1333 1624 1564 1698 Quinto,
1614 1624 1747 1682 Non
1801 1625 1993 1683 minus
2048 1624 2231 1682 solide
2286 1624 2397 1682 hoc
2428 1625 2706 1682 evincunt

287 1704 335 1748 5.
379 1705 453 1749 Ex
499 1705 619 1749 loeis
661 1718 771 1774 ‘1¹3⁸'
812 1705 957 1779 loca,
990 1725 1118 1783 quae
1147 1705 1432 1763 actionem
1461 1704 1714 1781 aliquam
1744 1704 2027 1763 internam
2073 1705 2199 1762 Deo
2228 1704 2490 1762 tribuunt
2517 1704 2576 1761 in
2605 1704 2707 1760 ho-

349 1765 773 1865 znessssrffi‘inngffiffi]
815 1785 987 1842 minis
1038 1784 1412 1843 conversione
1440 1806 1453 1842 ε
1504 1804 1683 1860 quum
1717 1784 1876 1842 Deus
1931 1783 2143 1841 dicitur
2197 1785 2432 1858 operari
2478 1784 2534 1840 in
2556 1783 2709 1840 nobis

816 1868 952 1922 velle
976 1874 1027 1923 et
1039 1866 1329 1942 perficere,
1365 1863 1516 1920 Phil.
1546 1863 1605 1921 ii.
1637 1866 1739 1938 133
1778 1864 2087 1941 Opusfidei
2100 1872 2363 1938 potenter
2390 1863 2623 1937 implere
2651 1863 2708 1919 in

288 1947 460 2021 nobis,
494 1950 528 2003 2
562 1947 764 2004 Thess,
796 1945 833 2002 i.
871 1948 977 2017 113
1011 1947 1229 2002 Facere
1258 1945 1314 2000 in
1339 1943 1490 2000 nobis
1519 1945 1675 2017 quod
1713 1944 1823 2018 ᾤετ’
1841 1952 2073 2018 qratum
2101 1951 2181 2001 est
2207 1963 2401 2000 coram
2445 1962 2519 2015 se,
2554 1942 2707 1999 Heb.

290 2028 417 2084 xiii.
449 2029 544 2098 21,
577 2035 636 2084 et
664 2026 779 2083 alia
807 2024 868 2081 id
897 2043 1119 2098 genus:
1167 2022 1266 2079 Ad
1294 2021 1452 2099 quod
1479 2021 1678 2079 referri
1727 2022 1941 2081 debent
1968 2031 2027 2081 et
2074 2043 2160 2096 ea,
2207 2021 2267 2079 in
2306 2022 2517 2098 quibus
2549 2021 2709 2079 Deus

288 2106 588 2182 promittit,
625 2108 659 2137 “
683 2124 743 2162 se
772 2104 1094 2179 positurum
1115 2102 1304 2178 Leges
1327 2121 1460 2159 suas
1491 2101 1551 2158 in
1566 2102 1735 2159 nobis
1757 2111 1814 2160 et
1832 2103 2176 2178 scripturum
2205 2102 2264 2159 in
2283 2101 2553 2159 cordibus
2582 2121 2715 2159 nos-

293 2187 457 2257 triS,'’
491 2185 614 2242 Jer.
647 2183 811 2241 xxxi.
846 2186 962 2255 333
1008 2191 1065 2240 et
1115 2181 1269 2258 apud
1322 2181 1533 2238 Ezech.
1591 2182 1801 2239 xxxvi.
1832 2185 1927 2256 26,
1981 2187 2076 2254 27,
2109 2181 2265 2259 quod
2295 2181 2369 2239 sit
2412 2180 2713 2239 “daturus

294 2264 463 2321 nobis
486 2284 585 2321 cor
611 2282 845 2335 novum,
877 2270 937 2319 et
966 2260 1227 2336 spiritum
1260 2280 1472 2318 novum
1505 2260 1798 2335 positurus
1828 2260 1887 2317 in
1914 2261 2105 2319 medio
2126 2260 2324 2336 nostri,
2358 2269 2416 2319 et
2459 2261 2716 2319 facturus

294 2353 361 2402 ut
389 2343 749 2402 ambulemus
779 2341 837 2398 in
894 2341 1022 2417 ejus
1079 2340 1370 2399 statutis.'’
1458 2340 1598 2413 Quae
1629 2340 1724 2397 vel
1780 2341 2003 2399 nullum
2061 2360 2292 2399 sensum
2336 2340 2568 2414 habent,
2620 2342 2716 2398 vel

297 2424 584 2481 actionem
633 2422 888 2498 aliquam
937 2421 1198 2478 intimam
1229 2429 1287 2478 et
1333 2419 1786 2478 efficacissimam
1832 2420 1892 2477 in
1941 2420 2114 2479 corda
2143 2430 2340 2478 nostra
2389 2420 2716 2496 important.

299 2504 422 2561 Nec
452 2503 569 2560 dici
596 2512 787 2579 potest
814 2501 1203 2579 operationem
1248 2500 1558 2559 mediatam
1591 2499 1856 2576 Spiritus,
1909 2520 2038 2577 quae
2083 2500 2148 2559 fit
2177 2520 2278 2578 per
2308 2499 2584 2569 Verbum,
2628 2500 2716 2555 in-

299 2591 520 2643 ternam
553 2583 726 2643 etiam
756 2591 910 2641 recte
940 2581 1073 2657 dici,
1104 2581 1241 2658 quia
1267 2600 1383 2639 non
1413 2579 1607 2658 pulsat
1646 2588 1870 2639 tantum
1901 2602 2067 2641 aures
2097 2581 2368 2659 corporiS,
2401 2580 2504 2640 sed
2533 2578 2716 2638 defer-

300 2674 396 2724 tur
423 2665 596 2723 etiam
639 2663 715 2721 ad
756 2663 941 2741 ipsam
993 2670 1244 2721 mentem
1301 2682 1475 2739 quam
1531 2660 1741 2737 afficit;
1788 2662 1935 2720 Nam
1994 2662 2190 2721 eadem
2250 2662 2470 2720 ratione
2528 2680 2716 2719 sermo

305 2745 696 2822 quorumlibet
725 2744 1020 2801 hominum
1050 2742 1196 2801 alios
1225 2742 1660 2819 alloquentium,
1686 2762 1753 2800 ac
1776 2741 2122 2817 docentium,
2148 2750 2205 2800 et
2233 2740 2718 2819 persuadentium,

300 2826 401 2902 qui
446 2825 519 2882 ad
568 2833 820 2882 mentem
866 2824 1052 2901 ipsam
1097 2843 1200 2900 per
1246 2843 1451 2881 sensus
1495 2822 1767 2897 defertur,
1819 2822 2079 2881 internus
2128 2821 2243 2881 dici
2297 2829 2510 2898 posset,
2562 2820 2720 2898 quod

301 2924 471 2962 nemo
500 2905 714 2962 dixerit
742 2913 934 2962 tamen
958 2925 972 2979 ;
1020 2904 1163 2961 Cum
1193 2904 1410 2961 clarum
1441 2903 1516 2961 sit
1557 2922 1662 2979 per
1703 2903 1845 2960 istas
1872 2903 2196 2962 locutiones
2222 2902 2346 2961 fieri
2388 2901 2721 2959 antithesim

305 2984 461 3039 modi
491 2983 701 3058 agendi
734 2984 844 3039 Dei
873 2983 949 3041 ad
976 2983 1210 3040 modum
1241 2982 1453 3058 agendi
1479 2983 1797 3055 hominum,
1829 2984 1930 3057 qui
1977 2984 2038 3039 in
2082 2991 2322 3040 externa
2365 2990 2589 3039 tantum
2619 2981 2721 3039 ob-

297 3064 585 3139 jectorum
614 3062 1003 3138 propositione
1052 3062 1332 3133 consistit,
1380 3061 1482 3118 ubi
1529 3061 1690 3118 Deus
1732 3081 1832 3118 cor
1878 3062 2066 3136 ipsum
2096 3061 2295 3118 intime
2353 3061 2631 3136 pervadit,
2664 3068 2723 3118 et

310 3140 640 3199 immediate
669 3139 861 3198 afficit.
948 3140 1074 3198 Imo
1106 3141 1188 3198 sic
1217 3140 1430 3215 optime
1460 3139 1836 3215 distinguitur
1874 3140 2124 3197 efficacia
2158 3140 2404 3215 Spiritus
2434 3139 2723 3216 operantis

308 3223 368 3279 in
403 3220 645 3278 Foedere
677 3220 911 3293 Gratiae,
944 3239 979 3276 a
1007 3218 1179 3277 modo
1207 3217 1419 3295 agendi
1451 3218 1562 3276 Dei
1599 3219 1660 3275 in
1692 3217 1935 3276 Foedere
1981 3218 2201 3293 Legali.
2288 3219 2436 3275 Nam
2482 3219 2543 3275 in
2590 3218 2720 3293 istc,

315 3301 564 3377 Spiritus
593 3299 832 3376 quidem
860 3319 963 3376 per
991 3299 1167 3357 Viros
1193 3305 1513 3356 sumnam-vc
1566 3298 1785 3375 Legem
1815 3298 2219 3375 promulgabat
2260 3298 2635 3372 extrinsecus,
2669 3307 2726 3357 et

307 3390 559 3439 mentem
583 3380 767 3457 ipsam
794 3380 951 3438 intus
980 3379 1154 3437 etiam
1181 3386 1475 3453 utcunque
1505 3377 1933 3453 commovebat;
1965 3378 2068 3436 sed
2098 3378 2233 3454 quia
2253 3378 2570 3455 imperabat
2598 3385 2724 3435 tan-

311 3470 452 3534 tum,
505 3481 622 3519 non
652 3480 791 3518 vero
821 3459 1182 3537 operabatur,
1215 3458 1310 3516 vel
1339 3458 1492 3515 vires
1520 3458 1595 3515 ad
1625 3459 1914 3535 agendum
1950 3458 2369 3536 suppeditabat,
2404 3458 2532 3517 ideo
2561 3459 2726 3517 litera

312 3542 524 3600 dicitur
552 3561 586 3598 a
617 3540 817 3614 Paulo,
853 3545 887 3598 2
913 3540 1041 3598 Cor.
1067 3539 1147 3598 iii.
1171 3542 1224 3613 6,
1255 3538 1468 3613 scripta
1496 3539 1554 3597 in
1584 3540 1783 3596 tabulis
1806 3539 2060 3615 lapideist,
2088 3556 2207 3598 ver.
2241 3543 2295 3598 3.
2342 3539 2561 3596 Verum
2591 3538 2728 3614 quia

310 3623 369 3680 in
401 3622 643 3680 Foedere
675 3622 910 3696 Gratiae,
947 3620 1195 3697 Spiritus
1223 3639 1340 3676 non
1368 3618 1539 3676 modo
1569 3618 1813 3696 imperat
1857 3619 2107 3678 officium
2150 3639 2252 3697 per
2281 3619 2462 3677 Verbi
2511 3639 2725 3696 praeco-

311 3703 487 3775 nium,
521 3701 624 3760 sed
654 3702 851 3760 intime
880 3710 938 3759 et
966 3700 1295 3758 immediate
1345 3699 1699 3758 docilitatem
1745 3709 1803 3759 et
1852 3699 2191 3777 obsequium
2234 3709 2538 3777 operatur;
2586 3699 2728 3757 Ideo

313 3781 523 3839 dicitur
551 3782 862 3839 inscribere
921 3781 1138 3858 Legem
1195 3781 1255 3836 in
1311 3779 1599 3855 cordibus,
1632 3789 1690 3838 et
1746 3779 1933 3839 facere
1983 3789 2049 3839 ut
2098 3781 2457 3838 ambulemus
2512 3779 2573 3837 in
2603 3780 2728 3856 ejus

356 3880 500 3917 raece
543 3860 636 3917 tie.

317 3881 353 3937 p
395 3881 722 3995 XfXIX.
769 3939 900 3996 Hoc
942 3939 1129 4015 ipsum
1173 3958 1311 3995 vero
1347 3938 1698 3997 luculentius
1747 3938 2115 3996 confirmatur
2163 3957 2237 3995 ex
2280 3939 2425 3996 dono
2468 3935 2728 4011 Spiritus,

315 4019 417 4096 qui
443 4018 612 4075 nobis
640 4017 931 4075 confertur
956 4037 1060 4094 per
1082 4017 1389 4089 Christum,
1413 4018 1512 4093 qui
1536 4028 1600 4076 ut
1623 4018 1998 4093 distinguitur
2026 4036 2061 4073 a
2082 4016 2296 4089 Verb0,
2343 4017 2423 4074 ita
2465 4016 2733 4075 distincto

317 4099 390 4157 ab
420 4118 489 4157 eo
519 4104 822 4175 operatur3
871 4097 1001 4153 Non
1047 4096 1236 4171 mod0,
1288 4097 1426 4171 quia
1453 4117 1569 4154 non
1619 4105 1708 4154 est
1756 4106 1982 4154 tantum
2031 4095 2123 4154 vis
2167 4096 2450 4172 quaedam,
2501 4116 2630 4172 quae
2674 4096 2734 4153 in

317 4179 550 4237 homine
581 4198 641 4236 se
672 4185 888 4251 exerat,
922 4176 1025 4235 sed
1055 4178 1310 4233 Persona
1338 4175 1553 4248 divina,
1585 4196 1714 4253 quae
1746 4176 1804 4232 in
1855 4176 2030 4233 corda
2056 4184 2254 4234 nostra
2282 4177 2459 4249 vcnit,
2486 4186 2548 4234 ut
2577 4176 2636 4232 in
2663 4178 2736 4234 iis

319 4260 540 4319 habitet
569 4267 844 4334 tanquam
887 4257 947 4313 in
990 4256 1247 4332 Templis
1290 4254 1427 4329 suis,
1464 4259 1494 4312 1
1529 4256 1659 4313 Cor.
1707 4255 1787 4313 iii.
1823 4259 1914 4330 16,
1975 4264 2032 4315 et
2072 4256 2151 4314 vi.
2188 4257 2277 4331 19,
2324 4265 2382 4314 et
2416 4264 2480 4314 ut
2507 4265 2737 4314 maneat

324 4340 626 4398 nobiscum
654 4339 715 4396 in
746 4346 1040 4410 aeternum,
1073 4336 1211 4395 Joh.
1243 4335 1365 4393 xiv.
1420 4339 1529 4411 163
1580 4335 1697 4393 Sed
1738 4335 1911 4394 etiam
1961 4336 2099 4411 quia
2126 4355 2225 4393 eas
2271 4336 2633 4412 operationes
2676 4336 2738 4393 in

323 4420 495 4477 nobis
524 4420 660 4493 edit,
693 4439 822 4495 quae
865 4417 1122 4477 intimam
1155 4424 1212 4474 et
1261 4415 1651 4473 immediatam
1682 4417 1809 4492 ejus
1865 4416 2109 4492 gratiam
2156 4423 2425 4492 arguunt.
2512 4416 2739 4492 Ecquid

324 4500 476 4556 enim
504 4518 652 4556 unus
681 4507 739 4557 et
767 4498 922 4556 idem
957 4497 1204 4574 Spiritus
1233 4496 1425 4553 omnia
1474 4496 1698 4572 operari
1743 4495 2030 4555 diceretur
2077 4496 2135 4552 in
2165 4496 2350 4570 nobiS,
2403 4506 2518 4553 tam
2549 4496 2740 4572 quoad

326 4577 478 4635 dona
506 4578 959 4636 extraordinaria
988 4586 1046 4636 et
1073 4576 1419 4654 quibusdam
1462 4576 1709 4653 propria,
1741 4596 1915 4653 quam
1956 4577 2148 4653 quoad
2188 4576 2473 4633 ordinaria
2502 4585 2559 4635 et
2588 4597 2740 4635 com-

327 4658 522 4716 munia
550 4658 817 4717 omnibus
864 4658 1150 4733 fidelibus,
1188 4660 1216 4715 l
1261 4658 1391 4715 Cor.
1423 4658 1526 4715 xii.
1562 4659 1654 4732 11,
1708 4656 1905 4715 testari
1960 4656 2197 4733 Spiritui
2257 4664 2452 4715 nostro
2482 4677 2587 4716 nos
2616 4678 2742 4717 esse
