3221 5200
521 365 638 422 532
1311 374 1500 414 Locus
1528 372 1794 412 Dscmus
1823 369 2109 415 Qumrus.
2536 357 2792 428 [Quaesr.
2826 369 2965 410 xvr.

526 539 634 576 nec
665 518 940 574 Adamus
978 516 1172 591 potuit
1212 532 1449 590 peccare
1491 512 1764 586 quandiu
1804 511 2230 586 perseverabat.
2315 510 2432 570 Sed
2475 511 2646 568 aliud
2688 511 2962 567 intendit

529 597 570 653 J
576 598 856 668 ohanneS,
887 595 1171 650 nimirum
1221 600 1289 650 ut
1334 593 1537 647 fideles
1584 611 1623 647 a
1669 598 1908 663 peccato
1957 589 2166 645 saltem
2213 596 2501 663 regnante
2545 597 2845 657 caventes,
2893 607 2960 645 se

530 681 889 747 cognoscant
915 675 1027 729 hoc
1055 679 1225 746 pacto
1254 678 1426 727 natos
1474 687 1546 725 ex
1578 669 1727 736 Deo,
1759 669 1817 723 in
1848 686 1998 741 quos
2025 685 2147 722 non
2175 668 2370 738 cadit3
2414 666 2477 722 N
2482 687 2561 723 on
2589 669 2705 723 hoc
2753 685 2958 733 sensu,

532 770 710 827 quem
727 752 898 808 nobis
918 752 1212 824 affingunt
1236 748 1602 816 Adversarii,
1636 746 1779 802 “Ne
1801 753 2051 819 peccate,
2072 747 2214 818 quia
2233 764 2355 802 non
2376 746 2623 819 potestis
2648 746 2961 819 peccare,”

535 848 712 904 quem
735 830 1054 886 ridiculum
1083 845 1207 883 esse
1236 832 1504 893 constat3
1555 826 1659 880 sed
1699 824 1818 879 alio
1867 823 1970 897 qui
2020 823 2299 895 optimus,
2333 831 2368 856 ‘⁴
2390 823 2607 880 Cavete
2634 823 2854 879 fratres
2886 840 2965 878 ne

462 925 475 936 ·
536 908 789 983 peccatis
818 906 1202 978 indulgeat-ie,
1234 905 1396 976 quod
1426 903 1474 958 si
1502 904 1635 976 quis
1655 901 1853 969 faciat,
1875 908 1935 956 et
1961 907 2169 957 natum
2192 920 2252 958 se
2274 909 2473 957 tamen
2501 919 2576 956 ex
2600 900 2732 957 Deo
2761 907 2958 974 putet,

538 987 794 1060 seipsum
821 984 998 1057 plane
1028 981 1281 1054 decipit;
1325 981 1428 1054 qui
1456 981 1617 1035 enim
1658 987 1835 1036 natus
1877 986 1965 1036 est
1991 997 2066 1035 ex
2096 978 2245 1049 De0‚
2275 997 2397 1035 non
2443 979 2527 1035 ita
2553 978 2748 1034 facere
2779 979 2956 1046 solet,

540 1083 648 1120 nec
676 1064 916 1137 quidem
946 1059 1071 1115 fieri
1099 1066 1311 1132 potest,
1343 1067 1410 1112 ut
1438 1059 1519 1114 sic
1546 1057 1787 1115 faciat.”
1872 1056 2057 1115 Porro
2086 1056 2530 1130 impossibilitas
2573 1057 2686 1112 ista
2727 1074 2852 1110 non
2897 1073 2960 1110 se

541 1148 705 1197 tenet
731 1158 804 1195 ex
831 1145 1000 1211 parte
1028 1137 1303 1204 hominiS,
1333 1138 1435 1191 sed
1464 1154 1539 1191 ex
1578 1142 1743 1208 parte
1786 1136 2024 1192 seminis
2062 1136 2300 1192 fidelem
2341 1133 2754 1207 praeservantis
2783 1151 2823 1188 a
2850 1133 2962 1188 tali

540 1220 732 1291 lapsu,
756 1224 815 1273 et
842 1234 915 1270 ex
942 1222 1108 1288 parte
1136 1214 1424 1288 geniturae
1455 1214 1796 1288 spiritualia,
1820 1233 1952 1288 quae
1976 1232 2155 1270 causa
2175 1221 2263 1269 est
2284 1213 2454 1269 istius
2481 1211 2959 1285 perseverantiae,

541 1302 602 1352 et
629 1313 762 1367 quae
790 1292 1146 1367 apostasiam
1173 1292 1438 1348 excludit
1454 1313 1469 1361 ;
1517 1291 1604 1349 Ut
1646 1300 1699 1345 w*
1735 1309 1856 1347 non
1885 1310 2056 1366 posse
2078 1309 2333 1365 peccare,
2352 1297 2410 1346 et
2436 1308 2513 1345 ex
2540 1290 2669 1346 Deo
2690 1288 2877 1354 nasci,
2903 1305 2967 1343 se

546 1373 808 1428 habeant
834 1371 910 1428 ad
938 1371 1210 1439 invicem,
1241 1377 1309 1426 ut
1352 1388 1530 1426 causa
1561 1378 1623 1427 et
1649 1370 1941 1426 effectum.
2027 1369 2208 1426 Unde
2236 1386 2354 1424 non
2395 1373 2590 1440 potest
2628 1366 2960 1441 propositio

548 1451 828 1524 Apostoli
855 1466 978 1505 esse
995 1448 1270 1517 identica,
1290 1466 1360 1503 ac
1387 1447 1435 1503 si
1463 1448 1701 1517 diceret,
1729 1447 1849 1514 Qui
1869 1465 1987 1503 non
2006 1453 2225 1519 peccat,
2247 1464 2365 1502 non
2387 1451 2605 1519 peccat,
2626 1463 2743 1500 non
2769 1443 2965 1515 magis

550 1545 731 1602 quam
760 1528 888 1599 ista,
921 1526 1038 1599 Qui
1067 1533 1245 1583 natus
1275 1532 1363 1581 est
1390 1543 1465 1580 ex
1491 1526 1751 1594 homine,
1783 1525 2012 1581 ratione
2040 1525 2267 1593 utitur;
2298 1523 2441 1597 quia
2467 1524 2646 1578 homo
2674 1521 2871 1578 fidelis
2901 1522 2965 1576 in

550 1604 815 1678 subjecto
843 1603 1265 1680 propositionis
1291 1602 1644 1660 describitur
1671 1603 1746 1660 ab
1774 1602 2020 1678 origine,
2051 1602 2114 1658 in
2140 1602 2462 1676 praedicato
2484 1618 2623 1657 vero
2642 1599 2968 1674 aproprie-

552 1689 674 1740 tate
701 1682 1016 1741 essentiali.

1146 1760 1352 1818 XXV.
1397 1759 1539 1817 Huc
1586 1760 1883 1834 pertinent
1930 1759 2148 1817 similia
2199 1759 2381 1829 varia,
2427 1757 2647 1832 quibus
2705 1757 2969 1831 Spiritus

1066 1837 1318 1897 Sanctus
1345 1839 1536 1895 utitur
1557 1839 1635 1896 ad
1659 1839 2133 1895 adumbrandam
2158 1837 2329 1894 istius
2345 1836 2482 1893 vitae
2504 1835 2968 1909 perennitatem;

1064 1923 1134 1973 ut
1173 1935 1363 1990 quum
1407 1916 1711 1973 confertur
1756 1916 2011 1972 “semini
2054 1914 2546 1988 incorruptibili‚”
2581 1915 2609 1970 1
2644 1912 2769 1970 Pet.
2798 1913 2837 1969 i.
2869 1913 2971 1982 23,

554 2013 675 2052 non
705 2001 943 2051 tantum
971 1993 1031 2050 in
1062 2012 1121 2050 se
1149 1993 1494 2063 formaliter,
1514 1995 1616 2050 sed
1645 2000 1705 2050 et
1728 1993 1791 2048 in
1814 1994 1981 2049 nobis
2009 1992 2291 2061 effective,
2316 1992 2457 2066 quia
2482 1992 2755 2065 producit
2776 1991 2969 2047 vitam

554 2080 855 2142 aeternam,
885 2079 946 2129 et
988 2074 1150 2146 quod
1199 2078 1400 2128 manet
1427 2089 1655 2146 semper
1681 2071 1744 2128 in
1770 2071 1952 2141 fideli,
1986 2071 2016 2127 l
2047 2070 2089 2127 J
2094 2073 2192 2128 oh.
2223 2071 2303 2127 iii.
2335 2070 2370 2125 9
2400 2092 2416 2138 ;
2461 2077 2494 2103 “
2520 2070 2695 2127 Fonti
2723 2068 2966 2125 salienti

558 2150 622 2206 in
651 2149 836 2208 vitam
863 2157 1165 2219 aeternam,
1195 2169 1272 2206 ex
1297 2168 1418 2223 quo
1448 2149 1717 2224 quisquis
1743 2149 1894 2205 bibit
1921 2167 2041 2205 non
2070 2148 2227 2205 sitiet
2252 2148 2314 2205 in
2344 2149 2691 2216 aeternum,’'
2721 2145 2763 2202 J
2767 2148 2867 2202 oh.
2888 2147 2970 2203 iv.

561 2228 668 2298 143
711 2228 1066 2303 plantationi
1096 2247 1229 2301 quae
1259 2246 1376 2283 non
1408 2228 1705 2296 avellitur,
1739 2227 1929 2282 Amos
1956 2226 2035 2283 ix.
2070 2225 2180 2297 153
2225 2234 2260 2260 ‘⁴
2282 2226 2507 2283 Arbori
2548 2226 2829 2300 plantatae
2890 2226 2969 2281 ad

558 2306 720 2363 rivos
766 2324 1076 2379 aquarum,
1107 2306 1277 2379 cujus
1320 2305 1534 2361 folium
1577 2323 1699 2362 non
1744 2304 2020 2373 decidit,’'
2052 2302 2211 2361 Psal.
2241 2304 2277 2360 i.
2309 2304 2364 2375 3,
2407 2311 2467 2359 et
2494 2304 2625 2361 xcii.
2660 2304 2774 2361 14:
2816 2300 2966 2359 Non

559 2384 706 2441 dicit
731 2390 965 2441 tantum
994 2401 1212 2457 aquam
1239 2383 1413 2440 istam
1441 2401 1698 2454 manere,
1729 2384 1832 2439 sed
1858 2381 2247 2456 multiplicari
2273 2400 2342 2439 ac
2376 2381 2605 2439 fontem
2643 2397 2968 2455 perennem

560 2462 707 2519 effici
737 2462 1046 2518 salientem
1074 2462 1150 2517 ad
1179 2460 1361 2517 vitam
1391 2468 1693 2530 aeternam,
1723 2460 1802 2516 id.
1823 2459 1926 2535 qui
1954 2478 1991 2517 a
2017 2467 2177 2516 terra
2203 2461 2281 2517 ad
2323 2459 2538 2517 coelum
2565 2477 2773 2533 usque,
2802 2465 2865 2514 et
2892 2459 2972 2514 ad

564 2539 761 2596 Deum
788 2557 858 2595 ac
884 2537 1070 2594 vitam
1098 2545 1378 2594 aeternam
1406 2546 1695 2613 assurgat,
1725 2545 1785 2595 et
1811 2555 1920 2594 nos
1947 2538 2222 2609 deducat,
2252 2544 2322 2595 ut
2347 2555 2385 2594 a
2425 2537 2555 2594 Deo
2583 2538 2661 2594 ad
2701 2556 2811 2593 nos
2838 2538 2974 2592 des·

561 2619 878 2686 cenderat3
927 2623 997 2672 ut
1049 2634 1220 2689 aquae
1276 2617 1449 2672 salire
1478 2617 1674 2673 solent
1719 2634 1912 2692 usque
1941 2617 2018 2672 ad
2066 2616 2447 2673 altitudinem
2500 2635 2623 2673 suae
2680 2615 2926 2689 originis
2952 2637 2967 2673 z

566 2701 599 2726 ‘⁴
620 2693 844 2750 Domui
872 2692 1175 2749 aedificatae
1194 2711 1371 2765 super
1390 2695 1661 2767 rupem,”
1691 2713 1825 2767 quae
1844 2701 1961 2750 stat
1981 2694 2227 2750 immota
2248 2701 2454 2751 contra
2469 2701 2696 2763 ventos,
2714 2693 2969 2767 pluviaS,

564 2777 624 2827 et
671 2776 1004 2826 torrentum
1032 2770 1470 2839 inundationeS,
1502 2770 1722 2829 Matth.
1752 2771 1851 2827 vii.
1883 2771 1977 2840 25,
2007 2778 2067 2828 et
2095 2779 2301 2828 contra
2328 2790 2510 2847 quam
2538 2779 2721 2845 portae
2751 2769 2973 2826 infero·

565 2865 702 2903 rum
728 2865 850 2902 non
878 2854 1126 2920 possunt
1153 2848 1492 2920 praevalere,
1522 2848 1744 2905 Matth.
1774 2848 1892 2905 xvi.
1928 2848 2016 2905 18.
2101 2847 2244 2905 Jam
2287 2851 2336 2907 si
2378 2850 2568 2906 fidelis
2606 2848 2711 2922 qui
2739 2867 2812 2904 ex
2842 2848 2974 2905 Deo

562 2931 740 2981 natus
767 2930 872 2993 est,
897 2929 1095 2997 posset
1117 2925 1242 2981 fieri
1269 2925 1427 2983 filius
1455 2924 1715 2997 Diaboli,
1734 2926 1783 2984 si
1810 2944 1967 2999 aqua
1994 2926 2270 2984 salutaris
2289 2928 2496 3001 gratiae
2513 2933 2711 3001 posset
2736 2926 2976 2999 penitus

561 3020 844 3072 arescere,
868 3002 917 3059 si
943 3001 1076 3076 pius
1102 3003 1205 3077 qui
1233 3021 1409 3078 super
1429 3023 1639 3079 rupem
1659 3005 1995 3062 seculorum
2016 3003 2343 3062 aedificatus
2363 3011 2453 3061 est
2473 3010 2670 3079 posset
2685 3004 2976 3074 excidere,

562 3081 864 3155 quomodo
891 3088 1093 3156 posset
1118 3081 1234 3138 dici
1263 3101 1459 3139 semen
1489 3081 1954 3157 incorruptibile,
1983 3088 2044 3137 et
2070 3100 2229 3157 aqua
2255 3083 2474 3140 saliens
2498 3082 2561 3139 in
2589 3081 2777 3138 vitam
2804 3089 2976 3138 teter·

562 3178 719 3229 nam,
748 3166 808 3216 et
835 3159 1050 3216 domus
1076 3161 1212 3235 rupi
1239 3159 1593 3218 inaedificata
1616 3163 1638 3219 ἓ

643 3237 890 3294 XXVI.
935 3238 1185 3295 Frustra
1213 3240 1289 3295 ad
1323 3237 1366 3297 J
1370 3240 1465 3295 oh.
1489 3239 1566 3294 iv.
1596 3238 1668 3295 14
1686 3239 1992 3312 regeritur,
2037 3237 2255 3314 Primo,
2313 3246 2348 3275 ‘⁴
2367 3241 2465 3315 agi
2488 3243 2562 3297 de
2579 3240 2704 3297 vita
2729 3243 2972 3306 aeterna,

559 3316 624 3371 in
653 3332 774 3389 qua
802 3314 926 3371 sitis
954 3315 1209 3389 perfecte
1237 3318 1528 3389 expletur,
1558 3334 1680 3372 non
1709 3335 1849 3373 vero
1877 3318 1951 3372 de
1981 3315 2103 3373 vita
2128 3320 2353 3393 gratiae,
2382 3320 2444 3374 in
2482 3336 2603 3392 qua
2645 3317 2806 3375 sitire
2835 3317 2976 3372 bea-

562 3398 693 3448 tum
714 3393 861 3460 est,”
892 3392 1113 3449 Matth.
1142 3411 1197 3447 v.
1221 3394 1278 3461 6,
1310 3393 1482 3449 “imo
1511 3400 1571 3450 et
1590 3412 1905 3467 possumus
1932 3411 1969 3449 a
1988 3393 2246 3454 bibendo
2274 3398 2554 3454 cessare.’'
2581 3395 2741 3462 Quia
2761 3411 2976 3467 scopus

565 3468 784 3524 Christi
813 3477 902 3525 est
929 3470 1235 3525 ostendere
1278 3471 1736 3544 praerogativam
1765 3490 1935 3546 aquae
1985 3472 2308 3544 spiritualis
2336 3492 2517 3549 quam
2561 3473 2761 3539 dabat,
2793 3489 2975 3545 supra

562 3561 782 3616 aquam
799 3546 1216 3600 elementarem
1241 3567 1254 3603 ε
1287 3545 1505 3617 Primo,
1530 3548 1590 3602 in
1614 3566 1684 3604 eo
1707 3551 1869 3623 quod
1888 3566 2047 3624 aqua
2062 3552 2316 3623 putealis
2335 3569 2456 3608 non
2468 3552 2644 3625 plane
2663 3549 2978 3621 extinguat

564 3619 743 3710 sitim,
771 3622 877 3676 sed
907 3638 1064 3694 aqua
1095 3621 1312 3678 Christi
1341 3624 1500 3680 sitim
1529 3626 1614 3680 ita
1641 3628 1894 3698 auferat,
1924 3634 1994 3683 ut
2021 3630 2124 3701 qui
2166 3630 2345 3686 semel
2387 3629 2617 3699 biberit,
2647 3646 2771 3683 non
2812 3626 2977 3682 sitiat

563 3714 627 3753 m
656 3703 965 3767 aeternum,
994 3697 1276 3755 nimirum
1323 3700 1421 3756 siti
1467 3702 1659 3759 totalis
1700 3704 2048 3781 indiqentiae,
2078 3726 2210 3780 quae
2255 3707 2453 3781 impiis
2496 3705 2796 3780 competit,
2848 3702 2971 3759 Isa.

563 3775 686 3833 lxv.
720 3775 812 3846 13,
840 3776 978 3833 licet
1020 3776 1208 3850 possit
1234 3777 1432 3835 adhuc
1476 3779 1641 3837 sitire
1687 3782 1785 3837 siti
1829 3784 2100 3841 desiderii
2143 3791 2203 3841 et
2244 3784 2545 3841 fruitionis
2589 3783 2806 3851 totaIiS,
2835 3799 2972 3855 quae

561 3871 792 3928 semper
819 3862 907 3911 est
932 3854 994 3910 in
1022 3855 1297 3914 fidelibus
1323 3856 1385 3912 in
1414 3859 1523 3914 hac
1550 3859 1695 3928 vita,
1728 3862 1830 3934 qui
1858 3863 2128 3918 nondum
2155 3862 2397 3936 perfecti
2427 3868 2584 3932 sunt,
2619 3863 2648 3918 1
2682 3859 2809 3918 Pet.
2832 3859 2892 3914 ii.
2919 3860 2974 3928 2,

562 3931 599 3987 3
625 3953 640 3999 ;
688 3932 981 4002 Secundo,
1011 3933 1171 4007 quod
1200 3952 1359 4007 aqua
1385 3936 1643 4008 putealis
1672 3955 1793 3993 non
1822 3947 2061 3997 maneat
2080 3940 2143 3996 in
2164 3957 2234 3997 eo
2256 3940 2363 4013 qui
2389 3939 2557 4009 bibit,
2581 3940 2681 3995 sed
2710 3945 2978 3995 transeat

564 4015 625 4065 et
650 4017 980 4079 evanescat,
1003 4012 1164 4067 unde
1191 4030 1395 4069 rursus
1424 4013 1583 4070 sitire
1610 4016 1878 4087 cogitur;
1920 4020 2021 4073 sed
2050 4036 2211 4091 aqua
2239 4016 2459 4074 Christi
2489 4016 2565 4073 sit
2583 4016 2718 4072 fons
2743 4032 2976 4089 perma-

565 4104 713 4142 nens
740 4096 799 4143 et
826 4088 1100 4161 perennis
1127 4106 1247 4145 non
1289 4098 1522 4148 tantum
1569 4092 1800 4149 ratione
1827 4095 2053 4166 gloriae,
2085 4095 2188 4151 ubi
2232 4095 2543 4169 plenitudo
2588 4093 2754 4149 istius
2802 4110 2976 4163 aquae

565 4164 824 4233 dabitur,
855 4166 955 4221 sed
984 4164 1163 4221 etiam
1190 4165 1251 4221 in
1280 4170 1393 4225 hac
1419 4168 1561 4238 vita,
1592 4169 1698 4225 ubi
1734 4188 1808 4226 ex
1848 4172 1955 4228 illa
1986 4172 2119 4245 jam
2158 4172 2358 4229 bibere
2398 4172 2750 4246 incipimus;
2794 4169 2978 4227 Unde

565 4257 688 4329 non
716 4240 859 4298 dicit
885 4242 1114 4298 fontem
1141 4243 1323 4301 istum
1350 4263 1474 4302 esse
1501 4246 1687 4303 vitam
1715 4254 2015 4318 aeternam,
2048 4250 2151 4306 sed
2181 4249 2351 4306 salire
2379 4250 2441 4305 in
2460 4249 2646 4305 vitam
2673 4255 2979 4316 aeternam,

567 4324 637 4372 ut
653 4326 939 4375 innuatur
953 4319 1181 4375 fontem
1209 4322 1389 4378 istum
1413 4341 1730 4396 perennem
1749 4326 1880 4400 jam
1898 4326 2165 4383 inchoari
2184 4328 2246 4383 in
2269 4329 2446 4384 corde
2466 4327 2658 4383 fidelis
2680 4326 2742 4382 in
2762 4324 2979 4398 gratia,

566 4393 757 4451 donec
784 4414 922 4452 eum
950 4397 1208 4453 deducat
1235 4400 1309 4455 ad
1331 4400 1517 4456 vitam
1539 4409 1821 4459 aeternam
1836 4424 1851 4473 ;
1872 4410 1941 4461 ut
1968 4404 2111 4461 alibi
2143 4404 2411 4462 Christus
2439 4404 2600 4473 dicit,
2612 4403 2655 4461 J
2659 4401 2867 4459 oh.vii.
2883 4401 2984 4471 38,

566 4487 642 4526 ex
669 4489 739 4528 eo
753 4473 864 4561 ’qui
894 4473 1077 4529 credit
1104 4475 1360 4549 flumina
1385 4497 1554 4552 aquoe
1579 4480 1718 4537 vivae
1747 4481 2059 4557 exoritura,
2091 4484 2391 4555 loquendo
2420 4484 2495 4538 de
2522 4481 2697 4538 donis
2726 4479 2987 4554 Spiritus

569 4546 787 4618 Sanctl,
819 4550 924 4639 qui
951 4552 1186 4608 dandus
1212 4561 1340 4610 erat
1367 4557 1758 4615 credentibus.
1843 4556 2137 4629 Secundo,
2169 4566 2202 4593 “
2223 4560 2472 4617 verbum
2498 4558 2743 4616 bibendi
2784 4558 2983 4614 inten-

559 4639 694 4680 sum
721 4644 863 4697 esse,
893 4629 952 4683 ld
983 4635 1088 4701 est,
1118 4637 1317 4688 actum
1345 4634 1697 4692 continuum
1725 4635 1821 4694 vel
1862 4637 2073 4696 saltem
2100 4639 2337 4696 finalem
2366 4645 2591 4711 notare,
2622 4643 2692 4694 ut
2718 4653 2839 4693 non
2867 4636 2987 4692 hoc

640 1828 686 1871 A
711 1829 950 1898 similibus

711 1900 871 1931 varus.
