3221 5200
292 404 523 453 Qut-ST.
553 385 676 466 nm]
1312 406 1395 444 m:
1428 406 1577 444 Laos
1608 406 1728 446 nsi.
2638 391 2710 445 21

292 546 526 624 glossas
555 565 725 623 super
754 544 912 622 Lege
942 544 1144 620 Mosis,
1177 546 1389 622 quibus
1420 546 1639 623 Legem
1667 546 1839 605 nimis
1866 545 2308 624 restringebant,
2332 553 2391 605 et
2410 566 2708 624 perperam

296 626 837 703 interpretabantur,
859 635 922 684 ut
950 625 1156 684 doceat
1184 626 1333 684 solvi
1361 626 1436 684 ab
1466 627 1605 703 ipsis
1628 627 1804 703 Legis
1832 627 2058 685 literam
2082 637 2139 685 et
2161 647 2411 702 sensum,
2435 648 2552 686 non
2571 646 2708 686 vero

296 726 335 764 a
362 726 442 780 se,
475 706 740 782 quamvis
768 705 829 763 id
858 705 967 763 sibi
996 705 1071 763 ab
1097 706 1363 764 hostibus
1392 706 1513 765 suis
1540 706 1971 783 impingeretur.

602 838 658 883 21
694 838 753 884 27
910 785 1031 843 XI.
1064 785 1229 845 Licet
1258 785 1520 844 Christus
1548 786 1688 845 citet
1714 785 1906 846 Mosis
1932 787 2128 862 verba,
2149 807 2208 845 v.
2239 789 2335 860 21,
2367 790 2463 861 27,
2485 789 2581 861 31,
2608 789 2704 862 33,

332 839 515 943 Motu-31.
536 854 625 943 ³233,
662 874 673 894 ’
754 874 768 895 ⁹
828 866 925 940 38,
956 884 1073 924 non
1115 865 1333 942 allegat
1377 885 1546 924 sensu
1594 867 1875 942 Mosai‘cO,
1924 865 2026 925 sed
2073 866 2426 926 Pharisai‘co.
2511 867 2709 925 Verba

517 932 529 953 ’
815 944 1058 1021 quidem
1106 955 1271 1004 erant
1317 946 1659 1021 communia,
1706 945 1810 1004 sed
1858 966 2061 1005 sensus
2102 946 2385 1021 diversus,
2428 945 2706 1005 Pharisaei

293 1024 449 1082 enim
477 1024 659 1083 verba
688 1024 871 1083 Mosis
899 1025 1147 1102 pessime
1188 1025 1556 1109 exponebant
1583 1025 1660 1083 ad
1702 1035 1975 1085 externos
2018 1035 2239 1084 tantum
2279 1035 2444 1085 actus
2471 1026 2703 1086 restrin-

295 1103 506 1180 gendo,
538 1125 669 1180 quae
697 1104 773 1162 ad
802 1104 1056 1163 internos
1084 1104 1255 1163 etiam
1283 1114 1475 1164 motus
1517 1106 1993 1180 extendebantur,
2025 1104 2182 1182 quod
2211 1105 2474 1165 Christus
2515 1107 2701 1182 docet,

295 1204 497 1242 verum
528 1193 587 1242 et
614 1185 931 1260 genuinum
964 1184 1138 1261 Legis
1167 1205 1399 1244 sensum
1427 1185 1738 1263 aperiendo
1764 1209 1778 1246 :
1823 1186 2075 1262 Corrigit
2101 1205 2240 1263 ergo
2264 1186 2527 1245 Christus
2543 1187 2705 1246 varia

294 1262 357 1320 in
388 1264 545 1341 Lege
574 1284 866 1342 expressa,
900 1264 1002 1323 sed
1027 1285 1145 1322 non
1186 1265 1620 1342 reduplicative,
1652 1285 1768 1342 qua
1807 1266 1888 1323 ibi
1930 1285 2241 1342 expressa3
2285 1286 2485 1324 verum
2515 1286 2630 1343 qua
2670 1287 2706 1324 a

299 1343 518 1401 Scribis
545 1353 605 1401 et
634 1344 944 1403 Pharisaeis
970 1345 1211 1422 proponi
1240 1344 1424 1419 solita,
1455 1366 1562 1403 nec
1590 1365 1667 1403 ex
1696 1365 1868 1405 sensu
1899 1346 2100 1421 Mosis,
2132 1345 2234 1405 sed
2262 1366 2337 1404 ex
2366 1366 2470 1405 suo
2498 1371 2701 1426 unguo·-

292 1423 451 1500 ae'xvq,
484 1444 599 1482 non
629 1422 830 1501 ἔμφῦτρ
857 1434 915 1483 et
941 1427 1132 1502 quelq,
1163 1425 1265 1483 Sed
1295 1427 1658 1502 ὑποβολιμαίῳ.

497 1563 542 1591 v·
561 1547 635 1602 ³³2
654 1550 727 1594 2⁴-
826 1505 1063 1642 ,222
1087 1506 1769 1660 emmas&
1798 1506 2704 1664 2,,2222,222“,2222222“2

294 1659 627 1720 vindicatur
652 1682 689 1720 a
716 1664 1056 1741 corruptelis
1088 1664 1525 1741 Pharisaeorum,
1547 1666 1647 1743 qui
1670 1666 1998 1741 generalem
2026 1666 2468 1744 prohibitionem
2500 1667 2571 1725 de
2594 1688 2704 1725 non

285 1744 627 1800 assumendo
654 1744 873 1802 nomine
899 1745 1017 1801 Dei
1041 1745 1098 1803 in
1124 1765 1329 1804 vanum
1371 1746 1796 1824 restringebant
1836 1746 1911 1803 ad
1928 1747 2249 1821 periurium
2287 1746 2445 1804 illius
2472 1747 2572 1823 qui
2606 1747 2701 1823 ju·

292 1830 479 1879 rasset
506 1841 610 1898 per
636 1841 847 1881 nomen
879 1824 1007 1898 Dei,
1027 1832 1085 1882 et
1111 1825 1388 1884 laxabant
1415 1826 1653 1885 fibulam
1673 1827 2018 1903 juramentis
2040 1825 2273 1883 *levibus
2302 1834 2359 1883 et
2387 1826 2704 1884 temerariis

290 1900 356 1957 in
384 1900 721 1978 quotidiano
751 1923 1029 1978 sermone,
1062 1914 1119 1963 et
1139 1906 1482 1981 juramentis
1508 1925 1613 1982 per
1640 1912 1947 1979 creaturas,
1968 1906 2132 1981 quasi
2153 1926 2264 1961 non
2295 1916 2627 1981 peccaretur
2644 1906 2702 1963 in

296 1979 515 2057 Legem
545 1982 643 2039 vel
669 1982 730 2039 in
761 1983 1176 2060 Legislatorem
1197 1985 1448 2063 jurando
1475 1994 1690 2044 temere
1709 1993 1767 2044 et
1786 1985 2011 2059 leviter,
2032 1986 2129 2043 vel
2152 1985 2296 2043 falso
2315 1986 2504 2059 ctiam,
2530 1986 2702 2044 modo

292 2079 410 2118 non
438 2081 543 2137 per
569 2081 779 2119 nomen
812 2063 938 2138 Dei,
971 2062 1073 2121 sed
1120 2084 1223 2141 per
1249 2085 1457 2123 nomen
1487 2065 1733 2141 alicujus
1761 2074 2051 2139 creaturae,
2098 2065 2201 2122 sed
2229 2064 2538 2140 pejerando
2576 2074 2700 2123 tan·

294 2147 436 2215 tum,
468 2149 528 2198 et
555 2161 670 2199 non
720 2141 1089 2219 adimplendo
1118 2144 1212 2202 vel
1261 2165 1377 2202 non
1423 2144 1717 2203 reddendo
1759 2146 1991 2221 jurata3
2044 2153 2102 2202 et
2130 2144 2440 2201 obstrictus
2468 2144 2701 2221 quidem

282 2228 449 2277 esset
475 2220 576 2296 qui
596 2222 852 2298 jurasset
879 2243 981 2299 per
1007 2242 1216 2281 nomen
1246 2225 1373 2295 Dei,
1405 2224 1502 2282 vel
1530 2244 1634 2301 per
1680 2224 1919 2281 donaria
1949 2224 2074 2280 Deo
2105 2243 2281 2296 sacra,
2315 2222 2416 2280 sed
2439 2244 2557 2280 non
2603 2224 2702 2301 qui

292 2318 402 2375 per
429 2301 720 2377 templum,
739 2321 845 2378 per
870 2303 1067 2377 altare,
1091 2322 1193 2379 per
1220 2304 1431 2361 similia
1453 2304 1724 2379 jurasset,
1752 2302 1962 2361 Matth.
1985 2302 2152 2360 xxiii.
2178 2307 2267 2378 16,
2296 2307 2385 2377 17,
2415 2306 2487 2362 18
2503 2327 2517 2379 ;
2563 2305 2703 2362 talia

288 2378 623 2455 juramenta
649 2381 877 2458 impune
905 2381 1029 2440 fieri
1058 2402 1228 2459 posse
1256 2392 1314 2441 et
1341 2382 1566 2441 violari.
1652 2382 1915 2440 Christus
1942 2381 2278 2440 falsissimas
2307 2382 2448 2441 istas
2477 2384 2702 2460 glossas

297 2457 613 2535 redarguit,
643 2462 951 2520 ostendens
997 2481 1101 2520 nec
1131 2481 1283 2520 vana
1327 2472 1386 2521 et
1429 2462 1733 2520 temeraria
1753 2462 2083 2539 juramenta
2111 2482 2237 2521 esse
2279 2463 2453 2537 licita,
2486 2483 2591 2521 nec
2634 2483 2703 2522 ca

291 2558 424 2617 quae
454 2539 852 2617 concipiuntur
877 2561 981 2620 per
1009 2550 1296 2602 creaturas
1314 2541 1743 2621 qualescunque
1772 2542 1885 2600 illoe
1916 2541 2058 2619 sint;
2091 2562 2205 2620 quo
2233 2550 2402 2620 pacto
2432 2543 2574 2599 nihil
2597 2542 2698 2600 ad-

291 2619 379 2678 dit
398 2620 494 2678 vel
524 2622 762 2699 corrigit
789 2623 849 2679 in
874 2622 1061 2700 Lege3
1108 2623 1255 2681 Nam
1277 2625 1403 2682 Lex
1430 2643 1546 2682 non
1574 2623 1842 2700 prohibet
1869 2632 2091 2681 tantum
2114 2623 2381 2700 perjuria,
2407 2622 2510 2682 sed
2527 2625 2700 2682 etiam

279 2701 437 2758 levia
455 2703 841 2759 ettemeraria
853 2705 1202 2779 juramenta,
1228 2724 1405 2780 quum
1428 2711 1589 2762 vetat
1610 2723 1820 2762 nomen
1845 2702 1956 2761 Dei
1979 2722 2200 2761 sumere
2230 2705 2364 2779 κτὼ,
2396 2703 2454 2762 in
2473 2724 2697 2779 vanum,

288 2780 447 2856 quod
476 2800 776 2858 perperam
805 2802 841 2839 a
871 2781 1209 2859 Socinianis,
1240 2793 1299 2842 et
1328 2783 1534 2843 Grotio
1575 2784 1717 2859 ipsis
1762 2783 2128 2856 succollante,
2159 2783 2529 2842 confunditur
2570 2805 2700 2842 cum

284 2863 366 2935 a?
403 2863 547 2932 τώ,
566 2862 637 2918 -in
649 2862 999 2937 salsum,vel
1029 2864 1390 2937 mendacium,
1424 2861 1495 2921 de
1524 2883 1640 2939 quo
1658 2863 1850 2921 Levit.
1880 2863 2003 2919 xix..
2039 2866 2129 2937 12,
2157 2864 2328 2938 quasi
2358 2864 2541 2921 solum
2571 2883 2699 2940 per-

285 2940 505 3016 jurium
536 2939 923 3016 damnaretur,
955 2962 1085 2999 eum
1112 2942 1286 3020 longe
1306 2943 1487 3002 latius
1514 2951 1728 3019 pateat,
1760 2950 1820 3001 et
1859 2942 1933 2999 ad
1962 2943 2276 3000 vanitatem
2306 2952 2364 3001 et
2405 2942 2699 3002 levitatem

286 3020 745 3095 juramentorum
796 3021 1223 3080 temerariorum
1264 3032 1423 3081 recte
1452 3021 1814 3081 extendatur.
1904 3021 2075 3079 Unde
2107 3022 2314 3079 LXX.
2345 3021 2594 3081 reddunt
2623 3024 2702 3080 ἐπὶ

286 3100 513 3175 ματαίῃ,
546 3109 605 3157 et
638 3100 857 3177 Aquila
876 3106 948 3165 ἃς
976 3106 1089 3175 οὶκῗί,
1122 3103 1376 3177 Targum
1405 3103 1560 3176 wsb,
1591 3100 1749 3176 quod
1789 3100 1939 3157 idem
1972 3109 2060 3157 cst
2088 3100 2242 3175 quod
2270 3118 2391 3157 em
2422 3101 2699 3160 Hebraeo-

297 3198 440 3253 rum,
466 3181 651 3254 qratis
678 3189 737 3238 ct
765 3180 888 3238 sine
931 3200 1120 3240 causa.
1209 3182 1373 3239 Licet
1413 3200 1552 3256 ergo
1580 3178 1894 3256 pejerando
1938 3188 2195 3235 sumatur
2234 3197 2444 3234 nomen
2489 3179 2599 3235 Dei
2642 3180 2701 3236 in

296 3278 525 3332 vanum,
560 3268 753 3317 tamen
784 3279 934 3336 saepe
963 3279 1173 3319 nomen
1203 3260 1314 3318 Dei
1342 3268 1532 3336 potest
1561 3258 1711 3316 sumi
1739 3258 1799 3314 in
1829 3276 2043 3314 vanum
2072 3255 2195 3314 sine
2223 3254 2491 3333 perjuri0‚
2524 3257 2583 3314 in
2596 3259 2700 3334 ju-

293 3339 570 3396 ramentis
600 3338 823 3397 scilicet
851 3340 1168 3398 temerariis
1196 3347 1256 3397 et
1280 3339 1527 3397 levibus,

373 3417 566 3474 XIII.
609 3419 954 3476 Juramenta
995 3419 1168 3478 etiam
1212 3438 1316 3496 per
1355 3427 1651 3476 creaturas
1691 3416 1752 3474 in
1781 3415 1982 3475 Veteri
2025 3415 2394 3474 Testamento
2436 3435 2512 3474 ex
2540 3415 2624 3474 Le

291 3497 432 3555 satis
473 3497 944 3573 prohibebantur,
977 3505 1098 3556 tum
1127 3499 1402 3573 implicite,
1430 3498 1823 3574 juramentum
1853 3496 1927 3553 ad
1967 3495 2151 3554 solum
2184 3496 2372 3554 Deum
2401 3437 2702 3556 referendi}

289 3584 568 3652 tanquam
626 3586 818 3635 actum
872 3579 1105 3657 λκπςιίις
1160 3578 1268 3635 80Ῑί
1316 3578 1445 3635 Deo
1494 3576 1771 3650 debitum,
1826 3576 2064 3634 Denter.
2111 3575 2190 3633 vi.
2245 3578 2337 3649 13,
2386 3583 2445 3634 et
2491 3597 2551 3635 x.
2603 3580 2699 3653 20,

286 3656 570 3714 Jelaomm
600 3658 787 3713 Deum
815 3658 1017 3731 timeto,
1062 3666 1115 3714 et
1150 3657 1334 3732 «psum
1376 3657 1555 3729 colite,
1600 3676 1671 3713 ac
1703 3675 1818 3731 per
1853 3675 2051 3713 nomen
2093 3658 2209 3730 ejus
2242 3658 2463 3729 jurate,
2495 3666 2554 3714 et
2585 3657 2699 3716 Isa.

289 3734 414 3792 lxv.
452 3737 545 3808 16,
578 3743 701 3792 tum
729 3736 1000 3810 explicite,
1032 3735 1357 3793 damnando
1380 3736 1711 3812 juramenta
1737 3742 2012 3810 concepta
2039 3753 2142 3810 per
2169 3754 2268 3792 eos
2297 3734 2397 3810 qui
2425 3755 2540 3793 non
2569 3743 2705 3796 sunt

295 3813 410 3887 Dii,
442 3814 665 3872 Jerem.
696 3834 752 3872 v.
785 3819 838 3888 7,
868 3816 1088 3873 Jurant
1104 3835 1217 3890 per
1244 3835 1336 3873 eos
1374 3815 1474 3891 qui
1509 3834 1622 3871 non
1661 3822 1790 3871 sunt
1829 3813 1969 3871 Dii:
2011 3812 2168 3888 quod
2210 3822 2268 3871 et
2308 3824 2519 3870 natura
2540 3815 2700 3889 jura-

291 3894 473 3951 menti
502 3893 737 3967 evincit,
769 3894 925 3971 quod
953 3893 1269 3952 formaliter
1297 3904 1386 3952 est
1428 3892 1718 3950 invocatio
1748 3892 1860 3949 Dei
1887 3892 2071 3966 testis,
2103 3891 2226 3948 sive
2256 3892 2545 3967 explicite,
2579 3892 2701 3950 sive

291 3971 608 4049 implicite:
651 3981 775 4031 tum
819 3972 1175 4031 conditiones
1217 3973 1507 4049 requisitae
1549 3973 1612 4029 in
1653 3971 1896 4047 objecto,
1942 3969 2356 4044 omniscientis,
2402 3970 2702 4046 omniprae-

291 4051 481 4109 sentia
523 4061 582 4110 et
623 4053 1055 4129 omnipotentia,
1101 4072 1229 4128 quae
1274 4053 1334 4110 in
1374 4051 1595 4110 nullam
1637 4059 1954 4108 creaturam
2005 4048 2252 4107 cadunt:
2304 4048 2426 4106 Nec
2472 4048 2705 4109 obstant

290 4131 578 4208 exempla,
612 4131 661 4188 si
690 4152 804 4208 qua
834 4141 968 4191 sunt
1009 4133 1069 4189 iu
1099 4132 1234 4190 Vct.
1263 4131 1422 4189 Test.
1452 4130 1656 4189 talium
1692 4130 2167 4205 juramentorum,
2200 4127 2336 4203 quia
2368 4128 2525 4201 facti
2549 4137 2699 4205 sunt,

291 4229 409 4267 non
456 4211 642 4285 Jurz'ar,
702 4213 981 4286 Praxeae,
1038 4230 1154 4270 non
1202 4211 1386 4286 Leqis,
1438 4229 1566 4287 quse
1615 4227 1901 4284 nusquam
1947 4208 2067 4265 lata
2105 4215 2200 4264 est
2241 4207 2555 4282 juramenti
2602 4227 2707 4284 per

280 4297 588 4348 ‘creaturas
617 4290 997 4367 concipiendi⁴
2349 4350 2362 4360 ,

376 4369 560 4428 XIV.
592 4369 761 4444 Quod
791 4371 1055 4429 Chm'stus
1084 4367 1245 4427 addit
1272 4368 1414 4441 Ἅλυς,
1447 4367 1669 4426 omnino
1688 4386 1807 4424 >non
1832 4386 1948 4424 esse
1961 4367 2298 4441 jurandum,
2330 4371 2389 4422 et
2409 4383 2451 4422 a
2478 4365 2521 4423 J
2523 4365 2704 4424 acobo

280 4448 685 4523 confirmatur,
706 4470 830 4526 cap.
849 4469 907 4507 v.
936 4452 1026 4523 12,
1051 4468 1168 4505 11011
1189 4457 1381 4524 potest
1397 4446 1661 4505 absolute
1680 4455 1738 4504 et
1755 4444 2158 4504 universaliter
2186 4443 2432 4521 intelligi
2460 4444 2533 4502 de
2562 4465 2702 4521 quo-

294 4527 439 4586 libet
476 4529 827 4604 juramento,
872 4528 1036 4603 quasi
1082 4527 1417 4603 simpliciter
1451 4525 1767 4603 jurandum
1809 4544 1923 4583 non
1968 4524 2058 4595 sit,
2090 4522 2246 4598 quod
2274 4534 2619 4601 repugnaret
2648 4536 2706 4585 et

284 4617 520 4664 ,natm-(c
547 4608 649 4681 rei,
680 4628 810 4683 quse
836 4608 991 4665 bona
1018 4615 1108 4665 est
1135 4607 1194 4663 in
1223 4626 1302 4681 se,
1334 4615 1392 4665 et
1419 4605 1759 4678 necessaria,
1792 4612 1850 4662 et
1876 4611 1941 4662 ut
1969 4601 2102 4660 talis
2144 4612 2429 4679 praecepta
2456 4604 2531 4661 ad
2569 4625 2702 4662 con-

292 4685 677 4744 firmationem
708 4686 987 4761 veritatis,
1032 4695 1090 4744 et
1131 4684 1206 4743 ad
1247 4685 1432 4744 omnis
1475 4682 1880 4743 controversiae
1920 4681 2246 4757 terminum,
2285 4684 2467 4742 Hebr.
2498 4683 2577 4741 vi.
2611 4687 2704 4758 16,
