3221 5200
353 393 580 444 Quazs‘r.
620 376 821 458 εντα]
1227 398 1304 437 nn
1335 399 1598 440 ransom
1632 401 1705 440 m·
1736 401 1922 443 suro
1961 402 2213 444 cums'm.
2663 392 2778 448 323

382 587 567 633 Fontes
618 588 801 633 Soluti-
952 538 1098 598 VII.
1145 539 1406 599 Christus
1435 541 1646 600 dicitur
1672 544 1980 601 ascendisse
2006 565 2183 620 supra
2206 565 2391 604 omnes
2412 551 2587 623 coelos,
2622 548 2772 625 Eph.

359 632 375 647 ·
523 661 689 691 onum.
874 621 953 678 iv.
977 623 1067 693 10,
1098 618 1366 678 nimirum
1396 622 1791 698 aspectabileS,
1825 624 2046 680 Coelum
2076 626 2294 683 scilicet
2316 633 2561 702 aereum,
2595 638 2653 688 et
2674 630 2766 686 fir-

868 708 1235 773 mamentum,
1285 710 1349 758 ut
1404 701 1625 759 scilicet
1672 702 1731 758 in
1788 704 1995 760 coelum
2049 705 2277 762 tertium
2311 725 2412 764 seu
2440 709 2768 784 paradisum

346 783 779 860 ingrederetur;
824 782 959 858 quia
988 781 1068 837 ita
1110 779 1319 838 dicitur
1361 781 1688 838 ascendisse
1734 801 1905 857 supra
1951 803 2149 841 omnes
2198 785 2391 858 coelos,
2444 798 2508 845 ut
2554 789 2762 847 nihilo-

344 864 535 921 minus
565 884 690 922 esse
720 863 944 920 dicatur
971 860 1029 917 in
1060 859 1223 932 coe10,
1259 859 1406 936 Eph.
1438 861 1475 917 i.
1507 863 1602 918 20.
1648 860 1768 919 Nec
1792 862 1841 918 si
1869 882 1937 919 eo
1967 863 2293 921 ascendisse
2339 865 2548 925 dicitur
2575 877 2637 925 ut
2662 869 2763 926 im-

333 946 523 1019 pleret
549 944 752 1017 omnia,
785 943 893 999 hoe
916 937 1352 1016 intelligendum
1378 939 1448 996 de
1478 940 1791 1016 repletione
1814 942 2067 999 omnium
2098 943 2350 1001 locorum
2369 965 2471 1021 per
2494 946 2762 1023 Corporis

347 1022 888 1100 omnipraesentiam,
916 1020 1018 1078 sed
1046 1018 1117 1076 de
1160 1018 1474 1094 repletione
1494 1020 1748 1077 omnium
1778 1021 2162 1079 membrorum
2197 1022 2474 1082 Ecclesiae
2491 1045 2592 1103 per
2618 1027 2758 1086 effu·

345 1103 564 1160 sionem
588 1102 866 1159 donorum
895 1100 1141 1177 Spiritus
1166 1121 1179 1173 ;
1200 1109 1264 1156 ut
1285 1098 1497 1156 ibidem
1519 1099 1857 1176 explicatur.

425 1182 606 1240 VIII.
653 1181 915 1239 Christus
959 1178 1066 1236 fuit
1093 1177 1152 1234 in
1181 1178 1370 1235 medio
1401 1187 1618 1254 septem
1651 1179 2153 1255 Candelabrorum,
2195 1181 2453 1259 adeoque
2482 1184 2542 1243 in
2570 1187 2755 1261 terrie,

344 1259 531 1338 Apoc.
564 1262 601 1320 i.
638 1265 728 1334 13,
779 1260 995 1336 Spiritu
1026 1278 1146 1331 su0‚
1179 1258 1380 1334 gratia,
1427 1258 1696 1335 praesidio
1726 1268 1783 1316 et
1810 1259 2121 1335 regimine;
2168 1262 2269 1319 sed
2309 1282 2424 1320 non
2455 1267 2760 1340 praesentia

343 1341 615 1418 corporiS.
702 1340 822 1398 Nec
868 1340 1169 1398 Johannes
1212 1357 1341 1395 eum
1386 1337 1536 1396 vidit
1580 1338 1967 1398 ambulantem
2006 1340 2211 1398 visione
2249 1344 2471 1400 oculari
2496 1345 2552 1401 in
2582 1355 2751 1420 terra,

343 1421 446 1479 scd
469 1429 691 1478 tantum
710 1421 914 1477 visione
936 1419 1292 1476 intellectuali
1309 1426 1367 1476 et
1384 1418 1674 1492 exstatica‚
1695 1426 1760 1475 ut
1783 1428 2029 1492 notatur,
2062 1439 2181 1477 ver.
2218 1424 2308 1495 10,
2333 1441 2509 1497 quum
2541 1425 2752 1483 dicitur

340 1498 516 1558 fuisse
547 1501 587 1557 iv
614 1499 855 1575 πνεὺματι
885 1500 942 1556 in
968 1498 1188 1573 spiritu,
1220 1496 1297 1554 id.
1329 1498 1388 1554 iu
1417 1496 1652 1571 exstasi,
1684 1505 1749 1555 ut
1772 1498 1907 1556 Act.
1940 1518 1997 1555 x.
2028 1501 2116 1573 10,
2143 1501 2431 1576 quomodo
2454 1513 2512 1561 et
2537 1503 2753 1563 Paulus

342 1579 453 1637 sibi
481 1580 801 1639 adstantem
834 1577 1153 1654 conspexit,
1187 1576 1321 1634 Act.
1352 1577 1517 1633 xxiii.
1554 1580 1645 1634 11.

424 1659 540 1716 ΙΧ.
587 1659 749 1717 Idem
781 1659 879 1735 qui
910 1656 1224 1730 descendit,
1257 1656 1427 1715 etiam
1458 1656 1734 1732 ascendit,
1781 1657 1930 1734 Eph.
1961 1658 2039 1716 iv.
2075 1661 2166 1734 10,
2210 1661 2401 1737 quoad
2429 1683 2749 1738 personam,

341 1738 441 1795 sed
472 1758 585 1795 non
614 1739 804 1814 quoad
834 1748 1129 1808 naturam3
1177 1737 1324 1793 Nam
1354 1736 1550 1793 divina
1572 1734 1886 1810 descendit,
1913 1738 2014 1794 sed
2035 1738 2286 1797 humana
2314 1743 2571 1801 ascendit
2596 1766 2608 1817 ;
2653 1744 2755 1802 illa

340 1817 572 1893 quidem
602 1818 985 1895 metaphorice
1015 1827 1072 1874 et
1099 1815 1361 1893 figurate,
1394 1816 1529 1891 quia
1557 1816 1725 1873 aliter
1757 1836 1870 1872 non
1899 1818 2102 1892 potuit,
2136 1819 2245 1875 ista
2274 1840 2411 1877 vero
2440 1823 2666 1898 proprie
2695 1835 2754 1882 et

340 1897 631 1973 localiter;
677 1908 741 1955 ut
777 1898 851 1955 sit
896 1916 1030 1954 vere
1077 1896 1135 1951 in
1184 1895 1362 1968 ecelis,
1404 1895 1504 1952 ubi
1546 1905 1715 1952 antea
1744 1915 1858 1952 non
1910 1906 2047 1970 erat,
2101 1907 2164 1954 ut
2206 1918 2320 1955 non
2372 1902 2617 1977 amplius
2662 1913 2751 1962 est

339 1975 400 2033 in
442 1977 606 2035 terris
650 1977 750 2035 ubi
780 1986 947 2035 antea
1002 1975 1204 2034 fuerat.
1295 1975 1459 2032 Licet
1503 1983 1692 2032 autem
1747 1975 2008 2033 Christus
2064 1996 2178 2033 non
2231 1978 2591 2040 descenderit
2620 2003 2747 2058 pro·

337 2057 459 2132 prie
488 2065 546 2114 et
573 2057 833 2114 localiter
870 2076 900 2114 e
950 2055 1114 2129 coelo,
1159 2054 1295 2131 quia
1342 2074 1456 2130 qua
1497 2065 1655 2124 Λογος
1685 2063 1773 2112 est
1800 2055 2011 2130 ubique
2038 2078 2051 2113 :
2098 2056 2228 2113 Non
2258 2059 2516 2133 sequitur
2543 2062 2752 2119 coelum

336 2135 483 2192 illud
513 2157 627 2193 non
657 2156 781 2194 esse
810 2136 1011 2209 locale,
1058 2134 1161 2192 sed
1201 2134 1592 2211 allegoricum,
1628 2153 1756 2191 cum
1787 2134 1925 2191 talia
1952 2135 2061 2210 ipsi
2093 2136 2431 2211 tribuantur,
2463 2160 2592 2214 quae
2634 2161 2751 2199 non

336 2225 580 2291 possunt
625 2216 739 2272 nisi
784 2216 842 2271 in
885 2234 1085 2272 verum
1115 2223 1173 2273 et
1209 2215 1499 2290 proprium
1550 2214 1741 2271 locum
1786 2213 2083 2289 quadrare.
2170 2216 2241 2271 In
2270 2217 2396 2274 istis
2426 2239 2563 2295 ergo
2591 2220 2748 2278 loeu-

338 2294 610 2367 tionibuS,
641 2303 839 2370 tropus
868 2313 983 2352 non
1013 2302 1101 2351 est
1130 2294 1188 2350 in
1209 2313 1352 2351 voce
1381 2294 1516 2367 coeli,
1539 2293 1642 2351 sed
1671 2294 1729 2349 in
1758 2293 1936 2350 verbo
1958 2295 2214 2352 veniendi
2240 2306 2296 2354 et
2326 2299 2706 2358 descendendi.

418 2373 503 2430 X.
551 2373 826 2447 Quamvis
876 2373 1139 2431 Christus
1168 2373 1412 2431 abiverit
1440 2393 1542 2450 per
1571 2372 1988 2430 Ascensionem
2020 2373 2093 2430 ad
2126 2375 2373 2451 Patrem,
2406 2378 2503 2453 qui
2535 2380 2746 2456 ubique

338 2461 442 2526 est,
490 2453 623 2511 Non
652 2453 910 2528 sequitur
947 2454 1116 2511 istam
1168 2453 1584 2511 Ascensionem
1617 2453 1760 2509 nihil
1811 2452 1968 2509 aliud
1998 2472 2140 2527 esse,
2186 2475 2355 2530 quam
2402 2458 2623 2515 abitum
2674 2460 2749 2517 ad

337 2551 618 2591 summam
647 2533 1078 2608 beatitudinem,
1110 2551 1238 2609 quae
1268 2533 1343 2590 sit
1369 2532 1580 2610 ubique
1610 2533 1669 2589 in
1703 2533 1889 2606 Patre,
1922 2552 2036 2589 non
2085 2533 2144 2590 in
2190 2545 2346 2593 certo
2381 2537 2573 2614 aliquo
2602 2538 2748 2597 locO.

336 2612 484 2687 Quia
531 2614 743 2672 dicitur
788 2614 1039 2672 abivisse
1068 2613 1143 2670 ad
1189 2614 1436 2687 Patrem,
1489 2633 1604 2671 non
1635 2623 1699 2671 ut
1726 2622 1878 2671 esset
1905 2614 2119 2690 ubique
2150 2635 2277 2672 cum
2312 2617 2498 2690 Patre,
2532 2620 2630 2677 sed
2662 2640 2747 2695 e0,

332 2694 432 2751 ubi
463 2694 647 2770 gloria
675 2704 732 2752 et
761 2694 975 2752 honore
1006 2693 1367 2752 coronandus
1389 2693 1514 2766 fuit,
1538 2693 1804 2750 nimirum
1830 2693 1887 2750 in
1909 2693 2135 2769 coelum,
2166 2696 2264 2752 ubi
2299 2696 2457 2754 Deus
2480 2699 2749 2757 thronum

334 2793 499 2831 suum
531 2774 720 2847 habet,
753 2782 810 2832 et
838 2774 939 2832 ubi
970 2773 1230 2833 Christus
1281 2773 1401 2849 ipse
1445 2793 1674 2830 manere
1717 2773 1915 2831 debuit
1972 2794 2152 2850 usque
2208 2775 2282 2833 ad
2332 2778 2752 2837 restitutionem

331 2853 605 2911 omnium.
692 2853 784 2911 Ita
812 2874 988 2929 quum
1020 2853 1160 2910 dicit
1190 2872 1249 2909 se
1279 2853 1454 2925 abire,
1485 2853 1839 2909 mutationem
1880 2854 1989 2909 loci
2013 2854 2230 2929 innuit3
2277 2876 2451 2931 quum
2483 2859 2644 2917 addit
2687 2879 2749 2918 se

332 2931 490 2989 abire
519 2931 593 2988 ad
627 2932 870 3007 Patrem,
902 2933 1258 2990 mutationem
1288 2932 1630 3005 conditionis,
1662 2940 1879 2988 naturae
1909 2931 2172 2989 humanae
2202 2936 2656 2997 convenientem.

415 3010 535 3066 XI.
581 3010 858 3082 Quamvis
887 3011 1088 3066 fideles
1117 3010 1272 3066 beati
1302 3010 1417 3066 sint
1446 3009 1771 3084 ubicunque
1803 3010 1934 3081 sint,
1983 3012 2118 3084 quia
2166 3032 2390 3088 semper
2435 3026 2568 3074 sunt
2617 3038 2746 3074 cum

334 3088 479 3162 De0,
533 3088 662 3144 Non
683 3097 875 3145 tamen
915 3088 1169 3163 perfecta
1190 3107 1385 3144 eorum
1405 3095 1493 3143 est
1513 3087 1828 3158 beatitud0‚
1853 3087 2035 3144 donec
2064 3090 2123 3145 in
2153 3092 2356 3147 coelum
2382 3094 2745 3169 recipiantur,

330 3167 392 3225 in
421 3166 579 3244 quod
607 3165 679 3223 ad
711 3166 1001 3225 Christum
1031 3166 1308 3224 anhelans
1343 3165 1669 3240 Stephanus
1698 3165 2057 3242 respiciebat.
2147 3167 2314 3226 Unde
2350 3170 2579 3247 PauluS‚
2610 3174 2748 3233 lieet

324 3247 449 3323 jam
480 3255 632 3303 esset
661 3265 790 3303 cum
822 3245 1050 3304 Christo
1079 3265 1182 3321 per
1208 3244 1398 3319 fidem,
1431 3252 1592 3320 optat
1620 3252 1812 3301 tamen
1840 3244 2039 3301 relicta
2068 3252 2220 3302 terra
2247 3247 2403 3305 abire
2429 3249 2485 3306 in
2516 3252 2743 3328 coelum,

330 3335 388 3384 et
417 3346 542 3383 esse
573 3346 702 3383 cum
754 3326 878 3402 ipso
920 3347 1023 3403 per
1064 3332 1376 3401 aspectum,
1431 3323 1580 3380 Phil.
1610 3324 1650 3381 i.
1682 3327 1777 3396 23,
1809 3331 1867 3381 et
1914 3323 2115 3381 fideles
2160 3325 2260 3400 qui
2298 3328 2420 3403 jam
2472 3329 2531 3385 in
2582 3331 2744 3390 coelis

329 3405 528 3464 sedere
559 3405 828 3464 dicuntur
856 3426 986 3465 cum
1017 3406 1245 3464 Christo
1273 3423 1376 3480 per
1403 3402 1577 3461 fidem
1623 3410 1681 3461 et
1725 3422 1901 3479 spem,
1948 3402 2136 3462 adhuc
2164 3425 2402 3483 peregre
2433 3408 2642 3468 absunt
2670 3412 2744 3469 ab

325 3486 344 3543 i
389 3506 469 3558 SO‚
503 3490 538 3543 2
572 3486 700 3544 Cor.
730 3507 788 3544 v.
821 3488 875 3545 6.

346 3506 384 3563 P
410 3566 566 3623 XII.
615 3567 696 3625 Ut
745 3565 816 3624 de
870 3564 1164 3641 Stephano
1199 3563 1424 3637 dicitur,
1459 3563 1595 3621 Act.
1626 3564 1726 3621 vii.
1759 3565 1852 3638 56,
1885 3563 2039 3641 quod
2072 3565 2360 3624 Christum
2392 3567 2451 3624 in
2482 3569 2627 3626 coelo
2655 3570 2743 3627 vi-

329 3643 494 3718 derit,
528 3645 663 3703 dum
692 3647 830 3704 vidit
857 3647 1016 3703 coelos
1044 3653 1286 3720 apertos,
1319 3653 1371 3702 et
1401 3643 1685 3702 Christum
1712 3653 1947 3701 stantem
1976 3665 2013 3702 a
2043 3646 2259 3703 dextris
2304 3648 2433 3721 Dei,
2487 3658 2742 3706 extraor-

329 3722 551 3781 dinaria
600 3725 818 3783 scilicet
867 3724 1161 3783 oculorum
1205 3724 1326 3782 acie
1370 3744 1403 3781 a
1450 3723 1668 3799 Spiritu
1715 3724 1926 3781 Sancto
1965 3724 2227 3797 donatus,
2276 3725 2492 3784 Eadem
2524 3729 2745 3787 ratione

328 3803 517 3877 potuit
568 3804 784 3861 Paulus
823 3805 983 3861 illum
1014 3805 1229 3878 videre,
1264 3803 1399 3862 Act.
1430 3804 1510 3860 ix.
1542 3807 1639 3861 27.
1727 3804 1897 3861 Unde
1934 3803 2063 3861 Act.
2096 3805 2258 3860 xxvi.
2296 3808 2385 3877 19,
2418 3816 2589 3865 vocat
2617 3827 2744 3865 eam

329 3884 591 3938 coelestem
613 3884 1040 3957 apparitionem.
1128 3884 1208 3941 Et
1236 3886 1337 3940 lux
1365 3903 1488 3959 quae
1511 3883 1665 3939 illum
1689 3884 2114 3955 circumfulsisse
2136 3883 2348 3941 dicitur
2369 3886 2589 3958 melitus,
2623 3906 2742 3944 ver.

332 3963 424 4035 13,
458 3970 579 4019 erat
609 3961 837 4037 quidem
870 3963 1134 4039 gloriosae
1176 3963 1493 4039 majestatis
1522 3963 1647 4037 ejus
1678 3962 2020 4037 symbolum,
2074 3962 2174 4018 sed
2221 3983 2337 4019 non
2388 3964 2641 4039 corporis
2685 3966 2745 4023 in

326 4048 479 4098 terra
523 4040 617 4098 vel
664 4040 724 4097 in
772 4047 901 4099 aere
944 4042 1241 4117 praesentis
1290 4049 1713 4118 argumentum.
1800 4041 1919 4097 Nec
1966 4041 2014 4098 si
2060 4041 2118 4096 in
2166 4040 2263 4097 via
2313 4042 2524 4101 dicitur
2565 4043 2741 4104 fuisse

327 4119 562 4192 PauluS‚
595 4140 770 4196 quum
801 4120 950 4178 vidit
979 4120 1310 4196 Dominum,
1363 4122 1622 4199 sequitur
1672 4119 1962 4177 Christum
2012 4119 2199 4177 visum
2230 4139 2264 4177 a
2295 4121 2495 4195 Pau10‚
2543 4122 2605 4179 in
2646 4124 2744 4182 via

325 4199 498 4258 etiam
526 4200 723 4259 fuisse.
