3221 5200
495 213 611 271 326
1310 229 1490 270 LOCUS
1523 228 1780 268 DECIMUS
1810 229 2072 269 TERTIUS.
2505 206 2751 288 [Qua-28⁶1.
2781 227 2907 266 XIX.

497 381 563 430 ut
609 369 829 450 ἴυσιιςιοη
868 368 1016 427 sedit
1043 377 1266 428 tantum
1307 379 1438 446 post
1469 370 1795 447 passionem
1839 377 1899 427 et
1918 370 2408 444 resurrectionem,
2442 369 2583 428 Luc.
2614 368 2779 425 xxiv.
2810 367 2907 424 26.

506 451 732 509 Habuit
778 448 1012 525 quidem
1050 450 1150 525 jus
1194 451 1358 526 regni
1391 450 1463 507 ab
1491 449 1704 508 unione
1741 450 2121 526 hypostatica,
2153 449 2257 508 sed
2284 450 2566 507 actualem
2595 446 2907 525 possessio·

505 551 634 589 nem
661 550 774 586 non
806 528 1054 587 obtinuit
1081 529 1192 587 nisi
1220 538 1350 605 post
1380 529 1816 603 Ascensionem,
1850 530 2003 587 Psal.
2034 550 2126 587 cx.
2162 533 2213 604 1,
2246 529 2383 586 Act.
2413 529 2471 587 ii.
2496 532 2592 603 34,
2615 529 2709 600 35,
2732 528 2828 585 36.

587 609 779 667 XIII.
835 610 1071 682 Tempus
1099 609 1366 667 Sessiom’s
1394 630 1428 667 a
1449 608 1750 687 posteriori
1777 608 2003 667 nullum
2031 609 2200 669 datur
2227 608 2553 683 limitatum,
2578 606 2714 684 quia
2740 605 2914 664 debet

506 710 632 750 esse
656 690 712 753 ἒις
734 694 788 746 τὶ
817 685 1015 751 διηνεκὲς
1043 688 1103 744 in
1121 698 1475 764 perpetuum,
1498 696 1647 748 teste
1671 687 1878 765 Apost.
1895 688 2047 746 Heb.
2069 709 2126 746 x.
2155 693 2247 747 12.
2333 688 2456 745 Nec
2478 689 2710 746 obstant
2737 684 2916 743 verba

508 771 664 830 Psal.
695 790 787 827 cx.
843 772 892 842 l,
925 767 1024 825 ubi
1053 787 1315 826 sessurus
1343 768 1553 828 dicitur
1579 791 1629 828 ’π
1659 791 1718 827 w
1748 770 1921 826 donec
1938 778 2232 843 ponantur
2258 769 2468 826 inimici
2490 772 2608 843 ejus
2628 768 2685 824 in
2711 766 2917 823 scabel-

512 854 625 909 lum
644 852 856 925 pedam
885 847 1056 923 ipsius
1088 870 1101 906 :
1134 848 1281 922 Quia
1311 858 1512 907 notum
1555 858 1644 907 est
1685 848 2025 925 particulam
2067 849 2237 907 istam
2285 849 2368 906 ita
2414 866 2667 905 asserere
2697 853 2915 903 certum

510 939 755 1007 tempus,
787 927 857 985 de
887 947 1002 1002 quo
1031 927 1239 1003 agitur,
1271 936 1329 986 et
1362 928 1433 986 de
1472 949 1587 1004 quo
1617 927 1869 986 dubitari
1899 936 2106 1004 potest,
2156 936 2223 986 ut
2254 947 2371 985 non
2414 935 2589 1004 neget
2617 925 2915 983 continua-

509 1011 724 1069 tionem
755 1009 813 1064 in
842 1007 1133 1082 futurum;
1184 1016 1249 1065 ut
1304 1008 1597 1084 colligitur
1625 1029 1699 1066 ex
1729 1007 1876 1065 Gen.
1908 1007 2113 1065 xxviii.
2148 1009 2240 1082 15,
2272 1007 2484 1065 Matth.
2515 1005 2721 1063 xxviii.
2753 1006 2846 1078 20,
2883 1007 2913 1061 1

510 1089 659 1147 Tim.
705 1089 782 1144 iv.
818 1089 909 1144 13.
996 1087 1089 1144 Ita
1135 1087 1229 1144 hic
1279 1089 1552 1145 asseritur
1584 1087 1902 1146 dominium
1946 1086 2159 1145 Christi
2202 1087 2263 1144 in
2311 1086 2500 1144 medio
2538 1085 2915 1156 inimicorum,

514 1169 576 1227 id
625 1176 714 1226 est
761 1167 821 1223 in
850 1174 1104 1242 tempore
1134 1165 1488 1225 difficillimo.
1569 1167 1685 1225 Sed
1712 1187 1829 1224 non
1857 1176 2102 1242 negatur
2127 1166 2189 1224 in
2216 1167 2488 1241 futurum,
2515 1165 2651 1242 quia
2677 1181 2920 1240 regnum

516 1248 689 1306 debet
717 1265 843 1303 esse
883 1254 1158 1301 aeternum
1190 1268 1203 1319 ;
1254 1247 1496 1303 mutatio
1542 1246 1776 1322 quidem
1819 1245 2007 1304 debet
2026 1266 2162 1304 esse
2191 1247 2252 1304 in
2280 1246 2454 1303 modo
2483 1244 2782 1322 regnandi,
2814 1242 2917 1301 sed

519 1347 636 1385 non
665 1326 724 1383 in
751 1344 930 1402 regno
954 1325 1096 1401 ips0,
1127 1333 1191 1382 ut
1213 1345 1317 1382 suo
1338 1326 1466 1382 loco
1488 1326 1798 1384 videbitur.

601 1405 780 1463 XIV.
868 1405 1047 1461 Porro
1077 1404 1256 1461 sessio
1285 1405 1396 1463 ista
1425 1405 1638 1463 Christi
1667 1405 1741 1462 ad
1769 1405 2032 1463 dextram
2076 1406 2265 1464 Patris
2292 1425 2409 1463 non
2436 1412 2598 1463 notat
2627 1403 2799 1462 situm
2826 1400 2924 1460 vel

519 1485 905 1545 ubicationem
958 1484 1225 1559 Corporis
1254 1483 1485 1560 Christi,
1533 1504 1664 1543 cum
1690 1484 1767 1543 sit
1813 1493 1997 1543 status
2042 1485 2310 1543 Personae
2351 1485 2580 1543 Christi.
2665 1482 2788 1541 Nec
2814 1483 2925 1540 hoc

520 1566 689 1624 nobis
717 1563 829 1622 nisi
857 1583 960 1640 per
986 1563 1331 1621 calumniam
1359 1572 1549 1640 potest
1577 1564 1773 1641 affingi
1797 1587 1811 1641 ;
1856 1565 2021 1640 quasi
2063 1564 2269 1623 dextra
2298 1565 2411 1623 Dei
2451 1564 2619 1622 nobis
2642 1563 2717 1621 sit
2743 1562 2922 1635 locuS,

521 1656 580 1705 et
608 1645 788 1704 sessio
833 1643 908 1701 ad
949 1643 1074 1720 ejus
1103 1643 1365 1701 dextram
1395 1644 1539 1702 situs
1566 1645 1800 1721 quidam
1843 1644 2061 1703 localis.
2146 1644 2367 1703 Coelum
2409 1645 2661 1721 quidem,
2708 1641 2768 1700 in
2811 1659 2926 1718 quo

522 1725 732 1784 dicitur
773 1723 971 1781 sedere
1000 1722 1074 1779 ad
1103 1723 1366 1781 dextram
1396 1723 1525 1797 Dei,
1556 1724 1724 1781 nobis
1753 1733 1841 1782 est
1867 1724 2047 1800 locus,
2079 1724 2138 1781 in
2161 1744 2276 1800 quo
2305 1734 2579 1800 tanquam
2625 1724 2686 1780 in
2712 1720 2926 1799 palatio

520 1805 698 1882 regi0,
732 1812 789 1862 et
822 1802 1157 1861 Sanctuario
1185 1823 1301 1860 non
1330 1803 1657 1863 manufacto
1686 1804 1849 1863 sedet
1876 1804 1952 1862 ad
1979 1804 2242 1863 dextram
2263 1804 2407 1879 Dei;
2444 1804 2560 1862 Sed
2596 1821 2765 1860 nemo
2793 1820 2924 1859 nos-

525 1895 675 1945 trum
706 1884 863 1957 dicit,
894 1883 1169 1940 Dextram
1203 1883 1314 1941 Dei
1343 1903 1468 1941 esse
1496 1883 1707 1942 locum.

604 1964 749 2022 XV.
795 1964 977 2037 Quem
1006 1982 1145 2021 vero
1176 1963 1502 2039 Ubiquistae
1550 1964 1719 2022 nobis
1759 1963 1905 2022 falso
1945 1963 2273 2041 impingunt
2314 1982 2579 2038 errorem,
2609 1963 2763 2020 hunc
2791 1958 2932 2037 ipsis
3034 2009 3044 2020 .

521 2045 726 2103 merito
754 2042 1059 2101 tribuimus
1080 2043 1254 2119 juxta
1282 2042 1534 2120 ipsorum
1564 2044 1950 2120 hypothesim.
2035 2044 2183 2117 Quia
2211 2063 2285 2101 ex
2318 2044 2587 2101 Sessione
2618 2040 2827 2100 Christi
2857 2039 2933 2097 ad

522 2126 785 2183 dextram
808 2122 935 2196 Dei,
961 2122 1242 2198 colligunt
1269 2123 1649 2201 ubiquitatem
1680 2123 1948 2201 Corporis
1977 2123 2207 2197 Christi,
2239 2142 2307 2180 eo
2328 2123 2485 2199 quod
2506 2122 2711 2180 dextra
2731 2120 2840 2178 Dei
2858 2120 2935 2178 sit

519 2204 752 2280 ubique.
842 2202 936 2260 Sic
965 2202 1115 2259 enim
1145 2222 1261 2259 non
1289 2212 1530 2279 possunt
1558 2204 1965 2280 argumentari,
2005 2203 2144 2279 quin
2174 2211 2498 2279 supponant
2525 2211 2583 2259 et
2611 2200 2936 2276 concipiant

521 2285 784 2343 dextram
807 2282 916 2339 Dei
939 2301 1041 2358 per
1060 2282 1292 2340 modum
1317 2283 1428 2340 loci
1451 2283 1541 2359 cuj
1549 2283 1768 2356 usdam,
1784 2292 1842 2341 et
1861 2284 2171 2341 sessionem
2191 2302 2292 2358 per
2301 2282 2534 2340 modum
2549 2282 2694 2340 situs
2714 2280 2934 2338 localis.

606 2363 786 2421 XVI.
833 2360 931 2418 Ad
961 2371 1379 2436 argumentum,
1425 2362 1582 2438 quod
1636 2363 1851 2439 petitur
1905 2383 1979 2419 ex
2014 2363 2280 2422 Sessione
2325 2361 2538 2420 Christi
2567 2361 2641 2418 ad
2671 2360 2934 2418 dextram

527 2444 640 2501 Dei
687 2461 790 2518 pro
819 2440 1155 2515 ubiquitate,
1188 2450 1394 2515 praeter
1422 2462 1490 2498 ea
1517 2461 1646 2516 quae
1687 2443 1810 2518 jam
1860 2441 2014 2501 dicta
2043 2452 2176 2500 sunt
2205 2462 2392 2519 supra,
2426 2442 2494 2516 Q.
2525 2443 2580 2515 8,
2611 2440 2719 2498 Th.
2751 2441 2846 2512 29,
2878 2448 2938 2498 et

524 2532 591 2581 ut
611 2521 757 2578 nihil
786 2520 1044 2576 dicamus
1073 2518 1144 2576 de
1174 2519 1355 2576 forma
1398 2520 1740 2596 syllogismi,
1773 2540 1900 2596 quse
1939 2530 2132 2597 aperte
2161 2530 2250 2579 est
2277 2522 2489 2579 vitiosa
2516 2528 2748 2597 propter
2795 2539 2935 2596 qua-

525 2610 658 2660 tuor
706 2598 998 2672 teminos,
1035 2619 1210 2674 quum
1242 2619 1316 2656 ex
1355 2599 1560 2657 dextra
1590 2600 1717 2676 Dei,
1749 2621 1878 2676 quae
1907 2610 1995 2659 est
2015 2602 2247 2677 ubique,
2279 2602 2640 2660 concluditur
2668 2620 2797 2658 eum
2837 2599 2941 2676 qui

527 2680 691 2739 sedet
718 2679 793 2736 ad
821 2678 1085 2735 dextram
1137 2678 1264 2752 Dei,
1297 2678 1505 2736 debere
1550 2698 1677 2737 esse
1721 2680 1972 2756 ubique3
2038 2701 2169 2739 cum
2217 2690 2409 2740 tamen
2458 2682 2629 2757 longe
2673 2679 2941 2738 differant

527 2760 734 2818 dextra
766 2758 893 2831 Dei,
926 2766 984 2815 et
1013 2757 1210 2815 sedere
1240 2757 1315 2814 ad
1337 2757 1600 2816 dextram
1634 2759 1761 2833 Dei,
1794 2779 1900 2817 nec
1950 2760 2145 2819 statim
2191 2761 2291 2837 qui
2337 2761 2500 2819 sedet
2548 2760 2623 2817 ad
2653 2760 2937 2817 Dextram

530 2840 658 2913 Dei,
697 2838 906 2895 debeat
934 2856 1059 2895 esse
1108 2837 1454 2914 ubicumque
1485 2848 1573 2897 est
1602 2838 1703 2896 illa
1740 2839 1979 2915 dextra,
2024 2840 2273 2898 maxime
2324 2861 2453 2899 cum
2485 2839 2664 2898 sessio
2693 2839 2794 2897 illa
2820 2857 2940 2896 non

530 2920 606 2979 sit
635 2920 780 2977 situs
809 2917 1010 2975 localis
1039 2917 1381 2994 designatiO,
1414 2918 1516 2976 sed
1554 2919 1780 2996 imperii
1818 2928 1876 2977 et
1918 2920 2117 2996 gloriae
2146 2920 2396 2979 collati0.
2482 2920 2715 2978 Certum
2744 2927 2848 2991 est,
2885 2921 2939 2976 1.

533 3000 649 3058 Hic
678 2997 952 3057 confundi
979 3007 1182 3056 statum
1213 3009 1266 3056 et
1292 2999 1528 3070 officium
1540 3020 1818 3075 personoe,
1846 3020 1976 3057 cum
1996 3001 2351 3075 proprietate
2376 3008 2616 3073 naturae,
2648 2998 2783 3074 quia
2810 2998 2939 3056 ubi-

530 3080 721 3158 quitas
750 3087 838 3136 est
886 3079 1204 3155 proprietas
1245 3087 1465 3137 naturae
1491 3102 1504 3153 ς
1550 3089 1610 3137 at
1640 3081 1820 3138 sessio
1849 3080 1923 3137 ad
1966 3080 2229 3137 dextram
2272 3089 2360 3137 est
2389 3087 2574 3138 status
2603 3086 2661 3137 et
2690 3078 2940 3136 officium

527 3180 805 3237 personae.
851 3164 906 3215 2.
940 3158 1225 3216 Confundi
1255 3158 1602 3218 locutionem
1632 3160 1937 3236 figuratam
1966 3170 2024 3218 et
2041 3159 2486 3236 metaphoricam
2517 3179 2644 3216 cum
2675 3158 2939 3234 propria;

531 3241 679 3298 Nam
708 3245 763 3296 τὸ
807 3238 1004 3295 sedere
1035 3237 1106 3293 ad
1137 3238 1398 3295 dextram
1428 3239 1672 3315 figurate
1701 3239 1947 3315 dicitur;
1992 3248 2052 3297 at
2080 3259 2205 3297 esse
2234 3239 2447 3315 ubique
2476 3238 2701 3316 proprie
2730 3237 2940 3295 intelli-

533 3319 705 3395 gitur.
792 3320 846 3374 3.
880 3316 1166 3373 Confundi
1195 3317 1438 3393 gloriam
1467 3327 1525 3375 et
1574 3319 1915 3394 dignitatem
1946 3339 2075 3377 cum
2105 3318 2602 3395 omnipraesentia3
2650 3317 2797 3375 Nam
2825 3336 2943 3374 non

533 3398 726 3455 statim
757 3395 910 3471 quod
942 3395 1254 3470 gloriosum
1287 3405 1391 3469 est,
1424 3396 1596 3454 debet
1639 3417 1765 3455 esse
1795 3399 2220 3475 omnipraesens,
2253 3399 2302 3456 si
2352 3397 2813 3475 omnipraesentia
2838 3416 2939 3454 na-

533 3486 720 3534 turam
766 3475 893 3549 ejus
921 3473 1207 3548 propriam
1237 3474 1496 3550 destruit,
1529 3476 1686 3552 quod
1734 3477 1827 3535 hic
1875 3478 1977 3553 fit;
2046 3478 2265 3555 Corpus
2293 3478 2503 3554 quippe
2534 3477 2942 3553 omnipraesens

535 3565 803 3626 statuere,
851 3562 939 3611 est
968 3552 1156 3610 dicere
1188 3574 1394 3630 corpus
1438 3574 1553 3613 non
1600 3575 1827 3632 corpus.
1871 3560 1928 3614 4.
1960 3556 2248 3615 Confundi
2296 3577 2525 3616 carnem
2557 3556 2769 3614 Christi
2809 3574 2942 3614 cum

534 3636 660 3711 ejus
690 3633 944 3709 imperi0‚
977 3641 1042 3690 ut
1071 3643 1186 3689 tam
1217 3633 1332 3692 late
1374 3644 1568 3711 pateat
1609 3636 1860 3694 essentia
1901 3637 2105 3711 carnis,
2150 3657 2321 3713 quam
2352 3637 2533 3713 ipsius
2577 3636 2844 3712 Regnum
2874 3655 2943 3693 ac

531 3714 852 3792 imperium,
884 3713 1039 3789 quod
1089 3713 1148 3769 in
1205 3711 1333 3771 Deo
1389 3715 1623 3791 quidem
1679 3735 1881 3775 verum
1936 3726 2040 3791 est,
2094 3717 2153 3774 in
2208 3736 2376 3775 carne
2405 3736 2544 3774 vero
2574 3715 2945 3792 quantumvis

534 3794 870 3873 glorificata,
923 3813 1036 3850 non
1068 3792 1221 3851 item.
1311 3793 1433 3852 Nec
1482 3815 1626 3872 opus
1669 3804 1758 3853 est
1798 3816 2026 3855 carnem
2056 3816 2180 3854 esse
2229 3805 2568 3872 praesentem
2616 3795 2945 3871 ubieunque

532 3884 751 3952 regnat,
784 3893 899 3931 non
943 3873 1129 3950 magis
1157 3893 1328 3949 quam
1357 3894 1461 3931 rex
1506 3874 1680 3933 debet
1706 3896 1940 3953 corpore
1968 3896 2221 3954 praesens
2243 3895 2369 3934 esse
2397 3876 2459 3933 in
2488 3875 2753 3933 omnibus
2781 3874 2948 3950 regni

532 3954 879 4033 provinciis3
925 3954 1174 4011 maxime
1219 3975 1350 4012 cum
1394 3954 1658 4013 Christus
1703 3955 1778 4014 sit
1831 3956 2046 4033 ubique
2094 3975 2348 4033 praesens
2391 3954 2584 4032 quoad
2628 3954 2944 4013 Personam

531 4055 680 4112 resp.
725 4044 942 4092 naturae
972 4033 1202 4091 divinae.

617 4114 828 4171 XVII.
878 4112 1039 4169 Licet
1083 4113 1344 4171 Nominis
1375 4134 1546 4191 supra
1587 4134 1755 4172 omne
1798 4135 2007 4173 nomen
2062 4115 2319 4192 acceptio
2359 4120 2580 4172 naturae
2636 4120 2947 4189 assumptae

528 4195 700 4253 etiam
759 4213 862 4251 suo
919 4192 1089 4249 modo
1145 4202 1467 4270 competat;
1543 4194 1637 4251 Ita
1677 4203 1868 4252 tamen
1924 4203 2013 4253 est
2064 4194 2459 4271 intelligenda,
2515 4202 2581 4252 ut
2629 4193 2948 4252 secundum

537 4275 906 4348 Scripturam‚
940 4272 1315 4347 proprietates
1345 4283 1673 4332 naturarum
1712 4282 2028 4332 serventur.
2114 4275 2207 4333 Ita
2238 4275 2423 4332 Filius
2451 4284 2540 4332 est
2568 4273 2739 4332 etiam
2769 4271 2945 4349 glori-

531 4353 734 4409 ficatus
779 4351 1091 4409 secundum
1123 4372 1368 4424 carnem,
1402 4353 1504 4410 sed
1545 4373 1662 4410 non
1710 4361 1775 4411 ut
1822 4374 1954 4411 caro
1997 4363 2331 4431 exsequetur
2356 4353 2523 4430 Λᾶγᾳ.
2602 4353 2723 4410 Nec
2752 4361 2952 4410 tamen

532 4443 835 4508 propterea
877 4431 1168 4489 Christum
1211 4432 1399 4508 magis
1427 4432 1742 4493 dividimus
1790 4442 1890 4492 aut
1938 4433 2082 4493 duas
2130 4435 2218 4493 illi
2261 4434 2477 4511 glorias
2525 4441 2584 4492 et
2630 4440 2952 4511 potestates

531 4511 853 4585 tribuimus,
884 4529 1059 4586 quam
1078 4530 1256 4586 quum
1272 4511 1563 4572 hominem
1585 4513 1843 4573 dicentes
1865 4513 2041 4575 fuisse
2069 4514 2145 4574 ad
2166 4514 2476 4592 imaginem
2497 4514 2609 4572 Dei
2629 4511 2948 4586 conditum,
