3221 5200
291 359 511 406 QuAEsr.
545 342 675 422 xv.]
993 361 1068 399 m:
1103 362 1362 399 pensons
1396 362 1469 402 εἰ·
1498 362 1685 402 srA‘ru
1715 363 1968 403 camsi-1.
2579 348 2697 405 315

290 499 365 557 ad
408 500 638 576 inferos,
672 502 788 559 Vel
817 502 876 559 id
905 502 1136 576 factum,
1169 510 1233 560 ut
1261 502 1479 578 aliquid
1508 502 1585 560 ibi
1617 512 1924 578 pateretur,
1957 502 2051 561 vel
2078 512 2144 562 ut
2176 503 2377 562 Patres
2404 503 2695 581 liberaret,

288 581 386 637 vel
429 590 492 639 ut
515 581 755 640 mortuis
786 583 1226 658 evangelizaret,
1259 583 1354 639 vel
1398 591 1464 640 ut
1507 583 1809 640 victoriam
1856 602 2018 640 suam
2067 591 2385 641 ostentaret
2429 583 2695 643 diabolis.

293 659 410 717 Sed
455 681 561 719 nec
606 662 855 739 primum
900 661 1014 719 dici
1064 671 1269 736 potest,
1317 662 1454 738 quia
1507 662 1569 719 in
1614 682 1782 720 cruce
1828 663 2021 720 omnia
2062 663 2502 737 consummavit,
2554 664 2597 723 J
2602 665 2697 723 oh.

288 740 412 796 xix.
445 744 539 813 30,
586 750 644 799 et
686 742 857 800 unica
897 741 1186 799 oblatione
1230 743 1588 800 consecravit
1629 742 1689 798 in
1730 751 2072 819 perpetuum
2115 741 2518 817 sanctificatos,
2543 743 2696 801 Heb.

289 839 348 875 x.
386 822 476 878 14.
565 821 684 878 Nec
715 820 1048 894 secundum,
1080 821 1217 897 quia
1248 823 1373 899 jam
1414 821 1474 877 in
1517 821 1727 879 coelum
1766 821 1981 897 recepti
2010 830 2189 896 erant,
2222 841 2328 879 nec
2355 842 2609 898 unquam
2639 823 2699 880 in

289 898 468 956 limbo
495 899 698 958 fictitio
728 900 977 973 fuerunt,
1008 909 1072 958 ut
1101 920 1273 976 supra
1301 901 1624 976 probatum.
1709 900 1763 957 N
1766 920 1840 958 on
1869 901 2118 974 tertium,
2150 900 2287 977 quia
2316 901 2697 978 Evangeliza-

288 976 371 1036 tio
394 979 641 1054 pertinet
663 988 886 1039 tantum
906 980 980 1037 ad
1000 989 1211 1037 statum
1229 980 1402 1055 hujus
1431 980 1584 1055 vitae,
1607 1000 1724 1037 non
1752 980 1825 1037 ad
1856 980 2241 1039 conditionem
2270 981 2491 1039 mortis.
2577 981 2631 1038 N
2634 1001 2700 1040 ec

289 1057 341 1115 si
372 1058 595 1133 Petrus,
628 1079 676 1117 c.
708 1063 764 1118 4.
800 1063 885 1133 1⁸⁹,
917 1060 1057 1117 dicit
1085 1061 1551 1135 Evangelizatum
1584 1080 1697 1118 esse
1724 1062 1973 1134 mortuis,
1995 1060 2103 1117 hoe
2121 1079 2238 1132 non
2256 1060 2699 1136 intelligendum

290 1145 381 1196 est
411 1138 470 1194 in
496 1158 659 1196 sensu
688 1140 1003 1214 composito,
1036 1139 1204 1215 quasi
1246 1138 1619 1214 praedicatum
1662 1148 1815 1198 esset
1855 1140 2096 1198 mortuis
2138 1159 2254 1215 qua
2294 1140 2526 1214 talibus,
2565 1140 2702 1216 quia

290 1237 421 1275 cum
452 1237 567 1275 non
598 1219 713 1277 sint
743 1219 800 1276 in
832 1229 985 1277 statu
1014 1219 1142 1292 viae,
1173 1238 1289 1275 non
1319 1228 1492 1294 egent
1521 1218 1768 1295 amplius
1795 1219 1917 1277 ullo
1946 1219 2232 1295 praeconio
2256 1242 2269 1293 ;
2317 1218 2421 1277 sed
2449 1219 2508 1276 in
2535 1240 2700 1277 sensu

290 1297 483 1372 ᾱὶυἰεο,
517 1297 595 1355 id.
626 1299 743 1356 illis
771 1299 870 1375 qui
890 1300 1014 1376 jam
1041 1298 1254 1356 mortui
1284 1306 1433 1372 sunt,
1467 1298 1570 1357 sed
1598 1298 1698 1374 qui
1727 1299 1863 1355 olim
1894 1299 2186 1372 vivebant,
2214 1299 2348 1357 dum
2381 1298 2496 1356 illis
2525 1318 2701 1357 evan·

291 1377 603 1452 gelizatum
650 1388 754 1436 est.
843 1378 971 1436 Non
1018 1385 1304 1455 quartum,
1336 1378 1473 1453 quia
1517 1377 1829 1435 descensus
1874 1379 1983 1437 iste
2028 1378 2228 1436 debuit
2276 1398 2402 1437 esse
2438 1378 2700 1455 poenalis,

289 1476 404 1513 non
450 1458 828 1533 triumphalis,
860 1468 918 1516 et
960 1458 1207 1535 pertinet
1235 1457 1310 1514 ad
1339 1466 1551 1515 statum
1585 1458 2027 1533 Exinanitionis,
2059 1478 2175 1515 non
2206 1458 2612 1516 Exaltationis.

375 1537 555 1594 VIII.
600 1538 801 1596 Talem
830 1551 1022 1596 autem
1064 1557 1192 1596 esse
1235 1536 1575 1595 descensum
1616 1537 1829 1595 Christi
1860 1538 2022 1595 varia
2051 1537 2276 1596 docent.
2354 1541 2405 1594 1.
2452 1538 2601 1611 Quia
2628 1558 2703 1596 ex

296 1616 449 1690 stylo
483 1617 793 1693 Scripturae
823 1617 1137 1676 descensus
1165 1616 1241 1675 ad
1258 1615 1471 1674 inferos
1514 1617 1804 1692 significat
1834 1617 2207 1693 gravissimas
2237 1617 2616 1675 adversitates
2645 1625 2706 1676 et

293 1694 522 1752 dolores
567 1697 1068 1772 exquisitissimos,
1113 1698 1262 1756 Gen.
1315 1696 1542 1754 xxxvii.
1589 1699 1686 1769 35,
1734 1697 1872 1754 Job.
1920 1697 2041 1754 xiV.
2093 1700 2184 1770 13,
2235 1696 2388 1753 Psal.
2430 1695 2508 1753 vi.
2547 1700 2601 1771 5,
2648 1705 2706 1754 et

297 1773 528 1831 lxxxvi.
555 1778 645 1849 13,
668 1785 725 1835 et
746 1797 924 1835 cxxx.
951 1779 1001 1834 1.
1027 1781 1083 1834 2.
1107 1777 1262 1835 Loca
1284 1796 1412 1852 quae
1436 1775 1507 1833 de
1523 1776 1801 1833 descensu
1826 1775 1897 1832 ad
1923 1776 2133 1833 inferos
2162 1784 2359 1851 agunt,
2385 1783 2704 1833 extremam

290 1853 579 1911 miseriam
611 1856 737 1931 ejus
767 1865 984 1930 notant,
1017 1876 1133 1914 non
1176 1856 1545 1932 triumphum,
1577 1855 1638 1910 in
1667 1874 1781 1930 quo
1811 1855 1934 1914 scil.
1965 1875 2079 1914 non
2110 1854 2184 1912 sit
2214 1855 2343 1912 ideo
2372 1854 2701 1931 relinquen-

292 1930 417 2005 dus,
451 1933 554 1991 sed
572 1954 607 1991 a
632 1936 800 1994 Patre
824 1935 1173 2009 liberanduS,
1199 1935 1336 1992 Act.
1361 1935 1420 1992 ii.
1465 1938 1560 2009 30,
1588 1937 1686 1992 31.
1739 1937 1794 1991 3.
1822 1935 2151 1992 Descensus
2180 1935 2237 1992 in
2267 1934 2494 1991 infimas
2513 1943 2706 2010 partes

291 2020 456 2069 terrae
486 2016 794 2090 opponitur
822 2016 1144 2074 ascensioni
1188 2034 1360 2091 supra
1402 2032 1601 2071 omnes
1632 2012 1826 2087 coelos,
1858 2034 1986 2091 quse
2014 2033 2146 2091 pars
2174 2023 2265 2072 est
2294 2014 2698 2090 Exaltationis,

293 2091 443 2168 Eph.
475 2093 552 2151 iv.
585 2097 641 2152 9.
727 2096 886 2171 Ergo
916 2096 1088 2153 debet
1116 2114 1242 2152 esse
1271 2113 1403 2169 pars
1434 2093 1881 2153 ExinanitioniS.

858 2175 992 2232 IX:
1026 2177 1143 2233 Cor
1172 2185 1339 2231 terroe
1377 2194 1449 2231 ex
1482 2172 1639 2250 stylo
1671 2173 2048 2232 Hebraeorum
2096 2172 2239 2230 nihil
2282 2171 2440 2229 aliud
2491 2171 2699 2247 innuit,

333 2248 511 2322 Fontes
529 2253 671 2297 Solu·
778 2274 950 2330 quam
980 2254 1136 2330 quod
1163 2255 1314 2311 intra
1357 2264 1568 2312 terram
1597 2262 1702 2327 est,
1736 2258 1798 2312 εξ
1828 2254 1980 2312 enim
2009 2254 2243 2330 ponitur
2263 2271 2366 2326 pro
2395 2275 2506 2332 Ἱππ,
2538 2252 2699 2328 quod

410 2317 616 2356 tronum.
779 2333 1030 2391 medium
1061 2342 1165 2406 est,
1198 2333 1451 2392 medium
1472 2343 1663 2392 autem
1689 2354 1839 2411 saepe
1863 2333 2088 2406 dicitur,
2113 2332 2268 2408 quod
2291 2331 2578 2389 internum
2601 2342 2706 2405 est,

293 2411 418 2468 sive
471 2410 546 2468 sit
593 2411 652 2467 in
696 2413 1035 2487 meditullio,
1082 2414 1205 2470 sive
1247 2433 1380 2470 non.
1428 2414 1598 2471 Ezec.
1645 2415 1832 2471 xxvii.
1883 2417 1938 2486 4,
1984 2413 2124 2489 Tyri
2168 2412 2393 2470 termini
2438 2412 2710 2469 dicuntur

293 2489 470 2548 fuisse
517 2491 574 2548 in
615 2496 785 2549 corde
829 2493 1019 2565 maris,
1067 2493 1204 2568 quia
1275 2492 1417 2549 mari
1467 2493 1721 2569 undique
1765 2493 2104 2564 alluebatur,
2151 2501 2208 2550 et
2254 2493 2427 2550 Deut.
2479 2492 2558 2550 iv.
2614 2495 2706 2566 11,

293 2571 468 2629 Mons
496 2569 709 2630 dicitur
735 2575 943 2631 ardere
964 2593 1134 2649 usque
1175 2574 1258 2630 ad
1295 2593 1394 2631 cor
1441 2574 1576 2648 coelc‘,
1607 2573 1669 2632 id
1708 2583 1812 2648 est,
1845 2593 2025 2650 usque
2056 2572 2129 2630 ad
2158 2572 2405 2631 mediam
2436 2572 2585 2631 aeris
2616 2591 2702 2629 re·

292 2652 543 2727 gionem.
651 2653 744 2711 Ita
786 2673 898 2711 esse
941 2654 995 2710 in
1018 2656 1187 2711 corde
1230 2663 1412 2723 terrae,
1447 2653 1659 2713 Matth.
1684 2654 1786 2711 xii.
1816 2656 1912 2727 40,
1958 2653 2103 2710 nihil
2132 2652 2291 2710 aliud
2317 2661 2497 2724 notat,
2530 2672 2706 2729 quam

288 2732 441 2790 intra
467 2742 677 2791 terram
707 2752 851 2807 esse,
884 2734 1006 2791 sive
1037 2733 1179 2791 illud
1226 2733 1545 2810 superficiei
1588 2736 1717 2810 ejus
1760 2734 1834 2792 sit
1874 2733 2128 2810 propius,
2162 2733 2285 2790 sive
2314 2733 2608 2806 remotius,
2641 2740 2699 2790 ct

289 2812 399 2870 hac
427 2814 648 2871 ratione
671 2813 929 2872 innuitur
951 2822 1134 2872 status
1158 2814 1427 2890 Corporis
1450 2813 1664 2872 Christi
1687 2816 1747 2872 in
1774 2814 2107 2890 SepulchrO,
2132 2812 2285 2889 quod
2311 2812 2372 2869 in
2393 2822 2547 2870 terra
2569 2812 2695 2888 suit,

298 2891 357 2947 in
388 2910 502 2965 quo
535 2912 717 2967 usque
747 2893 821 2950 ad
848 2894 1078 2951 tertium
1110 2894 1260 2950 diem
1293 2893 1532 2968 quievit.

377 2969 462 3025 X.
507 2969 695 3041 Quum
729 2971 991 3028 Christus
1020 2971 1229 3029 dicitur
1257 2974 1597 3028 descendisse
1650 2974 1684 3003 “
1709 2973 1768 3035 ἔις
1796 2996 1863 3028 τοι
1895 2971 2149 3051 κατόπςιι
2175 2973 2292 3050 μέςη
2319 2977 2402 3035 τῆς
2446 2976 2538 3041 γῆς
2579 2991 2707 3047 par-

295 3055 385 3105 tes
434 3046 660 3105 infimas
708 3050 933 3121 terrae,’'
968 3050 1116 3124 Eph.
1163 3050 1241 3106 iv.
1286 3053 1340 3122 9,
1393 3069 1509 3106 non
1557 3058 1790 3108 notatur
1828 3050 2140 3107 descensus
2169 3050 2386 3124 localiS,
2440 3050 2543 3106 sed
2588 3051 2713 3124 ejus

295 3126 615 3184 exinanitio
644 3136 702 3184 et
731 3127 1116 3184 manifestatio
1145 3128 1205 3183 in
1234 3147 1422 3199 carne,
1454 3147 1624 3202 quam
1656 3128 1715 3183 in
1745 3135 1896 3185 terra
1924 3129 2250 3203 assumpsit,
2282 3137 2347 3186 ut
2387 3129 2533 3184 nihil
2555 3129 2713 3184 aliud

295 3206 371 3264 sit
400 3224 570 3281 quam
603 3205 949 3264 descendere
987 3206 1048 3262 in
1089 3213 1317 3279 terram,
1349 3225 1478 3280 quae
1521 3214 1610 3264 est
1656 3206 1854 3262 infima
1881 3205 2080 3263 mundi
2109 3226 2258 3282 pars,
2290 3206 2713 3263 constructione

302 3284 571 3343 Hebraeis
636 3285 776 3343 satis
858 3285 1141 3357 familiari,
1194 3305 1310 3362 qua
1364 3285 1622 3361 regimen
1679 3285 1913 3361 ponitur
1953 3304 2058 3362 pro
2117 3284 2492 3361 appositione,
2554 3284 2710 3342 I’sal.

295 3365 538 3423 cxxxix.
569 3367 660 3437 15,
696 3367 732 3398 “
757 3365 827 3421 In
856 3365 986 3422 imis
1013 3364 1274 3441 partibus
1302 3366 1523 3439 terrae,’'
1554 3365 1634 3424 id.
1666 3366 1725 3422 in
1754 3373 1921 3439 terra,
1943 3384 2072 3441 quse
2094 3372 2183 3422 est
2211 3384 2343 3440 pars
2372 3363 2606 3421 inferior
2624 3382 2713 3421 re-

297 3453 498 3521 spectu
521 3444 671 3503 coeli.
746 3445 840 3503 Ita
856 3464 973 3502 non
999 3452 1192 3521 partes
1221 3453 1387 3503 terrae
1409 3445 1560 3503 iuter
1582 3465 1660 3519 se,
1683 3444 1788 3503 sed
1813 3454 2006 3523 partes
2034 3443 2234 3503 mundi
2263 3443 2469 3502 coelum
2489 3451 2548 3502 et
2565 3453 2718 3502 terra

293 3526 444 3582 inter
472 3545 532 3583 se
576 3524 966 3583 conferuntur.
1052 3524 1106 3581 N
1109 3545 1174 3582 ec
1202 3524 1378 3583 alium
1410 3544 1643 3583 sensum
1665 3544 1792 3583 esse
1820 3544 1988 3602 posse
2017 3524 2196 3582 verba
2222 3531 2419 3583 textus
2446 3524 2712 3599 innuunt,

293 3604 394 3662 ubi
440 3606 727 3683 oppositio
770 3605 844 3663 sit
886 3605 1034 3664 inter
1062 3624 1364 3663 ascensum
1394 3624 1425 3663 e
1455 3612 1604 3662 terra
1642 3605 1704 3661 in
1731 3605 1958 3679 coelum,
1991 3612 2049 3662 et
2076 3604 2414 3663 descensum
2446 3604 2516 3663 de
2546 3604 2713 3663 coelo,

300 3684 461 3743 Sicut
503 3694 694 3743 autem
723 3705 996 3743 ascensus
1025 3705 1128 3761 pro
1171 3684 1416 3743 termino
1457 3704 1493 3741 a
1525 3703 1642 3759 quo
1670 3684 1872 3743 habuit
1899 3693 2126 3759 terram,
2151 3693 2209 3743 et
2235 3704 2339 3761 pro
2368 3686 2610 3743 termino
2640 3683 2714 3743 ad

298 3783 470 3838 quem
501 3767 728 3839 coelum,
781 3766 861 3824 ita
912 3765 1169 3823 vicissim
1212 3765 1525 3823 descensus
1580 3784 1685 3840 pro
1725 3765 1968 3822 termino
2018 3784 2053 3821 a
2107 3783 2222 3840 quo
2252 3765 2426 3822 habet
2483 3766 2709 3839 coelum,

297 3852 359 3900 et
385 3863 488 3919 pro
537 3846 780 3903 termino
809 3844 882 3901 ad
924 3865 1096 3921 quem
1134 3853 1364 3903 terram.
1451 3844 1583 3902 Hoc
1610 3844 1761 3902 vidit
1791 3844 2115 3917 CaietanuS,
2148 3842 2247 3919 qui
2274 3863 2377 3919 per
2419 3843 2713 3902 inferiores

297 3932 491 3998 partes
521 3932 686 3982 terrae
705 3923 952 4000 intelligi
969 3925 1098 3982 vult
1145 3928 1409 3982 “terram
1438 3944 1568 4001 quse
1596 3923 1795 3980 infima
1821 3933 1911 3982 est
1937 3941 2070 3999 pars
2098 3921 2315 3996 mundi,
2348 3921 2422 3978 ad
2450 3921 2712 3980 differen-

297 4003 437 4060 tiam
480 4003 809 4061 inferiorum
838 4004 1088 4079 partium
1117 4003 1247 4061 coeli
1275 4023 1405 4079 quae
1443 4010 1580 4061 sunt
1614 4003 1675 4059 in
1703 4009 1851 4061 aere.
1935 4002 2026 4059 Ac
2058 4002 2108 4059 si
2155 4001 2408 4077 apertius
2450 4000 2713 4076 dixisset,

301 4082 451 4158 Quia
479 4081 779 4141 descendit
807 4082 1052 4158 primum
1080 4083 1155 4140 ad
1184 4082 1508 4141 inferiorem
1536 4090 1760 4159 partem
1787 4081 2013 4139 terrae.'’

379 4163 500 4219 XI.
547 4162 737 4236 Quum
769 4162 974 4220 Petrus
1002 4162 1099 4236 ait,
1134 4162 1269 4222 Act.
1299 4163 1357 4221 ii.
1394 4184 1468 4221 ex
1501 4162 1656 4220 Psal.
1688 4161 1828 4235 xvi.,
1864 4164 1899 4193 ‘⁴
1923 4160 2194 4217 Animam
2226 4159 2441 4218 Christi
2483 4178 2600 4217 non
2628 4179 2714 4218 re·

295 4241 668 4318 linquendam
713 4241 889 4300 fuisse
932 4242 990 4298 in
1033 4242 1310 4316 interno,‘'
1353 4263 1470 4300 non
1500 4251 1692 4319 potest
1741 4240 1987 4316 intelligi
2016 4240 2330 4297 descensus
2358 4238 2577 4312 localis,
2610 4238 2711 4296 sed

296 4321 550 4380 detentio
580 4324 640 4380 in
670 4322 991 4399 sepulchro,
1023 4323 1159 4398 quia
1195 4323 1305 4380 hoc
1350 4322 1594 4380 refertur
1642 4341 1677 4378 a
1708 4321 1878 4379 Petro
1917 4320 1992 4377 ad
2019 4318 2510 4391 resurrectionem,
2551 4318 2707 4394 quod

299 4401 625 4477 colligitur:
674 4406 725 4460 1.
759 4404 854 4460 Ex
900 4402 1276 4476 connexione,
1325 4404 1360 4434 “
1385 4403 1590 4471 Caro,''
1624 4400 1828 4477 inquit,
1863 4401 2045 4458 “mea
2072 4397 2573 4472 commorabitur,''
2606 4398 2715 4455 sci-

299 4479 437 4538 lieet
473 4481 533 4538 in
579 4482 900 4557 sepulchre,
951 4482 1118 4540 “sub
1148 4502 1265 4558 spe,
1298 4482 1570 4557 quoniam
1620 4501 1735 4538 non
1786 4480 2207 4557 derelinques.''
2292 4478 2348 4536 2.
2382 4477 2474 4533 Ex
2518 4478 2715 4553 phrasi

301 4558 498 4616 addita
539 4560 613 4616 ad
650 4563 961 4638 exegesim,
998 4564 1033 4594 “
1058 4562 1189 4621 Non
1219 4561 1374 4619 sines
1400 4561 1673 4620 Sanctum
1705 4562 1927 4636 tuum,''
1958 4560 2036 4619 id.
2066 4580 2175 4633 me,
2211 4563 2246 4592 “
2267 4560 2455 4617 videre
2483 4577 2718 4633 corrup-

302 4639 560 4712 tionem‚”
602 4640 821 4698 scilicet
866 4642 924 4698 in
969 4661 1222 4718 corpore,
1271 4661 1442 4716 quam
1491 4642 1705 4718 alioqui
1751 4642 2012 4701 relictum
2041 4642 2099 4699 in
2131 4640 2434 4717 sepulchro
2464 4637 2719 4697 sentiret.
