3221 5200
312 379 542 424 QuAEsr.
576 358 729 437 xva]
1244 376 1321 416 Μ.
1351 376 1698 418 VOCATIONE
1728 379 1802 417 ΒΤ
1834 377 1988 417 rins.
2649 366 2764 424 533

321 519 580 575 voluerit
592 516 880 587 Christus,
902 514 1022 582 Qui
1045 516 1224 572 semel
1246 516 1476 587 biberit,
1492 523 1551 573 et
1561 518 1742 573 semel
1754 517 2086 586 crediderit,
2107 518 2227 592 sed,
2244 517 2484 584 Quicon
2493 519 2748 579 tinenter

325 604 386 652 et
413 602 875 670 perseveranter,
906 593 1006 650 ille
1036 594 1302 651 victurus
1349 594 1424 651 sit
1470 595 1533 650 in
1582 596 1933 652 aeternum.”
2019 595 2135 652 Sed
2166 597 2346 652 verba
2377 597 2592 656 Christi
2635 602 2745 657 hoc

317 676 604 747 effugium
629 674 1038 748 praecludunt3
1082 690 1202 728 non
1231 673 1392 742 dicit,
1424 672 1528 747 qui
1557 672 1842 729 continuo
1864 673 2096 743 biberit,
2126 676 2246 744 sed,
2276 674 2379 749 qui
2408 676 2636 747 biberit,
2661 679 2741 735 id.

317 753 424 826 qui
466 754 646 808 semel
676 769 812 807 vere
854 749 1085 818 biberit,
1117 751 1259 824 quia
1300 751 1444 807 facit
1487 757 1665 824 potus
1710 751 1817 807 iste
1866 751 2048 807 semel
2096 753 2363 820 haustuS,
2396 761 2465 809 ut
2513 774 2741 830 semper

318 831 649 901 hauriatur,
700 830 844 902 quia
897 846 1057 902 aqua
1111 846 1292 902 quam
1344 828 1615 886 Christus
1663 828 1769 884 dat
1814 830 1883 885 fit
1927 828 2095 898 fons3
2155 830 2278 887 Dat
2320 847 2539 903 aquam
2589 835 2741 891 hanc

321 908 607 977 ChristuS,
652 908 754 963 ubi
783 907 965 962 semel
993 905 1235 962 bibitur.
1321 905 1445 963 Ubi
1487 924 1633 978 ergo
1678 907 1858 962 semel
1890 905 2125 976 bibitur,
2154 909 2223 963 fit
2261 907 2345 963 ibi
2385 907 2520 965 fons
2563 930 2736 984 aquae

317 987 691 1043 scaturientis
719 985 795 1040 ad
824 982 1205 1039 refectionem
1235 992 1538 1040 aeternam.
1604 983 1778 1039 Alias
1807 984 1854 1040 si
1882 986 1995 1040 hoc
2036 991 2272 1041 tantum
2292 986 2424 1042 vult
2448 986 2737 1058 Christus,

319 1066 484 1138 quod
514 1062 782 1137 quandiu
811 1063 993 1117 homo
1023 1061 1173 1116 bibit
1200 1080 1273 1116 ex
1317 1062 1423 1118 illa
1450 1080 1609 1134 aqua
1637 1079 1756 1116 non
1787 1062 1961 1128 sitiat,
1994 1061 2151 1118 idem
2197 1065 2271 1118 de
2320 1064 2587 1135 quolibet
2614 1067 2736 1122 alio

318 1152 466 1217 potu
496 1143 610 1199 dici
641 1139 876 1214 poterit,
907 1140 1066 1212 quod
1099 1140 1367 1211 quandiu
1397 1159 1470 1194 ex
1498 1158 1568 1195 eo
1598 1139 1819 1211 aliquis
1851 1140 2015 1206 bibit,
2046 1158 2165 1195 non
2197 1141 2374 1196 sitiat.
2426 1133 2449 1154 '

952 1216 1239 1272 XXVII.
1283 1218 1339 1273 6.
1372 1217 1513 1273 Huc
1539 1216 1684 1272 facit
1710 1217 2024 1280 Judicium,
2056 1219 2217 1290 quod
2240 1221 2307 1275 fit
2335 1218 2396 1274 in
2429 1218 2737 1294 Scriptura

313 1285 358 1332 6·
405 1287 452 1330 A
492 1285 686 1366 JP‘U‘JP
727 1285 785 1331 de
827 1296 901 1350 de
918 1293 977 1349 A
979 1297 1241 1368 poscatis,
1265 1295 1435 1368 quasi
1457 1294 1659 1350 averis
1675 1296 1951 1352 fidelibus
1972 1297 2147 1368 plane
2170 1296 2443 1366 diversis;
2471 1305 2503 1330 “
2520 1298 2736 1371 Egres-

415 1346 689 1400 Apostans.
827 1373 876 1429 si
904 1380 1042 1429 sunt
1070 1391 1143 1428 ex
1171 1374 1397 1440 nobiS‚”
1429 1373 1622 1446 inquit
1638 1372 1681 1428 J
1686 1375 1781 1429 oh.
1818 1373 1908 1430 1²⁵.
1940 1373 1997 1429 ii.
2034 1373 2124 1442 19,
2152 1376 2304 1429 “sed
2329 1392 2448 1431 non
2472 1385 2641 1434 erant
2661 1397 2736 1434 ex

316 1448 505 1516 nobis,
561 1466 700 1504 nam
755 1451 802 1505 si
851 1450 1104 1506 fuissent
1143 1470 1218 1507 ex
1258 1451 1444 1519 nobis,
1496 1451 1850 1507 mansissent
1890 1450 2097 1524 utique
2146 1451 2471 1523 nobiscum,
2523 1457 2623 1510 sed
2668 1464 2738 1513 ut

315 1528 621 1598 patefieret
649 1530 811 1599 quod
841 1546 962 1584 non
992 1528 1110 1584 sint
1139 1547 1344 1584 omnes
1371 1546 1444 1584 ex
1479 1529 1707 1585 nobis.''
1795 1530 1971 1598 Quia,
2001 1537 2071 1586 ut
2100 1530 2246 1585 bene
2279 1530 2540 1602 August.
2566 1542 2735 1591 notat

317 1605 393 1660 de
425 1605 595 1660 Doct.
630 1603 844 1663 Christ.
875 1606 978 1662 lib.
1007 1606 1111 1674 iii„
1156 1615 1190 1640 “
1211 1606 1353 1663 Non
1384 1614 1473 1662 est
1507 1625 1713 1663 revera
1744 1607 1977 1681 Corpus
2011 1607 2247 1674 Christi,
2278 1610 2438 1680 quod
2477 1629 2597 1666 non
2626 1612 2739 1668 erit

312 1700 451 1737 cum
479 1683 585 1738 illo
614 1683 675 1738 in
726 1686 1074 1741 aeternum.’'
1161 1685 1241 1742 Et
1286 1685 1429 1741 alibi
1471 1686 1545 1742 de
1593 1685 1856 1758 Corrept.
1888 1703 2013 1758 cap.
2046 1687 2118 1742 9:
2166 1684 2367 1741 “Non
2412 1696 2581 1743 erant
2625 1690 2733 1745 filii

315 1760 495 1815 etiam
523 1760 765 1834 quando
795 1769 965 1820 erant
997 1762 1058 1817 in
1087 1763 1449 1836 professione
1478 1770 1538 1818 et
1579 1763 1821 1818 nomine
1869 1762 2187 1818 filiorum.’'
2274 1761 2373 1818 Ita
2402 1763 2733 1836 Apostolus

316 1837 629 1910 distinguit
657 1859 769 1897 esse
798 1841 854 1897 in
884 1839 1143 1897 Ecclesia
1166 1842 1366 1912 quoad
1395 1839 1819 1913 professionem
1847 1847 2172 1908 externam,
2192 1848 2252 1896 et
2276 1839 2505 1913 Corpus
2530 1841 2731 1900 Eccle-

314 1915 652 1984 siasticum3
701 1919 778 1974 Et
807 1939 919 1976 esse
947 1939 1020 1975 ex
1049 1918 1309 1974 Ecclesia
1336 1918 1536 1990 quoad
1565 1917 2043 1973 communionem
2062 1917 2377 1984 internam,
2413 1925 2472 1973 et
2503 1919 2732 1993 Corpus

320 1992 535 2049 Christi
567 1997 918 2066 mysticum;
948 1998 1111 2070 quod
1159 1996 1300 2052 solis
1330 1994 1548 2050 Electis
1576 1995 1873 2067 competit.
1960 1994 2270 2068 Apostatae
2301 2003 2500 2052 autem
2542 1998 2632 2053 illi
2673 2009 2734 2055 et
2802 1999 2813 2004 “

318 2070 737 2141 Anti-Christi,
768 2075 843 2130 de
865 2075 1083 2147 quibus
1106 2074 1374 2147 loquitur
1395 2071 1436 2127 J
1441 2074 1720 2140 ohanneS,
1750 2072 1991 2128 fuerant
2019 2073 2261 2146 quidem
2291 2073 2443 2129 inter
2471 2073 2627 2148 ipsos
2668 2077 2727 2132 in

322 2147 490 2203 Coetu
523 2147 865 2207 Christiano
893 2159 953 2208 et
996 2151 1260 2208 Ecclesia
1299 2149 1519 2206 visibili
1557 2149 1827 2205 fidelium
1875 2169 1978 2223 per
2019 2150 2157 2206 fidei
2201 2150 2623 2224 professionem
2673 2163 2732 2211 et

322 2224 841 2284 Sacramentorum
869 2229 1366 2296 communionem,
1397 2235 1456 2283 et
1483 2229 1559 2283 ab
1587 2227 1697 2283 illa
1744 2228 2162 2284 communione
2204 2229 2562 2299 defecerant,
2606 2250 2727 2288 non

317 2310 438 2357 tam
462 2305 790 2360 mutatione
813 2307 945 2375 loci,
965 2324 1146 2379 quam
1167 2305 1471 2374 doctrinae,
1492 2313 1552 2360 et
1571 2306 1819 2361 affectus
1842 2327 1857 2375 ;
1887 2312 1956 2361 ut
1983 2307 2187 2378 egredi
2204 2325 2236 2362 e
2265 2308 2492 2363 mundo
2522 2309 2731 2366 dicun-

317 2388 433 2449 tur,
465 2399 584 2436 non
614 2383 718 2456 qui
747 2402 1007 2457 corpore,
1032 2386 1133 2440 sed
1162 2383 1268 2458 qui
1295 2383 1493 2439 animo
1522 2391 1581 2439 et
1607 2383 1916 2439 affectibus
1945 2385 2020 2439 ab
2048 2401 2118 2438 eo
2142 2403 2202 2440 se
2231 2393 2523 2457 separant.
2572 2386 2732 2453 Quia

317 2476 460 2513 vero
492 2462 841 2518 scandalum
871 2462 1079 2536 ingens
1107 2461 1244 2518 inde
1274 2461 1416 2517 oriri
1445 2467 1697 2533 poterat,
1722 2461 1890 2534 quasi
1924 2461 2189 2519 Ecclesia
2230 2463 2378 2519 tales
2410 2471 2599 2535 pestes
2628 2483 2730 2537 ge-

319 2537 556 2607 nuisset,
590 2541 681 2594 vel
712 2541 832 2596 veri
862 2542 1065 2597 fideles
1088 2542 1420 2609 deficerent,
1451 2537 1762 2595 Johannes
1783 2539 1872 2595 illi
1896 2539 2165 2611 occurrit,
2195 2559 2383 2615 quum
2404 2543 2588 2611 addit,
2612 2561 2729 2600 non

314 2613 496 2672 fuisse
525 2635 597 2672 ex
617 2638 863 2676 numero
893 2638 1166 2676 verorum
1206 2618 1492 2687 fidelium,
1535 2618 1675 2691 quia
1703 2618 1753 2673 si
1780 2618 2028 2675 fuissent
2054 2636 2129 2674 ex
2173 2619 2310 2688 illis,
2360 2621 2563 2693 utique
2593 2640 2731 2678 con-

315 2701 540 2750 stanter
568 2715 702 2752 cum
732 2697 804 2754 iis
832 2698 1203 2767 mansissent,
1235 2698 1337 2753 sed
1381 2698 1494 2753 hoc
1536 2696 1671 2753 ideo
1718 2696 1945 2753 factum
1973 2715 2114 2766 esse,
2166 2706 2234 2755 ut
2261 2700 2563 2771 patefieret
2608 2718 2725 2755 non

313 2790 535 2841 omncs,
566 2775 668 2847 qui
699 2783 839 2832 sunt
867 2776 926 2832 in
962 2776 1241 2845 Ecclesia,
1271 2783 1332 2832 et
1358 2775 1461 2848 qui
1489 2776 1669 2831 fidem
1697 2776 2069 2848 profitentur,
2099 2794 2223 2833 esse
2252 2794 2388 2833 vere
2427 2778 2630 2834 fideles
2672 2785 2732 2835 et

318 2850 596 2924 Corporis
627 2852 848 2910 Christi
891 2856 1187 2924 membra3
1232 2855 1393 2927 quod
1424 2854 1630 2927 utique
1672 2853 1864 2910 dicere
1895 2872 2014 2910 non
2061 2854 2351 2928 potuisset
2380 2856 2728 2928 Apostolus,

315 2927 428 2981 nisi
456 2932 862 3002 supposuisset
899 2942 967 2987 ut
1007 2940 1237 2989 certum
1284 2939 1344 2988 et
1389 2931 1813 2999 indubitatum,
1866 2931 2002 3000 Eos,
2033 2933 2137 3006 qui
2166 2934 2346 2989 semel
2384 2934 2445 2989 in
2499 2935 2730 3008 Corpus

319 3002 536 3059 Christi
564 3009 878 3078 mysticum
907 3016 967 3065 et
1010 3010 1332 3066 Ecclesiam
1375 3009 1732 3064 invisibilem
1772 3009 1970 3066 allecti
1998 3017 2153 3079 sunt,
2184 3028 2301 3066 non
2348 3029 2514 3083 posse
2544 3012 2618 3066 ab
2660 3029 2731 3067 ea

315 3081 577 3137 deficere.
623 3083 782 3139 Nam
806 3087 966 3158 quod
989 3105 1026 3141 a
1048 3087 1405 3159 quibusdam
1427 3086 1737 3158 excipitur,
1765 3084 2085 3157 Egressum
2115 3088 2294 3143 istum
2314 3096 2520 3143 notare
2543 3089 2732 3144 missi-

315 3175 488 3213 onem
505 3159 930 3233 Apostolicam‚
959 3163 1150 3240 (quasi
1182 3163 1269 3217 illi
1299 3163 1604 3217 finxissent
1625 3180 1685 3217 se
1713 3162 1921 3218 missos
1948 3164 2023 3219 ab
2047 3163 2373 3236 ApostoliS‚
2425 3166 2589 3237 quod
2612 3184 2728 3221 non

314 3244 464 3292 esset
493 3245 707 3308 tamen,
738 3247 858 3296 tam
888 3249 976 3297 est
1002 3241 1325 3297 absurdum
1357 3248 1425 3295 ut
1465 3238 1822 3295 refutatione
1865 3257 1986 3296 non
2014 3240 2295 3312 indigeat.
2436 3242 2548 3299 icet
2590 3261 2729 3298 vcro

317 3332 433 3369 non
479 3334 761 3387 negemus
793 3336 959 3374 veros
1001 3319 1204 3375 fideles
1234 3336 1400 3391 posse
1450 3319 1527 3372 ad
1557 3323 1791 3389 tempus
1819 3319 2087 3373 recedere
2116 3319 2192 3374 ab
2221 3326 2465 3376 externa
2504 3320 2730 3393 profes-

315 3392 478 3449 sione
507 3404 565 3449 ct
595 3394 652 3449 in
683 3396 1140 3468 abnegationem
1191 3395 1411 3452 Christi
1437 3395 1695 3451 incidere
1726 3415 1739 3463 ;
1790 3395 1891 3450 sed
1934 3397 2031 3452 vel
2078 3403 2240 3453 metu
2263 3405 2323 3454 et
2370 3397 2728 3469 infirmitate,

316 3472 408 3526 vel
441 3491 638 3528 errore
667 3475 880 3531 montis
908 3475 1002 3530 vel
1033 3494 1131 3548 spe
1161 3474 1310 3530 lucri
1334 3495 1347 3543 ;
1378 3492 1416 3530 a
1441 3492 1561 3547 quo
1583 3475 1756 3546 lapsu
1782 3481 2032 3545 possunt
2058 3492 2362 3547 resurgere
2386 3496 2400 3545 ;
2433 3475 2573 3533 Non
2597 3476 2731 3534 ideo

316 3550 443 3605 ficri
472 3559 682 3623 potest,
714 3561 783 3610 ut
809 3553 1087 3609 deficiant
1115 3554 1287 3626 lapsu
1317 3552 1489 3609 totali
1517 3559 1671 3607 etex
1701 3551 1933 3607 malitia
1953 3560 2013 3608 et
2039 3553 2366 3610 deliberato
2389 3554 2573 3612 animi
2595 3574 2730 3628 pro-

316 3628 528 3700 posito,
559 3649 633 3686 ex
662 3631 800 3688 odio
830 3639 890 3688 et
917 3639 1263 3705 contemptu
1291 3631 1573 3699 veritatis,
1607 3639 1674 3686 ut
1700 3630 1845 3685 fiant
1868 3640 2268 3704 persecutores
2289 3640 2347 3688 et
2374 3635 2730 3705 seductoreS,

314 3705 437 3763 imo
465 3715 526 3763 et
554 3708 975 3778 Anti-Christi,
1007 3711 1214 3784 quales
1241 3717 1414 3766 erant
1444 3709 1544 3765 isti
1574 3708 1903 3781 Apostatae‚
1934 3710 2007 3765 de
2037 3709 2253 3783 quibus
2282 3711 2563 3783 loquitur.

711 3835 720 3845 .
908 3788 1236 3845 XXVIII.
1288 3787 1343 3850 7.
1390 3788 1490 3844 Ab
1538 3786 1855 3842 Absurde's.
1964 3788 2124 3852 Quia
2172 3788 2363 3860 posita
2413 3788 2736 3860 Apostasia

333 3827 374 3870 ⁷⁸
409 3831 485 3873 Ab
506 3832 764 3876 Absurms.
827 3864 1200 3933 Sanctorum,
1248 3866 1298 3921 1.
1332 3866 1789 3939 Suspenduntur
1813 3865 1923 3920 Dci
1942 3866 2190 3933 decreta,
2214 3873 2271 3919 ct
2300 3866 2460 3920 dona
2489 3866 2601 3920 Dei
2625 3879 2733 3934 ἀμι-

316 3947 566 4004 ταμίληη
595 3940 670 3995 ab
698 3941 922 3998 incerto
952 3943 1209 3998 hominis
1237 3944 1499 3999 arbitrio.
1585 3942 1640 3996 2.
1686 3942 2015 4013 Rumpitur
2043 3951 2252 3997 catena
2280 3942 2610 3997 mediorum
2641 3963 2731 4002 sa-

313 4017 457 4074 lutis
485 4035 668 4092 quam
698 4018 860 4075 Deus
888 4020 948 4074 in
979 4037 1226 4075 suorum
1268 4020 1547 4085 solatium
1576 4019 1882 4075 contexuit
1923 4018 2345 4076 inviolabilem.
2431 4020 2485 4077 3.
2532 4020 2732 4078 Evan-

313 4095 455 4168 gelii
486 4095 758 4151 doctrina
786 4096 846 4151 in
877 4115 1071 4152 meras
1101 4097 1472 4170 conjecturas
1499 4097 1882 4164 convertitur,
1914 4104 1973 4151 et
1994 4096 2212 4153 fiducia
2233 4103 2292 4153 et
2322 4098 2612 4154 certitudo
2641 4119 2732 4157 sa-

317 4174 458 4230 lutis
485 4173 714 4231 afflictis
745 4174 1114 4231 conscientiis
1137 4193 1375 4248 prorsus
1396 4174 1662 4247 eripitur.
1746 4175 1800 4228 4.
1847 4173 2163 4230 Distinctio
2186 4175 2420 4231 tollitur
2442 4175 2593 4232 inter
2616 4177 2731 4234 Re-

313 4254 528 4325 probos
557 4260 615 4308 et
647 4251 902 4321 ElectOS,
932 4253 1077 4308 dum
1102 4252 1429 4326 promiscue
1457 4252 1519 4307 hi
1548 4259 1609 4306 ct
1637 4251 1728 4307 illi
1757 4253 1850 4307 vel
1880 4252 2284 4308 admittuntur
2326 4273 2433 4327 pro
2458 4254 2633 4310 libitu
2655 4258 2732 4312 ad

316 4332 739 4387 salvandorum
780 4330 1199 4399 conditionem,
1230 4331 1323 4386 vel
1365 4331 1784 4387 excluduntur.
1870 4330 1922 4386 5.
1968 4330 2120 4386 Tota
2158 4332 2486 4387 oeconomia
2527 4334 2734 4391 salutis

317 4408 508 4464 inanis
552 4410 838 4465 redditur.
923 4408 1084 4465 Nam
1128 4409 1176 4464 si
1218 4409 1494 4482 possibile
1536 4415 1625 4462 cst
1663 4409 1895 4464 fidelem
1942 4426 2179 4464 omnem
2224 4411 2469 4465 deficere
2518 4428 2555 4466 a
2601 4412 2733 4483 fide,

315 4486 438 4540 fieri
470 4494 662 4557 potest
693 4495 760 4543 ut
791 4487 940 4542 nulli
971 4488 1214 4543 omnino
1244 4487 1362 4543 sint
1392 4486 1582 4543 Electi
1608 4507 1622 4554 ;
1667 4505 1806 4542 nam
1838 4486 1886 4542 si
1930 4505 2086 4542 unus
2128 4488 2364 4558 excidit,
2407 4505 2590 4560 quare
2616 4507 2733 4546 non

317 4571 376 4617 ct
395 4564 544 4618 alter
569 4568 588 4620 ’ἐ
674 4565 753 4620 Et
775 4567 982 4621 cadem
1007 4566 1253 4635 ratione,
1284 4584 1388 4621 cur
1417 4583 1536 4619 non
1561 4582 1765 4620 omncs
1792 4568 1811 4622 ἓ
1862 4564 1959 4621 Sic
1988 4565 2159 4621 nulla
2180 4572 2372 4638 potest
2394 4585 2515 4621 esse
2540 4565 2738 4627 Eccle-

320 4640 424 4709 sia,
457 4648 514 4697 ct
546 4640 813 4697 Christus
840 4644 1024 4716 gratis
1054 4653 1203 4699 esset
1233 4651 1521 4700 mortuus,
