3221 5200
1034 460 1369 506 EPISTULA
1428 459 1931 507 DEDICATORIA.
1995 472 2002 476 ’
2601 469 2681 510 ΧΥ

291 640 515 703 artibus
565 639 880 720 quaeritur.
995 638 1159 702 Hinc
1210 639 1680 719 promissionum
1729 638 2211 701 lautissimarum
2261 640 2561 704 illecebrae
2602 644 2680 706 ad

293 738 637 802 inescandos
689 737 924 800 animos
980 737 1206 816 passim
1259 737 1571 800 adhibitae.
1694 736 1860 799 Hinc
1913 738 2353 816 praemeditatae
2402 746 2561 814 astu,
2615 748 2680 804 et

291 835 599 899 fraudibus
618 834 927 909 involutae,
962 840 1124 897 natae
1155 835 1445 898 methodi.
1548 834 1714 898 Hinc
1766 840 2106 915 σεσοφισμένοι
2149 844 2320 917 λόγοι,
2350 846 2414 899 et
2440 838 2681 916 specio-

291 954 382 1008 sae,
435 933 543 997 sed
595 953 809 1012 parum
863 932 1116 997 siucerae
1187 933 1506 996 Doctrinae
1562 931 2157 1010 pseudo-Catholicae
2217 934 2676 1014 Expositiones,

289 1031 501 1110 quibus
555 1031 621 1092 id
670 1051 857 1093 unum
910 1030 1133 1110 agitur,
1185 1039 1257 1091 ιιι
1306 1030 1479 1092 novis
1526 1030 1832 1093 coloribus
1880 1037 1944 1093 et
1991 1031 2321 1111 pigmentis
2365 1033 2677 1113 ingeniose

285 1128 605 1193 incrustati
635 1127 951 1191 foedissimi
984 1149 1224 1192 errores
1253 1128 1561 1192 Veritatis
1599 1136 1798 1211 σχῆμα
1830 1128 2109 1203 induant,
2140 1136 2326 1209 atque
2361 1131 2452 1191 ita
2480 1130 2677 1210 impe-

284 1226 412 1289 ritae
443 1226 829 1289 multitudini
860 1226 1151 1290 insidiose
1186 1228 1373 1289 verba
1401 1226 1646 1289 dentur.
1748 1226 2268 1301 Quemadmodum
2301 1249 2448 1290 vero
2477 1228 2676 1308 pluri-

284 1346 437 1387 mum
462 1326 656 1386 refert
682 1326 880 1387 furem
910 1324 1067 1387 clam
1098 1330 1162 1386 et
1196 1324 1449 1387 subdole
1480 1331 1882 1404 grassantem,
1917 1331 1983 1387 et
2013 1325 2212 1387 noctis
2245 1326 2505 1406 caligine
2539 1347 2672 1390 sese

280 1422 701 1497 involventem,
729 1422 1203 1501 deprehendere,
1222 1430 1287 1485 et
1308 1427 1389 1484 ὄπ’
1412 1429 1708 1503 αὐτοφώρῳ
1731 1423 2175 1502 deprehensum
2198 1423 2466 1486 omnium
2484 1424 2670 1487 oculis

280 1521 517 1599 sistere,
549 1541 627 1583 ne
647 1519 906 1583 ulterius
930 1527 1151 1584 noceat
1182 1542 1197 1592 ;
1255 1520 1362 1583 Ita
1382 1520 1533 1583 nihil
1559 1521 1638 1582 ad
1660 1521 1803 1583 fidei
1832 1521 2353 1584 confirmationem
2383 1521 2668 1585 conduci-

282 1617 456 1680 bilius
481 1625 597 1691 est,
630 1638 813 1696 quam
836 1618 888 1679 si
921 1618 1131 1681 sedulo
1159 1639 1347 1698 opera
1377 1619 1579 1698 detur,
1616 1625 1686 1679 ut
1714 1618 1964 1692 falsarii,
1996 1625 2061 1681 et
2075 1618 2382 1682 Veritatis
2415 1639 2668 1700 corrup-

282 1724 463 1790 toreS,
497 1736 531 1777 e
553 1714 831 1796 latebris,
859 1715 925 1778 in
960 1736 1111 1795 quas
1142 1737 1209 1778 se
1238 1717 1609 1780 abscondere
1643 1716 1863 1795 solent,
1893 1716 1955 1778 in
1985 1716 2181 1778 lucem
2211 1718 2668 1796 protrahantur,

279 1821 340 1876 et
372 1813 773 1887 mendacium,
798 1814 960 1892 quod
984 1821 1057 1875 τὰ
1098 1822 1310 1889 xpm&
1343 1823 1439 1885 τῆς
1472 1818 1752 1897 αἰσχύνης,
1788 1816 1901 1876 sub
1933 1814 2154 1892 quibus
2184 1814 2395 1888 lateat,
2429 1815 2669 1893 quaerit,

278 1911 557 1974 detracta
587 1911 761 1974 larva
794 1918 859 1973 et
886 1913 1026 1974 suco
1054 1912 1419 1975 renudatum
1463 1913 1744 1974 omnibus
1777 1917 2172 1991 proponatur.
2274 1912 2352 1974 In
2383 1931 2504 1991 quo
2533 1932 2670 1975 cum

278 2009 570 2072 hactenus
621 2008 882 2072 feliciter
931 2008 1270 2072 laborarint
1320 2010 1825 2072 Praestantissimi
1877 2009 2055 2070 multi
2104 2008 2223 2072 Dei
2253 2009 2414 2084 Viri,
2467 2009 2571 2088 qui
2605 2011 2670 2072 in

276 2106 605 2169 enodandis
660 2106 1106 2169 Controversiis
1159 2106 1538 2189 Theologicis
1587 2108 1782 2170 solide
1825 2107 2052 2169 versati
2103 2114 2266 2182 sunt,
2318 2119 2384 2170 et
2441 2107 2672 2169 Ortho-

276 2204 493 2266 doxam
529 2203 881 2267 Veritatem
913 2205 1283 2268 doctissimis
1314 2205 1579 2284 Scriptis
1608 2212 1828 2268 contra
1855 2205 2052 2266 omnis
2083 2207 2325 2284 generis
2358 2204 2674 2267 Adversa-

276 2301 398 2363 rios
436 2301 775 2364 fortissime
824 2309 1333 2383 propugnarunt:
1439 2302 1885 2380 AEquissimum
1930 2302 2116 2362 etiam
2160 2307 2277 2381 est,
2340 2302 2667 2365 Sacrorum

277 2397 517 2478 Mystas
568 2399 633 2461 in
662 2399 777 2462 hac
799 2399 1091 2479 palaestra
1120 2421 1253 2462 sese
1285 2419 1526 2478 semper
1556 2418 1861 2471 exercere,
1896 2398 1974 2459 ad
2012 2399 2264 2461 Erroris
2297 2400 2672 2462 destructio-

276 2517 433 2569 nem,
486 2502 555 2558 et
590 2495 892 2559 Veritatis
911 2497 1292 2577 triumphum
1318 2519 1333 2570 ;
1390 2497 1479 2558 Et
1527 2516 1631 2559 eos
1679 2495 1773 2557 vel
1825 2496 2123 2573 inprimis,
2178 2496 2301 2576 qui,
2355 2498 2671 2576 praepositi

272 2615 463 2657 saerae
490 2592 627 2657 Deo
657 2593 1004 2671 Juventuti,
1058 2595 1209 2658 nihil
1260 2594 1593 2659 studiosius
1631 2614 1901 2674 quaerere
1933 2594 2181 2675 debent,
2234 2616 2415 2674 quam
2445 2600 2518 2656 ut
2550 2616 2676 2658 coe-

273 2693 410 2755 lesti
445 2702 726 2773 πανπλίᾳ
745 2701 985 2756 mature
1017 2694 1340 2768 instructa,
1378 2694 1456 2756 ad
1488 2692 1715 2755 bellum
1745 2694 1862 2755 hoc
1893 2713 2132 2756 sacrum
2163 2694 2426 2757 feliciter
2453 2714 2674 2774 geren-

271 2790 411 2852 dum
443 2798 852 2870 praeparetur.

371 2887 526 2950 Haec
578 2909 677 2951 me
725 2889 919 2951 movit
968 2890 1150 2969 ratio,
1200 2896 1291 2963 ut,
1327 2889 1474 2951 licet
1505 2894 1684 2951 tanto
1718 2889 1889 2968 operi
1924 2889 2219 2968 imparem
2251 2911 2349 2953 me
2383 2890 2537 2953 satis
2567 2909 2670 2970 ag-

273 3005 537 3060 noscam,
569 2987 802 3065 aliquid
836 2994 1041 3049 tamen
1066 2987 1131 3048 in
1160 3007 1231 3049 eo
1253 3007 1474 3066 genere
1504 2994 1832 3067 tentarem,
1868 2987 2155 3049 studiosae
2186 2994 2251 3050 et
2285 2987 2475 3050 sacris
2504 2987 2672 3049 initi-

274 3091 393 3144 atae
406 3082 449 3143 J
454 3084 738 3146 uventuti
763 3084 826 3145 in
854 3083 1114 3147 Munere
1138 3104 1310 3150 sacro
1327 3085 1478 3146 mihi
1504 3084 1823 3146 commisso
1845 3084 2324 3163 gratificaturus.
2382 3085 2674 3160 Quamvis

273 3200 422 3244 vero
441 3181 556 3242 hoc
588 3181 875 3260 quicquid
900 3189 997 3244 est
1023 3181 1272 3256 laboris,
1298 3181 1652 3244 Academiae
1677 3188 1902 3242 nostrae
1938 3181 2198 3242 alumnis
2221 3181 2509 3259 privatim
2536 3189 2673 3241 tan-

272 3286 407 3340 tum
439 3278 858 3354 destinassem,
895 3299 1004 3343 nec
1041 3280 1116 3343 de
1149 3300 1222 3342 eo
1252 3278 1593 3357 evulgando
1625 3276 1924 3356 cogitatio
1954 3277 2078 3338 ulla
2110 3285 2376 3340 mentem
2410 3276 2672 3350 subiret;

274 3375 337 3437 N
339 3397 418 3438 on
455 3375 706 3455 ignarus
739 3397 922 3454 quam
954 3378 1310 3456 periculosae
1336 3376 1419 3437 sit
1445 3373 1694 3455 plenum
1717 3395 1872 3454 opus
1897 3374 2067 3455 aleae,
2095 3374 2341 3454 publico
2364 3374 2675 3438 hominum

261 3473 501 3550 judicio
525 3474 711 3536 rudes
737 3483 802 3537 et
825 3475 1159 3554 indigestas
1195 3474 1649 3537 lucubrationes
1676 3492 2010 3551 exponere3
2066 3473 2184 3535 hoc
2211 3472 2553 3552 praesertim
2579 3492 2673 3535 se-

269 3570 429 3651 culo,
458 3578 531 3631 ut
557 3571 994 3646 oculatissimO,
1025 3573 1114 3634 ita
1134 3592 1429 3651 perquam
1447 3570 1788 3642 fastidioso,
1824 3570 1922 3632 eui
1952 3571 2056 3632 vix
2081 3570 2405 3649 quicquam
2441 3570 2677 3633 arridet

270 3668 436 3746 quod
471 3667 767 3731 novitatis
799 3670 1001 3748 gratia
1035 3691 1099 3732 se
1130 3691 1253 3732 uon
1288 3668 1698 3731 commendet:
1748 3666 1972 3730 Victus
1993 3676 2200 3730 tamen
2227 3669 2470 3731 iteratis
2495 3669 2673 3730 Ami-

268 3785 482 3832 corum
515 3766 989 3841 hortationibuS,
1019 3767 1293 3846 ipsorum
1318 3765 1640 3828 desideriis
1664 3785 1891 3828 morem
1919 3786 2155 3846 gerere,
2187 3766 2375 3829 etiam
2398 3786 2532 3829 cum
2560 3766 2679 3826 ali-

268 3882 391 3941 quo
426 3865 606 3925 famae
639 3864 979 3942 dispendio,
1016 3886 1137 3929 non
1170 3862 1468 3926 recusavi.
1505 3863 1658 3925 Cum
1689 3883 1834 3925 vero
1869 3862 2069 3941 prima
2091 3863 2316 3942 Operis
2339 3863 2511 3937 ParS,
2540 3883 2674 3940 quae

266 3969 414 4023 ante
452 3960 768 4023 biennium
802 3960 1056 4042 prodiit,
1088 3961 1394 4024 faventius
1429 3961 1608 4040 longe
1645 3980 1831 4038 supra
1863 3961 2352 4038 expectationem
2396 3979 2586 4020 meam
2611 3966 2677 4020 et

267 4059 559 4120 meritum
594 4078 769 4120 suum
816 4068 1001 4121 nacta
1031 4060 1115 4122 sit
1166 4059 1498 4122 Lectorum
1539 4057 1881 4136 judicium;
1954 4065 2020 4119 et
2053 4078 2090 4118 a
2125 4057 2408 4136 pluribus
2458 4061 2677 4133 coeptae

266 4155 625 4234 scriptionis
675 4155 1060 4219 continuatio
1111 4156 1336 4220 exinde
1367 4176 1407 4218 a
1437 4175 1535 4217 me
1568 4155 1791 4233 saepius
1826 4154 1909 4216 sit
1954 4155 2310 4234 efflagitata,
2364 4162 2430 4215 et
2480 4152 2674 4226 avide,

264 4262 337 4313 ιιι
373 4252 464 4314 illi
501 4252 692 4315 nimio
720 4254 932 4331 procul
970 4254 1160 4317 dubio
1181 4254 1244 4315 in
1270 4273 1370 4315 me
1404 4254 1631 4315 affectu
1664 4251 2020 4330 loquuntur,
2048 4259 2449 4330 expectetur3
2482 4250 2674 4310 haud-

265 4341 573 4428 quaquam
603 4350 1107 4414 committendum
1143 4350 1315 4428 duxi,
1365 4356 1438 4412 ut
1469 4349 1736 4428 aliquam
1771 4349 1846 4411 de
1880 4369 1978 4411 me
2006 4346 2411 4428 conquerendi
2465 4366 2675 4409 ansam

263 4443 607 4521 haberent3
658 4448 768 4511 sed
822 4448 890 4512 id
939 4449 1180 4511 demum
1234 4448 1466 4528 studui,
1516 4453 1589 4508 ut
1638 4447 1690 4507 si
1739 4468 1860 4508 non
1901 4467 2140 4526 possem
2192 4445 2355 4508 votis
2399 4444 2674 4524 ipsorum

265 4541 447 4619 plene
482 4546 859 4620 satisfacere,
903 4553 1213 4625 uteunque
1244 4545 1461 4608 saltem
1494 4546 1769 4607 honestae
1804 4545 2072 4623 ipsorum
2104 4542 2392 4622 petitioni
2424 4563 2676 4623 respon-

264 4638 413 4704 dere
439 4662 717 4707 conarer.
