3221 5200
271 388 493 437 eum-sn
528 368 661 451 xx.]
1258 389 1337 431 nr.
1368 391 1519 432 ason
1549 389 1671 431 vm.
2572 383 2684 441 115

270 528 494 588 ciosum
522 538 715 608 potest
756 527 898 605 dari,
931 532 1088 610 quod
1130 551 1245 590 non
1288 533 1364 592 sit
1405 532 1787 592 inofficiosum
1828 532 2147 610 mentienti,
2178 535 2391 613 quippe
2433 539 2589 614 quod
2632 547 2692 600 et

273 609 644 669 intrinsecam
673 610 970 669 formalem
998 615 1210 683 ἀταξιὶιυ
1236 613 1426 687 habet,
1459 622 1517 672 et
1545 613 1975 671 difformitatem
2005 634 2040 671 a
2066 623 2271 673 natura
2298 625 2358 674 et
2386 617 2545 695 Lege
2577 619 2690 679 Dei

272 689 538 749 alienam.
614 690 784 765 Quod
811 711 951 750 vero
979 712 1081 768 per
1110 713 1171 750 se
1201 701 1258 751 et
1287 692 1593 752 intrinsece
1622 693 1858 768 malum,
1889 692 1951 751 id
1979 694 2196 753 nullius
2222 695 2355 754 finis
2383 697 2556 756 etiam
2586 717 2687 777 op-

272 769 400 826 timi
429 770 886 830 consideratione
915 771 1131 830 bonum
1160 772 1325 830 reddi
1353 781 1579 849 potest:
1609 772 1764 831 bona
1791 773 1944 830 enim
1972 773 2120 832 bene
2149 784 2285 833 sunt
2306 779 2684 855 procuranda,

272 857 333 906 et
361 848 493 908 finis
532 850 719 909 bonus
747 851 1092 928 quaerendus
1134 851 1303 910 bonis
1344 852 1568 928 mediis,
1614 871 1722 911 nec
1763 853 1900 912 ullae
1942 853 2388 914 circumstantiae
2430 867 2688 918 externae

269 938 514 1004 possunt
542 939 764 988 mutare
794 950 914 989 rem
941 950 1045 1008 per
1073 951 1133 989 se
1161 932 1390 991 malam.

355 1007 466 1067 VI.
512 1012 567 1068 3.
613 1010 763 1083 Quia
805 1010 853 1067 si
894 1010 1280 1088 perniciosum
1321 1010 1683 1070 mendacium
1725 1018 1949 1071 tantum
1994 1019 2149 1071 esset
2194 1022 2512 1091 peccatum,
2560 1017 2689 1094 ejus

269 1090 450 1162 ἀνομία
477 1097 769 1165 peteretur
795 1098 1018 1149 tantum
1048 1110 1083 1149 a
1109 1089 1223 1149 fine
1247 1112 1261 1166 3
1306 1091 1463 1169 quod
1490 1090 1717 1166 falsum,
1750 1091 1887 1168 quia
1923 1089 1984 1149 in
2012 1091 2140 1168 ipsa
2179 1094 2465 1152 mendacii
2493 1095 2684 1155 desor-

271 1168 472 1228 mitate
501 1177 557 1227 et
579 1168 785 1246 ἐταξιξι,
819 1189 1024 1247 nempe
1052 1169 1113 1226 in
1142 1170 1393 1230 divortio
1420 1171 1631 1229 mentis
1660 1179 1719 1228 et
1745 1171 1977 1247 linguas,
2009 1190 2138 1247 quae
2167 1173 2376 1232 mentis
2404 1173 2523 1233 inte
2593 1195 2687 1236 res

270 1266 401 1306 esse
430 1247 619 1323 debet,
651 1249 914 1308 consistit
944 1249 1072 1326 ejus
1098 1251 1295 1326 ἀνομίαι.
1355 1254 1411 1309 4.
1460 1249 1524 1308 Si
1552 1249 1915 1308 mendacium
1943 1258 2141 1326 posset
2167 1252 2461 1312 honestari
2488 1275 2524 1312 a
2591 1276 2683 1334 ne,

270 1327 540 1385 nimirum
570 1328 886 1388 intentione
907 1329 1156 1405 juvandi
1185 1330 1529 1407 proximum,
1559 1329 1646 1388 sic
1686 1336 1747 1388 et
1774 1330 1927 1388 furta
1965 1339 2202 1407 possent
2234 1332 2528 1393 honestari
2555 1356 2686 1413 quae

269 1415 467 1465 essent
508 1408 777 1482 officiosa,
822 1428 1001 1485 quum
1042 1409 1252 1486 aliquis
1294 1410 1472 1468 vellet
1511 1428 1588 1468 ex
1630 1406 1784 1468 furto
1825 1409 2091 1487 proximo
2125 1410 2480 1488 benefacere,
2525 1415 2686 1491 quod

271 1493 465 1544 tamen
507 1506 678 1546 nemo
716 1487 946 1563 dixerit,
978 1488 1114 1564 quia
1156 1489 1358 1566 regula
1387 1488 1660 1567 Apostoli
1686 1488 1782 1547 hic
1823 1489 2084 1549 obtinere
2112 1489 2303 1568 debet,
2338 1494 2375 1526 ‘⁴
2402 1512 2520 1552 non
2550 1503 2686 1554 sunt

270 1565 535 1624 facienda
562 1567 732 1643 mala,
765 1575 829 1625 ut
857 1567 1127 1626 eveniant
1154 1568 1365 1643 bona,''
1399 1570 1567 1627 Rom.
1599 1569 1681 1628 iii.
1712 1569 1769 1627 8.

355 1644 501 1704 VII.
547 1648 602 1705 5.
648 1646 1017 1723 Augustinus
1043 1648 1261 1724 passim
1289 1648 1398 1707 hoc
1428 1648 1710 1707 inculcat:
1759 1647 1993 1723 Euchir,
2025 1668 2076 1707 c.
2106 1648 2272 1708 xviii.
2305 1652 2342 1684 “
2373 1651 2684 1712 Peccatum

271 1733 363 1783 est
392 1744 558 1784 omne
589 1725 970 1802 mendacium,
999 1727 1271 1804 quamvis
1311 1748 1427 1786 non
1456 1737 1682 1787 tantum
1711 1736 1926 1806 peccet,
1956 1727 2059 1804 qui
2098 1728 2457 1805 consulendi,
2502 1751 2683 1807 quan-

272 1812 398 1863 tum
427 1805 476 1865 is
505 1806 606 1882 qui
647 1805 896 1864 nocendi
922 1806 1222 1889 voluntate
1252 1808 1528 1867 mentitur
1546 1809 1603 1883 3¹¹
1648 1808 1806 1884 quod
1832 1807 2057 1884 repetit,
2087 1826 2214 1885 cap.
2245 1809 2391 1867 xxii.
2436 1809 2530 1868 Ita
2557 1831 2683 1889 cap.

273 1903 376 1943 xv.
421 1886 636 1944 Contra
664 1886 922 1946 menda.:
955 1889 992 1919 ‘⁴
1010 1886 1201 1945 dicere
1231 1887 1426 1964 aliqua
1451 1887 1755 1946 mendacia
1779 1906 1908 1946 esse
1941 1888 2119 1964 justa,
2148 1896 2240 1947 est
2268 1887 2460 1947 dicere
2490 1890 2687 1967 aliqua

273 1984 403 2023 esse
439 1965 602 2043 justa
627 1974 880 2044 peccata,
912 1973 972 2025 et
1084 1987 1112 2024 r
1140 1967 1250 2025 hoc
1279 1967 1473 2044 aliqua
1506 1967 1670 2045 justa
1696 1986 1824 2025 esse
1852 1985 1984 2043 quae
2011 1967 2230 2044 injusta
2268 1977 2403 2028 sunt
2426 1969 2482 2044 ;''
2527 1970 2686 2047 quod

273 2046 583 2120 exequitur
601 2045 788 2104 fusius
807 2044 972 2104 libris
993 1987 1221 2105 dpfobus
1242 2048 1335 2105 De
1356 2048 1647 2105 mendacio
1664 2055 1718 2105 et
1742 2046 1961 2106 Contra
1980 2048 2352 2106 mendacium.
2435 2048 2683 2126 Gregor.

275 2123 483 2184 Moral.
513 2125 552 2182 l.
582 2125 747 2183 xviii.
779 2145 902 2202 cap.
934 2130 1006 2185 4:
1053 2129 1090 2160 ‘⁴
1120 2126 1302 2185 Omne
1331 2127 1694 2185 mendacium
1725 2126 1999 2202 iniquitas
2015 2135 2122 2201 est,
2142 2128 2281 2203 quia
2308 2128 2383 2185 ab
2412 2129 2683 2204 nequitate

272 2203 579 2282 discrepat,
609 2205 743 2282 quic
784 2203 886 2263 nid
915 2225 950 2263 a
977 2206 1219 2265 veritate
1250 2206 1558 2265 discordat.
1605 2207 1728 2264 Nec
1750 2207 1872 2264 vita
1900 2206 2211 2283 cujuslibet
2236 2226 2342 2283 per
2367 2207 2685 2304 mentiendi

270 2282 560 2421 fallaciam
581 2284 749 2344 defen
827 2294 937 2360 tur,
962 2305 1035 2344 ne
1054 2306 1172 2344 suae
1191 2286 1397 2344 animae
1424 2293 1647 2362 noceat,
1672 2285 1773 2363 qui
1793 2293 2065 2363 praestare
2085 2285 2290 2345 nititur
2314 2285 2497 2345 vitam
2526 2307 2686 2346 carm

358 2382 500 2422 enae.

332 2505 517 2553 Fontes
553 2508 685 2555 Solu·

418 2566 617 2614 tionem.

877 2443 1059 2503 VIII.
1105 2443 1384 2519 Quamvis
1416 2445 1577 2503 Deus
1603 2442 1970 2503 benedixerit
2011 2443 2419 2504 obstetricibus
2450 2446 2682 2524 AEgyp⁴

792 2523 906 2599 tiis,
929 2544 1057 2600 quaa
1085 2525 1342 2583 mentitae
1372 2533 1506 2583 sunt
1537 2524 1844 2600 Pharaoni,
1877 2521 2068 2582 Exod.
2098 2524 2156 2598 i.‚
2187 2541 2306 2583 non
2333 2524 2465 2584 ideo
2493 2546 2682 2586 remu-

794 2612 1028 2664 neratus
1056 2613 1144 2663 est
1166 2604 1528 2664 mendacium
1557 2605 1828 2684 ipsarum,
1854 2600 1957 2664 sed
1983 2605 2257 2682 pietatem
2283 2613 2344 2664 et
2362 2606 2684 2666 misericor·

270 2678 428 2738 diam
458 2701 599 2758 erga
626 2680 890 2758 infantes,
921 2684 1078 2762 quod
1104 2685 1411 2745 maluerint
1440 2705 1501 2744 se
1543 2704 1832 2763 exponere
1860 2684 2248 2761 indignationi
2277 2686 2476 2763 Regis,
2510 2704 2685 2763 quam

271 2761 403 2836 ejus
431 2760 649 2819 crudeli
678 2763 950 2822 mandato
979 2764 1240 2841 obsequi.
1324 2768 1364 2799 ‘⁴
1393 2764 1445 2823 N
1451 2785 1527 2823 on
1553 2774 1646 2824 est
1686 2766 1747 2823 in
1773 2765 1859 2824 eis
1899 2774 2263 2824 remunerata
2288 2765 2534 2841 fallacia,
2581 2767 2686 2826 sed

270 2839 704 2917 benevolentia;
734 2842 1065 2920 benignitas
1093 2845 1320 2921 mentis,
1350 2864 1468 2904 non
1497 2844 1771 2922 iniquitas
1800 2846 2189 2920 mentientis,''
2219 2852 2285 2903 ut
2313 2845 2395 2905 ait
2424 2846 2683 2923 August.

271 2919 346 2978 de
371 2920 605 2979 Menda.
631 2941 680 2979 c.
705 2942 805 2981 xv.
840 2924 971 2981 Duo
1000 2924 1154 2982 enim
1181 2925 1277 2983 hic
1306 2933 1470 2983 actus
1498 2924 1895 3001 distinguendi
1917 2924 2176 2998 veniunt,
2206 2924 2374 2999 alius,
2398 2945 2515 3002 quo
2545 2926 2683 2984 obe-

269 2999 547 3058 dientiam
577 3000 766 3060 edicto
795 3003 1096 3081 tyrannico
1126 3004 1309 3082 Regis
1351 3004 1761 3078 detrectarunt,
1791 3004 1891 3080 qui
1918 3005 2188 3080 provenit
2214 3023 2289 3061 ex
2314 3005 2521 3063 timore
2552 3005 2684 3081 Dei,

268 3087 331 3138 et
360 3080 811 3154 commendatur,
840 3083 988 3142 alius
1029 3083 1332 3158 mendacii,
1363 3100 1480 3161 quo
1519 3103 1580 3141 se
1622 3090 1976 3141 excusarunt
2016 3090 2076 3140 et
2102 3082 2357 3141 mentitae
2399 3091 2551 3157 sunt,
2584 3084 2686 3160 qui

270 3161 540 3236 provenit
567 3162 761 3237 potius
789 3183 863 3221 ex
891 3162 1364 3240 pusillanimitate
1393 3172 1451 3220 et
1478 3172 1637 3220 metu
1666 3162 1863 3220 servili
1894 3160 2075 3238 Regis
2103 3180 2277 3238 quam
2305 3162 2511 3220 timore
2546 3161 2682 3238 Dei,

271 3239 376 3315 qui
404 3239 514 3299 fuit
540 3241 989 3317 peccaminosus.
1065 3242 1225 3301 Deus
1253 3261 1392 3319 ergo
1419 3261 1536 3318 qua
1563 3240 1673 3300 fuit
1699 3238 2075 3317 benignitate,
2106 3248 2296 3298 actum
2400 3241 2686 3300 ccamino·

271 3339 402 3377 sum
449 3320 847 3396 condonando,
888 3331 1081 3381 actum
1122 3322 1339 3381 bonum
1386 3320 1738 3380 remunerari
1780 3319 1987 3395 voluit,
2035 3327 2102 3378 ut
2137 3328 2303 3379 osten
2347 3329 2469 3380 eret
2511 3339 2687 3397 quam

273 3407 444 3475 grata
472 3400 557 3457 illi
586 3400 757 3459 fuerit
784 3402 969 3478 pietas
997 3402 1252 3480 ipsarum
1280 3410 1340 3459 et
1365 3399 1777 3474 misericordia,
1809 3400 1946 3459 licet
1973 3398 2155 3458 naevis
2195 3400 2315 3459 suis
2342 3419 2459 3458 non
2487 3419 2686 3459 carue·

272 3480 368 3538 rit.
414 3479 617 3539 Potest
645 3480 818 3538 etiam
847 3481 963 3539 dici
997 3502 1128 3541 cum
1157 3480 1522 3558 quibusdam,
1555 3481 1697 3539 istas
1725 3480 2065 3539 obstetrices
2092 3499 2211 3538 non
2238 3500 2366 3540 esse
2393 3482 2684 3558 mentitas,

271 3559 412 3636 quia
441 3579 642 3618 verum
686 3579 811 3619 esse
853 3562 1042 3638 potuit
1082 3561 1238 3637 quod
1279 3561 1497 3636 dicunt,
1530 3561 1814 3619 Hebraeas
1842 3559 2112 3620 mulieres
2140 3560 2318 3620 fuisse
2356 3561 2586 3621 vividas
2628 3569 2689 3621 et

273 3647 533 3716 vegetas,
566 3647 625 3698 et
652 3659 852 3716 parere
881 3650 1189 3718 antequam
1217 3637 1292 3699 ad
1319 3659 1417 3700 eas
1445 3641 1711 3700 venirent
1739 3639 2095 3700 obstetrices.

358 3718 479 3776 IX.
525 3718 814 3796 Quicquid
841 3741 876 3778 a
896 3721 1058 3779 Viris
1088 3721 1302 3780 sanctis
1330 3720 1544 3780 factum
1572 3720 1803 3798 legitur,
1833 3739 1952 3779 non
1981 3720 2177 3779 statim
2206 3719 2282 3778 ad
2309 3719 2688 3779 imitationem

272 3798 621 3857 trahendum
649 3800 815 3876 quasi
856 3800 1097 3876 licitum,
1129 3801 1267 3878 quia
1307 3800 1574 3878 quamvis
1618 3802 1801 3860 sancti
1831 3799 2059 3874 fuerint,
2090 3808 2317 3858 constat
2354 3808 2548 3857 tamen
2588 3818 2689 3857 eos

273 3897 392 3935 non
421 3878 643 3937 vixisse
685 3879 902 3957 absque
944 3888 1197 3956 peccato.
1284 3881 1442 3939 Hinc
1482 3900 1589 3939 nec
1631 3879 1993 3939 mendacium
2022 3880 2065 3938 J
2069 3878 2251 3951 acobi,
2282 3897 2390 3935 nec
2431 3877 2688 3935 Rahabae

273 3957 611 4033 meretriciS,
641 3967 834 4035 potest
860 3960 1100 4020 reddere
1129 3958 1493 4019 mendacium
1519 3960 1783 4035 licitum3
1830 3960 1953 4018 Nec
1983 3958 2033 4016 si
2064 3959 2224 4016 Deus
2252 3955 2554 4014 benedixit
2580 3957 2688 4015 Ja-

273 4038 423 4095 cobo
451 4039 771 4114 mentienti,
804 4040 1017 4099 Genes.
1049 4040 1234 4099 xxvii.
1265 4043 1362 4116 20,
1405 4040 1665 4119 sequitur
1699 4037 2065 4097 mendacium
2096 4036 2226 4114 ejus
2263 4034 2442 4093 fuisse
2482 4035 2688 4112 proba-

272 4125 418 4192 tum,
450 4118 590 4195 quia
627 4118 955 4178 benedictio
998 4128 1197 4179 secuta
1236 4129 1327 4179 est
1365 4119 1557 4193 fidem,
1603 4134 1778 4195 quam
1819 4116 2088 4195 praestitit
2116 4115 2314 4175 Verbo
2360 4114 2487 4189 Dei,
2532 4112 2693 4207 quod

271 4198 462 4274 major
483 4198 802 4257 serviturus
831 4207 985 4258 esset
1010 4197 1236 4275 minori,
1268 4200 1418 4259 Gen.
1448 4219 1592 4257 xxv.
1624 4202 1720 4272 23,
1751 4217 1868 4255 non
1895 4214 2035 4254 vero
2063 4195 2200 4253 data
2226 4203 2317 4253 est
2342 4201 2576 4270 propter
2602 4212 2690 4251 vl·

274 4276 423 4335 tium
452 4283 512 4335 et
538 4297 770 4336 naevum
799 4278 932 4338 fidei
965 4278 1372 4338 adhaerentem.
1458 4280 1581 4337 Nec
1606 4276 1746 4335 fidei
1772 4276 2047 4335 tribuitur
2082 4274 2156 4332 ab
2194 4273 2500 4351 Apostolo,
2534 4272 2691 4332 Heb.

276 4356 359 4414 xi.
391 4359 487 4431 31,
518 4357 882 4417 mendacium
915 4358 1188 4434 Rahabae,
1222 4358 1324 4417 sed
1374 4356 1529 4418 actui
1555 4356 1815 4416 benefico
1853 4363 1913 4415 et
1939 4355 2200 4429 honesto,
2231 4372 2348 4430 quo
2377 4350 2608 4430 excepit
2633 4359 2695 4413 et

276 4438 649 4497 conservavit
677 4439 1091 4516 exploratores,
1123 4439 1261 4497 licet
1288 4436 1500 4498 vitioso
1527 4435 1720 4495 medio
1747 4455 1854 4495 usa
1882 4434 1959 4494 sit
1996 4432 2071 4491 ad
2099 4453 2199 4492 eos
2227 4431 2690 4508 conservandos3

276 4514 624 4575 beneficium
653 4538 794 4595 ergo
823 4517 981 4596 quod
1009 4538 1043 4577 a
1074 4519 1200 4577 Deo
1229 4525 1538 4577 consecuta
1565 4525 1672 4591 est,
1703 4535 1820 4574 non
1847 4515 1959 4574 fuit
1998 4530 2219 4572 merces
2252 4511 2557 4588 mendacii,
2590 4512 2695 4572 sed

274 4595 493 4654 amoris
522 4617 661 4674 erga
709 4598 985 4676 populum
1019 4599 1131 4657 Dei
1173 4608 1231 4657 et
1257 4598 1394 4657 fidei
1435 4618 1576 4675 erga
1615 4597 1878 4656 homines
1907 4613 2053 4673 quos
2086 4592 2339 4671 hospitio
2368 4600 2692 4670 exceperat.

275 4674 373 4733 Ita
404 4675 466 4733 in
506 4676 792 4738 similibus
820 4678 990 4738 factis
1017 4678 1429 4760 distinguenda
1457 4697 1683 4760 semper
1715 4676 1903 4737 Virtus
1940 4673 2189 4751 actionis,
2220 4695 2260 4734 a
2290 4673 2423 4735 vitio
2458 4682 2514 4733 et
2538 4691 2693 4732 naevo
