<?xml version="1.0" encoding="UTF-8"?>
<!DOCTYPE html PUBLIC "-//W3C//DTD XHTML 1.0 Transitional//EN"
    "http://www.w3.org/TR/xhtml1/DTD/xhtml1-transitional.dtd">
<html xmlns="http://www.w3.org/1999/xhtml" xml:lang="en" lang="en">
 <head>
  <title>
</title>
<meta http-equiv="Content-Type" content="text/html;charset=utf-8" />
  <meta name='ocr-system' content='tesseract 3.04.00' />
  <meta name='ocr-capabilities' content='ocr_page ocr_carea ocr_par ocr_line ocrx_word'/>
</head>
<body>
  <div class='ocr_page' id='page_1' title='image "./institutiotheol01turrgoog_0430.png"; bbox 0 0 3221 5200; ppageno 0'>
   <div class='ocr_carea' id='block_1_1' title="bbox 340 326 2833 409">
    <p class='ocr_par' dir='ltr' id='par_1_1' title="bbox 340 326 2833 409">
     <span class='ocr_line' id='line_1_1' title="bbox 340 326 2833 409; baseline 0.001 -21"><span class='ocrx_word' id='word_1_1' title='bbox 340 356 351 361; x_wconf 93' lang='lat'>·</span> <span class='ocrx_word' id='word_1_2' title='bbox 420 333 537 388; x_wconf 77' lang='lat'><strong>402</strong></span> <span class='ocrx_word' id='word_1_3' title='bbox 1224 350 1405 390; x_wconf 74' lang='lat' dir='ltr'><strong>Locus</strong></span> <span class='ocrx_word' id='word_1_4' title='bbox 1435 350 1693 389; x_wconf 60' lang='lat' dir='ltr'><strong>macutes</strong></span> <span class='ocrx_word' id='word_1_5' title='bbox 1724 350 2011 397; x_wconf 69' lang='lat' dir='ltr'><strong>omarus,</strong></span> <span class='ocrx_word' id='word_1_6' title='bbox 2425 326 2673 409; x_wconf 71' lang='lat' dir='ltr'><strong>[QUAEs&#39;r.</strong></span> <span class='ocrx_word' id='word_1_7' title='bbox 2707 350 2833 389; x_wconf 76' lang='lat' dir='ltr'><strong>xiv.</strong></span> 
     </span>
    </p>
   </div>
   <div class='ocr_carea' id='block_1_2' title="bbox 424 488 2870 4720">
    <p class='ocr_par' dir='ltr' id='par_1_2' title="bbox 428 488 2835 567">
     <span class='ocr_line' id='line_1_2' title="bbox 428 488 2835 567; baseline 0 -18"><span class='ocrx_word' id='word_1_8' title='bbox 428 490 791 549; x_wconf 84' lang='lat' dir='ltr'><strong>Servatorem</strong></span> <span class='ocrx_word' id='word_1_9' title='bbox 816 511 830 565; x_wconf 89' lang='lat'>;</span> <span class='ocrx_word' id='word_1_10' title='bbox 878 489 1005 548; x_wconf 92' lang='lat' dir='ltr'><strong>Imo</strong></span> <span class='ocrx_word' id='word_1_11' title='bbox 1025 488 1262 566; x_wconf 75' lang='lat' dir='ltr'><strong>praecise</strong></span> <span class='ocrx_word' id='word_1_12' title='bbox 1290 510 1407 549; x_wconf 93' lang='lat' dir='ltr'><strong>non</strong></span> <span class='ocrx_word' id='word_1_13' title='bbox 1434 500 1553 551; x_wconf 87' lang='lat' dir='ltr'><strong>tam</strong></span> <span class='ocrx_word' id='word_1_14' title='bbox 1581 491 1826 550; x_wconf 90' lang='lat' dir='ltr'><strong>salutem</strong></span> <span class='ocrx_word' id='word_1_15' title='bbox 1855 491 1915 547; x_wconf 91' lang='lat' dir='ltr'><strong>in</strong></span> <span class='ocrx_word' id='word_1_16' title='bbox 1933 510 2003 550; x_wconf 89' lang='lat' dir='ltr'><strong>eo</strong></span> <span class='ocrx_word' id='word_1_17' title='bbox 2029 489 2364 564; x_wconf 79' lang='lat' dir='ltr'>intendisse,</span> <span class='ocrx_word' id='word_1_18' title='bbox 2386 509 2561 567; x_wconf 90' lang='lat' dir='ltr'><strong>quam</strong></span> <span class='ocrx_word' id='word_1_19' title='bbox 2589 490 2835 567; x_wconf 88' lang='lat' dir='ltr'><strong>possibi-</strong></span> 
     </span>
    </p>

    <p class='ocr_par' dir='ltr' id='par_1_3' title="bbox 424 569 2841 649">
     <span class='ocr_line' id='line_1_3' title="bbox 424 569 2841 649; baseline 0.001 -21"><span class='ocrx_word' id='word_1_20' title='bbox 424 571 646 629; x_wconf 79' lang='lat' dir='ltr'><strong>litatem</strong></span> <span class='ocrx_word' id='word_1_21' title='bbox 677 570 896 644; x_wconf 77' lang='lat' dir='ltr'><strong>salutiS,</strong></span> <span class='ocrx_word' id='word_1_22' title='bbox 929 570 1150 629; x_wconf 90' lang='lat' dir='ltr'><strong>scilicet</strong></span> <span class='ocrx_word' id='word_1_23' title='bbox 1177 571 1551 630; x_wconf 82' lang='lat' dir='ltr'><strong>remotionem</strong></span> <span class='ocrx_word' id='word_1_24' title='bbox 1601 571 2012 649; x_wconf 81' lang='lat' dir='ltr'><strong>impedimenti,</strong></span> <span class='ocrx_word' id='word_1_25' title='bbox 2065 569 2221 647; x_wconf 89' lang='lat' dir='ltr'><strong>quod</strong></span> <span class='ocrx_word' id='word_1_26' title='bbox 2254 570 2485 647; x_wconf 87' lang='lat' dir='ltr'><strong>justitia</strong></span> <span class='ocrx_word' id='word_1_27' title='bbox 2513 572 2841 648; x_wconf 89' lang='lat' dir='ltr'><strong>apponebat</strong></span> 
     </span>
    </p>

    <p class='ocr_par' dir='ltr' id='par_1_4' title="bbox 424 649 2843 729">
     <span class='ocr_line' id='line_1_4' title="bbox 424 649 2843 729; baseline 0.001 -22"><span class='ocrx_word' id='word_1_28' title='bbox 424 650 680 728; x_wconf 90' lang='lat' dir='ltr'><strong>ipsorum</strong></span> <span class='ocrx_word' id='word_1_29' title='bbox 726 649 914 725; x_wconf 88' lang='lat' dir='ltr'><strong>saluti,</strong></span> <span class='ocrx_word' id='word_1_30' title='bbox 963 670 1066 727; x_wconf 90' lang='lat' dir='ltr'><strong>per</strong></span> <span class='ocrx_word' id='word_1_31' title='bbox 1107 650 1556 710; x_wconf 79' lang='lat' dir='ltr'><strong>satisfactionem</strong></span> <span class='ocrx_word' id='word_1_32' title='bbox 1605 651 1689 710; x_wconf 89' lang='lat' dir='ltr'><strong>illi</strong></span> <span class='ocrx_word' id='word_1_33' title='bbox 1731 652 2063 729; x_wconf 77' lang='lat' dir='ltr'><strong>praestitam,</strong></span> <span class='ocrx_word' id='word_1_34' title='bbox 2098 652 2263 729; x_wconf 88' lang='lat' dir='ltr'><strong>cujus</strong></span> <span class='ocrx_word' id='word_1_35' title='bbox 2291 650 2624 709; x_wconf 86' lang='lat' dir='ltr'><strong>interventu</strong></span> <span class='ocrx_word' id='word_1_36' title='bbox 2658 652 2843 729; x_wconf 87' lang='lat' dir='ltr'><strong>janua</strong></span> 
     </span>
    </p>

    <p class='ocr_par' dir='ltr' id='par_1_5' title="bbox 425 729 2844 808">
     <span class='ocr_line' id='line_1_5' title="bbox 425 729 2844 808; baseline 0 -19"><span class='ocrx_word' id='word_1_37' title='bbox 425 730 630 789; x_wconf 86' lang='lat' dir='ltr'><strong>salutis</strong></span> <span class='ocrx_word' id='word_1_38' title='bbox 678 729 819 807; x_wconf 90' lang='lat' dir='ltr'><strong>ipsis</strong></span> <span class='ocrx_word' id='word_1_39' title='bbox 868 740 1066 808; x_wconf 88' lang='lat' dir='ltr'><strong>aperta</strong></span> <span class='ocrx_word' id='word_1_40' title='bbox 1115 730 1206 805; x_wconf 87' lang='lat' dir='ltr'><strong>sit,</strong></span> <span class='ocrx_word' id='word_1_41' title='bbox 1252 740 1317 789; x_wconf 87' lang='lat' dir='ltr'><strong>ut-</strong></span> <span class='ocrx_word' id='word_1_42' title='bbox 1348 733 1508 790; x_wconf 89' lang='lat' dir='ltr'><strong>Deus</strong></span> <span class='ocrx_word' id='word_1_43' title='bbox 1551 732 1814 808; x_wconf 87' lang='lat' dir='ltr'><strong>placatus</strong></span> <span class='ocrx_word' id='word_1_44' title='bbox 1841 730 2024 808; x_wconf 82' lang='lat' dir='ltr'><strong>possit</strong></span> <span class='ocrx_word' id='word_1_45' title='bbox 2051 750 2267 788; x_wconf 88' lang='lat' dir='ltr'><strong>novum</strong></span> <span class='ocrx_word' id='word_1_46' title='bbox 2299 730 2520 789; x_wconf 86' lang='lat' dir='ltr'><strong>Foedus</strong></span> <span class='ocrx_word' id='word_1_47' title='bbox 2547 752 2678 790; x_wconf 88' lang='lat' dir='ltr'><strong>cum</strong></span> <span class='ocrx_word' id='word_1_48' title='bbox 2723 731 2844 789; x_wconf 83' lang='lat' dir='ltr'><strong>illis</strong></span> 
     </span>
    </p>

    <p class='ocr_par' dir='ltr' id='par_1_6' title="bbox 425 810 2841 889">
     <span class='ocr_line' id='line_1_6' title="bbox 425 810 2841 889; baseline 0 -21"><span class='ocrx_word' id='word_1_49' title='bbox 425 811 639 887; x_wconf 88' lang='lat' dir='ltr'><strong>pacisci</strong></span> <span class='ocrx_word' id='word_1_50' title='bbox 668 830 786 868; x_wconf 88' lang='lat' dir='ltr'><strong>non</strong></span> <span class='ocrx_word' id='word_1_51' title='bbox 814 811 1079 869; x_wconf 88' lang='lat' dir='ltr'><strong>obstante</strong></span> <span class='ocrx_word' id='word_1_52' title='bbox 1115 810 1360 888; x_wconf 88' lang='lat' dir='ltr'><strong>justitia,</strong></span> <span class='ocrx_word' id='word_1_53' title='bbox 1393 822 1452 870; x_wconf 89' lang='lat' dir='ltr'><strong>et</strong></span> <span class='ocrx_word' id='word_1_54' title='bbox 1479 811 1551 870; x_wconf 88' lang='lat' dir='ltr'><strong>de</strong></span> <span class='ocrx_word' id='word_1_55' title='bbox 1580 811 1773 869; x_wconf 89' lang='lat' dir='ltr'><strong>danda</strong></span> <span class='ocrx_word' id='word_1_56' title='bbox 1800 811 1941 889; x_wconf 89' lang='lat' dir='ltr'><strong>ipsis</strong></span> <span class='ocrx_word' id='word_1_57' title='bbox 1993 811 2178 869; x_wconf 89' lang='lat' dir='ltr'><strong>salute</strong></span> <span class='ocrx_word' id='word_1_58' title='bbox 2206 810 2481 887; x_wconf 87' lang='lat' dir='ltr'><strong>cogitare.</strong></span> <span class='ocrx_word' id='word_1_59' title='bbox 2567 810 2638 868; x_wconf 95' lang='lat' dir='ltr'><strong>In</strong></span> <span class='ocrx_word' id='word_1_60' title='bbox 2667 830 2841 887; x_wconf 88' lang='lat' dir='ltr'><strong>quem</strong></span> 
     </span>
    </p>

    <p class='ocr_par' dir='ltr' id='par_1_7' title="bbox 428 889 2842 968">
     <span class='ocr_line' id='line_1_7' title="bbox 428 889 2842 968; baseline 0.001 -21"><span class='ocrx_word' id='word_1_61' title='bbox 428 891 601 948; x_wconf 86' lang='lat' dir='ltr'><strong>finem</strong></span> <span class='ocrx_word' id='word_1_62' title='bbox 632 911 731 968; x_wconf 91' lang='lat' dir='ltr'><strong>per</strong></span> <span class='ocrx_word' id='word_1_63' title='bbox 758 891 1139 950; x_wconf 87' lang='lat' dir='ltr'><strong>Vocationem</strong></span> <span class='ocrx_word' id='word_1_64' title='bbox 1175 890 1578 949; x_wconf 80' lang='lat' dir='ltr'><strong>Universalem</strong></span> <span class='ocrx_word' id='word_1_65' title='bbox 1624 891 1916 950; x_wconf 85' lang='lat' dir='ltr'><strong>Christum</strong></span> <span class='ocrx_word' id='word_1_66' title='bbox 1959 891 2039 948; x_wconf 89' lang='lat' dir='ltr'><strong>ita</strong></span> <span class='ocrx_word' id='word_1_67' title='bbox 2086 910 2190 968; x_wconf 89' lang='lat' dir='ltr'><strong>pro</strong></span> <span class='ocrx_word' id='word_1_68' title='bbox 2233 890 2500 948; x_wconf 88' lang='lat' dir='ltr'><strong>omnibus</strong></span> <span class='ocrx_word' id='word_1_69' title='bbox 2543 889 2738 948; x_wconf 88' lang='lat' dir='ltr'><strong>datum</strong></span> <span class='ocrx_word' id='word_1_70' title='bbox 2780 899 2842 949; x_wconf 82' lang='lat' dir='ltr'><strong>et</strong></span> 
     </span>
    </p>

    <p class='ocr_par' dir='ltr' id='par_1_8' title="bbox 426 970 2837 1047">
     <span class='ocr_line' id='line_1_8' title="bbox 426 970 2837 1047; baseline -0.001 -19"><span class='ocrx_word' id='word_1_71' title='bbox 426 979 734 1045; x_wconf 89' lang='lat' dir='ltr'><strong>mortuum,</strong></span> <span class='ocrx_word' id='word_1_72' title='bbox 767 970 1034 1029; x_wconf 88' lang='lat' dir='ltr'><strong>omnibus</strong></span> <span class='ocrx_word' id='word_1_73' title='bbox 1063 980 1121 1030; x_wconf 90' lang='lat' dir='ltr'><strong>et</strong></span> <span class='ocrx_word' id='word_1_74' title='bbox 1145 970 1391 1047; x_wconf 88' lang='lat' dir='ltr'><strong>singulis</strong></span> <span class='ocrx_word' id='word_1_75' title='bbox 1421 970 1612 1029; x_wconf 85' lang='lat' dir='ltr'><strong>offerri</strong></span> <span class='ocrx_word' id='word_1_76' title='bbox 1642 979 1820 1029; x_wconf 88' lang='lat' dir='ltr'><strong>curet.</strong></span> <span class='ocrx_word' id='word_1_77' title='bbox 1906 970 2054 1044; x_wconf 84' lang='lat' dir='ltr'><strong>Quia</strong></span> <span class='ocrx_word' id='word_1_78' title='bbox 2094 991 2234 1028; x_wconf 85' lang='lat' dir='ltr'><strong>vero</strong></span> <span class='ocrx_word' id='word_1_79' title='bbox 2255 970 2522 1047; x_wconf 80' lang='lat' dir='ltr'><strong>praevidit</strong></span> <span class='ocrx_word' id='word_1_80' title='bbox 2549 970 2837 1028; x_wconf 91' lang='lat' dir='ltr'><strong>neminem</strong></span> 
     </span>
    </p>

    <p class='ocr_par' dir='ltr' id='par_1_9' title="bbox 426 1049 2834 1127">
     <span class='ocr_line' id='line_1_9' title="bbox 426 1049 2834 1127; baseline -0.002 -17"><span class='ocrx_word' id='word_1_81' title='bbox 426 1050 775 1110; x_wconf 88' lang='lat' dir='ltr'><strong>crediturum</strong></span> <span class='ocrx_word' id='word_1_82' title='bbox 808 1051 882 1109; x_wconf 91' lang='lat' dir='ltr'><strong>ob</strong></span> <span class='ocrx_word' id='word_1_83' title='bbox 910 1050 1165 1109; x_wconf 90' lang='lat' dir='ltr'><strong>innatam</strong></span> <span class='ocrx_word' id='word_1_84' title='bbox 1196 1050 1386 1109; x_wconf 89' lang='lat' dir='ltr'><strong>cordis</strong></span> <span class='ocrx_word' id='word_1_85' title='bbox 1414 1050 1711 1125; x_wconf 89' lang='lat' dir='ltr'><strong>malitiam,</strong></span> <span class='ocrx_word' id='word_1_86' title='bbox 1743 1051 1967 1110; x_wconf 90' lang='lat' dir='ltr'><strong>Volunt</strong></span> <span class='ocrx_word' id='word_1_87' title='bbox 1988 1050 2220 1109; x_wconf 88' lang='lat' dir='ltr'><strong>decreto</strong></span> <span class='ocrx_word' id='word_1_88' title='bbox 2248 1051 2362 1107; x_wconf 90' lang='lat' dir='ltr'><strong>alio</strong></span> <span class='ocrx_word' id='word_1_89' title='bbox 2392 1049 2621 1127; x_wconf 89' lang='lat' dir='ltr'><strong>speciali</strong></span> <span class='ocrx_word' id='word_1_90' title='bbox 2647 1050 2834 1107; x_wconf 90' lang='lat' dir='ltr'><strong>Deum</strong></span> 
     </span>
    </p>

    <p class='ocr_par' dir='ltr' id='par_1_10' title="bbox 427 1129 2836 1208">
     <span class='ocr_line' id='line_1_10' title="bbox 427 1129 2836 1208; baseline -0 -20"><span class='ocrx_word' id='word_1_91' title='bbox 427 1130 755 1189; x_wconf 86' lang='lat' dir='ltr'><strong>decrevisse</strong></span> <span class='ocrx_word' id='word_1_92' title='bbox 800 1130 1093 1189; x_wconf 82' lang='lat' dir='ltr'><strong>nonnullis</strong></span> <span class='ocrx_word' id='word_1_93' title='bbox 1135 1130 1272 1188; x_wconf 85' lang='lat' dir='ltr'><strong>dare</strong></span> <span class='ocrx_word' id='word_1_94' title='bbox 1314 1130 1506 1206; x_wconf 88' lang='lat' dir='ltr'><strong>fidem,</strong></span> <span class='ocrx_word' id='word_1_95' title='bbox 1538 1151 1654 1208; x_wconf 92' lang='lat' dir='ltr'><strong>qua</strong></span> <span class='ocrx_word' id='word_1_96' title='bbox 1695 1132 1754 1188; x_wconf 91' lang='lat' dir='ltr'><strong>in</strong></span> <span class='ocrx_word' id='word_1_97' title='bbox 1806 1131 2099 1189; x_wconf 84' lang='lat' dir='ltr'><strong>Christum</strong></span> <span class='ocrx_word' id='word_1_98' title='bbox 2142 1130 2460 1205; x_wconf 83' lang='lat' dir='ltr'><strong>crederent,</strong></span> <span class='ocrx_word' id='word_1_99' title='bbox 2518 1139 2576 1187; x_wconf 90' lang='lat' dir='ltr'><strong>et</strong></span> <span class='ocrx_word' id='word_1_100' title='bbox 2631 1129 2836 1188; x_wconf 84' lang='lat' dir='ltr'><strong>salutis</strong></span> 
     </span>
    </p>

    <p class='ocr_par' dir='ltr' id='par_1_11' title="bbox 428 1210 2839 1288">
     <span class='ocr_line' id='line_1_11' title="bbox 428 1210 2839 1288; baseline -0 -21"><span class='ocrx_word' id='word_1_101' title='bbox 428 1210 631 1270; x_wconf 88' lang='lat' dir='ltr'><strong>fierent</strong></span> <span class='ocrx_word' id='word_1_102' title='bbox 659 1219 816 1269; x_wconf 88' lang='lat' dir='ltr'><strong>certo</strong></span> <span class='ocrx_word' id='word_1_103' title='bbox 844 1220 1153 1288; x_wconf 85' lang='lat' dir='ltr'><strong>compotes,</strong></span> <span class='ocrx_word' id='word_1_104' title='bbox 1179 1210 1415 1287; x_wconf 88' lang='lat' dir='ltr'><strong>reliquis</strong></span> <span class='ocrx_word' id='word_1_105' title='bbox 1442 1211 1501 1268; x_wconf 88' lang='lat' dir='ltr'><strong>in</strong></span> <span class='ocrx_word' id='word_1_106' title='bbox 1530 1211 1933 1270; x_wconf 79' lang='lat' dir='ltr'><strong>incredulitate</strong></span> <span class='ocrx_word' id='word_1_107' title='bbox 1953 1210 2337 1284; x_wconf 81' lang='lat' dir='ltr'><strong>manentibuS,</strong></span> <span class='ocrx_word' id='word_1_108' title='bbox 2369 1220 2427 1269; x_wconf 91' lang='lat' dir='ltr'><strong>et</strong></span> <span class='ocrx_word' id='word_1_109' title='bbox 2454 1218 2686 1286; x_wconf 90' lang='lat' dir='ltr'><strong>propter</strong></span> <span class='ocrx_word' id='word_1_110' title='bbox 2713 1228 2839 1267; x_wconf 84' lang='lat' dir='ltr'><strong>eam</strong></span> 
     </span>
    </p>

    <p class='ocr_par' dir='ltr' id='par_1_12' title="bbox 424 1289 2841 1368">
     <span class='ocr_line' id='line_1_12' title="bbox 424 1289 2841 1368; baseline -0.001 -18"><span class='ocrx_word' id='word_1_111' title='bbox 424 1291 746 1368; x_wconf 87' lang='lat' dir='ltr'><strong>justissime</strong></span> <span class='ocrx_word' id='word_1_112' title='bbox 802 1290 1106 1350; x_wconf 86' lang='lat' dir='ltr'><strong>damnatis.</strong></span> <span class='ocrx_word' id='word_1_113' title='bbox 1194 1291 1265 1348; x_wconf 90' lang='lat' dir='ltr'><strong>In</strong></span> <span class='ocrx_word' id='word_1_114' title='bbox 1305 1292 1416 1349; x_wconf 90' lang='lat' dir='ltr'><strong>hoc</strong></span> <span class='ocrx_word' id='word_1_115' title='bbox 1472 1299 1626 1350; x_wconf 87' lang='lat' dir='ltr'><strong>recte</strong></span> <span class='ocrx_word' id='word_1_116' title='bbox 1669 1290 2076 1349; x_wconf 85' lang='lat' dir='ltr'><strong>dissentientes</strong></span> <span class='ocrx_word' id='word_1_117' title='bbox 2119 1291 2193 1348; x_wconf 86' lang='lat' dir='ltr'><strong>ab</strong></span> <span class='ocrx_word' id='word_1_118' title='bbox 2236 1289 2615 1348; x_wconf 86' lang='lat' dir='ltr'><strong>Arminianis.</strong></span> <span class='ocrx_word' id='word_1_119' title='bbox 2700 1289 2841 1364; x_wconf 66' lang='lat' dir='ltr'><strong>Quae</strong></span> 
     </span>
    </p>

    <p class='ocr_par' dir='ltr' id='par_1_13' title="bbox 430 1369 2842 1448">
     <span class='ocr_line' id='line_1_13' title="bbox 430 1369 2842 1448; baseline -0.001 -20"><span class='ocrx_word' id='word_1_120' title='bbox 430 1372 623 1429; x_wconf 89' lang='lat' dir='ltr'><strong>omnia</strong></span> <span class='ocrx_word' id='word_1_121' title='bbox 650 1391 725 1430; x_wconf 84' lang='lat' dir='ltr'><strong>ex</strong></span> <span class='ocrx_word' id='word_1_122' title='bbox 753 1371 1008 1448; x_wconf 88' lang='lat' dir='ltr'><strong>ipsorum</strong></span> <span class='ocrx_word' id='word_1_123' title='bbox 1038 1370 1266 1447; x_wconf 82' lang='lat' dir='ltr'><strong>scriptis</strong></span> <span class='ocrx_word' id='word_1_124' title='bbox 1293 1390 1411 1428; x_wconf 91' lang='lat' dir='ltr'><strong>non</strong></span> <span class='ocrx_word' id='word_1_125' title='bbox 1438 1372 1680 1429; x_wconf 88' lang='lat' dir='ltr'><strong>obscure</strong></span> <span class='ocrx_word' id='word_1_126' title='bbox 1709 1371 2077 1448; x_wconf 88' lang='lat' dir='ltr'><strong>colliguntur.</strong></span> <span class='ocrx_word' id='word_1_127' title='bbox 2168 1370 2265 1429; x_wconf 84' lang='lat' dir='ltr'><strong>Sic</strong></span> <span class='ocrx_word' id='word_1_128' title='bbox 2304 1371 2546 1429; x_wconf 86' lang='lat' dir='ltr'><strong>Camero</strong></span> <span class='ocrx_word' id='word_1_129' title='bbox 2589 1370 2649 1427; x_wconf 91' lang='lat' dir='ltr'><strong>in</strong></span> <span class='ocrx_word' id='word_1_130' title='bbox 2687 1390 2736 1428; x_wconf 87' lang='lat' dir='ltr'><strong>c.</strong></span> <span class='ocrx_word' id='word_1_131' title='bbox 2782 1369 2842 1425; x_wconf 90' lang='lat' dir='ltr'><strong>ii.</strong></span> 
     </span>
    </p>

    <p class='ocr_par' dir='ltr' id='par_1_14' title="bbox 433 1448 2846 1528">
     <span class='ocr_line' id='line_1_14' title="bbox 433 1448 2846 1528; baseline -0.001 -20"><span class='ocrx_word' id='word_1_132' title='bbox 433 1452 541 1528; x_wconf 89' lang='lat' dir='ltr'><strong>Ep.</strong></span> <span class='ocrx_word' id='word_1_133' title='bbox 572 1450 648 1509; x_wconf 87' lang='lat' dir='ltr'><strong>ad</strong></span> <span class='ocrx_word' id='word_1_134' title='bbox 678 1451 831 1509; x_wconf 89' lang='lat' dir='ltr'><strong>Heb.</strong></span> <span class='ocrx_word' id='word_1_135' title='bbox 880 1471 1000 1510; x_wconf 86' lang='lat' dir='ltr'><strong>ver.</strong></span> <span class='ocrx_word' id='word_1_136' title='bbox 1047 1454 1143 1525; x_wconf 86' lang='lat'><strong>9.;</strong></span> <span class='ocrx_word' id='word_1_137' title='bbox 1193 1450 1463 1509; x_wconf 89' lang='lat' dir='ltr'><strong>“Christi</strong></span> <span class='ocrx_word' id='word_1_138' title='bbox 1504 1451 1720 1526; x_wconf 84' lang='lat' dir='ltr'><strong>mors,&#39;&#39;</strong></span> <span class='ocrx_word' id='word_1_139' title='bbox 1764 1451 1968 1526; x_wconf 84' lang='lat' dir='ltr'><strong>inquit,</strong></span> <span class='ocrx_word' id='word_1_140' title='bbox 2017 1450 2180 1508; x_wconf 88' lang='lat' dir='ltr'><strong>“sub</strong></span> <span class='ocrx_word' id='word_1_141' title='bbox 2221 1449 2358 1508; x_wconf 88' lang='lat' dir='ltr'><strong>fidei</strong></span> <span class='ocrx_word' id='word_1_142' title='bbox 2399 1450 2728 1509; x_wconf 88' lang='lat' dir='ltr'><strong>conditione</strong></span> <span class='ocrx_word' id='word_1_143' title='bbox 2770 1448 2846 1506; x_wconf 88' lang='lat' dir='ltr'><strong>ad</strong></span> 
     </span>
    </p>

    <p class='ocr_par' dir='ltr' id='par_1_15' title="bbox 431 1529 2845 1608">
     <span class='ocr_line' id='line_1_15' title="bbox 431 1529 2845 1608; baseline -0 -20"><span class='ocrx_word' id='word_1_144' title='bbox 431 1551 631 1589; x_wconf 89' lang='lat' dir='ltr'><strong>omnes</strong></span> <span class='ocrx_word' id='word_1_145' title='bbox 673 1532 904 1589; x_wconf 90' lang='lat' dir='ltr'><strong>omnino</strong></span> <span class='ocrx_word' id='word_1_146' title='bbox 946 1531 1207 1589; x_wconf 89' lang='lat' dir='ltr'><strong>homines</strong></span> <span class='ocrx_word' id='word_1_147' title='bbox 1249 1550 1322 1588; x_wconf 84' lang='lat' dir='ltr'><strong>ex</strong></span> <span class='ocrx_word' id='word_1_148' title='bbox 1366 1550 1530 1608; x_wconf 75' lang='lat' dir='ltr'><strong>aequo</strong></span> <span class='ocrx_word' id='word_1_149' title='bbox 1572 1530 1878 1608; x_wconf 84' lang='lat' dir='ltr'><strong>pertinet.’&#39;</strong></span> <span class='ocrx_word' id='word_1_150' title='bbox 1963 1529 2278 1589; x_wconf 85' lang='lat' dir='ltr'><strong>Testardus</strong></span> <span class='ocrx_word' id='word_1_151' title='bbox 2319 1530 2380 1587; x_wconf 89' lang='lat' dir='ltr'><strong>in</strong></span> <span class='ocrx_word' id='word_1_152' title='bbox 2403 1530 2579 1588; x_wconf 91' lang='lat' dir='ltr'><strong>Ireni.</strong></span> <span class='ocrx_word' id='word_1_153' title='bbox 2608 1530 2716 1588; x_wconf 87' lang='lat' dir='ltr'><strong>Th.</strong></span> <span class='ocrx_word' id='word_1_154' title='bbox 2747 1533 2779 1586; x_wconf 80' lang='lat'>7</span> <span class='ocrx_word' id='word_1_155' title='bbox 2788 1531 2845 1603; x_wconf 88' lang='lat'><strong>8,</strong></span> 
     </span>
    </p>

    <p class='ocr_par' dir='ltr' id='par_1_16' title="bbox 436 1609 2846 1688">
     <span class='ocr_line' id='line_1_16' title="bbox 436 1609 2846 1688; baseline -0 -20"><span class='ocrx_word' id='word_1_156' title='bbox 436 1613 470 1644; x_wconf 90' lang='lat'>“</span> <span class='ocrx_word' id='word_1_157' title='bbox 496 1611 660 1669; x_wconf 83' lang='lat' dir='ltr'><strong>Finis</strong></span> <span class='ocrx_word' id='word_1_158' title='bbox 689 1610 810 1670; x_wconf 85' lang='lat' dir='ltr'><strong>dati</strong></span> <span class='ocrx_word' id='word_1_159' title='bbox 839 1611 1052 1669; x_wconf 86' lang='lat' dir='ltr'><strong>Christi</strong></span> <span class='ocrx_word' id='word_1_160' title='bbox 1097 1611 1156 1668; x_wconf 90' lang='lat' dir='ltr'><strong>in</strong></span> <span class='ocrx_word' id='word_1_161' title='bbox 1194 1610 1655 1687; x_wconf 89' lang='lat' dir='ltr'><strong>propitiatorium</strong></span> <span class='ocrx_word' id='word_1_162' title='bbox 1701 1610 1760 1668; x_wconf 90' lang='lat' dir='ltr'><strong>in</strong></span> <span class='ocrx_word' id='word_1_163' title='bbox 1790 1611 1915 1688; x_wconf 90' lang='lat' dir='ltr'><strong>ejus</strong></span> <span class='ocrx_word' id='word_1_164' title='bbox 1946 1611 2243 1687; x_wconf 86' lang='lat' dir='ltr'><strong>sanguine,</strong></span> <span class='ocrx_word' id='word_1_165' title='bbox 2275 1609 2384 1669; x_wconf 89' lang='lat' dir='ltr'><strong>fuit</strong></span> <span class='ocrx_word' id='word_1_166' title='bbox 2411 1611 2551 1669; x_wconf 87' lang='lat' dir='ltr'><strong>novi</strong></span> <span class='ocrx_word' id='word_1_167' title='bbox 2583 1609 2846 1668; x_wconf 82' lang='lat' dir='ltr'><strong>Foederis</strong></span> 
     </span>
    </p>

    <p class='ocr_par' dir='ltr' id='par_1_17' title="bbox 424 1690 2846 1848">
     <span class='ocr_line' id='line_1_17' title="bbox 433 1690 2846 1768; baseline -0.002 -17"><span class='ocrx_word' id='word_1_168' title='bbox 433 1691 653 1751; x_wconf 75' lang='lat' dir='ltr'><strong>Gratiae</strong></span> <span class='ocrx_word' id='word_1_169' title='bbox 682 1711 812 1749; x_wconf 87' lang='lat' dir='ltr'><strong>cum</strong></span> <span class='ocrx_word' id='word_1_170' title='bbox 834 1691 1106 1749; x_wconf 83' lang='lat' dir='ltr'><strong>universo</strong></span> <span class='ocrx_word' id='word_1_171' title='bbox 1125 1711 1334 1768; x_wconf 87' lang='lat' dir='ltr'><strong>genere</strong></span> <span class='ocrx_word' id='word_1_172' title='bbox 1356 1690 1608 1749; x_wconf 89' lang='lat' dir='ltr'><strong>humano</strong></span> <span class='ocrx_word' id='word_1_173' title='bbox 1629 1690 1837 1767; x_wconf 87' lang='lat' dir='ltr'><strong>pacti0,</strong></span> <span class='ocrx_word' id='word_1_174' title='bbox 1863 1698 1921 1748; x_wconf 93' lang='lat' dir='ltr'><strong>et</strong></span> <span class='ocrx_word' id='word_1_175' title='bbox 1943 1690 2234 1767; x_wconf 83' lang='lat' dir='ltr'><strong>possibilis</strong></span> <span class='ocrx_word' id='word_1_176' title='bbox 2256 1690 2508 1748; x_wconf 89' lang='lat' dir='ltr'><strong>omnium</strong></span> <span class='ocrx_word' id='word_1_177' title='bbox 2528 1690 2846 1763; x_wconf 87' lang='lat' dir='ltr'><strong>hominum,</strong></span> 
     </span>
     <span class='ocr_line' id='line_1_18' title="bbox 424 1770 2845 1848; baseline -0.001 -19"><span class='ocrx_word' id='word_1_178' title='bbox 424 1771 655 1848; x_wconf 87' lang='lat' dir='ltr'><strong>justitia</strong></span> <span class='ocrx_word' id='word_1_179' title='bbox 681 1791 798 1829; x_wconf 91' lang='lat' dir='ltr'><strong>non</strong></span> <span class='ocrx_word' id='word_1_180' title='bbox 826 1771 1074 1848; x_wconf 90' lang='lat' dir='ltr'><strong>amplius</strong></span> <span class='ocrx_word' id='word_1_181' title='bbox 1101 1771 1400 1846; x_wconf 87' lang='lat' dir='ltr'><strong>renitente,</strong></span> <span class='ocrx_word' id='word_1_182' title='bbox 1431 1770 1505 1828; x_wconf 93' lang='lat' dir='ltr'><strong>ad</strong></span> <span class='ocrx_word' id='word_1_183' title='bbox 1536 1771 1779 1829; x_wconf 88' lang='lat' dir='ltr'><strong>salutem</strong></span> <span class='ocrx_word' id='word_1_184' title='bbox 1809 1771 2053 1844; x_wconf 84' lang='lat' dir='ltr'><strong>vocati0‚</strong></span> <span class='ocrx_word' id='word_1_185' title='bbox 2099 1778 2157 1828; x_wconf 92' lang='lat' dir='ltr'><strong>et</strong></span> <span class='ocrx_word' id='word_1_186' title='bbox 2199 1771 2413 1829; x_wconf 87' lang='lat' dir='ltr'><strong>salus.’&#39;</strong></span> <span class='ocrx_word' id='word_1_187' title='bbox 2500 1771 2578 1829; x_wconf 84' lang='lat' dir='ltr'><strong>Et</strong></span> <span class='ocrx_word' id='word_1_188' title='bbox 2607 1770 2715 1827; x_wconf 89' lang='lat' dir='ltr'><strong>Th.</strong></span> <span class='ocrx_word' id='word_1_189' title='bbox 2750 1772 2845 1827; x_wconf 80' lang='grc'><strong>79.</strong></span> 
     </span>
    </p>

    <p class='ocr_par' dir='ltr' id='par_1_18' title="bbox 435 1850 2845 1928">
     <span class='ocr_line' id='line_1_19' title="bbox 435 1850 2845 1928; baseline -0.001 -19"><span class='ocrx_word' id='word_1_190' title='bbox 435 1853 471 1883; x_wconf 88' lang='grc'>“</span> <span class='ocrx_word' id='word_1_191' title='bbox 495 1851 585 1909; x_wconf 88' lang='lat' dir='ltr'><strong>Eo</strong></span> <span class='ocrx_word' id='word_1_192' title='bbox 613 1850 846 1928; x_wconf 83' lang='lat' dir='ltr'><strong>quidem</strong></span> <span class='ocrx_word' id='word_1_193' title='bbox 877 1871 1050 1910; x_wconf 89' lang='lat' dir='ltr'><strong>sensu</strong></span> <span class='ocrx_word' id='word_1_194' title='bbox 1078 1871 1247 1909; x_wconf 87' lang='lat' dir='ltr'><strong>nemo</strong></span> <span class='ocrx_word' id='word_1_195' title='bbox 1268 1851 1570 1927; x_wconf 82' lang='lat' dir='ltr'><strong>negaverit</strong></span> <span class='ocrx_word' id='word_1_196' title='bbox 1592 1851 1883 1909; x_wconf 87' lang='lat' dir='ltr'><strong>Christum</strong></span> <span class='ocrx_word' id='word_1_197' title='bbox 1907 1870 2010 1927; x_wconf 90' lang='lat' dir='ltr'><strong>pro</strong></span> <span class='ocrx_word' id='word_1_198' title='bbox 2039 1850 2305 1909; x_wconf 87' lang='lat' dir='ltr'><strong>omnibus</strong></span> <span class='ocrx_word' id='word_1_199' title='bbox 2333 1859 2391 1908; x_wconf 91' lang='lat' dir='ltr'><strong>et</strong></span> <span class='ocrx_word' id='word_1_200' title='bbox 2420 1850 2666 1924; x_wconf 89' lang='lat' dir='ltr'><strong>singulis</strong></span> <span class='ocrx_word' id='word_1_201' title='bbox 2694 1869 2845 1907; x_wconf 89' lang='lat' dir='ltr'><strong>mor-</strong></span> 
     </span>
    </p>

    <p class='ocr_par' dir='ltr' id='par_1_19' title="bbox 431 1929 2843 2007">
     <span class='ocr_line' id='line_1_20' title="bbox 431 1929 2843 2007; baseline -0.002 -17"><span class='ocrx_word' id='word_1_202' title='bbox 431 1939 614 2005; x_wconf 88' lang='lat' dir='ltr'><strong>tuum,</strong></span> <span class='ocrx_word' id='word_1_203' title='bbox 647 1939 712 1990; x_wconf 88' lang='lat' dir='ltr'><strong>ut</strong></span> <span class='ocrx_word' id='word_1_204' title='bbox 740 1930 937 1989; x_wconf 86' lang='lat' dir='ltr'><strong>Verbo</strong></span> <span class='ocrx_word' id='word_1_205' title='bbox 969 1932 1079 1989; x_wconf 91' lang='lat' dir='ltr'><strong>Dei</strong></span> <span class='ocrx_word' id='word_1_206' title='bbox 1110 1951 1215 1990; x_wconf 89' lang='lat' dir='ltr'><strong>sua</strong></span> <span class='ocrx_word' id='word_1_207' title='bbox 1242 1939 1467 1990; x_wconf 88' lang='lat' dir='ltr'><strong>constet</strong></span> <span class='ocrx_word' id='word_1_208' title='bbox 1483 1931 1688 1990; x_wconf 76' lang='lat' dir='ltr'><strong>fides,’&#39;</strong></span> <span class='ocrx_word' id='word_1_209' title='bbox 1754 1931 1961 2007; x_wconf 84' lang='lat' dir='ltr'><strong>Amyr.</strong></span> <span class='ocrx_word' id='word_1_210' title='bbox 1988 1931 2231 1989; x_wconf 88' lang='lat' dir='ltr'><strong>Dissert.</strong></span> <span class='ocrx_word' id='word_1_211' title='bbox 2255 1929 2327 1987; x_wconf 92' lang='lat' dir='ltr'><strong>de</strong></span> <span class='ocrx_word' id='word_1_212' title='bbox 2358 1930 2560 1988; x_wconf 84' lang='lat' dir='ltr'><strong>Gratia</strong></span> <span class='ocrx_word' id='word_1_213' title='bbox 2592 1929 2843 1987; x_wconf 86' lang='lat' dir='ltr'><strong>Univer-</strong></span> 
     </span>
    </p>

    <p class='ocr_par' dir='ltr' id='par_1_20' title="bbox 435 2008 2841 2088">
     <span class='ocr_line' id='line_1_21' title="bbox 435 2008 2841 2088; baseline -0.002 -19"><span class='ocrx_word' id='word_1_214' title='bbox 435 2011 561 2085; x_wconf 88' lang='lat' dir='ltr'><strong>sali,</strong></span> <span class='ocrx_word' id='word_1_215' title='bbox 595 2015 630 2043; x_wconf 77' lang='lat'><strong>‘⁴</strong></span> <span class='ocrx_word' id='word_1_216' title='bbox 657 2011 1001 2088; x_wconf 87' lang='lat' dir='ltr'><strong>Redemptio</strong></span> <span class='ocrx_word' id='word_1_217' title='bbox 1026 2011 1240 2069; x_wconf 86' lang='lat' dir='ltr'><strong>Christi</strong></span> <span class='ocrx_word' id='word_1_218' title='bbox 1257 2011 1485 2069; x_wconf 90' lang='lat' dir='ltr'><strong>duobus</strong></span> <span class='ocrx_word' id='word_1_219' title='bbox 1512 2010 1701 2069; x_wconf 88' lang='lat' dir='ltr'><strong>modis</strong></span> <span class='ocrx_word' id='word_1_220' title='bbox 1722 2009 2138 2069; x_wconf 86' lang='lat' dir='ltr'><strong>consideranda</strong></span> <span class='ocrx_word' id='word_1_221' title='bbox 2155 2017 2272 2068; x_wconf 87' lang='lat' dir='ltr'><strong>est:</strong></span> <span class='ocrx_word' id='word_1_222' title='bbox 2319 2009 2435 2067; x_wconf 90' lang='lat' dir='ltr'><strong>Vel</strong></span> <span class='ocrx_word' id='word_1_223' title='bbox 2462 2018 2528 2067; x_wconf 90' lang='lat' dir='ltr'><strong>ut</strong></span> <span class='ocrx_word' id='word_1_224' title='bbox 2556 2008 2841 2083; x_wconf 84' lang='lat' dir='ltr'><strong>absoluta,</strong></span> 
     </span>
    </p>

    <p class='ocr_par' dir='ltr' id='par_1_21' title="bbox 433 2088 2841 2168">
     <span class='ocr_line' id='line_1_22' title="bbox 433 2088 2841 2168; baseline -0.002 -19"><span class='ocrx_word' id='word_1_225' title='bbox 433 2099 720 2168; x_wconf 89' lang='lat' dir='ltr'><strong>quatenus</strong></span> <span class='ocrx_word' id='word_1_226' title='bbox 748 2112 874 2151; x_wconf 89' lang='lat' dir='ltr'><strong>eam</strong></span> <span class='ocrx_word' id='word_1_227' title='bbox 905 2090 1141 2168; x_wconf 90' lang='lat' dir='ltr'><strong>quidam</strong></span> <span class='ocrx_word' id='word_1_228' title='bbox 1187 2112 1389 2149; x_wconf 87' lang='lat' dir='ltr'><strong>revera</strong></span> <span class='ocrx_word' id='word_1_229' title='bbox 1425 2092 1888 2168; x_wconf 83' lang='lat' dir='ltr'><strong>amplectuntur3</strong></span> <span class='ocrx_word' id='word_1_230' title='bbox 1936 2090 2160 2149; x_wconf 90' lang='lat' dir='ltr'><strong>Deinde</strong></span> <span class='ocrx_word' id='word_1_231' title='bbox 2198 2097 2263 2147; x_wconf 90' lang='lat' dir='ltr'><strong>ut</strong></span> <span class='ocrx_word' id='word_1_232' title='bbox 2291 2098 2380 2148; x_wconf 87' lang='lat' dir='ltr'><strong>est</strong></span> <span class='ocrx_word' id='word_1_233' title='bbox 2408 2088 2613 2147; x_wconf 86' lang='lat' dir='ltr'><strong>affecta</strong></span> <span class='ocrx_word' id='word_1_234' title='bbox 2641 2088 2841 2147; x_wconf 88' lang='lat' dir='ltr'><strong>condi-</strong></span> 
     </span>
    </p>

    <p class='ocr_par' dir='ltr' id='par_1_22' title="bbox 433 2169 2842 2249">
     <span class='ocr_line' id='line_1_23' title="bbox 433 2169 2842 2249; baseline -0.002 -20"><span class='ocrx_word' id='word_1_235' title='bbox 433 2171 606 2246; x_wconf 90' lang='lat' dir='ltr'><strong>tione,</strong></span> <span class='ocrx_word' id='word_1_236' title='bbox 638 2180 922 2249; x_wconf 87' lang='lat' dir='ltr'><strong>quatenus</strong></span> <span class='ocrx_word' id='word_1_237' title='bbox 952 2170 1189 2230; x_wconf 84' lang='lat' dir='ltr'><strong>offertur</strong></span> <span class='ocrx_word' id='word_1_238' title='bbox 1216 2192 1346 2230; x_wconf 91' lang='lat' dir='ltr'><strong>cum</strong></span> <span class='ocrx_word' id='word_1_239' title='bbox 1375 2192 1444 2229; x_wconf 87' lang='lat' dir='ltr'><strong>ea</strong></span> <span class='ocrx_word' id='word_1_240' title='bbox 1469 2171 1620 2249; x_wconf 85' lang='lat' dir='ltr'><strong>lege,</strong></span> <span class='ocrx_word' id='word_1_241' title='bbox 1651 2180 1717 2231; x_wconf 89' lang='lat' dir='ltr'><strong>ut</strong></span> <span class='ocrx_word' id='word_1_242' title='bbox 1738 2172 1787 2230; x_wconf 89' lang='lat' dir='ltr'><strong>si</strong></span> <span class='ocrx_word' id='word_1_243' title='bbox 1810 2172 1940 2248; x_wconf 90' lang='lat' dir='ltr'><strong>quis</strong></span> <span class='ocrx_word' id='word_1_244' title='bbox 1961 2191 2087 2229; x_wconf 91' lang='lat' dir='ltr'><strong>eam</strong></span> <span class='ocrx_word' id='word_1_245' title='bbox 2109 2169 2502 2246; x_wconf 87' lang='lat' dir='ltr'><strong>amplectatur,</strong></span> <span class='ocrx_word' id='word_1_246' title='bbox 2534 2170 2659 2246; x_wconf 90' lang='lat' dir='ltr'><strong>ejus</strong></span> <span class='ocrx_word' id='word_1_247' title='bbox 2688 2188 2842 2226; x_wconf 88' lang='lat' dir='ltr'><strong>eom-</strong></span> 
     </span>
    </p>

    <p class='ocr_par' dir='ltr' id='par_1_23' title="bbox 431 2248 2870 3048">
     <span class='ocr_line' id='line_1_24' title="bbox 432 2248 2848 2330; baseline -0.002 -20"><span class='ocrx_word' id='word_1_248' title='bbox 432 2271 539 2330; x_wconf 87' lang='lat' dir='ltr'><strong>pos</strong></span> <span class='ocrx_word' id='word_1_249' title='bbox 572 2251 691 2313; x_wconf 89' lang='lat' dir='ltr'><strong>fiat.</strong></span> <span class='ocrx_word' id='word_1_250' title='bbox 778 2252 976 2310; x_wconf 88' lang='lat' dir='ltr'><strong>Priore</strong></span> <span class='ocrx_word' id='word_1_251' title='bbox 1018 2251 1190 2309; x_wconf 88' lang='lat' dir='ltr'><strong>modo</strong></span> <span class='ocrx_word' id='word_1_252' title='bbox 1231 2251 1594 2328; x_wconf 88' lang='lat' dir='ltr'><strong>particularis</strong></span> <span class='ocrx_word' id='word_1_253' title='bbox 1636 2259 1741 2326; x_wconf 88' lang='lat' dir='ltr'><strong>est,</strong></span> <span class='ocrx_word' id='word_1_254' title='bbox 1789 2251 2131 2326; x_wconf 85' lang='lat' dir='ltr'><strong>Posteriore,</strong></span> <span class='ocrx_word' id='word_1_255' title='bbox 2175 2250 2536 2309; x_wconf 85' lang='lat' dir='ltr'><strong>universalis.</strong></span> <span class='ocrx_word' id='word_1_256' title='bbox 2623 2248 2848 2307; x_wconf 88' lang='lat' dir='ltr'><strong>Pariter</strong></span> 
     </span>
     <span class='ocr_line' id='line_1_25' title="bbox 434 2328 2847 2408; baseline -0.002 -19"><span class='ocrx_word' id='word_1_257' title='bbox 434 2331 835 2390; x_wconf 88' lang='lat' dir='ltr'><strong>destinationis</strong></span> <span class='ocrx_word' id='word_1_258' title='bbox 864 2332 1021 2389; x_wconf 88' lang='lat' dir='ltr'><strong>illius</strong></span> <span class='ocrx_word' id='word_1_259' title='bbox 1050 2331 1267 2408; x_wconf 85' lang='lat' dir='ltr'><strong>duplex</strong></span> <span class='ocrx_word' id='word_1_260' title='bbox 1295 2341 1383 2391; x_wconf 89' lang='lat' dir='ltr'><strong>est</strong></span> <span class='ocrx_word' id='word_1_261' title='bbox 1412 2332 1574 2406; x_wconf 87' lang='lat' dir='ltr'><strong>ratio,</strong></span> <span class='ocrx_word' id='word_1_262' title='bbox 1599 2331 1978 2408; x_wconf 72' lang='lat' dir='ltr'><strong>particular-ie,</strong></span> <span class='ocrx_word' id='word_1_263' title='bbox 2004 2340 2289 2407; x_wconf 88' lang='lat' dir='ltr'><strong>quatenus</strong></span> <span class='ocrx_word' id='word_1_264' title='bbox 2310 2330 2601 2389; x_wconf 88' lang='lat' dir='ltr'><strong>decretum</strong></span> <span class='ocrx_word' id='word_1_265' title='bbox 2631 2329 2702 2387; x_wconf 88' lang='lat' dir='ltr'><strong>de</strong></span> <span class='ocrx_word' id='word_1_266' title='bbox 2732 2328 2847 2386; x_wconf 87' lang='lat' dir='ltr'><strong>fide</strong></span> 
     </span>
     <span class='ocr_line' id='line_1_26' title="bbox 435 2409 2846 2489; baseline -0.001 -20"><span class='ocrx_word' id='word_1_267' title='bbox 435 2410 705 2470; x_wconf 87' lang='lat' dir='ltr'><strong>donanda</strong></span> <span class='ocrx_word' id='word_1_268' title='bbox 732 2413 1104 2489; x_wconf 88' lang='lat' dir='ltr'><strong>conjunctum</strong></span> <span class='ocrx_word' id='word_1_269' title='bbox 1132 2411 1326 2487; x_wconf 90' lang='lat' dir='ltr'><strong>habet,</strong></span> <span class='ocrx_word' id='word_1_270' title='bbox 1349 2411 1715 2485; x_wconf 79' lang='lat' dir='ltr'><strong>universaliS,</strong></span> <span class='ocrx_word' id='word_1_271' title='bbox 1740 2420 2023 2488; x_wconf 85' lang='lat' dir='ltr'><strong>quatenus</strong></span> <span class='ocrx_word' id='word_1_272' title='bbox 2052 2411 2346 2469; x_wconf 87' lang='lat' dir='ltr'><strong>decretum</strong></span> <span class='ocrx_word' id='word_1_273' title='bbox 2374 2409 2530 2469; x_wconf 85' lang='lat' dir='ltr'><strong>istud</strong></span> <span class='ocrx_word' id='word_1_274' title='bbox 2560 2418 2648 2468; x_wconf 89' lang='lat' dir='ltr'><strong>est</strong></span> <span class='ocrx_word' id='word_1_275' title='bbox 2676 2409 2748 2467; x_wconf 93' lang='lat' dir='ltr'><strong>ab</strong></span> <span class='ocrx_word' id='word_1_276' title='bbox 2778 2428 2846 2467; x_wconf 89' lang='lat' dir='ltr'><strong>ea</strong></span> 
     </span>
     <span class='ocr_line' id='line_1_27' title="bbox 434 2489 2870 2569; baseline -0.002 -20"><span class='ocrx_word' id='word_1_277' title='bbox 434 2492 817 2569; x_wconf 83' lang='lat' dir='ltr'><strong>sejunctum.’&#39;</strong></span> <span class='ocrx_word' id='word_1_278' title='bbox 903 2491 1071 2566; x_wconf 88' lang='lat' dir='ltr'><strong>Quod</strong></span> <span class='ocrx_word' id='word_1_279' title='bbox 1114 2491 1443 2568; x_wconf 89' lang='lat' dir='ltr'><strong>expressius</strong></span> <span class='ocrx_word' id='word_1_280' title='bbox 1485 2490 1760 2549; x_wconf 84' lang='lat' dir='ltr'><strong>docuerat</strong></span> <span class='ocrx_word' id='word_1_281' title='bbox 1802 2491 1897 2548; x_wconf 83' lang='lat' dir='ltr'><strong>Tr.</strong></span> <span class='ocrx_word' id='word_1_282' title='bbox 1928 2490 2001 2548; x_wconf 92' lang='lat' dir='ltr'><strong>de</strong></span> <span class='ocrx_word' id='word_1_283' title='bbox 2049 2491 2326 2550; x_wconf 85' lang='lat' dir='ltr'><strong>Praedest.</strong></span> <span class='ocrx_word' id='word_1_284' title='bbox 2379 2504 2503 2568; x_wconf 80' lang='lat' dir='ltr'><strong>cap.</strong></span> <span class='ocrx_word' id='word_1_285' title='bbox 2535 2494 2589 2564; x_wconf 82' lang='lat'><strong>7,</strong></span> <span class='ocrx_word' id='word_1_286' title='bbox 2637 2493 2673 2523; x_wconf 75' lang='lat'><strong>‘⁴</strong></span> <span class='ocrx_word' id='word_1_287' title='bbox 2698 2489 2870 2546; x_wconf 69' lang='lat' dir='ltr'><strong>Cum‘</strong></span> 
     </span>
     <span class='ocr_line' id='line_1_28' title="bbox 432 2569 2846 2649; baseline -0.001 -19"><span class='ocrx_word' id='word_1_288' title='bbox 432 2571 664 2630; x_wconf 88' lang='lat' dir='ltr'><strong>miseria</strong></span> <span class='ocrx_word' id='word_1_289' title='bbox 707 2570 1004 2629; x_wconf 90' lang='lat' dir='ltr'><strong>hominum</strong></span> <span class='ocrx_word' id='word_1_290' title='bbox 1051 2571 1291 2648; x_wconf 85' lang='lat' dir='ltr'><strong>aequalis</strong></span> <span class='ocrx_word' id='word_1_291' title='bbox 1335 2571 1427 2644; x_wconf 86' lang='lat' dir='ltr'><strong>sit,</strong></span> <span class='ocrx_word' id='word_1_292' title='bbox 1475 2579 1532 2629; x_wconf 91' lang='lat' dir='ltr'><strong>et</strong></span> <span class='ocrx_word' id='word_1_293' title='bbox 1576 2571 1938 2644; x_wconf 85' lang='lat' dir='ltr'><strong>universalis,</strong></span> <span class='ocrx_word' id='word_1_294' title='bbox 1985 2578 2044 2629; x_wconf 90' lang='lat' dir='ltr'><strong>et</strong></span> <span class='ocrx_word' id='word_1_295' title='bbox 2088 2570 2436 2631; x_wconf 88' lang='lat' dir='ltr'><strong>desiderium</strong></span> <span class='ocrx_word' id='word_1_296' title='bbox 2481 2569 2637 2649; x_wconf 89' lang='lat' dir='ltr'><strong>quod</strong></span> <span class='ocrx_word' id='word_1_297' title='bbox 2685 2570 2846 2628; x_wconf 89' lang='lat' dir='ltr'><strong>Deus</strong></span> 
     </span>
     <span class='ocr_line' id='line_1_29' title="bbox 434 2650 2844 2729; baseline -0 -21"><span class='ocrx_word' id='word_1_298' title='bbox 434 2652 639 2710; x_wconf 87' lang='lat' dir='ltr'><strong>habuit</strong></span> <span class='ocrx_word' id='word_1_299' title='bbox 666 2671 766 2709; x_wconf 88' lang='lat' dir='ltr'><strong>eos</strong></span> <span class='ocrx_word' id='word_1_300' title='bbox 793 2670 870 2709; x_wconf 85' lang='lat' dir='ltr'><strong>ex</strong></span> <span class='ocrx_word' id='word_1_301' title='bbox 897 2671 967 2709; x_wconf 90' lang='lat' dir='ltr'><strong>ea</strong></span> <span class='ocrx_word' id='word_1_302' title='bbox 1007 2650 1290 2709; x_wconf 89' lang='lat' dir='ltr'><strong>liberandi</strong></span> <span class='ocrx_word' id='word_1_303' title='bbox 1331 2671 1435 2729; x_wconf 90' lang='lat' dir='ltr'><strong>per</strong></span> <span class='ocrx_word' id='word_1_304' title='bbox 1466 2658 1691 2708; x_wconf 90' lang='lat' dir='ltr'><strong>tantum</strong></span> <span class='ocrx_word' id='word_1_305' title='bbox 1724 2650 2188 2726; x_wconf 89' lang='lat' dir='ltr'><strong>Redemptorem,</strong></span> <span class='ocrx_word' id='word_1_306' title='bbox 2219 2652 2494 2726; x_wconf 87' lang='lat' dir='ltr'><strong>procedat</strong></span> <span class='ocrx_word' id='word_1_307' title='bbox 2522 2672 2596 2710; x_wconf 85' lang='lat' dir='ltr'><strong>ex</strong></span> <span class='ocrx_word' id='word_1_308' title='bbox 2624 2650 2844 2708; x_wconf 90' lang='lat' dir='ltr'><strong>miseri·</strong></span> 
     </span>
     <span class='ocr_line' id='line_1_30' title="bbox 435 2729 2844 2808; baseline -0.001 -19"><span class='ocrx_word' id='word_1_309' title='bbox 435 2729 648 2804; x_wconf 87' lang='lat' dir='ltr'><strong>cordia,</strong></span> <span class='ocrx_word' id='word_1_310' title='bbox 696 2749 869 2806; x_wconf 90' lang='lat' dir='ltr'><strong>quam</strong></span> <span class='ocrx_word' id='word_1_311' title='bbox 914 2729 1118 2787; x_wconf 86' lang='lat' dir='ltr'><strong>habuit</strong></span> <span class='ocrx_word' id='word_1_312' title='bbox 1165 2749 1306 2807; x_wconf 84' lang='lat' dir='ltr'><strong>erga</strong></span> <span class='ocrx_word' id='word_1_313' title='bbox 1353 2749 1478 2803; x_wconf 89' lang='lat' dir='ltr'><strong>nos,</strong></span> <span class='ocrx_word' id='word_1_314' title='bbox 1522 2738 1587 2788; x_wconf 92' lang='lat' dir='ltr'><strong>ut</strong></span> <span class='ocrx_word' id='word_1_315' title='bbox 1637 2730 1940 2788; x_wconf 86' lang='lat' dir='ltr'><strong>Creaturas</strong></span> <span class='ocrx_word' id='word_1_316' title='bbox 1986 2748 2121 2788; x_wconf 85' lang='lat' dir='ltr'><strong>suas</strong></span> <span class='ocrx_word' id='word_1_317' title='bbox 2169 2730 2469 2808; x_wconf 88' lang='lat' dir='ltr'><strong>prolapsas</strong></span> <span class='ocrx_word' id='word_1_318' title='bbox 2517 2732 2578 2788; x_wconf 92' lang='lat' dir='ltr'><strong>in</strong></span> <span class='ocrx_word' id='word_1_319' title='bbox 2625 2740 2844 2790; x_wconf 81' lang='lat' dir='ltr'><strong>tantam</strong></span> 
     </span>
     <span class='ocr_line' id='line_1_31' title="bbox 432 2808 2845 2889; baseline 0 -22"><span class='ocrx_word' id='word_1_320' title='bbox 432 2810 675 2882; x_wconf 90' lang='lat' dir='ltr'><strong>ruinam,</strong></span> <span class='ocrx_word' id='word_1_321' title='bbox 707 2809 767 2866; x_wconf 93' lang='lat' dir='ltr'><strong>in</strong></span> <span class='ocrx_word' id='word_1_322' title='bbox 796 2828 911 2885; x_wconf 88' lang='lat' dir='ltr'><strong>qua</strong></span> <span class='ocrx_word' id='word_1_323' title='bbox 940 2817 1074 2867; x_wconf 89' lang='lat' dir='ltr'><strong>sunt</strong></span> <span class='ocrx_word' id='word_1_324' title='bbox 1103 2809 1392 2867; x_wconf 83' lang='lat' dir='ltr'><strong>Creaturae</strong></span> <span class='ocrx_word' id='word_1_325' title='bbox 1422 2808 1604 2886; x_wconf 88' lang='lat' dir='ltr'><strong>ipsius</strong></span> <span class='ocrx_word' id='word_1_326' title='bbox 1647 2829 1723 2868; x_wconf 86' lang='lat' dir='ltr'><strong>ex</strong></span> <span class='ocrx_word' id='word_1_327' title='bbox 1766 2829 1949 2886; x_wconf 84' lang='lat' dir='ltr'><strong>aequ0,</strong></span> <span class='ocrx_word' id='word_1_328' title='bbox 1982 2809 2169 2886; x_wconf 88' lang='lat' dir='ltr'><strong>gratia</strong></span> <span class='ocrx_word' id='word_1_329' title='bbox 2208 2809 2639 2889; x_wconf 89' lang='lat' dir='ltr'><strong>redemptionis,</strong></span> <span class='ocrx_word' id='word_1_330' title='bbox 2671 2830 2845 2887; x_wconf 84' lang='lat' dir='ltr'><strong>quam</strong></span> 
     </span>
     <span class='ocr_line' id='line_1_32' title="bbox 431 2888 2844 2968; baseline 0 -20"><span class='ocrx_word' id='word_1_331' title='bbox 431 2888 575 2967; x_wconf 88' lang='lat' dir='ltr'><strong>ipsis</strong></span> <span class='ocrx_word' id='word_1_332' title='bbox 603 2888 815 2948; x_wconf 90' lang='lat' dir='ltr'><strong>obtulit</strong></span> <span class='ocrx_word' id='word_1_333' title='bbox 842 2898 901 2948; x_wconf 90' lang='lat' dir='ltr'><strong>et</strong></span> <span class='ocrx_word' id='word_1_334' title='bbox 922 2889 1270 2967; x_wconf 77' lang='lat' dir='ltr'><strong>procuravit,</strong></span> <span class='ocrx_word' id='word_1_335' title='bbox 1303 2889 1504 2948; x_wconf 88' lang='lat' dir='ltr'><strong>debuit</strong></span> <span class='ocrx_word' id='word_1_336' title='bbox 1532 2909 1657 2948; x_wconf 87' lang='lat' dir='ltr'><strong>esse</strong></span> <span class='ocrx_word' id='word_1_337' title='bbox 1702 2889 1939 2966; x_wconf 78' lang='lat' dir='ltr'><strong>aequalis</strong></span> <span class='ocrx_word' id='word_1_338' title='bbox 1973 2899 2031 2948; x_wconf 90' lang='lat' dir='ltr'><strong>et</strong></span> <span class='ocrx_word' id='word_1_339' title='bbox 2057 2889 2421 2967; x_wconf 82' lang='lat' dir='ltr'><strong>universalis,</strong></span> <span class='ocrx_word' id='word_1_340' title='bbox 2453 2891 2625 2951; x_wconf 86' lang='lat' dir='ltr'><strong>modo</strong></span> <span class='ocrx_word' id='word_1_341' title='bbox 2655 2911 2844 2968; x_wconf 84' lang='lat' dir='ltr'><strong>aequa-</strong></span> 
     </span>
     <span class='ocr_line' id='line_1_33' title="bbox 433 2967 1992 3048; baseline 0.001 -21"><span class='ocrx_word' id='word_1_342' title='bbox 433 2969 567 3028; x_wconf 91' lang='lat' dir='ltr'><strong>liter</strong></span> <span class='ocrx_word' id='word_1_343' title='bbox 594 2968 860 3047; x_wconf 89' lang='lat' dir='ltr'><strong>dispositi</strong></span> <span class='ocrx_word' id='word_1_344' title='bbox 889 2978 1084 3028; x_wconf 86' lang='lat' dir='ltr'><strong>essent</strong></span> <span class='ocrx_word' id='word_1_345' title='bbox 1110 2970 1186 3028; x_wconf 87' lang='lat' dir='ltr'><strong>ad</strong></span> <span class='ocrx_word' id='word_1_346' title='bbox 1214 2970 1373 3029; x_wconf 90' lang='lat' dir='ltr'><strong>illam</strong></span> <span class='ocrx_word' id='word_1_347' title='bbox 1400 2970 1850 3048; x_wconf 84' lang='lat' dir='ltr'><strong>recipiendam,’&#39;</strong></span> <span class='ocrx_word' id='word_1_348' title='bbox 1883 2967 1992 3029; x_wconf 62' lang='lat' dir='ltr'><strong>&amp;Q</strong></span> 
     </span>
    </p>

    <p class='ocr_par' dir='ltr' id='par_1_24' title="bbox 430 3050 2847 4303">
     <span class='ocr_line' id='line_1_34' title="bbox 515 3050 2847 3129; baseline 0.001 -21"><span class='ocrx_word' id='word_1_349' title='bbox 515 3050 663 3109; x_wconf 89' lang='lat' dir='ltr'><strong>VII.</strong></span> <span class='ocrx_word' id='word_1_350' title='bbox 710 3050 991 3110; x_wconf 79' lang='lat' dir='ltr'><strong>Caeterum</strong></span> <span class='ocrx_word' id='word_1_351' title='bbox 1019 3051 1157 3110; x_wconf 88' lang='lat' dir='ltr'><strong>licet</strong></span> <span class='ocrx_word' id='word_1_352' title='bbox 1184 3052 1245 3109; x_wconf 90' lang='lat' dir='ltr'><strong>in</strong></span> <span class='ocrx_word' id='word_1_353' title='bbox 1273 3072 1342 3110; x_wconf 92' lang='lat' dir='ltr'><strong>eo</strong></span> <span class='ocrx_word' id='word_1_354' title='bbox 1371 3071 1570 3110; x_wconf 90' lang='lat' dir='ltr'><strong>omnes</strong></span> <span class='ocrx_word' id='word_1_355' title='bbox 1599 3051 1977 3126; x_wconf 84' lang='lat' dir='ltr'><strong>consentiant,</strong></span> <span class='ocrx_word' id='word_1_356' title='bbox 2004 3052 2160 3129; x_wconf 87' lang='lat' dir='ltr'><strong>quod</strong></span> <span class='ocrx_word' id='word_1_357' title='bbox 2189 3050 2452 3111; x_wconf 89' lang='lat' dir='ltr'><strong>Christus</strong></span> <span class='ocrx_word' id='word_1_358' title='bbox 2480 3059 2741 3111; x_wconf 85' lang='lat' dir='ltr'><strong>mortuus</strong></span> <span class='ocrx_word' id='word_1_359' title='bbox 2770 3051 2847 3111; x_wconf 83' lang='lat' dir='ltr'><strong>sit</strong></span> 
     </span>
     <span class='ocr_line' id='line_1_35' title="bbox 434 3131 2844 3209; baseline 0.001 -21"><span class='ocrx_word' id='word_1_360' title='bbox 434 3150 540 3208; x_wconf 90' lang='lat' dir='ltr'><strong>pro</strong></span> <span class='ocrx_word' id='word_1_361' title='bbox 570 3131 837 3190; x_wconf 89' lang='lat' dir='ltr'><strong>omnibus</strong></span> <span class='ocrx_word' id='word_1_362' title='bbox 866 3141 924 3191; x_wconf 93' lang='lat' dir='ltr'><strong>et</strong></span> <span class='ocrx_word' id='word_1_363' title='bbox 953 3132 1236 3208; x_wconf 89' lang='lat' dir='ltr'><strong>singulis;</strong></span> <span class='ocrx_word' id='word_1_364' title='bbox 1281 3153 1395 3191; x_wconf 92' lang='lat' dir='ltr'><strong>non</strong></span> <span class='ocrx_word' id='word_1_365' title='bbox 1415 3141 1607 3191; x_wconf 89' lang='lat' dir='ltr'><strong>tamen</strong></span> <span class='ocrx_word' id='word_1_366' title='bbox 1631 3132 1831 3191; x_wconf 89' lang='lat' dir='ltr'><strong>eodem</strong></span> <span class='ocrx_word' id='word_1_367' title='bbox 1853 3132 2025 3190; x_wconf 90' lang='lat' dir='ltr'><strong>modo</strong></span> <span class='ocrx_word' id='word_1_368' title='bbox 2053 3141 2306 3191; x_wconf 89' lang='lat' dir='ltr'><strong>mentem</strong></span> <span class='ocrx_word' id='word_1_369' title='bbox 2336 3152 2498 3192; x_wconf 87' lang='lat' dir='ltr'><strong>suam</strong></span> <span class='ocrx_word' id='word_1_370' title='bbox 2528 3140 2844 3209; x_wconf 84' lang='lat' dir='ltr'><strong>exponunt.</strong></span> 
     </span>
     <span class='ocr_line' id='line_1_36' title="bbox 436 3210 2844 3289; baseline -0 -20"><span class='ocrx_word' id='word_1_371' title='bbox 436 3210 562 3269; x_wconf 91' lang='lat' dir='ltr'><strong>Alii</strong></span> <span class='ocrx_word' id='word_1_372' title='bbox 591 3212 743 3271; x_wconf 88' lang='lat' dir='ltr'><strong>enim</strong></span> <span class='ocrx_word' id='word_1_373' title='bbox 773 3221 968 3288; x_wconf 85' lang='lat' dir='ltr'><strong>aperte</strong></span> <span class='ocrx_word' id='word_1_374' title='bbox 999 3211 1291 3271; x_wconf 90' lang='lat' dir='ltr'><strong>Christum</strong></span> <span class='ocrx_word' id='word_1_375' title='bbox 1320 3233 1447 3271; x_wconf 88' lang='lat' dir='ltr'><strong>esse</strong></span> <span class='ocrx_word' id='word_1_376' title='bbox 1477 3222 1766 3272; x_wconf 88' lang='lat' dir='ltr'><strong>mortuum</strong></span> <span class='ocrx_word' id='word_1_377' title='bbox 1786 3212 2174 3272; x_wconf 87' lang='lat' dir='ltr'><strong>conditionate</strong></span> <span class='ocrx_word' id='word_1_378' title='bbox 2209 3233 2313 3289; x_wconf 89' lang='lat' dir='ltr'><strong>pro</strong></span> <span class='ocrx_word' id='word_1_379' title='bbox 2344 3213 2611 3271; x_wconf 87' lang='lat' dir='ltr'><strong>omnibus</strong></span> <span class='ocrx_word' id='word_1_380' title='bbox 2638 3221 2698 3271; x_wconf 89' lang='lat' dir='ltr'><strong>et</strong></span> <span class='ocrx_word' id='word_1_381' title='bbox 2727 3212 2844 3269; x_wconf 87' lang='lat' dir='ltr'><strong>sin-</strong></span> 
     </span>
     <span class='ocr_line' id='line_1_37' title="bbox 433 3291 2845 3369; baseline 0 -19"><span class='ocrx_word' id='word_1_382' title='bbox 433 3292 605 3368; x_wconf 80' lang='lat' dir='ltr'><strong>gulis,</strong></span> <span class='ocrx_word' id='word_1_383' title='bbox 638 3300 696 3350; x_wconf 93' lang='lat' dir='ltr'><strong>et</strong></span> <span class='ocrx_word' id='word_1_384' title='bbox 723 3292 986 3351; x_wconf 88' lang='lat' dir='ltr'><strong>absolute</strong></span> <span class='ocrx_word' id='word_1_385' title='bbox 1015 3299 1239 3350; x_wconf 90' lang='lat' dir='ltr'><strong>tantum</strong></span> <span class='ocrx_word' id='word_1_386' title='bbox 1268 3312 1372 3369; x_wconf 90' lang='lat' dir='ltr'><strong>pro</strong></span> <span class='ocrx_word' id='word_1_387' title='bbox 1404 3293 1624 3351; x_wconf 88' lang='lat' dir='ltr'><strong>Electis</strong></span> <span class='ocrx_word' id='word_1_388' title='bbox 1665 3292 1956 3366; x_wconf 83' lang='lat' dir='ltr'><strong>dixerunt,</strong></span> <span class='ocrx_word' id='word_1_389' title='bbox 1987 3302 2053 3351; x_wconf 92' lang='lat' dir='ltr'><strong>ut</strong></span> <span class='ocrx_word' id='word_1_390' title='bbox 2074 3293 2198 3369; x_wconf 91' lang='lat' dir='ltr'><strong>jam</strong></span> <span class='ocrx_word' id='word_1_391' title='bbox 2227 3291 2464 3350; x_wconf 83' lang='lat' dir='ltr'><strong>dictum.</strong></span> <span class='ocrx_word' id='word_1_392' title='bbox 2550 3291 2676 3349; x_wconf 86' lang='lat' dir='ltr'><strong>Alii</strong></span> <span class='ocrx_word' id='word_1_393' title='bbox 2704 3311 2845 3350; x_wconf 80' lang='lat' dir='ltr'><strong>vero</strong></span> 
     </span>
     <span class='ocr_line' id='line_1_38' title="bbox 432 3370 2845 3447; baseline 0 -19"><span class='ocrx_word' id='word_1_394' title='bbox 432 3370 698 3428; x_wconf 84' lang='lat' dir='ltr'><strong>videntes</strong></span> <span class='ocrx_word' id='word_1_395' title='bbox 728 3371 1070 3428; x_wconf 83' lang='lat' dir='ltr'><strong>sententiam</strong></span> <span class='ocrx_word' id='word_1_396' title='bbox 1098 3370 1268 3429; x_wconf 85' lang='lat' dir='ltr'><strong>istam</strong></span> <span class='ocrx_word' id='word_1_397' title='bbox 1311 3371 1588 3446; x_wconf 85' lang='lat' dir='ltr'><strong>gravibus</strong></span> <span class='ocrx_word' id='word_1_398' title='bbox 1629 3372 1811 3447; x_wconf 91' lang='lat' dir='ltr'><strong>premi</strong></span> <span class='ocrx_word' id='word_1_399' title='bbox 1855 3370 2138 3444; x_wconf 85' lang='lat' dir='ltr'><strong>absurdis,</strong></span> <span class='ocrx_word' id='word_1_400' title='bbox 2170 3371 2243 3427; x_wconf 88' lang='lat' dir='ltr'><strong>ab</strong></span> <span class='ocrx_word' id='word_1_401' title='bbox 2271 3390 2341 3427; x_wconf 91' lang='lat' dir='ltr'><strong>eo</strong></span> <span class='ocrx_word' id='word_1_402' title='bbox 2369 3370 2644 3446; x_wconf 88' lang='lat' dir='ltr'><strong>loquendi</strong></span> <span class='ocrx_word' id='word_1_403' title='bbox 2670 3371 2845 3429; x_wconf 91' lang='lat' dir='ltr'><strong>modo</strong></span> 
     </span>
     <span class='ocr_line' id='line_1_39' title="bbox 432 3448 2843 3525; baseline 0 -20"><span class='ocrx_word' id='word_1_404' title='bbox 432 3448 850 3521; x_wconf 87' lang='lat' dir='ltr'><strong>abstinuerunt,</strong></span> <span class='ocrx_word' id='word_1_405' title='bbox 882 3458 939 3506; x_wconf 90' lang='lat' dir='ltr'><strong>et</strong></span> <span class='ocrx_word' id='word_1_406' title='bbox 968 3448 1294 3506; x_wconf 83' lang='lat' dir='ltr'><strong>maluerunt</strong></span> <span class='ocrx_word' id='word_1_407' title='bbox 1321 3449 1509 3506; x_wconf 88' lang='lat' dir='ltr'><strong>dicere</strong></span> <span class='ocrx_word' id='word_1_408' title='bbox 1541 3449 1833 3507; x_wconf 89' lang='lat' dir='ltr'><strong>Christum</strong></span> <span class='ocrx_word' id='word_1_409' title='bbox 1857 3469 1971 3506; x_wconf 91' lang='lat' dir='ltr'><strong>non</strong></span> <span class='ocrx_word' id='word_1_410' title='bbox 1994 3469 2120 3507; x_wconf 88' lang='lat' dir='ltr'><strong>esse</strong></span> <span class='ocrx_word' id='word_1_411' title='bbox 2148 3457 2437 3507; x_wconf 89' lang='lat' dir='ltr'><strong>mortuum</strong></span> <span class='ocrx_word' id='word_1_412' title='bbox 2466 3469 2570 3525; x_wconf 89' lang='lat' dir='ltr'><strong>pro</strong></span> <span class='ocrx_word' id='word_1_413' title='bbox 2597 3448 2843 3506; x_wconf 90' lang='lat' dir='ltr'><strong>homini·</strong></span> 
     </span>
     <span class='ocr_line' id='line_1_40' title="bbox 432 3524 2844 3601; baseline 0.001 -18"><span class='ocrx_word' id='word_1_414' title='bbox 432 3526 544 3583; x_wconf 87' lang='lat' dir='ltr'><strong>bus</strong></span> <span class='ocrx_word' id='word_1_415' title='bbox 572 3544 642 3583; x_wconf 90' lang='lat' dir='ltr'><strong>ea</strong></span> <span class='ocrx_word' id='word_1_416' title='bbox 667 3525 798 3600; x_wconf 90' lang='lat' dir='ltr'><strong>lege</strong></span> <span class='ocrx_word' id='word_1_417' title='bbox 828 3526 876 3582; x_wconf 89' lang='lat' dir='ltr'><strong>si</strong></span> <span class='ocrx_word' id='word_1_418' title='bbox 919 3524 1173 3599; x_wconf 86' lang='lat' dir='ltr'><strong>credant,</strong></span> <span class='ocrx_word' id='word_1_419' title='bbox 1206 3526 1311 3584; x_wconf 88' lang='lat' dir='ltr'><strong>sed</strong></span> <span class='ocrx_word' id='word_1_420' title='bbox 1354 3527 1634 3601; x_wconf 87' lang='lat' dir='ltr'><strong>absolute,</strong></span> <span class='ocrx_word' id='word_1_421' title='bbox 1667 3529 1791 3585; x_wconf 88' lang='lat' dir='ltr'><strong>sive</strong></span> <span class='ocrx_word' id='word_1_422' title='bbox 1820 3527 2073 3600; x_wconf 90' lang='lat' dir='ltr'><strong>credant,</strong></span> <span class='ocrx_word' id='word_1_423' title='bbox 2106 3527 2230 3584; x_wconf 86' lang='lat' dir='ltr'><strong>sive</strong></span> <span class='ocrx_word' id='word_1_424' title='bbox 2258 3546 2391 3599; x_wconf 91' lang='lat' dir='ltr'><strong>non,</strong></span> <span class='ocrx_word' id='word_1_425' title='bbox 2422 3535 2490 3585; x_wconf 92' lang='lat' dir='ltr'><strong>ut</strong></span> <span class='ocrx_word' id='word_1_426' title='bbox 2516 3526 2663 3583; x_wconf 91' lang='lat' dir='ltr'><strong>liber</strong></span> <span class='ocrx_word' id='word_1_427' title='bbox 2690 3536 2844 3586; x_wconf 87' lang='lat' dir='ltr'><strong>esset</strong></span> 
     </span>
     <span class='ocr_line' id='line_1_41' title="bbox 435 3603 2844 3682; baseline 0 -20"><span class='ocrx_word' id='word_1_428' title='bbox 435 3603 702 3662; x_wconf 83' lang='lat' dir='ltr'><strong>omnibus</strong></span> <span class='ocrx_word' id='word_1_429' title='bbox 731 3603 831 3678; x_wconf 90' lang='lat' dir='ltr'><strong>qui</strong></span> <span class='ocrx_word' id='word_1_430' title='bbox 859 3603 1158 3661; x_wconf 84' lang='lat' dir='ltr'><strong>crederent</strong></span> <span class='ocrx_word' id='word_1_431' title='bbox 1186 3603 1261 3661; x_wconf 87' lang='lat' dir='ltr'><strong>ad</strong></span> <span class='ocrx_word' id='word_1_432' title='bbox 1289 3605 1534 3663; x_wconf 86' lang='lat' dir='ltr'><strong>salutem</strong></span> <span class='ocrx_word' id='word_1_433' title='bbox 1563 3606 1772 3680; x_wconf 86' lang='lat' dir='ltr'><strong>aditus,</strong></span> <span class='ocrx_word' id='word_1_434' title='bbox 1810 3614 1868 3664; x_wconf 93' lang='lat' dir='ltr'><strong>et</strong></span> <span class='ocrx_word' id='word_1_435' title='bbox 1895 3613 1962 3663; x_wconf 88' lang='lat' dir='ltr'><strong>ut</strong></span> <span class='ocrx_word' id='word_1_436' title='bbox 1989 3604 2257 3664; x_wconf 90' lang='lat' dir='ltr'><strong>omnibus</strong></span> <span class='ocrx_word' id='word_1_437' title='bbox 2285 3605 2499 3681; x_wconf 84' lang='lat' dir='ltr'><strong>pariter</strong></span> <span class='ocrx_word' id='word_1_438' title='bbox 2527 3604 2844 3682; x_wconf 86' lang='lat' dir='ltr'><strong>aperiretur</strong></span> 
     </span>
     <span class='ocr_line' id='line_1_42' title="bbox 432 3681 2840 3761; baseline 0.001 -20"><span class='ocrx_word' id='word_1_439' title='bbox 432 3683 531 3742; x_wconf 82' lang='lat' dir='ltr'><strong>via</strong></span> <span class='ocrx_word' id='word_1_440' title='bbox 558 3683 633 3741; x_wconf 89' lang='lat' dir='ltr'><strong>ad</strong></span> <span class='ocrx_word' id='word_1_441' title='bbox 659 3702 878 3740; x_wconf 84' lang='lat' dir='ltr'><strong>novum</strong></span> <span class='ocrx_word' id='word_1_442' title='bbox 898 3681 1132 3757; x_wconf 83' lang='lat' dir='ltr'><strong>Foedus,</strong></span> <span class='ocrx_word' id='word_1_443' title='bbox 1152 3692 1371 3742; x_wconf 87' lang='lat' dir='ltr'><strong>remoto</strong></span> <span class='ocrx_word' id='word_1_444' title='bbox 1390 3684 1610 3743; x_wconf 87' lang='lat' dir='ltr'><strong>scilicet</strong></span> <span class='ocrx_word' id='word_1_445' title='bbox 1632 3705 1734 3761; x_wconf 91' lang='lat' dir='ltr'><strong>per</strong></span> <span class='ocrx_word' id='word_1_446' title='bbox 1755 3694 1997 3743; x_wconf 88' lang='lat' dir='ltr'><strong>mortem</strong></span> <span class='ocrx_word' id='word_1_447' title='bbox 2021 3684 2234 3743; x_wconf 86' lang='lat' dir='ltr'><strong>Christi</strong></span> <span class='ocrx_word' id='word_1_448' title='bbox 2256 3684 2499 3760; x_wconf 74' lang='lat' dir='ltr'><strong>justitiae</strong></span> <span class='ocrx_word' id='word_1_449' title='bbox 2522 3684 2840 3760; x_wconf 88' lang='lat' dir='ltr'><strong>obstacu10,</strong></span> 
     </span>
     <span class='ocr_line' id='line_1_43' title="bbox 433 3761 2844 3842; baseline -0 -19"><span class='ocrx_word' id='word_1_450' title='bbox 433 3784 564 3841; x_wconf 84' lang='lat' dir='ltr'><strong>quae</strong></span> <span class='ocrx_word' id='word_1_451' title='bbox 593 3763 877 3836; x_wconf 86' lang='lat' dir='ltr'><strong>obstabat,</strong></span> <span class='ocrx_word' id='word_1_452' title='bbox 907 3761 1215 3839; x_wconf 87' lang='lat' dir='ltr'><strong>quominus</strong></span> <span class='ocrx_word' id='word_1_453' title='bbox 1245 3764 1406 3822; x_wconf 89' lang='lat' dir='ltr'><strong>Deus</strong></span> <span class='ocrx_word' id='word_1_454' title='bbox 1448 3783 1579 3822; x_wconf 86' lang='lat' dir='ltr'><strong>cum</strong></span> <span class='ocrx_word' id='word_1_455' title='bbox 1621 3764 1951 3823; x_wconf 89' lang='lat' dir='ltr'><strong>hominibus</strong></span> <span class='ocrx_word' id='word_1_456' title='bbox 1992 3764 2207 3841; x_wconf 90' lang='lat' dir='ltr'><strong>pacisci</strong></span> <span class='ocrx_word' id='word_1_457' title='bbox 2233 3773 2447 3842; x_wconf 89' lang='lat' dir='ltr'><strong>posset.</strong></span> <span class='ocrx_word' id='word_1_458' title='bbox 2534 3765 2622 3822; x_wconf 88' lang='lat' dir='ltr'><strong>Eo</strong></span> <span class='ocrx_word' id='word_1_459' title='bbox 2649 3773 2844 3824; x_wconf 89' lang='lat' dir='ltr'><strong>tamen</strong></span> 
     </span>
     <span class='ocr_line' id='line_1_44' title="bbox 432 3843 2843 3922; baseline 0 -19"><span class='ocrx_word' id='word_1_460' title='bbox 432 3845 648 3922; x_wconf 86' lang='lat' dir='ltr'><strong>pariter</strong></span> <span class='ocrx_word' id='word_1_461' title='bbox 669 3863 868 3902; x_wconf 91' lang='lat' dir='ltr'><strong>omnes</strong></span> <span class='ocrx_word' id='word_1_462' title='bbox 896 3843 1228 3919; x_wconf 82' lang='lat' dir='ltr'><strong>deveniunt,</strong></span> <span class='ocrx_word' id='word_1_463' title='bbox 1258 3853 1325 3903; x_wconf 90' lang='lat' dir='ltr'><strong>ut</strong></span> <span class='ocrx_word' id='word_1_464' title='bbox 1352 3843 1549 3903; x_wconf 88' lang='lat' dir='ltr'><strong>dicant</strong></span> <span class='ocrx_word' id='word_1_465' title='bbox 1577 3844 1868 3903; x_wconf 89' lang='lat' dir='ltr'><strong>Christum</strong></span> <span class='ocrx_word' id='word_1_466' title='bbox 1897 3865 2001 3922; x_wconf 91' lang='lat' dir='ltr'><strong>pro</strong></span> <span class='ocrx_word' id='word_1_467' title='bbox 2020 3844 2285 3904; x_wconf 87' lang='lat' dir='ltr'><strong>omnibus</strong></span> <span class='ocrx_word' id='word_1_468' title='bbox 2315 3853 2372 3903; x_wconf 91' lang='lat' dir='ltr'><strong>et</strong></span> <span class='ocrx_word' id='word_1_469' title='bbox 2402 3844 2648 3922; x_wconf 88' lang='lat' dir='ltr'><strong>singulis</strong></span> <span class='ocrx_word' id='word_1_470' title='bbox 2676 3845 2843 3903; x_wconf 87' lang='lat' dir='ltr'><strong>satis-</strong></span> 
     </span>
     <span class='ocr_line' id='line_1_45' title="bbox 435 3923 2843 4004; baseline 0 -20"><span class='ocrx_word' id='word_1_471' title='bbox 435 3925 658 4000; x_wconf 86' lang='lat' dir='ltr'><strong>fecisse,</strong></span> <span class='ocrx_word' id='word_1_472' title='bbox 711 3931 770 3982; x_wconf 88' lang='lat' dir='ltr'><strong>et</strong></span> <span class='ocrx_word' id='word_1_473' title='bbox 815 3923 1359 4000; x_wconf 90' lang='lat' dir='ltr'><strong>reconciliationem,</strong></span> <span class='ocrx_word' id='word_1_474' title='bbox 1409 3924 1804 3983; x_wconf 87' lang='lat' dir='ltr'><strong>remissionem</strong></span> <span class='ocrx_word' id='word_1_475' title='bbox 1852 3934 2218 4004; x_wconf 89' lang='lat' dir='ltr'><strong>peccatorum</strong></span> <span class='ocrx_word' id='word_1_476' title='bbox 2262 3934 2320 3983; x_wconf 90' lang='lat' dir='ltr'><strong>et</strong></span> <span class='ocrx_word' id='word_1_477' title='bbox 2362 3924 2604 3984; x_wconf 87' lang='lat' dir='ltr'><strong>salutem</strong></span> <span class='ocrx_word' id='word_1_478' title='bbox 2665 3925 2843 4003; x_wconf 90' lang='lat' dir='ltr'><strong>impe-</strong></span> 
     </span>
     <span class='ocr_line' id='line_1_46' title="bbox 430 4004 2843 4083; baseline 0 -19"><span class='ocrx_word' id='word_1_479' title='bbox 430 4014 632 4077; x_wconf 85' lang='lat' dir='ltr'><strong>trasse,</strong></span> <span class='ocrx_word' id='word_1_480' title='bbox 683 4024 798 4080; x_wconf 88' lang='lat' dir='ltr'><strong>qua</strong></span> <span class='ocrx_word' id='word_1_481' title='bbox 854 4005 903 4061; x_wconf 87' lang='lat' dir='ltr'><strong>si</strong></span> <span class='ocrx_word' id='word_1_482' title='bbox 957 4004 1127 4062; x_wconf 89' lang='lat' dir='ltr'><strong>multi</strong></span> <span class='ocrx_word' id='word_1_483' title='bbox 1166 4005 1482 4081; x_wconf 90' lang='lat' dir='ltr'><strong>privantur,</strong></span> <span class='ocrx_word' id='word_1_484' title='bbox 1535 4025 1765 4064; x_wconf 87' lang='lat' dir='ltr'><strong>causam</strong></span> <span class='ocrx_word' id='word_1_485' title='bbox 1823 4026 1941 4064; x_wconf 93' lang='lat' dir='ltr'><strong>non</strong></span> <span class='ocrx_word' id='word_1_486' title='bbox 1970 4026 2097 4065; x_wconf 89' lang='lat' dir='ltr'><strong>esse</strong></span> <span class='ocrx_word' id='word_1_487' title='bbox 2125 4005 2493 4083; x_wconf 77' lang='lat' dir='ltr'><strong>quaerendam</strong></span> <span class='ocrx_word' id='word_1_488' title='bbox 2536 4006 2596 4064; x_wconf 92' lang='lat' dir='ltr'><strong>in</strong></span> <span class='ocrx_word' id='word_1_489' title='bbox 2639 4006 2843 4064; x_wconf 89' lang='lat' dir='ltr'><strong>mortis</strong></span> 
     </span>
     <span class='ocr_line' id='line_1_47' title="bbox 437 4083 2844 4162; baseline -0 -18"><span class='ocrx_word' id='word_1_490' title='bbox 437 4085 652 4144; x_wconf 86' lang='lat' dir='ltr'><strong>Christi</strong></span> <span class='ocrx_word' id='word_1_491' title='bbox 696 4083 1115 4159; x_wconf 89' lang='lat' dir='ltr'><strong>insufficientia,</strong></span> <span class='ocrx_word' id='word_1_492' title='bbox 1167 4085 1264 4142; x_wconf 85' lang='lat' dir='ltr'><strong>vel</strong></span> <span class='ocrx_word' id='word_1_493' title='bbox 1312 4084 1541 4144; x_wconf 87' lang='lat' dir='ltr'><strong>defectu</strong></span> <span class='ocrx_word' id='word_1_494' title='bbox 1589 4085 1907 4145; x_wconf 83' lang='lat' dir='ltr'><strong>voluntatis</strong></span> <span class='ocrx_word' id='word_1_495' title='bbox 1962 4094 2020 4145; x_wconf 90' lang='lat' dir='ltr'><strong>et</strong></span> <span class='ocrx_word' id='word_1_496' title='bbox 2062 4086 2397 4146; x_wconf 84' lang='lat' dir='ltr'><strong>intentionis</strong></span> <span class='ocrx_word' id='word_1_497' title='bbox 2438 4087 2580 4162; x_wconf 88' lang='lat' dir='ltr'><strong>ejus,</strong></span> <span class='ocrx_word' id='word_1_498' title='bbox 2633 4085 2736 4145; x_wconf 87' lang='lat' dir='ltr'><strong>sed</strong></span> <span class='ocrx_word' id='word_1_499' title='bbox 2784 4086 2844 4143; x_wconf 91' lang='lat' dir='ltr'><strong>in</strong></span> 
     </span>
     <span class='ocr_line' id='line_1_48' title="bbox 436 4163 2842 4243; baseline 0.001 -20"><span class='ocrx_word' id='word_1_500' title='bbox 436 4166 560 4223; x_wconf 85' lang='lat' dir='ltr'><strong>sola</strong></span> <span class='ocrx_word' id='word_1_501' title='bbox 608 4166 862 4242; x_wconf 89' lang='lat' dir='ltr'><strong>ipsorum</strong></span> <span class='ocrx_word' id='word_1_502' title='bbox 909 4163 1329 4238; x_wconf 88' lang='lat' dir='ltr'><strong>incredulitate,</strong></span> <span class='ocrx_word' id='word_1_503' title='bbox 1379 4164 1480 4242; x_wconf 92' lang='lat' dir='ltr'><strong>qui</strong></span> <span class='ocrx_word' id='word_1_504' title='bbox 1527 4173 1795 4243; x_wconf 80' lang='lat' dir='ltr'><strong>proterve</strong></span> <span class='ocrx_word' id='word_1_505' title='bbox 1850 4167 2095 4243; x_wconf 87' lang='lat' dir='ltr'><strong>gratiam</strong></span> <span class='ocrx_word' id='word_1_506' title='bbox 2152 4166 2367 4224; x_wconf 88' lang='lat' dir='ltr'><strong>Christi</strong></span> <span class='ocrx_word' id='word_1_507' title='bbox 2422 4165 2535 4223; x_wconf 87' lang='lat' dir='ltr'><strong>sibi</strong></span> <span class='ocrx_word' id='word_1_508' title='bbox 2589 4164 2842 4225; x_wconf 87' lang='lat' dir='ltr'><strong>oblatam</strong></span> 
     </span>
     <span class='ocr_line' id='line_1_49' title="bbox 434 4254 730 4303; baseline 0 -1"><span class='ocrx_word' id='word_1_509' title='bbox 434 4264 526 4303; x_wconf 89' lang='lat' dir='ltr'><strong>res</strong></span> <span class='ocrx_word' id='word_1_510' title='bbox 568 4254 730 4302; x_wconf 89' lang='lat' dir='ltr'><strong>uunt.</strong></span> 
     </span>
    </p>

    <p class='ocr_par' dir='ltr' id='par_1_25' title="bbox 434 4265 2845 4720">
     <span class='ocr_line' id='line_1_50' title="bbox 515 4265 2845 4398; baseline 0 -16"><span class='ocrx_word' id='word_1_511' title='bbox 515 4265 697 4383; x_wconf 47' lang='lat'>3111.</span> <span class='ocrx_word' id='word_1_512' title='bbox 785 4323 1118 4382; x_wconf 87' lang='lat' dir='ltr'><strong>Communis</strong></span> <span class='ocrx_word' id='word_1_513' title='bbox 1144 4343 1285 4382; x_wconf 83' lang='lat' dir='ltr'><strong>vero</strong></span> <span class='ocrx_word' id='word_1_514' title='bbox 1315 4324 1776 4384; x_wconf 82' lang='lat' dir='ltr'><strong>Reformatorum</strong></span> <span class='ocrx_word' id='word_1_515' title='bbox 1806 4325 2092 4384; x_wconf 88' lang='lat' dir='ltr'><strong>sententia</strong></span> <span class='ocrx_word' id='word_1_516' title='bbox 2131 4332 2236 4398; x_wconf 88' lang='lat' dir='ltr'><strong>est,</strong></span> <span class='ocrx_word' id='word_1_517' title='bbox 2264 4322 2554 4383; x_wconf 88' lang='lat' dir='ltr'><strong>Christum</strong></span> <span class='ocrx_word' id='word_1_518' title='bbox 2583 4345 2660 4383; x_wconf 87' lang='lat' dir='ltr'><strong>ex</strong></span> <span class='ocrx_word' id='word_1_519' title='bbox 2687 4344 2845 4384; x_wconf 87' lang='lat' dir='ltr'><strong>mera</strong></span> 
     </span>
     <span class='ocr_line' id='line_1_51' title="bbox 434 4402 2844 4482; baseline 0.001 -22"><span class='ocrx_word' id='word_1_520' title='bbox 434 4402 625 4481; x_wconf 59' lang='lat' dir='ltr'><strong>1223sz</strong></span> <span class='ocrx_word' id='word_1_521' title='bbox 658 4403 847 4461; x_wconf 88' lang='lat' dir='ltr'><strong>Patris</strong></span> <span class='ocrx_word' id='word_1_522' title='bbox 896 4403 1263 4479; x_wconf 87' lang='lat' dir='ltr'><strong>destinatum,</strong></span> <span class='ocrx_word' id='word_1_523' title='bbox 1311 4413 1371 4463; x_wconf 92' lang='lat' dir='ltr'><strong>et</strong></span> <span class='ocrx_word' id='word_1_524' title='bbox 1413 4404 1612 4463; x_wconf 90' lang='lat' dir='ltr'><strong>datum</strong></span> <span class='ocrx_word' id='word_1_525' title='bbox 1658 4404 1834 4464; x_wconf 88' lang='lat' dir='ltr'><strong>fuisse</strong></span> <span class='ocrx_word' id='word_1_526' title='bbox 1887 4405 2329 4482; x_wconf 87' lang='lat' dir='ltr'><strong>Redemptorem</strong></span> <span class='ocrx_word' id='word_1_527' title='bbox 2376 4412 2434 4463; x_wconf 92' lang='lat' dir='ltr'><strong>et</strong></span> <span class='ocrx_word' id='word_1_528' title='bbox 2480 4404 2682 4482; x_wconf 90' lang='lat' dir='ltr'><strong>Caput,</strong></span> <span class='ocrx_word' id='word_1_529' title='bbox 2727 4425 2844 4463; x_wconf 91' lang='lat' dir='ltr'><strong>non</strong></span> 
     </span>
     <span class='ocr_line' id='line_1_52' title="bbox 434 4482 2845 4561; baseline 0.001 -21"><span class='ocrx_word' id='word_1_530' title='bbox 434 4484 718 4558; x_wconf 88' lang='lat' dir='ltr'><strong>omnibus,</strong></span> <span class='ocrx_word' id='word_1_531' title='bbox 765 4482 868 4540; x_wconf 87' lang='lat' dir='ltr'><strong>sed</strong></span> <span class='ocrx_word' id='word_1_532' title='bbox 912 4492 1069 4542; x_wconf 87' lang='lat' dir='ltr'><strong>certo</strong></span> <span class='ocrx_word' id='word_1_533' title='bbox 1114 4483 1409 4542; x_wconf 89' lang='lat' dir='ltr'><strong>hominum</strong></span> <span class='ocrx_word' id='word_1_534' title='bbox 1458 4505 1715 4559; x_wconf 90' lang='lat' dir='ltr'><strong>numer0,</strong></span> <span class='ocrx_word' id='word_1_535' title='bbox 1758 4486 1978 4561; x_wconf 89' lang='lat' dir='ltr'><strong>Corpus</strong></span> <span class='ocrx_word' id='word_1_536' title='bbox 2027 4485 2208 4561; x_wconf 90' lang='lat' dir='ltr'><strong>ipsius</strong></span> <span class='ocrx_word' id='word_1_537' title='bbox 2252 4484 2562 4561; x_wconf 88' lang='lat' dir='ltr'><strong>mysticum</strong></span> <span class='ocrx_word' id='word_1_538' title='bbox 2607 4506 2683 4543; x_wconf 83' lang='lat' dir='ltr'><strong>ex</strong></span> <span class='ocrx_word' id='word_1_539' title='bbox 2733 4485 2845 4543; x_wconf 90' lang='lat' dir='ltr'><strong>Dei</strong></span> 
     </span>
     <span class='ocr_line' id='line_1_53' title="bbox 437 4561 2843 4641; baseline 0.002 -24"><span class='ocrx_word' id='word_1_540' title='bbox 437 4561 734 4619; x_wconf 86' lang='lat' dir='ltr'><strong>Electione</strong></span> <span class='ocrx_word' id='word_1_541' title='bbox 784 4562 1253 4622; x_wconf 88' lang='lat' dir='ltr'><strong>constituentium</strong></span> <span class='ocrx_word' id='word_1_542' title='bbox 1277 4586 1293 4639; x_wconf 89' lang='lat'>;</span> <span class='ocrx_word' id='word_1_543' title='bbox 1358 4572 1418 4623; x_wconf 90' lang='lat' dir='ltr'><strong>et</strong></span> <span class='ocrx_word' id='word_1_544' title='bbox 1464 4585 1568 4641; x_wconf 91' lang='lat' dir='ltr'><strong>pro</strong></span> <span class='ocrx_word' id='word_1_545' title='bbox 1618 4565 1733 4623; x_wconf 87' lang='lat' dir='ltr'><strong>illis</strong></span> <span class='ocrx_word' id='word_1_546' title='bbox 1791 4564 1931 4624; x_wconf 82' lang='lat' dir='ltr'><strong>soh‘s</strong></span> <span class='ocrx_word' id='word_1_547' title='bbox 1987 4564 2279 4622; x_wconf 89' lang='lat' dir='ltr'><strong>Christum</strong></span> <span class='ocrx_word' id='word_1_548' title='bbox 2335 4565 2675 4624; x_wconf 88' lang='lat' dir='ltr'><strong>Vocationis</strong></span> <span class='ocrx_word' id='word_1_549' title='bbox 2724 4585 2843 4623; x_wconf 83' lang='lat' dir='ltr'><strong>suae</strong></span> 
     </span>
     <span class='ocr_line' id='line_1_54' title="bbox 434 4638 2841 4720; baseline 0.003 -26"><span class='ocrx_word' id='word_1_550' title='bbox 434 4638 647 4715; x_wconf 88' lang='lat' dir='ltr'><strong>optime</strong></span> <span class='ocrx_word' id='word_1_551' title='bbox 678 4640 986 4716; x_wconf 85' lang='lat' dir='ltr'><strong>conscium,</strong></span> <span class='ocrx_word' id='word_1_552' title='bbox 1017 4643 1094 4700; x_wconf 74' lang='lat' dir='ltr'><strong>ad</strong></span> <span class='ocrx_word' id='word_1_553' title='bbox 1120 4643 1524 4720; x_wconf 85' lang='lat' dir='ltr'><strong>exequendum</strong></span> <span class='ocrx_word' id='word_1_554' title='bbox 1553 4644 1848 4704; x_wconf 88' lang='lat' dir='ltr'><strong>decretum</strong></span> <span class='ocrx_word' id='word_1_555' title='bbox 1880 4644 2198 4703; x_wconf 87' lang='lat' dir='ltr'><strong>Electionis</strong></span> <span class='ocrx_word' id='word_1_556' title='bbox 2220 4653 2277 4703; x_wconf 89' lang='lat' dir='ltr'><strong>et</strong></span> <span class='ocrx_word' id='word_1_557' title='bbox 2299 4645 2600 4703; x_wconf 86' lang='lat' dir='ltr'><strong>consilium</strong></span> <span class='ocrx_word' id='word_1_558' title='bbox 2633 4645 2841 4720; x_wconf 85' lang='lat' dir='ltr'><strong>Patris,</strong></span> 
     </span>
    </p>
   </div>
  </div>
 </body>
</html>
