3221 5200
535 366 609 422 52
1456 374 1639 416 Locus
1669 376 2027 418 nnnncmus.
2433 430 2436 435 ⁴
2572 352 2822 437 [ρωεετ.
2853 374 2939 415 rx.

538 528 720 581 contr.
773 519 1021 593 Celsum,
1068 535 1124 594 p.
1179 518 1311 591 135,
1358 523 1417 574 et
1443 516 1483 574 l.
1514 519 1569 592 7,
1616 534 1674 595 p.
1705 520 1842 578 386.
1890 519 2122 577 Tertull.
2172 517 2387 594 Apolo.
2418 536 2469 575 c.
2503 518 2595 592 12,
2647 524 2706 575 et
2732 514 2835 574 lib.
2865 514 2937 574 de

542 600 895 660 Idololatria.
930 597 1225 657 Clementis
1250 597 1535 655 Alexand.
1566 598 1628 655 in
1655 605 1930 675 protrept.
1960 600 2208 657 Lacta‘nt
2231 598 2333 656 lib.
2363 597 2423 655 ii.
2454 616 2504 655 c.
2529 599 2581 654 1.
2624 596 2945 671 Epiphanii

541 681 708 757 epist.
737 679 812 737 ad
838 679 882 738 J
885 679 1054 737 ohan.
1085 676 1316 735 Hieros.
1337 676 1404 734 T.
1427 676 1504 752 ii.,
1526 678 1683 754 quod
1710 678 1952 737 refertur
1979 679 2053 737 ab
2083 680 2325 737 Hieron.
2347 677 2515 754 epist.
2537 679 2631 752 61,
2662 676 2740 733 ad
2767 675 2940 733 Pam-

539 759 857 835 machium;
902 756 1202 834 Anqustini
1225 757 1285 813 in
1308 756 1459 815 Psal.
1484 757 1641 815 cxiii.
1698 763 1754 816 2.
1776 758 1872 816 Ex
1894 759 2153 817 Concilio
2173 757 2513 831 Elibertino,
2538 756 2638 815 ubi
2666 775 2941 832 expresse

539 841 623 900 ita
663 839 932 913 sancitur,
966 839 1104 896 Can.
1136 839 1231 912 36,
1279 838 1315 870 “
1345 837 1571 895 Placuit
1598 837 1849 913 picturas
1889 839 1953 896 in
1993 838 2273 897 Ecclesiis
2298 857 2426 896 esse
2466 856 2586 894 non
2612 835 2839 910 debere,
2869 855 2944 893 ne

540 918 698 998 quod
725 919 934 977 colitur
960 926 1060 977 aut
1086 916 1357 975 adoratur
1384 916 1444 974 in
1471 916 1787 995 parietibus
1815 917 2221 996 depingatur.'’
2305 921 2362 976 3.
2395 916 2544 991 Quia
2573 916 2778 974 Patres
2822 915 2942 973 cul-

540 1009 664 1059 tum
696 999 1023 1075 Imaginum
1049 996 1264 1076 passim
1295 997 1548 1073 Paganis
1575 998 1874 1074 objiciunt,
1919 1007 1977 1057 et
2007 999 2272 1058 Gentiles
2300 996 2642 1056 Christianis
2668 995 2945 1073 probrum

540 1081 650 1138 hoc
678 1078 1083 1155 objicientibus
1123 1076 1549 1153 respondentes,
1582 1078 1801 1136 cultum
1831 1078 2158 1155 Imaginum
2189 1077 2342 1156 apud
2385 1076 2741 1135 Christianos
2766 1075 2947 1133 usita-

541 1168 666 1218 tum
694 1177 987 1233 nunquam
1016 1155 1262 1215 afferunt
1307 1156 1381 1214 ad
1408 1156 1722 1215 tollendam
1764 1166 1864 1216 aut
1903 1158 2281 1236 mitigandam
2310 1156 2513 1215 saltem
2542 1176 2661 1215 snae
2687 1155 2749 1212 in
2778 1153 2951 1212 Idola

545 1236 964 1316 superstitionis
992 1235 1287 1312 invidiam,
1332 1236 1487 1312 quod
1526 1255 1645 1294 non
1687 1237 2017 1297 omisissent
2056 1237 2450 1316 proculdubiO,
2483 1236 2533 1294 si
2560 1236 2674 1294 tale
2704 1233 2847 1312 quid
2887 1233 2951 1291 in

544 1338 653 1376 usu
691 1318 815 1394 jam
859 1316 1063 1376 fuisset
1109 1315 1263 1392 apud
1312 1316 1700 1393 Christianos3
1747 1316 1896 1391 Quia
1943 1338 2058 1377 non
2100 1317 2271 1377 modo
2298 1315 2445 1373 nihil
2489 1316 2603 1375 tale
2641 1322 2948 1391 reponunt,

545 1397 649 1456 sed
676 1396 962 1456 defectum
990 1396 1254 1453 altarium
1283 1403 1340 1453 et
1368 1395 1801 1456 simulacrorum
1828 1406 2102 1476 tanquam
2128 1397 2481 1475 impietatem
2502 1395 2811 1452 maximam
2833 1393 2956 1451 illis

546 1476 844 1554 objiciunt,
895 1496 929 1533 a
976 1495 1091 1551 quo
1139 1482 1204 1533 ιιι
1252 1494 1313 1533 se
1355 1484 1603 1552 purgent
1631 1477 1866 1536 crimine
1897 1478 2224 1552 Christiani,
2254 1484 2480 1535 tantum
2507 1475 2671 1533 abest
2696 1483 2764 1533 ut
2789 1473 2953 1549 quic-

544 1576 718 1634 quam
766 1555 837 1614 de
885 1555 1211 1631 Imaginum
1259 1574 1369 1613 usu
1416 1555 1513 1614 vel
1560 1556 1720 1616 cultu
1763 1557 1918 1634 apud
1962 1577 2024 1616 se
2066 1557 2332 1629 referant,
2376 1555 2517 1632 quin
2552 1554 2745 1632 potius
2772 1553 2956 1611 variis

546 1635 865 1694 rationibus
894 1643 1141 1709 utantur,
1174 1654 1303 1711 quae
1331 1635 1605 1694 evincunt
1633 1636 2003 1713 impossibile,
2035 1646 2135 1696 aut
2161 1636 2444 1711 illicitum,
2477 1643 2535 1693 et
2561 1633 2764 1692 inutile
2795 1632 2952 1690 Ima·

546 1716 712 1793 gines
759 1714 1079 1773 divinitatis
1126 1713 1350 1789 facere;
1396 1714 1565 1789 Quod
1606 1716 1788 1775 Judei
1826 1716 1887 1773 in
1916 1716 2402 1794 disputationibus
2449 1734 2581 1773 cum
2611 1712 2959 1772 Christianis

545 1795 863 1871 imaginum
892 1794 1126 1869 cultum,
1157 1794 1259 1871 qui
1286 1794 1427 1872 ipsis
1456 1815 1678 1854 summe
1706 1815 1919 1855 exosus
1947 1806 2086 1870 erat,
2116 1815 2413 1873 nunquam
2440 1793 2756 1872 objiciunt;
2803 1792 2958 1867 Quia

545 1875 695 1932 varii
722 1894 797 1932 ex
827 1873 1096 1932 Patribus
1124 1873 1331 1933 Artem
1357 1874 1674 1951 pictoriam,
1705 1877 1801 1934 vel
1838 1884 1905 1935 ιιι
1930 1877 2192 1935 absolute
2220 1875 2497 1948 illicitam,
2528 1874 2625 1932 vel
2651 1881 2717 1931 ut
2744 1891 2959 1929 vanam
3038 1906 3045 1911 -

547 1963 605 2013 et
633 1953 894 2012 inutilem
924 1952 1301 2028 damnarunt;
1348 1955 1441 2011 Ex
1483 1956 1696 2030 quibus
1737 1962 1795 2014 et
1823 1955 2108 2015 similibus
2136 1956 2265 2014 aliis
2292 1953 2628 2027 rationibus,
2659 1952 2958 2029 colligitur

545 2034 762 2092 invicte
791 2033 850 2090 in
881 2032 1143 2095 Ecclesia
1181 2033 1474 2110 primitiva
1515 2035 1734 2093 cultum
1779 2035 2105 2113 Imaginum
2148 2035 2402 2094 nondum
2431 2033 2765 2106 obtinuisse,
2796 2030 2960 2107 quod

549 2113 731 2172 solide
799 2132 957 2171 more
1008 2131 1112 2171 suo
1161 2112 1523 2189 persequitur
1567 2114 1824 2174 Celeber.
1876 2116 2153 2188 Dallaeus,
2203 2114 2306 2173 lib.
2335 2114 2374 2171 i.
2418 2122 2476 2172 et
2532 2113 2590 2170 ii.
2634 2112 2705 2170 de
2763 2112 2953 2187 Imag.

547 2197 604 2251 4.
637 2193 785 2266 Quia
810 2213 926 2251 non
953 2192 1122 2269 pauci
1150 2211 1225 2249 ex
1257 2192 1575 2251 Pontificiis
1602 2194 1713 2252 hoc
1751 2193 2019 2253 fatentur.
2107 2195 2447 2267 Cassander,
2484 2193 2728 2252 Consule.
2760 2191 2848 2249 tit.
2878 2189 2956 2248 de

549 2272 798 2348 Imagin.
821 2294 835 2330 z
881 2275 918 2304 ‘⁴
948 2273 1181 2330 Certum
1222 2280 1312 2330 est
1352 2272 1517 2331 initio
1544 2273 1842 2349 praedicati
1871 2273 2181 2350 Evangelii
2207 2273 2501 2349 aliquanto
2523 2280 2778 2349 tempore
2807 2270 2962 2327 inter

549 2351 905 2411 Christianos
933 2351 1249 2427 praesertim
1277 2351 1339 2408 in
1368 2352 1647 2411 Ecclesiis
1678 2353 2005 2429 Imaginum
2033 2373 2200 2411 usum
2230 2372 2346 2410 non
2373 2352 2610 2410 suisse.''
2697 2351 2775 2408 Et
2801 2357 2953 2426 post,

548 2434 583 2463 ‘⁴
612 2439 889 2509 quantum
934 2440 1126 2489 autem
1170 2438 1397 2489 veteres
1442 2432 1605 2490 initio
1650 2432 1926 2491 Ecclesiae
1955 2432 2028 2490 ab
2057 2431 2211 2491 omni
2242 2431 2609 2489 veneratione
2637 2428 2959 2506 imaginum

545 2511 961 2584 abhorruerint,
992 2510 1246 2568 declarat
1271 2531 1422 2568 unus
1451 2510 1790 2587 Origenes,''
1822 2509 1931 2569 ἕω.
2017 2512 2053 2543 “
2082 2510 2340 2569 Tandem
2380 2510 2633 2588 picturas
2660 2509 2721 2566 in
2749 2508 2959 2566 Eccle-

546 2591 689 2650 siam
734 2589 1053 2649 admissas’'
1103 2588 1201 2665 ait,
1269 2591 1304 2623 “
1345 2596 1411 2648 ιιι
1458 2610 1648 2649 rerum
1698 2598 1987 2668 gestarum
2044 2590 2340 2650 historiam
2389 2589 2790 2667 exprimentes,
2855 2594 2966 2646 aut

551 2671 891 2729 Sanctorum
934 2670 1207 2727 Virorum
1250 2689 1417 2728 veras
1465 2669 1685 2746 effigies
1738 2669 2107 2746 referenteS,”
2165 2669 2273 2729 &Q
2345 2670 2569 2727 Erasm.
2598 2669 2658 2726 in
2690 2668 2923 2727 Catech.
2942 2689 2960 2726 ε

550 2753 586 2782 “
618 2749 820 2825 Usque
848 2748 922 2807 ad
952 2757 1179 2807 aetatem
1208 2748 1552 2824 Hieronymi
1581 2758 1745 2808 erant
1770 2751 2027 2827 probatae
2057 2750 2381 2827 Religionis
2398 2749 2544 2824 Viri,
2569 2749 2668 2824 qui
2695 2748 2757 2806 in
2783 2748 2957 2806 Tem-

546 2829 660 2907 plis
688 2828 907 2886 nullam
936 2827 1197 2887 ferebant
1222 2827 1551 2905 imaginem,
1582 2849 1690 2888 nec
1718 2830 1947 2906 pictam,
1978 2850 2086 2889 nec
2113 2830 2414 2907 sculptam,
2445 2849 2552 2887 nec
2579 2836 2816 2902 textam,
2847 2847 2960 2886 nec

550 2908 764 2969 Christi
791 2907 1083 2984 quidem,''
1114 2905 1222 2966 &m
1307 2907 1535 2966 Ibidem
1560 2930 1574 2967 τ
1623 2911 1659 2942 “
1688 2909 1838 2967 Nam
1867 2919 1933 2968 ut
1961 2909 2253 2987 Imagines
2283 2910 2398 2968 sint
2425 2909 2485 2965 in
2513 2907 2768 2984 Templis
2793 2906 2962 2965 nulla

546 2988 821 3067 praecepit
847 2988 945 3046 vel
971 2988 1223 3046 humana
1250 2988 1614 3064 constitutio;
1665 2997 1725 3048 et
1766 2998 1831 3048 ut
1859 2988 2083 3048 facilius
2111 2998 2215 3064 est,
2262 2989 2343 3047 ita
2372 2989 2553 3047 tutius
2579 3001 2804 3064 quoque
2832 3006 2959 3043 om-

548 3089 652 3128 nes
699 3068 994 3145 Imagines
1041 3088 1073 3127 e
1101 3068 1360 3145 Templis
1408 3068 1810 3128 submovere.'’
1898 3069 2083 3128 Lilius
2113 3068 2426 3145 Gyraldus,
2464 3068 2707 3144 Syntag.
2734 3066 2836 3124 lib.
2879 3065 2957 3124 de

549 3149 680 3209 Diis
708 3149 985 3227 gentium,
1016 3168 1132 3226 pag
1160 3151 1238 3207 20
1264 3170 1278 3207 ι
1324 3151 1360 3181 “
1390 3148 1550 3207 Illud
1577 3157 1732 3208 certe
1760 3167 1875 3207 non
1904 3150 2354 3225 praetermittam,
2398 3167 2522 3221 nOS,
2553 3146 2684 3205 dico
2714 3145 2955 3204 Christi-

547 3250 705 3306 anos,
760 3238 824 3288 ut
867 3228 1178 3306 aliquando
1225 3229 1536 3303 Romanos,
1581 3228 1759 3289 fuisse
1805 3228 1928 3288 sine
1976 3228 2354 3306 Imaginibus,
2401 3227 2462 3285 in
2504 3226 2801 3304 primitiva
2825 3244 2957 3300 quae

547 3319 788 3369 vocatur
816 3309 1137 3368 Ecclesia.’'
1183 3308 1455 3383 Polydor.
1480 3308 1693 3385 Virgil.
1722 3308 1795 3367 de
1825 3309 2030 3366 Inven.
2049 3328 2254 3384 rerum,
2278 3308 2379 3366 lib.
2400 3307 2480 3365 vi.
2509 3326 2558 3364 c.
2592 3308 2684 3378 13,
2715 3312 2963 3363 testatur

550 3393 586 3422 ‘⁴
621 3388 1109 3447 Simulachrorum
1137 3387 1354 3445 cultum
1383 3406 1583 3445 omnes
1612 3386 1729 3446 fere
1757 3396 1984 3446 veteres
2014 3388 2216 3446 Patres
2250 3386 2584 3459 damnasses,
2636 3385 2713 3442 ob
2739 3391 2959 3442 metum

548 3467 904 3540 idololatrias,
925 3485 1041 3541 qua
1058 3465 1280 3523 nullum
1300 3465 1682 3524 execrabilius
1704 3467 1919 3525 crimen
1937 3487 2063 3525 esse
2082 3468 2330 3544 potest.''
2351 3467 2492 3541 Quae
2513 3465 2694 3524 verba
2713 3483 2845 3522 cum
2867 3483 2957 3521 se-

548 3545 875 3622 quentibuS,
895 3544 1106 3621 quibus
1135 3543 1387 3619 docetur,
1415 3545 1640 3602 Moscm
1667 3546 1814 3603 nihil
1841 3547 2027 3623 magis
2054 3546 2389 3621 inculcasse,
2409 3565 2582 3623 quam
2608 3563 2683 3601 ne
2710 3543 2964 3620 populus

549 3624 772 3701 aliquid
818 3622 1207 3682 manufactum
1252 3633 1594 3698 veneretur3
1650 3633 1709 3683 et
1763 3626 2111 3702 Prophetam
2166 3626 2401 3699 dixisse,
2450 3627 2485 3657 ‘⁴
2534 3621 2962 3683 confundantur

551 3723 768 3779 omnes,
800 3703 898 3779 qui
947 3702 1188 3761 adorant
1236 3703 1584 3780 sculptilia‚’'
1632 3704 1821 3765 Index
1850 3706 2173 3783 Expurgat.
2223 3726 2300 3763 ex
2348 3703 2590 3764 Concilii
2637 3701 2966 3760 Tridentini

548 3784 841 3844 sanctione
870 3782 1118 3842 delenda
1143 3783 1383 3842 censuit.

632 3865 776 3924 XV.
822 3864 1099 3938 Quamvis
1128 3882 1267 3921 vero
1315 3870 1447 3941 post
1487 3872 1756 3940 quartum
1798 3865 2072 3940 seculum,
2119 3863 2227 3923 sub
2256 3863 2482 3923 initium
2510 3860 2714 3938 quinti,
2758 3860 2955 3918 Pauli·

547 3966 653 4004 nus
683 3944 1006 4022 Episcopus
1036 3943 1313 4018 Nolanus,
1345 3951 1404 4002 et
1430 3944 1667 4002 Sevmoe
1697 3944 2077 4004 Bituricensis
2106 3944 2446 4021 Episcopus,
2489 3942 2743 4018 picturas
2785 3958 2955 4016 quas-

549 4026 682 4083 dam
709 4024 1014 4082 historicas
1056 4023 1383 4082 curaverint
1424 4023 1483 4080 in
1525 4023 1797 4099 basiliciS,
1843 4044 1987 4100 quas
2027 4030 2421 4097 extruxerant,
2465 4019 2794 4093 faciendas3
2838 4038 2960 4076 non

548 4105 680 4164 ideo
706 4104 899 4179 fiebat,
931 4111 997 4162 ut
1025 4110 1218 4162 essent
1246 4103 1528 4179 imagines
1557 4103 1713 4162 illius
1742 4103 1899 4179 quod
1925 4103 2194 4179 religiose
2222 4103 2446 4174 colitur,
2497 4119 2683 4175 neque
2721 4107 2788 4158 ut
2814 4098 2959 4174 ipsse

549 4185 665 4243 illae
693 4185 932 4261 picturae
975 4183 1243 4259 religiose
1285 4182 1646 4255 colerentur;
1692 4182 1797 4241 sed
1837 4190 2059 4241 tantum
2087 4191 2153 4241 ut
2180 4189 2374 4240 essent
2399 4179 2674 4238 historica
2700 4186 2758 4236 et
2800 4197 2957 4235 com-

549 4265 855 4324 monitoria
896 4263 1177 4340 symbola,
1206 4282 1431 4320 necnon
1472 4261 1840 4321 basilicarum
1882 4269 2232 4336 ornamenta,
2262 4269 2328 4319 ut
2355 4268 2516 4337 patet
2542 4278 2618 4316 ex
2644 4257 2848 4333 episto.
2884 4258 2957 4314 13

552 4343 780 4402 Paulini
809 4343 883 4401 ad
915 4343 1211 4402 Severum.
1257 4342 1402 4400 Cum
1429 4360 1569 4399 vero
1595 4341 1873 4418 paulatim
1915 4362 1989 4400 ex
2030 4360 2139 4399 usu
2170 4340 2515 4417 Imaginum,
2547 4338 2737 4396 cultus
2764 4354 2965 4393 earum

549 4443 585 4479 a
612 4421 987 4498 quisbusdam
1017 4421 1487 4495 introduceretur,
1518 4420 1730 4479 factum
1762 4430 1850 4479 est
1876 4428 1943 4480 ut
1970 4420 2133 4478 initio
2162 4421 2313 4478 sexti
2342 4418 2522 4477 seculi
2541 4418 2784 4476 Serenus
2802 4415 2961 4472 Mas-

551 4501 799 4559 siliensis
829 4502 1152 4579 Episcopus
1200 4510 1259 4559 et
1292 4500 1603 4577 Greqorius
1629 4502 1682 4557 I.
1715 4500 2010 4558 Romanus
2036 4499 2171 4558 huic
2200 4497 2592 4576 superstitioni
2619 4494 2850 4553 obviam
2879 4492 2965 4551 ire

550 4579 855 4654 voluerint,
886 4581 1022 4640 licet
1050 4582 1280 4639 diversa
1306 4581 1440 4654 νίας
1488 4580 1596 4638 Ille
1646 4579 1880 4655 quidem
1926 4599 2026 4637 eas
2071 4578 2326 4637 tollendo
2353 4577 2601 4654 penitus,
2655 4574 2776 4633 Iste
2819 4592 2961 4630 vero

551 4658 850 4721 retinendo
898 4660 1151 4737 quidem,
1200 4660 1304 4719 sed
1348 4659 1549 4719 sedulo
1593 4659 1870 4737 populum
1920 4658 2206 4718 monendo
2255 4657 2331 4716 ad
2358 4655 2694 4715 memoriam
2733 4659 2963 4710 tantum
