<?xml version="1.0" encoding="UTF-8"?>
<!DOCTYPE html PUBLIC "-//W3C//DTD XHTML 1.0 Transitional//EN"
    "http://www.w3.org/TR/xhtml1/DTD/xhtml1-transitional.dtd">
<html xmlns="http://www.w3.org/1999/xhtml" xml:lang="en" lang="en">
 <head>
  <title>
</title>
<meta http-equiv="Content-Type" content="text/html;charset=utf-8" />
  <meta name='ocr-system' content='tesseract 3.04.00' />
  <meta name='ocr-capabilities' content='ocr_page ocr_carea ocr_par ocr_line ocrx_word'/>
</head>
<body>
  <div class='ocr_page' id='page_1' title='image "./institutiotheol01turrgoog_0617.png"; bbox 0 0 3221 5200; ppageno 0'>
   <div class='ocr_carea' id='block_1_1' title="bbox 205 345 2720 427">
    <p class='ocr_par' dir='ltr' id='par_1_1' title="bbox 205 345 2720 427">
     <span class='ocr_line' id='line_1_1' title="bbox 205 345 2720 427; baseline 0.005 -20"><span class='ocrx_word' id='word_1_1' title='bbox 205 351 237 363; x_wconf 72' lang='lat'>&#39;⁷</span> <span class='ocrx_word' id='word_1_2' title='bbox 294 367 531 413; x_wconf 76' lang='lat' dir='ltr'><strong>QUAEST.</strong></span> <span class='ocrx_word' id='word_1_3' title='bbox 562 345 698 427; x_wconf 67' lang='lat' dir='ltr'>vu]</span> <span class='ocrx_word' id='word_1_4' title='bbox 1203 370 1280 410; x_wconf 72' lang='lat' dir='ltr'>ne</span> <span class='ocrx_word' id='word_1_5' title='bbox 1322 371 1838 414; x_wconf 72' lang='lat' dir='ltr'>JUSTIFICATIONE.</span> <span class='ocrx_word' id='word_1_6' title='bbox 2606 361 2720 419; x_wconf 79' lang='lat'>689</span> 
     </span>
    </p>
   </div>
   <div class='ocr_carea' id='block_1_2' title="bbox 295 510 2732 2072">
    <p class='ocr_par' dir='ltr' id='par_1_2' title="bbox 295 510 2732 2072">
     <span class='ocr_line' id='line_1_2' title="bbox 302 510 2726 586; baseline 0.004 -20"><span class='ocrx_word' id='word_1_7' title='bbox 302 510 451 566; x_wconf 88' lang='lat' dir='ltr'>dam</span> <span class='ocrx_word' id='word_1_8' title='bbox 481 522 845 583; x_wconf 80' lang='lat' dir='ltr'>cooperetur,</span> <span class='ocrx_word' id='word_1_9' title='bbox 877 519 935 568; x_wconf 89' lang='lat' dir='ltr'>et</span> <span class='ocrx_word' id='word_1_10' title='bbox 965 513 1133 568; x_wconf 89' lang='lat' dir='ltr'>nulla</span> <span class='ocrx_word' id='word_1_11' title='bbox 1161 531 1234 568; x_wconf 81' lang='lat' dir='ltr'>ex</span> <span class='ocrx_word' id='word_1_12' title='bbox 1263 521 1430 586; x_wconf 88' lang='lat' dir='ltr'>parte</span> <span class='ocrx_word' id='word_1_13' title='bbox 1458 530 1691 569; x_wconf 86' lang='lat' dir='ltr'>necesse</span> <span class='ocrx_word' id='word_1_14' title='bbox 1719 532 1860 580; x_wconf 87' lang='lat' dir='ltr'>esse,</span> <span class='ocrx_word' id='word_1_15' title='bbox 1891 531 2028 570; x_wconf 90' lang='lat' dir='ltr'>cum</span> <span class='ocrx_word' id='word_1_16' title='bbox 2056 531 2178 570; x_wconf 83' lang='lat' dir='ltr'>suae</span> <span class='ocrx_word' id='word_1_17' title='bbox 2202 516 2530 573; x_wconf 82' lang='lat' dir='ltr'>voluntatis</span> <span class='ocrx_word' id='word_1_18' title='bbox 2559 529 2726 576; x_wconf 89' lang='lat' dir='ltr'>motu</span> 
     </span>
     <span class='ocr_line' id='line_1_3' title="bbox 301 588 2721 663; baseline 0.005 -21"><span class='ocrx_word' id='word_1_19' title='bbox 301 588 630 662; x_wconf 83' lang='lat' dir='ltr'>praeparari</span> <span class='ocrx_word' id='word_1_20' title='bbox 679 596 738 644; x_wconf 93' lang='lat' dir='ltr'>et</span> <span class='ocrx_word' id='word_1_21' title='bbox 781 590 1033 663; x_wconf 88' lang='lat' dir='ltr'>disponi,</span> <span class='ocrx_word' id='word_1_22' title='bbox 1080 590 1425 646; x_wconf 77' lang='lat' dir='ltr'>Anathcina</span> <span class='ocrx_word' id='word_1_23' title='bbox 1472 592 1605 647; x_wconf 89' lang='lat' dir='ltr'>sit.’&#39;</span> <span class='ocrx_word' id='word_1_24' title='bbox 1734 592 1814 648; x_wconf 88' lang='lat' dir='ltr'>Et</span> <span class='ocrx_word' id='word_1_25' title='bbox 1857 592 2137 649; x_wconf 81' lang='lat' dir='ltr'>Bellarm.</span> <span class='ocrx_word' id='word_1_26' title='bbox 2178 594 2280 650; x_wconf 90' lang='lat' dir='ltr'>lib.</span> <span class='ocrx_word' id='word_1_27' title='bbox 2312 594 2348 650; x_wconf 90' lang='lat' dir='ltr'>i.</span> <span class='ocrx_word' id='word_1_28' title='bbox 2380 596 2454 650; x_wconf 91' lang='lat' dir='ltr'>de</span> <span class='ocrx_word' id='word_1_29' title='bbox 2495 594 2538 650; x_wconf 88' lang='lat' dir='ltr'>J</span> <span class='ocrx_word' id='word_1_30' title='bbox 2547 598 2721 655; x_wconf 86' lang='lat' dir='ltr'>ustifi.</span> 
     </span>
     <span class='ocr_line' id='line_1_4' title="bbox 302 665 2723 747; baseline 0.004 -26"><span class='ocrx_word' id='word_1_31' title='bbox 302 684 436 738; x_wconf 87' lang='lat' dir='ltr'>cap.</span> <span class='ocrx_word' id='word_1_32' title='bbox 474 665 563 732; x_wconf 89' lang='lat'>13,</span> <span class='ocrx_word' id='word_1_33' title='bbox 596 671 633 698; x_wconf 74' lang='lat'>‘⁶</span> <span class='ocrx_word' id='word_1_34' title='bbox 653 667 922 737; x_wconf 88' lang='lat' dir='ltr'>Fide1n‚&#39;&#39;</span> <span class='ocrx_word' id='word_1_35' title='bbox 954 669 1055 736; x_wconf 90' lang='lat' dir='ltr'>ait,</span> <span class='ocrx_word' id='word_1_36' title='bbox 1100 675 1137 733; x_wconf 64' lang='lat'>‚“</span> <span class='ocrx_word' id='word_1_37' title='bbox 1153 670 1477 741; x_wconf 88' lang='lat' dir='ltr'>justificare</span> <span class='ocrx_word' id='word_1_38' title='bbox 1508 677 1576 726; x_wconf 92' lang='lat' dir='ltr'>ut</span> <span class='ocrx_word' id='word_1_39' title='bbox 1603 669 1841 725; x_wconf 89' lang='lat' dir='ltr'>initium</span> <span class='ocrx_word' id='word_1_40' title='bbox 1871 678 1930 726; x_wconf 87' lang='lat' dir='ltr'>et</span> <span class='ocrx_word' id='word_1_41' title='bbox 1960 671 2217 727; x_wconf 86' lang='lat' dir='ltr'>radicem</span> <span class='ocrx_word' id='word_1_42' title='bbox 2258 672 2723 747; x_wconf 88' lang='lat' dir='ltr'>justificationis,</span> 
     </span>
     <span class='ocr_line' id='line_1_5' title="bbox 300 744 2726 821; baseline 0.005 -22"><span class='ocrx_word' id='word_1_43' title='bbox 300 744 453 818; x_wconf 90' lang='lat' dir='ltr'>quia</span> <span class='ocrx_word' id='word_1_44' title='bbox 501 752 588 799; x_wconf 87' lang='lat' dir='ltr'>est</span> <span class='ocrx_word' id='word_1_45' title='bbox 649 746 844 819; x_wconf 87' lang='lat' dir='ltr'>prima</span> <span class='ocrx_word' id='word_1_46' title='bbox 890 746 1075 802; x_wconf 88' lang='lat' dir='ltr'>motio</span> <span class='ocrx_word' id='word_1_47' title='bbox 1122 747 1183 802; x_wconf 91' lang='lat' dir='ltr'>in</span> <span class='ocrx_word' id='word_1_48' title='bbox 1236 747 1451 815; x_wconf 88' lang='lat' dir='ltr'>Deum,</span> <span class='ocrx_word' id='word_1_49' title='bbox 1510 755 1744 821; x_wconf 74' lang='lat' dir='ltr'>oportet</span> <span class='ocrx_word' id='word_1_50' title='bbox 1785 748 1944 804; x_wconf 89' lang='lat' dir='ltr'>enim</span> <span class='ocrx_word' id='word_1_51' title='bbox 1987 751 2355 804; x_wconf 83' lang='lat' dir='ltr'>accedentem</span> <span class='ocrx_word' id='word_1_52' title='bbox 2401 752 2477 805; x_wconf 87' lang='lat' dir='ltr'>ad</span> <span class='ocrx_word' id='word_1_53' title='bbox 2529 751 2726 810; x_wconf 88' lang='lat' dir='ltr'>Deum</span> 
     </span>
     <span class='ocr_line' id='line_1_6' title="bbox 304 823 2722 903; baseline 0.003 -23"><span class='ocrx_word' id='word_1_54' title='bbox 304 825 547 880; x_wconf 89' lang='lat' dir='ltr'>credere</span> <span class='ocrx_word' id='word_1_55' title='bbox 588 824 750 896; x_wconf 88' lang='lat' dir='ltr'>quod</span> <span class='ocrx_word' id='word_1_56' title='bbox 796 823 959 879; x_wconf 90' lang='lat' dir='ltr'>Deus</span> <span class='ocrx_word' id='word_1_57' title='bbox 987 825 1131 880; x_wconf 90' lang='lat' dir='ltr'>est.&#39;’</span> <span class='ocrx_word' id='word_1_58' title='bbox 1218 824 1370 891; x_wconf 86' lang='lat' dir='ltr'>Quae</span> <span class='ocrx_word' id='word_1_59' title='bbox 1414 827 1706 882; x_wconf 88' lang='lat' dir='ltr'>sententia</span> <span class='ocrx_word' id='word_1_60' title='bbox 1745 827 1958 883; x_wconf 89' lang='lat' dir='ltr'>nititur</span> <span class='ocrx_word' id='word_1_61' title='bbox 1997 826 2148 883; x_wconf 85' lang='lat' dir='ltr'>falsa</span> <span class='ocrx_word' id='word_1_62' title='bbox 2190 829 2518 900; x_wconf 80' lang='lat' dir='ltr'>hypothesi,</span> <span class='ocrx_word' id='word_1_63' title='bbox 2550 831 2722 903; x_wconf 86' lang='lat' dir='ltr'>quasi</span> 
     </span>
     <span class='ocr_line' id='line_1_7' title="bbox 295 901 2725 979; baseline 0.003 -23"><span class='ocrx_word' id='word_1_64' title='bbox 295 901 653 975; x_wconf 86' lang='lat' dir='ltr'>justificatio</span> <span class='ocrx_word' id='word_1_65' title='bbox 692 902 971 957; x_wconf 78' lang='lat' dir='ltr'>consistat</span> <span class='ocrx_word' id='word_1_66' title='bbox 1008 902 1066 957; x_wconf 93' lang='lat' dir='ltr'>in</span> <span class='ocrx_word' id='word_1_67' title='bbox 1098 902 1398 958; x_wconf 86' lang='lat' dir='ltr'>infusione</span> <span class='ocrx_word' id='word_1_68' title='bbox 1431 904 1703 976; x_wconf 52' lang='lat' dir='ltr'>justitae,</span> <span class='ocrx_word' id='word_1_69' title='bbox 1733 915 1793 960; x_wconf 88' lang='lat' dir='ltr'>et</span> <span class='ocrx_word' id='word_1_70' title='bbox 1821 905 1896 960; x_wconf 88' lang='lat' dir='ltr'>sit</span> <span class='ocrx_word' id='word_1_71' title='bbox 1922 913 2120 961; x_wconf 89' lang='lat' dir='ltr'>motus</span> <span class='ocrx_word' id='word_1_72' title='bbox 2157 906 2400 978; x_wconf 86' lang='lat' dir='ltr'>quidam</span> <span class='ocrx_word' id='word_1_73' title='bbox 2429 908 2725 979; x_wconf 79' lang='lat' dir='ltr'>physicuS‚</span> 
     </span>
     <span class='ocr_line' id='line_1_8' title="bbox 305 978 2696 1055; baseline 0.004 -21"><span class='ocrx_word' id='word_1_74' title='bbox 305 982 417 1054; x_wconf 91' lang='lat' dir='ltr'>qui</span> <span class='ocrx_word' id='word_1_75' title='bbox 447 979 645 1052; x_wconf 82' lang='lat' dir='ltr'>exigat</span> <span class='ocrx_word' id='word_1_76' title='bbox 672 979 1087 1053; x_wconf 90' lang='lat' dir='ltr'>dispositioncs</span> <span class='ocrx_word' id='word_1_77' title='bbox 1118 980 1367 1053; x_wconf 77' lang='lat' dir='ltr'>praevias</span> <span class='ocrx_word' id='word_1_78' title='bbox 1395 981 1457 1036; x_wconf 91' lang='lat' dir='ltr'>in</span> <span class='ocrx_word' id='word_1_79' title='bbox 1487 982 1752 1055; x_wconf 87' lang='lat' dir='ltr'>subjecto</span> <span class='ocrx_word' id='word_1_80' title='bbox 1781 991 1917 1038; x_wconf 85' lang='lat' dir='ltr'>ante</span> <span class='ocrx_word' id='word_1_81' title='bbox 1947 982 2155 1039; x_wconf 82' lang='lat' dir='ltr'>formae</span> <span class='ocrx_word' id='word_1_82' title='bbox 2178 978 2696 1043; x_wconf 81' lang='lat' dir='ltr'>introductionem.</span> 
     </span>
     <span class='ocr_line' id='line_1_9' title="bbox 912 1057 2726 1121; baseline 0.003 -7"><span class='ocrx_word' id='word_1_83' title='bbox 912 1057 989 1114; x_wconf 92' lang='lat' dir='ltr'>V.</span> <span class='ocrx_word' id='word_1_84' title='bbox 1057 1058 1394 1116; x_wconf 85' lang='lat' dir='ltr'>Orthodoxi</span> <span class='ocrx_word' id='word_1_85' title='bbox 1458 1077 1599 1114; x_wconf 81' lang='lat' dir='ltr'>vero</span> <span class='ocrx_word' id='word_1_86' title='bbox 1671 1060 1731 1114; x_wconf 90' lang='lat' dir='ltr'>in</span> <span class='ocrx_word' id='word_1_87' title='bbox 1788 1061 1910 1117; x_wconf 86' lang='lat' dir='ltr'>alia</span> <span class='ocrx_word' id='word_1_88' title='bbox 1964 1060 2166 1118; x_wconf 88' lang='lat' dir='ltr'>omnia</span> <span class='ocrx_word' id='word_1_89' title='bbox 2227 1069 2388 1118; x_wconf 89' lang='lat' dir='ltr'>eunt.</span> <span class='ocrx_word' id='word_1_90' title='bbox 2492 1061 2726 1121; x_wconf 90' lang='lat' dir='ltr'>Docent</span> 
     </span>
     <span class='ocr_line' id='line_1_10' title="bbox 826 1136 2727 1210; baseline 0.004 -20"><span class='ocrx_word' id='word_1_91' title='bbox 826 1136 1046 1209; x_wconf 84' lang='lat' dir='ltr'>quippe</span> <span class='ocrx_word' id='word_1_92' title='bbox 1087 1137 1262 1193; x_wconf 86' lang='lat' dir='ltr'>fidem</span> <span class='ocrx_word' id='word_1_93' title='bbox 1293 1155 1415 1192; x_wconf 86' lang='lat' dir='ltr'>esse</span> <span class='ocrx_word' id='word_1_94' title='bbox 1457 1155 1698 1193; x_wconf 89' lang='lat' dir='ltr'>causam</span> <span class='ocrx_word' id='word_1_95' title='bbox 1729 1138 2073 1210; x_wconf 83' lang='lat' dir='ltr'>organicam</span> <span class='ocrx_word' id='word_1_96' title='bbox 2113 1147 2172 1195; x_wconf 92' lang='lat' dir='ltr'>et</span> <span class='ocrx_word' id='word_1_97' title='bbox 2211 1138 2727 1198; x_wconf 81' lang='lat' dir='ltr'>instrumentalem</span> 
     </span>
     <span class='ocr_line' id='line_1_11' title="bbox 829 1214 2724 1289; baseline 0.003 -20"><span class='ocrx_word' id='word_1_98' title='bbox 829 1223 1045 1270; x_wconf 86' lang='lat' dir='ltr'>nostrae</span> <span class='ocrx_word' id='word_1_99' title='bbox 1086 1215 1545 1289; x_wconf 86' lang='lat' dir='ltr'>justificationis,</span> <span class='ocrx_word' id='word_1_100' title='bbox 1578 1214 1658 1270; x_wconf 84' lang='lat' dir='ltr'>Et</span> <span class='ocrx_word' id='word_1_101' title='bbox 1699 1215 1790 1270; x_wconf 92' lang='lat' dir='ltr'>illi</span> <span class='ocrx_word' id='word_1_102' title='bbox 1829 1216 2316 1289; x_wconf 87' lang='lat' dir='ltr'>justificationem</span> <span class='ocrx_word' id='word_1_103' title='bbox 2358 1216 2556 1286; x_wconf 88' lang='lat' dir='ltr'>tribui,</span> <span class='ocrx_word' id='word_1_104' title='bbox 2601 1237 2724 1274; x_wconf 92' lang='lat' dir='ltr'>non</span> 
     </span>
     <span class='ocr_line' id='line_1_12' title="bbox 305 1290 2725 1368; baseline 0.003 -23"><span class='ocrx_word' id='word_1_105' title='bbox 305 1290 548 1364; x_wconf 84' lang='lat' dir='ltr'>proprie</span> <span class='ocrx_word' id='word_1_106' title='bbox 576 1299 636 1347; x_wconf 91' lang='lat' dir='ltr'>et</span> <span class='ocrx_word' id='word_1_107' title='bbox 662 1310 769 1366; x_wconf 91' lang='lat' dir='ltr'>per</span> <span class='ocrx_word' id='word_1_108' title='bbox 795 1311 872 1362; x_wconf 88' lang='lat' dir='ltr'>se,</span> <span class='ocrx_word' id='word_1_109' title='bbox 903 1299 1199 1365; x_wconf 88' lang='lat' dir='ltr'>quatenus</span> <span class='ocrx_word' id='word_1_110' title='bbox 1226 1300 1314 1350; x_wconf 90' lang='lat' dir='ltr'>est</span> <span class='ocrx_word' id='word_1_111' title='bbox 1342 1311 1509 1367; x_wconf 90' lang='lat' dir='ltr'>opus,</span> <span class='ocrx_word' id='word_1_112' title='bbox 1532 1294 1630 1349; x_wconf 80' lang='lat' dir='ltr'>vel</span> <span class='ocrx_word' id='word_1_113' title='bbox 1659 1293 1828 1367; x_wconf 85' lang='lat' dir='ltr'>quasi</span> <span class='ocrx_word' id='word_1_114' title='bbox 1858 1293 1933 1350; x_wconf 90' lang='lat' dir='ltr'>sit</span> <span class='ocrx_word' id='word_1_115' title='bbox 1953 1293 2082 1368; x_wconf 89' lang='lat' dir='ltr'>ipsa</span> <span class='ocrx_word' id='word_1_116' title='bbox 2099 1294 2355 1367; x_wconf 88' lang='lat' dir='ltr'>justitia,</span> <span class='ocrx_word' id='word_1_117' title='bbox 2379 1313 2500 1367; x_wconf 89' lang='lat' dir='ltr'>qua</span> <span class='ocrx_word' id='word_1_118' title='bbox 2526 1313 2725 1353; x_wconf 87' lang='lat' dir='ltr'>coram</span> 
     </span>
     <span class='ocr_line' id='line_1_13' title="bbox 310 1368 2730 1445; baseline 0.002 -21"><span class='ocrx_word' id='word_1_119' title='bbox 310 1368 446 1425; x_wconf 91' lang='lat' dir='ltr'>Deo</span> <span class='ocrx_word' id='word_1_120' title='bbox 465 1369 881 1443; x_wconf 88' lang='lat' dir='ltr'>justificamur,</span> <span class='ocrx_word' id='word_1_121' title='bbox 911 1372 1005 1425; x_wconf 77' lang='lat' dir='ltr'>vel</span> <span class='ocrx_word' id='word_1_122' title='bbox 1036 1372 1205 1445; x_wconf 88' lang='lat' dir='ltr'>quasi</span> <span class='ocrx_word' id='word_1_123' title='bbox 1233 1390 1343 1428; x_wconf 88' lang='lat' dir='ltr'>sua</span> <span class='ocrx_word' id='word_1_124' title='bbox 1370 1371 1679 1444; x_wconf 83' lang='lat' dir='ltr'>dignitate,</span> <span class='ocrx_word' id='word_1_125' title='bbox 1699 1377 1807 1427; x_wconf 92' lang='lat' dir='ltr'>aut</span> <span class='ocrx_word' id='word_1_126' title='bbox 1835 1371 1949 1428; x_wconf 92' lang='lat' dir='ltr'>Dei</span> <span class='ocrx_word' id='word_1_127' title='bbox 1972 1372 2365 1445; x_wconf 85' lang='lat' dir='ltr'>indulgentia,</span> <span class='ocrx_word' id='word_1_128' title='bbox 2390 1391 2522 1429; x_wconf 89' lang='lat' dir='ltr'>eam</span> <span class='ocrx_word' id='word_1_129' title='bbox 2545 1390 2730 1431; x_wconf 69' lang='lat' dir='ltr'>mere*-</span> 
     </span>
     <span class='ocr_line' id='line_1_14' title="bbox 311 1447 2728 1524; baseline 0.003 -22"><span class='ocrx_word' id='word_1_130' title='bbox 311 1453 455 1503; x_wconf 90' lang='lat' dir='ltr'>atur</span> <span class='ocrx_word' id='word_1_131' title='bbox 496 1447 555 1501; x_wconf 90' lang='lat' dir='ltr'>in</span> <span class='ocrx_word' id='word_1_132' title='bbox 598 1455 811 1516; x_wconf 87' lang='lat' dir='ltr'>totum,</span> <span class='ocrx_word' id='word_1_133' title='bbox 843 1448 938 1505; x_wconf 85' lang='lat' dir='ltr'>vel</span> <span class='ocrx_word' id='word_1_134' title='bbox 981 1468 1055 1505; x_wconf 84' lang='lat' dir='ltr'>ex</span> <span class='ocrx_word' id='word_1_135' title='bbox 1102 1457 1272 1524; x_wconf 90' lang='lat' dir='ltr'>parte</span> <span class='ocrx_word' id='word_1_136' title='bbox 1296 1473 1311 1520; x_wconf 91' lang='lat'>;</span> <span class='ocrx_word' id='word_1_137' title='bbox 1356 1452 1460 1505; x_wconf 85' lang='lat' dir='ltr'>sed</span> <span class='ocrx_word' id='word_1_138' title='bbox 1508 1449 1828 1523; x_wconf 88' lang='lat' dir='ltr'>improprie</span> <span class='ocrx_word' id='word_1_139' title='bbox 1878 1458 1938 1506; x_wconf 88' lang='lat' dir='ltr'>et</span> <span class='ocrx_word' id='word_1_140' title='bbox 1985 1450 2397 1523; x_wconf 81' lang='lat' dir='ltr'>metonymice,</span> <span class='ocrx_word' id='word_1_141' title='bbox 2430 1460 2728 1524; x_wconf 85' lang='lat' dir='ltr'>quatenus</span> 
     </span>
     <span class='ocr_line' id='line_1_15' title="bbox 307 1524 2731 1603; baseline 0.002 -22"><span class='ocrx_word' id='word_1_142' title='bbox 307 1524 353 1581; x_wconf 86' lang='lat' dir='ltr'><strong>J</strong></span> <span class='ocrx_word' id='word_1_143' title='bbox 361 1525 565 1583; x_wconf 89' lang='lat' dir='ltr'>ustitia</span> <span class='ocrx_word' id='word_1_144' title='bbox 595 1525 813 1583; x_wconf 85' lang='lat' dir='ltr'>Christi</span> <span class='ocrx_word' id='word_1_145' title='bbox 842 1547 1031 1601; x_wconf 43' lang='lat' dir='ltr'>quamx</span> <span class='ocrx_word' id='word_1_146' title='bbox 1052 1530 1197 1584; x_wconf 89' lang='lat' dir='ltr'>fides</span> <span class='ocrx_word' id='word_1_147' title='bbox 1226 1528 1620 1603; x_wconf 80' lang='lat' dir='ltr'>apprehendit</span> <span class='ocrx_word' id='word_1_148' title='bbox 1646 1535 1734 1584; x_wconf 90' lang='lat' dir='ltr'>est</span> <span class='ocrx_word' id='word_1_149' title='bbox 1759 1528 2223 1586; x_wconf 80' lang='lat' dir='ltr'>fundamentum</span> <span class='ocrx_word' id='word_1_150' title='bbox 2251 1537 2311 1585; x_wconf 93' lang='lat' dir='ltr'>et</span> <span class='ocrx_word' id='word_1_151' title='bbox 2337 1548 2517 1586; x_wconf 85' lang='lat' dir='ltr'>causa</span> <span class='ocrx_word' id='word_1_152' title='bbox 2556 1531 2731 1586; x_wconf 86' lang='lat' dir='ltr'>meri-</span> 
     </span>
     <span class='ocr_line' id='line_1_16' title="bbox 307 1605 2730 1680; baseline 0.003 -22"><span class='ocrx_word' id='word_1_153' title='bbox 307 1605 468 1660; x_wconf 90' lang='lat' dir='ltr'>toria</span> <span class='ocrx_word' id='word_1_154' title='bbox 517 1613 760 1679; x_wconf 88' lang='lat' dir='ltr'>propter</span> <span class='ocrx_word' id='word_1_155' title='bbox 806 1623 990 1678; x_wconf 87' lang='lat' dir='ltr'>quam</span> <span class='ocrx_word' id='word_1_156' title='bbox 1030 1607 1446 1679; x_wconf 86' lang='lat' dir='ltr'>justificamur.</span> <span class='ocrx_word' id='word_1_157' title='bbox 1542 1606 1691 1663; x_wconf 89' lang='lat' dir='ltr'>Ideo</span> <span class='ocrx_word' id='word_1_158' title='bbox 1741 1607 1958 1663; x_wconf 88' lang='lat' dir='ltr'>dicitur</span> <span class='ocrx_word' id='word_1_159' title='bbox 1998 1607 2324 1680; x_wconf 88' lang='lat' dir='ltr'>justificare</span> <span class='ocrx_word' id='word_1_160' title='bbox 2372 1608 2620 1664; x_wconf 83' lang='lat' dir='ltr'>relative</span> <span class='ocrx_word' id='word_1_161' title='bbox 2669 1616 2730 1665; x_wconf 90' lang='lat' dir='ltr'>et</span> 
     </span>
     <span class='ocr_line' id='line_1_17' title="bbox 312 1683 2728 1759; baseline 0.002 -22"><span class='ocrx_word' id='word_1_162' title='bbox 312 1683 592 1754; x_wconf 83' lang='lat' dir='ltr'>organice</span> <span class='ocrx_word' id='word_1_163' title='bbox 616 1706 629 1740; x_wconf 91' lang='lat'>:</span> <span class='ocrx_word' id='word_1_164' title='bbox 675 1683 927 1753; x_wconf 75' lang='lat' dir='ltr'>relative,</span> <span class='ocrx_word' id='word_1_165' title='bbox 948 1685 1090 1758; x_wconf 88' lang='lat' dir='ltr'>quia</span> <span class='ocrx_word' id='word_1_166' title='bbox 1110 1686 1248 1742; x_wconf 88' lang='lat' dir='ltr'>fidei</span> <span class='ocrx_word' id='word_1_167' title='bbox 1272 1687 1572 1759; x_wconf 86' lang='lat' dir='ltr'>objectum</span> <span class='ocrx_word' id='word_1_168' title='bbox 1603 1692 1690 1740; x_wconf 85' lang='lat' dir='ltr'>est</span> <span class='ocrx_word' id='word_1_169' title='bbox 1713 1703 1854 1740; x_wconf 85' lang='lat' dir='ltr'>vera</span> <span class='ocrx_word' id='word_1_170' title='bbox 1877 1694 2077 1741; x_wconf 87' lang='lat' dir='ltr'>nostra</span> <span class='ocrx_word' id='word_1_171' title='bbox 2095 1684 2332 1756; x_wconf 84' lang='lat' dir='ltr'>justitia</span> <span class='ocrx_word' id='word_1_172' title='bbox 2353 1703 2554 1741; x_wconf 90' lang='lat' dir='ltr'>coram</span> <span class='ocrx_word' id='word_1_173' title='bbox 2579 1686 2728 1755; x_wconf 90' lang='lat' dir='ltr'>Deo,</span> 
     </span>
     <span class='ocr_line' id='line_1_18' title="bbox 310 1762 2730 1836; baseline 0.001 -21"><span class='ocrx_word' id='word_1_174' title='bbox 310 1762 579 1834; x_wconf 73' lang='lat' dir='ltr'>oryane‘ce</span> <span class='ocrx_word' id='word_1_175' title='bbox 607 1779 765 1829; x_wconf 83' lang='lat' dir='ltr'>ver0,</span> <span class='ocrx_word' id='word_1_176' title='bbox 796 1763 941 1834; x_wconf 90' lang='lat' dir='ltr'>quia</span> <span class='ocrx_word' id='word_1_177' title='bbox 966 1764 1111 1819; x_wconf 88' lang='lat' dir='ltr'>fides</span> <span class='ocrx_word' id='word_1_178' title='bbox 1138 1771 1226 1819; x_wconf 91' lang='lat' dir='ltr'>est</span> <span class='ocrx_word' id='word_1_179' title='bbox 1252 1764 1716 1819; x_wconf 87' lang='lat' dir='ltr'>instrumentum</span> <span class='ocrx_word' id='word_1_180' title='bbox 1759 1763 2134 1835; x_wconf 67' lang='lat' dir='ltr'>acceptandus</span> <span class='ocrx_word' id='word_1_181' title='bbox 2179 1780 2253 1816; x_wconf 82' lang='lat' dir='ltr'>ex</span> <span class='ocrx_word' id='word_1_182' title='bbox 2294 1769 2464 1836; x_wconf 87' lang='lat' dir='ltr'>parte</span> <span class='ocrx_word' id='word_1_183' title='bbox 2507 1769 2730 1833; x_wconf 88' lang='lat' dir='ltr'>nostra,</span> 
     </span>
     <span class='ocr_line' id='line_1_19' title="bbox 313 1839 1482 1913; baseline 0.002 -19"><span class='ocrx_word' id='word_1_184' title='bbox 313 1845 377 1894; x_wconf 89' lang='lat' dir='ltr'>ct</span> <span class='ocrx_word' id='word_1_185' title='bbox 404 1839 575 1895; x_wconf 90' lang='lat' dir='ltr'>nobis</span> <span class='ocrx_word' id='word_1_186' title='bbox 602 1840 990 1912; x_wconf 73' lang='lat' dir='ltr'>applicandae,</span> <span class='ocrx_word' id='word_1_187' title='bbox 1023 1840 1192 1895; x_wconf 88' lang='lat' dir='ltr'>istius</span> <span class='ocrx_word' id='word_1_188' title='bbox 1211 1840 1482 1913; x_wconf 73' lang='lat' dir='ltr'>justitiae.</span> 
     </span>
     <span class='ocr_line' id='line_1_20' title="bbox 306 1917 2731 2001; baseline 0.002 -30"><span class='ocrx_word' id='word_1_189' title='bbox 306 1925 497 2001; x_wconf 70' lang='lat' dir='ltr'>Actum</span> <span class='ocrx_word' id='word_1_190' title='bbox 560 1958 784 2000; x_wconf 79' lang='lat' dir='ltr'>credendi</span> <span class='ocrx_word' id='word_1_191' title='bbox 895 1917 1010 1973; x_wconf 88' lang='lat' dir='ltr'>VI.</span> <span class='ocrx_word' id='word_1_192' title='bbox 1044 1918 1183 1973; x_wconf 92' lang='lat' dir='ltr'>Duo</span> <span class='ocrx_word' id='word_1_193' title='bbox 1206 1936 1347 1990; x_wconf 84' lang='lat' dir='ltr'>ergo</span> <span class='ocrx_word' id='word_1_194' title='bbox 1372 1919 1540 1974; x_wconf 88' lang='lat' dir='ltr'>nobis</span> <span class='ocrx_word' id='word_1_195' title='bbox 1558 1917 1655 1974; x_wconf 90' lang='lat' dir='ltr'>hic</span> <span class='ocrx_word' id='word_1_196' title='bbox 1677 1919 2016 1991; x_wconf 80' lang='lat' dir='ltr'>praestanda</span> <span class='ocrx_word' id='word_1_197' title='bbox 2038 1923 2192 1973; x_wconf 87' lang='lat' dir='ltr'>sunt.</span> <span class='ocrx_word' id='word_1_198' title='bbox 2226 1917 2449 1987; x_wconf 86' lang='lat' dir='ltr'>Prim0,</span> <span class='ocrx_word' id='word_1_199' title='bbox 2474 1928 2581 1973; x_wconf 64' lang='grc' dir='ltr'>κατ’</span> <span class='ocrx_word' id='word_1_200' title='bbox 2607 1928 2731 1992; x_wconf 67' lang='grc' dir='ltr'>ἔμω</span> 
     </span>
     <span class='ocr_line' id='line_1_21' title="bbox 372 1995 2732 2072; baseline 0.003 -25"><span class='ocrx_word' id='word_1_201' title='bbox 372 2029 470 2059; x_wconf 84' lang='lat' dir='ltr'>non</span> <span class='ocrx_word' id='word_1_202' title='bbox 530 2029 635 2059; x_wconf 77' lang='lat' dir='ltr'>esse</span> <span class='ocrx_word' id='word_1_203' title='bbox 678 2028 787 2057; x_wconf 82' lang='lat' dir='ltr'>nos-</span> <span class='ocrx_word' id='word_1_204' title='bbox 828 1996 1221 2051; x_wconf 87' lang='lat' dir='ltr'>removendus</span> <span class='ocrx_word' id='word_1_205' title='bbox 1265 2001 1354 2050; x_wconf 89' lang='lat' dir='ltr'>est</span> <span class='ocrx_word' id='word_1_206' title='bbox 1406 1995 1593 2051; x_wconf 88' lang='lat' dir='ltr'>falsus</span> <span class='ocrx_word' id='word_1_207' title='bbox 1635 1997 1849 2052; x_wconf 87' lang='lat' dir='ltr'>modus</span> <span class='ocrx_word' id='word_1_208' title='bbox 1881 1996 2322 2070; x_wconf 85' lang='lat' dir='ltr'>justificationis</span> <span class='ocrx_word' id='word_1_209' title='bbox 2361 1997 2517 2066; x_wconf 91' lang='lat' dir='ltr'>fidei,</span> <span class='ocrx_word' id='word_1_210' title='bbox 2551 2015 2732 2072; x_wconf 92' lang='lat' dir='ltr'>quem</span> 
     </span>
    </p>
   </div>
   <div class='ocr_carea' id='block_1_3' title="bbox 372 2071 2733 2189">
    <p class='ocr_par' dir='ltr' id='par_1_3' title="bbox 372 2071 2733 2189">
     <span class='ocr_line' id='line_1_22' title="bbox 372 2071 2733 2189; baseline 0.002 -61"><span class='ocrx_word' id='word_1_211' title='bbox 372 2074 786 2189; x_wconf 45' lang='lat' dir='ltr'>{ngaiifftitimn</span> <span class='ocrx_word' id='word_1_212' title='bbox 831 2071 1148 2141; x_wconf 88' lang='lat' dir='ltr'>Sociniani,</span> <span class='ocrx_word' id='word_1_213' title='bbox 1194 2080 1254 2128; x_wconf 88' lang='lat' dir='ltr'>ct</span> <span class='ocrx_word' id='word_1_214' title='bbox 1310 2072 1603 2130; x_wconf 89' lang='lat' dir='ltr'>Pontificii</span> <span class='ocrx_word' id='word_1_215' title='bbox 1659 2073 2033 2130; x_wconf 86' lang='lat' dir='ltr'>invexerunt.</span> <span class='ocrx_word' id='word_1_216' title='bbox 2120 2072 2414 2142; x_wconf 88' lang='lat' dir='ltr'>Secundo,</span> <span class='ocrx_word' id='word_1_217' title='bbox 2460 2094 2635 2133; x_wconf 83' lang='lat' dir='ltr'>verus</span> <span class='ocrx_word' id='word_1_218' title='bbox 2671 2084 2733 2133; x_wconf 90' lang='lat' dir='ltr'>et</span> 
     </span>
    </p>
   </div>
   <div class='ocr_carea' id='block_1_4' title="bbox 306 1116 784 1218">
    <p class='ocr_par' dir='ltr' id='par_1_4' title="bbox 306 1116 784 1218">
     <span class='ocr_line' id='line_1_23' title="bbox 306 1116 784 1161; baseline -0.002 0"><span class='ocrx_word' id='word_1_219' title='bbox 306 1117 568 1161; x_wconf 60' lang='lat' dir='ltr'>Sententia</span> <span class='ocrx_word' id='word_1_220' title='bbox 608 1116 784 1160; x_wconf 88' lang='lat' dir='ltr'>Ortho-</span> 
     </span>
     <span class='ocr_line' id='line_1_24' title="bbox 430 1175 677 1218; baseline 0.008 -2"><span class='ocrx_word' id='word_1_221' title='bbox 430 1175 677 1218; x_wconf 86' lang='lat' dir='ltr'>doxorum.</span> 
     </span>
    </p>
   </div>
   <div class='ocr_carea' id='block_1_5' title="bbox 302 2150 2733 4724">
    <p class='ocr_par' dir='ltr' id='par_1_5' title="bbox 310 2150 2733 3008">
     <span class='ocr_line' id='line_1_25' title="bbox 827 2150 2729 2225; baseline 0.003 -20"><span class='ocrx_word' id='word_1_222' title='bbox 827 2150 1125 2223; x_wconf 85' lang='lat' dir='ltr'>genuinus</span> <span class='ocrx_word' id='word_1_223' title='bbox 1154 2161 1281 2204; x_wconf 55' lang='grc' dir='ltr'>κατὰ</span> <span class='ocrx_word' id='word_1_224' title='bbox 1306 2161 1429 2206; x_wconf 69' lang='lat' dir='ltr'>sim</span> <span class='ocrx_word' id='word_1_225' title='bbox 1458 2151 1572 2207; x_wconf 89' lang='lat' dir='ltr'>erit</span> <span class='ocrx_word' id='word_1_226' title='bbox 1612 2152 1972 2225; x_wconf 89' lang='lat' dir='ltr'>probandus.</span> <span class='ocrx_word' id='word_1_227' title='bbox 2061 2152 2279 2219; x_wconf 81' lang='lat' dir='ltr'>Quoad</span> <span class='ocrx_word' id='word_1_228' title='bbox 2323 2152 2502 2225; x_wconf 80' lang='lat' dir='ltr'>priuS,</span> <span class='ocrx_word' id='word_1_229' title='bbox 2535 2154 2729 2222; x_wconf 86' lang='lat' dir='ltr'>Fides,</span> 
     </span>
     <span class='ocr_line' id='line_1_26' title="bbox 310 2228 2732 2306; baseline 0.001 -20"><span class='ocrx_word' id='word_1_230' title='bbox 310 2247 418 2286; x_wconf 86' lang='lat' dir='ltr'>seu</span> <span class='ocrx_word' id='word_1_231' title='bbox 446 2236 612 2286; x_wconf 87' lang='lat' dir='ltr'>actus</span> <span class='ocrx_word' id='word_1_232' title='bbox 641 2228 917 2284; x_wconf 84' lang='lat' dir='ltr'>credendi</span> <span class='ocrx_word' id='word_1_233' title='bbox 960 2247 1078 2285; x_wconf 91' lang='lat' dir='ltr'>non</span> <span class='ocrx_word' id='word_1_234' title='bbox 1130 2235 1441 2303; x_wconf 88' lang='lat' dir='ltr'>reputatur</span> <span class='ocrx_word' id='word_1_235' title='bbox 1488 2248 1596 2303; x_wconf 90' lang='lat' dir='ltr'>pro</span> <span class='ocrx_word' id='word_1_236' title='bbox 1637 2229 1877 2302; x_wconf 85' lang='lat' dir='ltr'>justitia</span> <span class='ocrx_word' id='word_1_237' title='bbox 1922 2239 2126 2287; x_wconf 91' lang='lat' dir='ltr'>nostra</span> <span class='ocrx_word' id='word_1_238' title='bbox 2172 2231 2333 2303; x_wconf 88' lang='lat' dir='ltr'>apud</span> <span class='ocrx_word' id='word_1_239' title='bbox 2385 2229 2583 2288; x_wconf 90' lang='lat' dir='ltr'>Deum</span> <span class='ocrx_word' id='word_1_240' title='bbox 2626 2250 2732 2306; x_wconf 90' lang='lat' dir='ltr'>per</span> 
     </span>
     <span class='ocr_line' id='line_1_27' title="bbox 312 2306 2733 2383; baseline 0.001 -20"><span class='ocrx_word' id='word_1_241' title='bbox 312 2306 639 2380; x_wconf 87' lang='lat' dir='ltr'>gratuitam</span> <span class='ocrx_word' id='word_1_242' title='bbox 683 2306 1194 2380; x_wconf 87' lang='lat' dir='ltr'>acceptilationem</span> <span class='ocrx_word' id='word_1_243' title='bbox 1225 2330 1238 2364; x_wconf 72' lang='grc' dir='ltr'>ι</span> <span class='ocrx_word' id='word_1_244' title='bbox 1287 2307 1337 2363; x_wconf 92' lang='grc'>1.</span> <span class='ocrx_word' id='word_1_245' title='bbox 1384 2308 1545 2374; x_wconf 92' lang='lat' dir='ltr'>Quia</span> <span class='ocrx_word' id='word_1_246' title='bbox 1572 2309 1736 2380; x_wconf 89' lang='lat' dir='ltr'>quod</span> <span class='ocrx_word' id='word_1_247' title='bbox 1766 2316 1853 2362; x_wconf 88' lang='lat' dir='ltr'>est</span> <span class='ocrx_word' id='word_1_248' title='bbox 1896 2316 2134 2365; x_wconf 88' lang='lat' dir='ltr'>tantum</span> <span class='ocrx_word' id='word_1_249' title='bbox 2185 2326 2476 2380; x_wconf 88' lang='lat' dir='ltr'>organum</span> <span class='ocrx_word' id='word_1_250' title='bbox 2522 2310 2733 2383; x_wconf 87' lang='lat' dir='ltr'>accipi-</span> 
     </span>
     <span class='ocr_line' id='line_1_28' title="bbox 311 2383 2733 2460; baseline 0.002 -20"><span class='ocrx_word' id='word_1_251' title='bbox 311 2386 481 2441; x_wconf 87' lang='lat' dir='ltr'>endae</span> <span class='ocrx_word' id='word_1_252' title='bbox 502 2383 772 2458; x_wconf 81' lang='lat' dir='ltr'>justitiae,</span> <span class='ocrx_word' id='word_1_253' title='bbox 792 2402 910 2440; x_wconf 90' lang='lat' dir='ltr'>non</span> <span class='ocrx_word' id='word_1_254' title='bbox 930 2391 1124 2459; x_wconf 86' lang='lat' dir='ltr'>potest</span> <span class='ocrx_word' id='word_1_255' title='bbox 1141 2404 1264 2441; x_wconf 89' lang='lat' dir='ltr'>esse</span> <span class='ocrx_word' id='word_1_256' title='bbox 1282 2386 1407 2460; x_wconf 88' lang='lat' dir='ltr'>ipsa</span> <span class='ocrx_word' id='word_1_257' title='bbox 1417 2385 1657 2459; x_wconf 86' lang='lat' dir='ltr'>justitia</span> <span class='ocrx_word' id='word_1_258' title='bbox 1674 2393 1878 2442; x_wconf 86' lang='lat' dir='ltr'>nostra</span> <span class='ocrx_word' id='word_1_259' title='bbox 1892 2386 2240 2443; x_wconf 82' lang='lat' dir='ltr'>formaliter.</span> <span class='ocrx_word' id='word_1_260' title='bbox 2286 2387 2375 2442; x_wconf 90' lang='lat' dir='ltr'>At</span> <span class='ocrx_word' id='word_1_261' title='bbox 2391 2386 2534 2443; x_wconf 87' lang='lat' dir='ltr'>fides</span> <span class='ocrx_word' id='word_1_262' title='bbox 2551 2389 2733 2445; x_wconf 83' lang='lat' dir='ltr'>habet</span> 
     </span>
     <span class='ocr_line' id='line_1_29' title="bbox 312 2462 2733 2537; baseline 0.001 -17"><span class='ocrx_word' id='word_1_263' title='bbox 312 2464 410 2521; x_wconf 88' lang='lat' dir='ltr'>hic</span> <span class='ocrx_word' id='word_1_264' title='bbox 421 2471 655 2519; x_wconf 84' lang='lat' dir='ltr'>tantum</span> <span class='ocrx_word' id='word_1_265' title='bbox 669 2472 824 2531; x_wconf 55' lang='grc' dir='ltr'>σχίσιν</span> <span class='ocrx_word' id='word_1_266' title='bbox 837 2462 1137 2537; x_wconf 88' lang='lat' dir='ltr'>organi,ut</span> <span class='ocrx_word' id='word_1_267' title='bbox 1154 2471 1317 2537; x_wconf 89' lang='lat' dir='ltr'>patet</span> <span class='ocrx_word' id='word_1_268' title='bbox 1336 2472 1462 2519; x_wconf 87' lang='lat' dir='ltr'>tum</span> <span class='ocrx_word' id='word_1_269' title='bbox 1482 2481 1553 2519; x_wconf 83' lang='lat' dir='ltr'>ex</span> <span class='ocrx_word' id='word_1_270' title='bbox 1567 2464 1807 2536; x_wconf 88' lang='lat' dir='ltr'>proprio</span> <span class='ocrx_word' id='word_1_271' title='bbox 1820 2464 1949 2537; x_wconf 86' lang='lat' dir='ltr'>ejus</span> <span class='ocrx_word' id='word_1_272' title='bbox 1966 2473 2121 2534; x_wconf 89' lang='lat' dir='ltr'>actu,</span> <span class='ocrx_word' id='word_1_273' title='bbox 2136 2464 2241 2537; x_wconf 90' lang='lat' dir='ltr'>qui</span> <span class='ocrx_word' id='word_1_274' title='bbox 2264 2464 2733 2523; x_wconf 85' lang='lat' dir='ltr'>instrumentalis</span> 
     </span>
     <span class='ocr_line' id='line_1_30' title="bbox 312 2540 2728 2620; baseline 0.001 -22"><span class='ocrx_word' id='word_1_275' title='bbox 312 2549 418 2611; x_wconf 91' lang='lat' dir='ltr'>est,</span> <span class='ocrx_word' id='word_1_276' title='bbox 449 2547 509 2597; x_wconf 85' lang='lat' dir='ltr'>et</span> <span class='ocrx_word' id='word_1_277' title='bbox 537 2542 856 2598; x_wconf 84' lang='lat' dir='ltr'>consistens</span> <span class='ocrx_word' id='word_1_278' title='bbox 885 2542 946 2597; x_wconf 89' lang='lat' dir='ltr'>in</span> <span class='ocrx_word' id='word_1_279' title='bbox 975 2541 1310 2616; x_wconf 85' lang='lat' dir='ltr'>receptione</span> <span class='ocrx_word' id='word_1_280' title='bbox 1342 2541 1580 2611; x_wconf 86' lang='lat' dir='ltr'>Christi,</span> <span class='ocrx_word' id='word_1_281' title='bbox 1609 2540 1653 2596; x_wconf 84' lang='lat' dir='ltr'>J</span> <span class='ocrx_word' id='word_1_282' title='bbox 1657 2543 1752 2597; x_wconf 89' lang='lat' dir='ltr'>oh.</span> <span class='ocrx_word' id='word_1_283' title='bbox 1778 2542 1813 2598; x_wconf 91' lang='lat' dir='ltr'>i.</span> <span class='ocrx_word' id='word_1_284' title='bbox 1839 2543 1929 2612; x_wconf 86' lang='lat'>12,</span> <span class='ocrx_word' id='word_1_285' title='bbox 1949 2550 2008 2599; x_wconf 88' lang='lat' dir='ltr'>et</span> <span class='ocrx_word' id='word_1_286' title='bbox 2035 2541 2437 2616; x_wconf 86' lang='lat' dir='ltr'>acceptatione</span> <span class='ocrx_word' id='word_1_287' title='bbox 2456 2543 2728 2620; x_wconf 86' lang='lat' dir='ltr'>justitiae,</span> 
     </span>
     <span class='ocr_line' id='line_1_31' title="bbox 315 2619 2732 2695; baseline 0.001 -18"><span class='ocrx_word' id='word_1_288' title='bbox 315 2620 492 2677; x_wconf 89' lang='lat' dir='ltr'>Rom.</span> <span class='ocrx_word' id='word_1_289' title='bbox 516 2639 571 2677; x_wconf 84' lang='lat' dir='ltr'>v.</span> <span class='ocrx_word' id='word_1_290' title='bbox 608 2620 698 2689; x_wconf 90' lang='lat'>17,</span> <span class='ocrx_word' id='word_1_291' title='bbox 728 2629 787 2677; x_wconf 92' lang='lat' dir='ltr'>et</span> <span class='ocrx_word' id='word_1_292' title='bbox 808 2620 1168 2677; x_wconf 87' lang='lat' dir='ltr'>remissionis</span> <span class='ocrx_word' id='word_1_293' title='bbox 1187 2629 1585 2695; x_wconf 85' lang='lat' dir='ltr'>peccatorum,</span> <span class='ocrx_word' id='word_1_294' title='bbox 1614 2619 1750 2677; x_wconf 87' lang='lat' dir='ltr'>Act.</span> <span class='ocrx_word' id='word_1_295' title='bbox 1769 2621 1929 2679; x_wconf 80' lang='lat' dir='ltr'>xxvi.</span> <span class='ocrx_word' id='word_1_296' title='bbox 1955 2622 2062 2691; x_wconf 75' lang='lat'>183</span> <span class='ocrx_word' id='word_1_297' title='bbox 2107 2629 2235 2677; x_wconf 88' lang='lat' dir='ltr'>tum</span> <span class='ocrx_word' id='word_1_298' title='bbox 2269 2640 2343 2677; x_wconf 84' lang='lat' dir='ltr'>ex</span> <span class='ocrx_word' id='word_1_299' title='bbox 2383 2622 2732 2679; x_wconf 86' lang='lat' dir='ltr'>subordina-</span> 
     </span>
     <span class='ocr_line' id='line_1_32' title="bbox 312 2698 2732 2773; baseline 0.001 -17"><span class='ocrx_word' id='word_1_300' title='bbox 312 2699 475 2756; x_wconf 84' lang='lat' dir='ltr'>tione</span> <span class='ocrx_word' id='word_1_301' title='bbox 494 2717 801 2755; x_wconf 85' lang='lat' dir='ltr'>causarum</span> <span class='ocrx_word' id='word_1_302' title='bbox 818 2700 1267 2773; x_wconf 90' lang='lat' dir='ltr'>justificationis</span> <span class='ocrx_word' id='word_1_303' title='bbox 1284 2702 1362 2756; x_wconf 87' lang='lat' dir='ltr'>ad</span> <span class='ocrx_word' id='word_1_304' title='bbox 1384 2701 1642 2756; x_wconf 90' lang='lat' dir='ltr'>eundem</span> <span class='ocrx_word' id='word_1_305' title='bbox 1664 2700 1959 2769; x_wconf 78' lang='lat' dir='ltr'>effectum,</span> <span class='ocrx_word' id='word_1_306' title='bbox 1983 2699 2206 2757; x_wconf 85' lang='lat' dir='ltr'>Gratiae</span> <span class='ocrx_word' id='word_1_307' title='bbox 2226 2698 2593 2769; x_wconf 57' lang='lat' dir='ltr'>scilicet‘Dei,</span> <span class='ocrx_word' id='word_1_308' title='bbox 2615 2700 2732 2757; x_wconf 85' lang='lat' dir='ltr'>Re-</span> 
     </span>
     <span class='ocr_line' id='line_1_33' title="bbox 314 2777 2732 2852; baseline 0.001 -18"><span class='ocrx_word' id='word_1_309' title='bbox 314 2777 672 2851; x_wconf 88' lang='lat' dir='ltr'>demptionis</span> <span class='ocrx_word' id='word_1_310' title='bbox 697 2778 935 2848; x_wconf 87' lang='lat' dir='ltr'>Christi,</span> <span class='ocrx_word' id='word_1_311' title='bbox 959 2787 1018 2834; x_wconf 91' lang='lat' dir='ltr'>et</span> <span class='ocrx_word' id='word_1_312' title='bbox 1040 2778 1194 2848; x_wconf 87' lang='lat' dir='ltr'>fidei,</span> <span class='ocrx_word' id='word_1_313' title='bbox 1216 2797 1350 2852; x_wconf 83' lang='lat' dir='ltr'>quae</span> <span class='ocrx_word' id='word_1_314' title='bbox 1371 2785 1617 2836; x_wconf 89' lang='lat' dir='ltr'>notatur</span> <span class='ocrx_word' id='word_1_315' title='bbox 1637 2796 1673 2835; x_wconf 88' lang='lat' dir='ltr'>a</span> <span class='ocrx_word' id='word_1_316' title='bbox 1693 2777 1904 2847; x_wconf 80' lang='lat' dir='ltr'>Paulo,</span> <span class='ocrx_word' id='word_1_317' title='bbox 1919 2777 2092 2834; x_wconf 86' lang='lat' dir='ltr'>Rom.</span> <span class='ocrx_word' id='word_1_318' title='bbox 2107 2778 2186 2833; x_wconf 91' lang='lat' dir='ltr'>iii.</span> <span class='ocrx_word' id='word_1_319' title='bbox 2203 2778 2296 2846; x_wconf 83' lang='lat'>24,</span> <span class='ocrx_word' id='word_1_320' title='bbox 2317 2779 2421 2835; x_wconf 93' lang='lat' dir='ltr'>ubi</span> <span class='ocrx_word' id='word_1_321' title='bbox 2442 2779 2586 2834; x_wconf 88' lang='lat' dir='ltr'>fides</span> <span class='ocrx_word' id='word_1_322' title='bbox 2609 2796 2732 2836; x_wconf 90' lang='lat' dir='ltr'>non</span> 
     </span>
     <span class='ocr_line' id='line_1_34' title="bbox 311 2855 2733 2931; baseline 0.001 -20"><span class='ocrx_word' id='word_1_323' title='bbox 311 2863 506 2929; x_wconf 87' lang='lat' dir='ltr'>potest</span> <span class='ocrx_word' id='word_1_324' title='bbox 516 2857 697 2912; x_wconf 87' lang='lat' dir='ltr'>aliam</span> <span class='ocrx_word' id='word_1_325' title='bbox 717 2857 1019 2913; x_wconf 90' lang='lat' dir='ltr'>notionem</span> <span class='ocrx_word' id='word_1_326' title='bbox 1034 2875 1214 2931; x_wconf 85' lang='lat' dir='ltr'>quam</span> <span class='ocrx_word' id='word_1_327' title='bbox 1234 2855 1613 2913; x_wconf 88' lang='lat' dir='ltr'>instrumenti</span> <span class='ocrx_word' id='word_1_328' title='bbox 1634 2856 1939 2925; x_wconf 87' lang='lat' dir='ltr'>sustinere,</span> <span class='ocrx_word' id='word_1_329' title='bbox 1953 2876 2089 2914; x_wconf 91' lang='lat' dir='ltr'>cum</span> <span class='ocrx_word' id='word_1_330' title='bbox 2100 2857 2295 2930; x_wconf 85' lang='lat' dir='ltr'>gratia</span> <span class='ocrx_word' id='word_1_331' title='bbox 2307 2857 2417 2913; x_wconf 91' lang='lat' dir='ltr'>Dei</span> <span class='ocrx_word' id='word_1_332' title='bbox 2430 2856 2733 2913; x_wconf 87' lang='lat' dir='ltr'>efficientis</span> 
     </span>
     <span class='ocr_line' id='line_1_35' title="bbox 311 2932 2515 3008; baseline 0.002 -22"><span class='ocrx_word' id='word_1_333' title='bbox 311 2932 667 3007; x_wconf 85' lang='lat' dir='ltr'>principalis,</span> <span class='ocrx_word' id='word_1_334' title='bbox 699 2941 759 2990; x_wconf 91' lang='lat' dir='ltr'>et</span> <span class='ocrx_word' id='word_1_335' title='bbox 785 2936 1115 3008; x_wconf 88' lang='lat' dir='ltr'>redemptio</span> <span class='ocrx_word' id='word_1_336' title='bbox 1147 2934 1363 2990; x_wconf 85' lang='lat' dir='ltr'>Christi</span> <span class='ocrx_word' id='word_1_337' title='bbox 1391 2952 1584 2990; x_wconf 82' lang='lat' dir='ltr'>causae</span> <span class='ocrx_word' id='word_1_338' title='bbox 1615 2934 1929 2990; x_wconf 75' lang='lat' dir='ltr'>meritoriae</span> <span class='ocrx_word' id='word_1_339' title='bbox 1960 2935 2253 2991; x_wconf 86' lang='lat' dir='ltr'>rationem</span> <span class='ocrx_word' id='word_1_340' title='bbox 2281 2935 2515 2990; x_wconf 84' lang='lat' dir='ltr'>habeat.</span> 
     </span>
    </p>

    <p class='ocr_par' dir='ltr' id='par_1_6' title="bbox 302 3009 2728 3694">
     <span class='ocr_line' id='line_1_36' title="bbox 393 3009 2728 3084; baseline 0.001 -19"><span class='ocrx_word' id='word_1_341' title='bbox 393 3009 549 3065; x_wconf 93' lang='lat' dir='ltr'>VII.</span> <span class='ocrx_word' id='word_1_342' title='bbox 597 3011 649 3065; x_wconf 85' lang='lat'>2.</span> <span class='ocrx_word' id='word_1_343' title='bbox 697 3011 857 3076; x_wconf 89' lang='lat' dir='ltr'>Quia</span> <span class='ocrx_word' id='word_1_344' title='bbox 883 3012 1029 3067; x_wconf 85' lang='lat' dir='ltr'>fides</span> <span class='ocrx_word' id='word_1_345' title='bbox 1057 3011 1447 3083; x_wconf 87' lang='lat' dir='ltr'>distinguitur</span> <span class='ocrx_word' id='word_1_346' title='bbox 1476 3013 1550 3066; x_wconf 90' lang='lat' dir='ltr'>ab</span> <span class='ocrx_word' id='word_1_347' title='bbox 1580 3010 1707 3084; x_wconf 85' lang='lat' dir='ltr'>ipsa</span> <span class='ocrx_word' id='word_1_348' title='bbox 1725 3012 1979 3083; x_wconf 87' lang='lat' dir='ltr'>justitia,</span> <span class='ocrx_word' id='word_1_349' title='bbox 2010 3030 2146 3084; x_wconf 85' lang='lat' dir='ltr'>quae</span> <span class='ocrx_word' id='word_1_350' title='bbox 2175 3011 2347 3066; x_wconf 85' lang='lat' dir='ltr'>nobis</span> <span class='ocrx_word' id='word_1_351' title='bbox 2378 3012 2728 3083; x_wconf 86' lang='lat' dir='ltr'>imputatur,</span> 
     </span>
     <span class='ocr_line' id='line_1_37' title="bbox 311 3086 2726 3162; baseline 0.002 -20"><span class='ocrx_word' id='word_1_352' title='bbox 311 3093 443 3142; x_wconf 85' lang='lat' dir='ltr'>tum</span> <span class='ocrx_word' id='word_1_353' title='bbox 472 3086 617 3160; x_wconf 88' lang='lat' dir='ltr'>quia</span> <span class='ocrx_word' id='word_1_354' title='bbox 645 3087 862 3142; x_wconf 85' lang='lat' dir='ltr'>dicitur</span> <span class='ocrx_word' id='word_1_355' title='bbox 889 3105 1015 3143; x_wconf 87' lang='lat' dir='ltr'>esse</span> <span class='ocrx_word' id='word_1_356' title='bbox 1047 3108 1111 3143; x_wconf 73' lang='lat' dir='ltr'>ex</span> <span class='ocrx_word' id='word_1_357' title='bbox 1125 3092 1262 3159; x_wconf 82' lang='lat' dir='ltr'>fide,</span> <span class='ocrx_word' id='word_1_358' title='bbox 1293 3097 1352 3143; x_wconf 88' lang='lat' dir='ltr'>et</span> <span class='ocrx_word' id='word_1_359' title='bbox 1374 3108 1484 3161; x_wconf 80' lang='lat' dir='ltr'>per</span> <span class='ocrx_word' id='word_1_360' title='bbox 1498 3090 1699 3162; x_wconf 78' lang='lat' dir='ltr'>fidem,</span> <span class='ocrx_word' id='word_1_361' title='bbox 1732 3088 1905 3143; x_wconf 86' lang='lat' dir='ltr'>Rom.</span> <span class='ocrx_word' id='word_1_362' title='bbox 1935 3088 1972 3143; x_wconf 89' lang='lat' dir='ltr'>i.</span> <span class='ocrx_word' id='word_1_363' title='bbox 2008 3089 2098 3156; x_wconf 89' lang='lat'>17,</span> <span class='ocrx_word' id='word_1_364' title='bbox 2129 3095 2189 3143; x_wconf 90' lang='lat' dir='ltr'>et</span> <span class='ocrx_word' id='word_1_365' title='bbox 2215 3088 2297 3143; x_wconf 89' lang='lat' dir='ltr'>iii.</span> <span class='ocrx_word' id='word_1_366' title='bbox 2331 3088 2423 3156; x_wconf 85' lang='lat'>22,</span> <span class='ocrx_word' id='word_1_367' title='bbox 2455 3086 2611 3143; x_wconf 88' lang='lat' dir='ltr'>Phil.</span> <span class='ocrx_word' id='word_1_368' title='bbox 2642 3088 2726 3146; x_wconf 88' lang='lat' dir='ltr'>iii.</span> 
     </span>
     <span class='ocr_line' id='line_1_38' title="bbox 314 3163 2726 3238; baseline 0 -17"><span class='ocrx_word' id='word_1_369' title='bbox 314 3165 367 3227; x_wconf 83' lang='lat'>9.</span> <span class='ocrx_word' id='word_1_370' title='bbox 399 3172 527 3221; x_wconf 90' lang='lat' dir='ltr'>tum</span> <span class='ocrx_word' id='word_1_371' title='bbox 557 3163 701 3237; x_wconf 84' lang='lat' dir='ltr'>quia</span> <span class='ocrx_word' id='word_1_372' title='bbox 731 3164 1000 3222; x_wconf 87' lang='lat' dir='ltr'>Christus</span> <span class='ocrx_word' id='word_1_373' title='bbox 1031 3184 1167 3221; x_wconf 89' lang='lat' dir='ltr'>cum</span> <span class='ocrx_word' id='word_1_374' title='bbox 1199 3164 1557 3222; x_wconf 79' lang='lat' dir='ltr'>obedientia</span> <span class='ocrx_word' id='word_1_375' title='bbox 1576 3171 1638 3219; x_wconf 90' lang='lat' dir='ltr'>et</span> <span class='ocrx_word' id='word_1_376' title='bbox 1662 3164 2073 3220; x_wconf 85' lang='lat' dir='ltr'>Satisfactione</span> <span class='ocrx_word' id='word_1_377' title='bbox 2096 3183 2204 3220; x_wconf 86' lang='lat' dir='ltr'>sua</span> <span class='ocrx_word' id='word_1_378' title='bbox 2231 3172 2320 3220; x_wconf 84' lang='lat' dir='ltr'>est</span> <span class='ocrx_word' id='word_1_379' title='bbox 2347 3165 2453 3219; x_wconf 91' lang='lat' dir='ltr'>illa</span> <span class='ocrx_word' id='word_1_380' title='bbox 2471 3165 2726 3238; x_wconf 87' lang='lat' dir='ltr'>justitia,</span> 
     </span>
     <span class='ocr_line' id='line_1_39' title="bbox 312 3240 2726 3316; baseline 0.001 -18"><span class='ocrx_word' id='word_1_381' title='bbox 312 3262 446 3316; x_wconf 87' lang='lat' dir='ltr'>quae</span> <span class='ocrx_word' id='word_1_382' title='bbox 477 3242 648 3300; x_wconf 87' lang='lat' dir='ltr'>nobis</span> <span class='ocrx_word' id='word_1_383' title='bbox 673 3243 1024 3315; x_wconf 89' lang='lat' dir='ltr'>imputatur,</span> <span class='ocrx_word' id='word_1_384' title='bbox 1059 3242 1177 3299; x_wconf 86' lang='lat' dir='ltr'>Isa.</span> <span class='ocrx_word' id='word_1_385' title='bbox 1208 3243 1313 3298; x_wconf 90' lang='lat' dir='ltr'>liii.</span> <span class='ocrx_word' id='word_1_386' title='bbox 1349 3241 1439 3309; x_wconf 93' lang='grc'>11,</span> <span class='ocrx_word' id='word_1_387' title='bbox 1469 3241 1512 3297; x_wconf 88' lang='lat' dir='ltr'>J</span> <span class='ocrx_word' id='word_1_388' title='bbox 1515 3260 1593 3297; x_wconf 90' lang='lat' dir='ltr'>er.</span> <span class='ocrx_word' id='word_1_389' title='bbox 1625 3240 1789 3297; x_wconf 80' lang='lat' dir='ltr'>xxiii.</span> <span class='ocrx_word' id='word_1_390' title='bbox 1820 3242 1876 3308; x_wconf 89' lang='lat'>6,</span> <span class='ocrx_word' id='word_1_391' title='bbox 1928 3242 1956 3296; x_wconf 84' lang='lat'>1</span> <span class='ocrx_word' id='word_1_392' title='bbox 1993 3241 2123 3298; x_wconf 88' lang='lat' dir='ltr'>Cor.</span> <span class='ocrx_word' id='word_1_393' title='bbox 2148 3242 2185 3297; x_wconf 91' lang='lat' dir='ltr'>i.</span> <span class='ocrx_word' id='word_1_394' title='bbox 2213 3241 2306 3310; x_wconf 89' lang='lat'>30,</span> <span class='ocrx_word' id='word_1_395' title='bbox 2328 3242 2365 3297; x_wconf 91' lang='grc'><strong>2</strong></span> <span class='ocrx_word' id='word_1_396' title='bbox 2396 3241 2528 3299; x_wconf 90' lang='lat' dir='ltr'>Cor.</span> <span class='ocrx_word' id='word_1_397' title='bbox 2554 3262 2609 3300; x_wconf 87' lang='grc' dir='ltr'>ν.</span> <span class='ocrx_word' id='word_1_398' title='bbox 2631 3243 2726 3314; x_wconf 88' lang='grc'>21,</span> 
     </span>
     <span class='ocr_line' id='line_1_40' title="bbox 315 3319 2727 3394; baseline 0 -16"><span class='ocrx_word' id='word_1_399' title='bbox 315 3321 449 3378; x_wconf 81' lang='lat' dir='ltr'>Gal.</span> <span class='ocrx_word' id='word_1_400' title='bbox 478 3321 561 3378; x_wconf 90' lang='lat' dir='ltr'>iii.</span> <span class='ocrx_word' id='word_1_401' title='bbox 598 3321 687 3389; x_wconf 88' lang='lat'>13,</span> <span class='ocrx_word' id='word_1_402' title='bbox 723 3321 814 3388; x_wconf 91' lang='lat'>14,</span> <span class='ocrx_word' id='word_1_403' title='bbox 845 3339 1028 3394; x_wconf 89' lang='lat' dir='ltr'>quam</span> <span class='ocrx_word' id='word_1_404' title='bbox 1055 3321 1201 3377; x_wconf 89' lang='lat' dir='ltr'>fides</span> <span class='ocrx_word' id='word_1_405' title='bbox 1229 3319 1471 3394; x_wconf 90' lang='lat' dir='ltr'>quidem</span> <span class='ocrx_word' id='word_1_406' title='bbox 1521 3320 1914 3392; x_wconf 84' lang='lat' dir='ltr'>apprehendit</span> <span class='ocrx_word' id='word_1_407' title='bbox 1957 3326 2027 3374; x_wconf 91' lang='lat' dir='ltr'>ut</span> <span class='ocrx_word' id='word_1_408' title='bbox 2068 3320 2368 3393; x_wconf 83' lang='lat' dir='ltr'>objectum</span> <span class='ocrx_word' id='word_1_409' title='bbox 2398 3338 2593 3390; x_wconf 88' lang='lat' dir='ltr'>suum,</span> <span class='ocrx_word' id='word_1_410' title='bbox 2623 3323 2727 3379; x_wconf 82' lang='lat' dir='ltr'>sed</span> 
     </span>
     <span class='ocr_line' id='line_1_41' title="bbox 311 3395 2727 3473; baseline -0.001 -16"><span class='ocrx_word' id='word_1_411' title='bbox 311 3418 447 3458; x_wconf 89' lang='lat' dir='ltr'>cum</span> <span class='ocrx_word' id='word_1_412' title='bbox 476 3418 597 3473; x_wconf 93' lang='lat' dir='ltr'>quo</span> <span class='ocrx_word' id='word_1_413' title='bbox 626 3399 978 3455; x_wconf 85' lang='lat' dir='ltr'>identificari</span> <span class='ocrx_word' id='word_1_414' title='bbox 1006 3417 1128 3455; x_wconf 93' lang='lat' dir='ltr'>non</span> <span class='ocrx_word' id='word_1_415' title='bbox 1157 3405 1368 3473; x_wconf 88' lang='lat' dir='ltr'>potest.</span> <span class='ocrx_word' id='word_1_416' title='bbox 1455 3395 1638 3453; x_wconf 89' lang='lat' dir='ltr'>Unde</span> <span class='ocrx_word' id='word_1_417' title='bbox 1672 3396 1976 3470; x_wconf 86' lang='lat' dir='ltr'>Scriptura</span> <span class='ocrx_word' id='word_1_418' title='bbox 2004 3415 2314 3471; x_wconf 89' lang='lat' dir='ltr'>nunquam</span> <span class='ocrx_word' id='word_1_419' title='bbox 2343 3397 2487 3454; x_wconf 91' lang='lat' dir='ltr'>dicit</span> <span class='ocrx_word' id='word_1_420' title='bbox 2528 3397 2727 3456; x_wconf 91' lang='lat' dir='ltr'>Deum</span> 
     </span>
     <span class='ocr_line' id='line_1_42' title="bbox 310 3475 2727 3549; baseline 0 -15"><span class='ocrx_word' id='word_1_421' title='bbox 310 3479 463 3535; x_wconf 80' lang='lat' dir='ltr'>velle</span> <span class='ocrx_word' id='word_1_422' title='bbox 493 3495 726 3535; x_wconf 90' lang='lat' dir='ltr'>censere</span> <span class='ocrx_word' id='word_1_423' title='bbox 752 3478 932 3532; x_wconf 88' lang='lat' dir='ltr'>fidem</span> <span class='ocrx_word' id='word_1_424' title='bbox 961 3486 1226 3534; x_wconf 88' lang='lat' dir='ltr'>nostram</span> <span class='ocrx_word' id='word_1_425' title='bbox 1252 3494 1359 3549; x_wconf 91' lang='lat' dir='ltr'>pro</span> <span class='ocrx_word' id='word_1_426' title='bbox 1380 3475 1634 3548; x_wconf 88' lang='lat' dir='ltr'>justitia,</span> <span class='ocrx_word' id='word_1_427' title='bbox 1665 3476 1766 3530; x_wconf 91' lang='lat' dir='ltr'>sed</span> <span class='ocrx_word' id='word_1_428' title='bbox 1796 3475 1958 3549; x_wconf 91' lang='lat' dir='ltr'>quod</span> <span class='ocrx_word' id='word_1_429' title='bbox 1992 3475 2296 3531; x_wconf 85' lang='lat' dir='ltr'>Christum</span> <span class='ocrx_word' id='word_1_430' title='bbox 2323 3475 2528 3532; x_wconf 84' lang='lat' dir='ltr'>fecerit</span> <span class='ocrx_word' id='word_1_431' title='bbox 2554 3477 2727 3535; x_wconf 90' lang='lat' dir='ltr'>nobis</span> 
     </span>
     <span class='ocr_line' id='line_1_43' title="bbox 302 3552 2723 3632; baseline 0 -20"><span class='ocrx_word' id='word_1_432' title='bbox 302 3556 625 3632; x_wconf 75' lang='lat' dir='ltr'>justitiam,</span> <span class='ocrx_word' id='word_1_433' title='bbox 653 3556 816 3630; x_wconf 88' lang='lat' dir='ltr'>quod</span> <span class='ocrx_word' id='word_1_434' title='bbox 846 3554 922 3612; x_wconf 86' lang='lat' dir='ltr'>sit</span> <span class='ocrx_word' id='word_1_435' title='bbox 947 3554 990 3610; x_wconf 86' lang='lat' dir='ltr'><strong>J</strong></span> <span class='ocrx_word' id='word_1_436' title='bbox 994 3557 1187 3611; x_wconf 80' lang='lat' dir='ltr'>ehova</span> <span class='ocrx_word' id='word_1_437' title='bbox 1205 3553 1444 3630; x_wconf 88' lang='lat' dir='ltr'>justitia</span> <span class='ocrx_word' id='word_1_438' title='bbox 1470 3560 1697 3622; x_wconf 87' lang='lat' dir='ltr'>nostra,</span> <span class='ocrx_word' id='word_1_439' title='bbox 1728 3560 1787 3609; x_wconf 91' lang='lat' dir='ltr'>et</span> <span class='ocrx_word' id='word_1_440' title='bbox 1815 3554 1978 3627; x_wconf 85' lang='lat' dir='ltr'>quod</span> <span class='ocrx_word' id='word_1_441' title='bbox 2007 3553 2192 3610; x_wconf 86' lang='lat' dir='ltr'>simus</span> <span class='ocrx_word' id='word_1_442' title='bbox 2236 3553 2279 3609; x_wconf 87' lang='lat' dir='ltr'><strong>J</strong></span> <span class='ocrx_word' id='word_1_443' title='bbox 2285 3554 2489 3611; x_wconf 83' lang='lat' dir='ltr'>ustitia</span> <span class='ocrx_word' id='word_1_444' title='bbox 2519 3552 2633 3611; x_wconf 87' lang='lat' dir='ltr'>Dei</span> <span class='ocrx_word' id='word_1_445' title='bbox 2659 3555 2723 3613; x_wconf 88' lang='lat' dir='ltr'>in</span> 
     </span>
     <span class='ocr_line' id='line_1_44' title="bbox 309 3656 454 3694; baseline -0.007 0"><span class='ocrx_word' id='word_1_446' title='bbox 309 3657 330 3694; x_wconf 91' lang='lat'>1</span> <span class='ocrx_word' id='word_1_447' title='bbox 370 3656 454 3693; x_wconf 88' lang='lat' dir='ltr'>so.</span> 
     </span>
    </p>

    <p class='ocr_par' dir='ltr' id='par_1_7' title="bbox 302 3656 2723 4724">
     <span class='ocr_line' id='line_1_45' title="bbox 330 3656 2723 3787; baseline -0 -16"><span class='ocrx_word' id='word_1_448' title='bbox 330 3656 369 3711; x_wconf 78' lang='lat' dir='ltr'>p</span> <span class='ocrx_word' id='word_1_449' title='bbox 389 3712 585 3771; x_wconf 88' lang='lat' dir='ltr'>VIII.</span> <span class='ocrx_word' id='word_1_450' title='bbox 631 3713 685 3770; x_wconf 90' lang='lat'>3.</span> <span class='ocrx_word' id='word_1_451' title='bbox 720 3714 881 3781; x_wconf 84' lang='lat' dir='ltr'>Quia</span> <span class='ocrx_word' id='word_1_452' title='bbox 902 3732 1022 3772; x_wconf 90' lang='lat' dir='ltr'>non</span> <span class='ocrx_word' id='word_1_453' title='bbox 1042 3714 1442 3787; x_wconf 87' lang='lat' dir='ltr'>justificamur</span> <span class='ocrx_word' id='word_1_454' title='bbox 1462 3711 1574 3769; x_wconf 89' lang='lat' dir='ltr'>nisi</span> <span class='ocrx_word' id='word_1_455' title='bbox 1596 3731 1702 3787; x_wconf 91' lang='lat' dir='ltr'>per</span> <span class='ocrx_word' id='word_1_456' title='bbox 1721 3711 2041 3786; x_wconf 81' lang='lat' dir='ltr'>perfectam</span> <span class='ocrx_word' id='word_1_457' title='bbox 2051 3711 2367 3785; x_wconf 86' lang='lat' dir='ltr'>justitiam.</span> <span class='ocrx_word' id='word_1_458' title='bbox 2413 3712 2723 3785; x_wconf 87' lang='lat' dir='ltr'>Siquidem</span> 
     </span>
     <span class='ocr_line' id='line_1_46' title="bbox 308 3788 2722 3861; baseline -0.001 -12"><span class='ocrx_word' id='word_1_459' title='bbox 308 3810 398 3849; x_wconf 90' lang='lat' dir='ltr'>res</span> <span class='ocrx_word' id='word_1_460' title='bbox 425 3792 596 3847; x_wconf 89' lang='lat' dir='ltr'>nobis</span> <span class='ocrx_word' id='word_1_461' title='bbox 624 3799 713 3848; x_wconf 91' lang='lat' dir='ltr'>est</span> <span class='ocrx_word' id='word_1_462' title='bbox 732 3810 870 3848; x_wconf 91' lang='lat' dir='ltr'>cum</span> <span class='ocrx_word' id='word_1_463' title='bbox 897 3800 1105 3850; x_wconf 84' lang='lat' dir='ltr'>exacta</span> <span class='ocrx_word' id='word_1_464' title='bbox 1132 3792 1175 3848; x_wconf 88' lang='lat' dir='ltr'>J</span> <span class='ocrx_word' id='word_1_465' title='bbox 1179 3792 1383 3848; x_wconf 85' lang='lat' dir='ltr'>ustitia</span> <span class='ocrx_word' id='word_1_466' title='bbox 1412 3790 1544 3859; x_wconf 91' lang='lat' dir='ltr'>Dei,</span> <span class='ocrx_word' id='word_1_467' title='bbox 1567 3791 1664 3847; x_wconf 91' lang='lat' dir='ltr'>cui</span> <span class='ocrx_word' id='word_1_468' title='bbox 1691 3790 1857 3847; x_wconf 82' lang='lat' dir='ltr'>fraus</span> <span class='ocrx_word' id='word_1_469' title='bbox 1878 3788 2004 3846; x_wconf 86' lang='lat' dir='ltr'>fieri</span> <span class='ocrx_word' id='word_1_470' title='bbox 2031 3807 2149 3845; x_wconf 91' lang='lat' dir='ltr'>non</span> <span class='ocrx_word' id='word_1_471' title='bbox 2180 3796 2390 3861; x_wconf 88' lang='lat' dir='ltr'>potest.</span> <span class='ocrx_word' id='word_1_472' title='bbox 2462 3790 2552 3846; x_wconf 91' lang='lat' dir='ltr'>At</span> <span class='ocrx_word' id='word_1_473' title='bbox 2576 3791 2722 3847; x_wconf 87' lang='lat' dir='ltr'>fides</span> 
     </span>
     <span class='ocr_line' id='line_1_47' title="bbox 308 3865 2722 3942; baseline -0.002 -16"><span class='ocrx_word' id='word_1_474' title='bbox 308 3870 479 3926; x_wconf 84' lang='lat' dir='ltr'>nulla</span> <span class='ocrx_word' id='word_1_475' title='bbox 505 3869 601 3924; x_wconf 90' lang='lat' dir='ltr'>hic</span> <span class='ocrx_word' id='word_1_476' title='bbox 629 3876 716 3925; x_wconf 90' lang='lat' dir='ltr'>est</span> <span class='ocrx_word' id='word_1_477' title='bbox 742 3869 1018 3942; x_wconf 87' lang='lat' dir='ltr'>perfecta.</span> <span class='ocrx_word' id='word_1_478' title='bbox 1102 3869 1233 3925; x_wconf 87' lang='lat' dir='ltr'>Nec</span> <span class='ocrx_word' id='word_1_479' title='bbox 1261 3869 1581 3925; x_wconf 90' lang='lat' dir='ltr'>dicendum</span> <span class='ocrx_word' id='word_1_480' title='bbox 1625 3886 1747 3923; x_wconf 92' lang='lat' dir='ltr'>non</span> <span class='ocrx_word' id='word_1_481' title='bbox 1789 3886 1912 3923; x_wconf 86' lang='lat' dir='ltr'>esse</span> <span class='ocrx_word' id='word_1_482' title='bbox 1961 3865 2204 3938; x_wconf 89' lang='lat' dir='ltr'>quidem</span> <span class='ocrx_word' id='word_1_483' title='bbox 2242 3866 2542 3937; x_wconf 85' lang='lat' dir='ltr'>justitiam</span> <span class='ocrx_word' id='word_1_484' title='bbox 2589 3885 2722 3941; x_wconf 89' lang='lat' dir='ltr'>per-</span> 
     </span>
     <span class='ocr_line' id='line_1_48' title="bbox 308 3942 2718 4019; baseline -0.001 -16"><span class='ocrx_word' id='word_1_485' title='bbox 308 3946 520 4003; x_wconf 83' lang='lat' dir='ltr'>fectam</span> <span class='ocrx_word' id='word_1_486' title='bbox 548 3964 622 4001; x_wconf 80' lang='lat' dir='ltr'>ex</span> <span class='ocrx_word' id='word_1_487' title='bbox 650 3964 728 4013; x_wconf 86' lang='lat' dir='ltr'>se,</span> <span class='ocrx_word' id='word_1_488' title='bbox 759 3948 862 4001; x_wconf 89' lang='lat' dir='ltr'>sed</span> <span class='ocrx_word' id='word_1_489' title='bbox 888 3966 995 4019; x_wconf 85' lang='lat' dir='ltr'>pro</span> <span class='ocrx_word' id='word_1_490' title='bbox 1024 3946 1131 4003; x_wconf 86' lang='lat' dir='ltr'>tali</span> <span class='ocrx_word' id='word_1_491' title='bbox 1160 3946 1396 4002; x_wconf 86' lang='lat' dir='ltr'>admitti</span> <span class='ocrx_word' id='word_1_492' title='bbox 1425 3963 1462 4001; x_wconf 89' lang='lat' dir='ltr'>a</span> <span class='ocrx_word' id='word_1_493' title='bbox 1491 3945 1641 4013; x_wconf 88' lang='lat' dir='ltr'>De0‚</span> <span class='ocrx_word' id='word_1_494' title='bbox 1670 3952 1729 4001; x_wconf 90' lang='lat' dir='ltr'>et</span> <span class='ocrx_word' id='word_1_495' title='bbox 1754 3943 1959 4000; x_wconf 86' lang='lat' dir='ltr'>haberi</span> <span class='ocrx_word' id='word_1_496' title='bbox 1989 3960 2092 4015; x_wconf 88' lang='lat' dir='ltr'>per</span> <span class='ocrx_word' id='word_1_497' title='bbox 2118 3942 2442 4013; x_wconf 82' lang='lat' dir='ltr'>gratuitam</span> <span class='ocrx_word' id='word_1_498' title='bbox 2469 3944 2718 4017; x_wconf 85' lang='lat' dir='ltr'>accepti-</span> 
     </span>
     <span class='ocr_line' id='line_1_49' title="bbox 307 4021 2718 4095; baseline -0.001 -13"><span class='ocrx_word' id='word_1_499' title='bbox 307 4025 607 4082; x_wconf 86' lang='lat' dir='ltr'>lationem.</span> <span class='ocrx_word' id='word_1_500' title='bbox 694 4022 855 4089; x_wconf 85' lang='lat' dir='ltr'>Quia</span> <span class='ocrx_word' id='word_1_501' title='bbox 897 4024 957 4078; x_wconf 91' lang='lat' dir='ltr'>in</span> <span class='ocrx_word' id='word_1_502' title='bbox 1002 4024 1135 4079; x_wconf 82' lang='lat' dir='ltr'>foro</span> <span class='ocrx_word' id='word_1_503' title='bbox 1175 4023 1423 4095; x_wconf 76' lang='lat' dir='ltr'>justitiae</span> <span class='ocrx_word' id='word_1_504' title='bbox 1470 4023 1706 4091; x_wconf 77' lang='lat' dir='ltr'>divinae,</span> <span class='ocrx_word' id='word_1_505' title='bbox 1735 4040 1868 4095; x_wconf 84' lang='lat' dir='ltr'>quae</span> <span class='ocrx_word' id='word_1_506' title='bbox 1913 4021 2292 4092; x_wconf 75' lang='lat' dir='ltr'>adaequatam</span> <span class='ocrx_word' id='word_1_507' title='bbox 2338 4027 2398 4076; x_wconf 92' lang='lat' dir='ltr'>et</span> <span class='ocrx_word' id='word_1_508' title='bbox 2441 4022 2718 4079; x_wconf 90' lang='lat' dir='ltr'>omnibus</span> 
     </span>
     <span class='ocr_line' id='line_1_50' title="bbox 308 4096 2717 4173; baseline -0.001 -14"><span class='ocrx_word' id='word_1_509' title='bbox 308 4101 568 4159; x_wconf 88' lang='lat' dir='ltr'>numeris</span> <span class='ocrx_word' id='word_1_510' title='bbox 598 4100 938 4157; x_wconf 87' lang='lat' dir='ltr'>absolutam</span> <span class='ocrx_word' id='word_1_511' title='bbox 967 4100 1326 4158; x_wconf 90' lang='lat' dir='ltr'>solutionem</span> <span class='ocrx_word' id='word_1_512' title='bbox 1354 4101 1640 4173; x_wconf 87' lang='lat' dir='ltr'>postulat,</span> <span class='ocrx_word' id='word_1_513' title='bbox 1672 4118 1791 4155; x_wconf 89' lang='lat' dir='ltr'>non</span> <span class='ocrx_word' id='word_1_514' title='bbox 1819 4105 2016 4173; x_wconf 91' lang='lat' dir='ltr'>potest</span> <span class='ocrx_word' id='word_1_515' title='bbox 2043 4096 2171 4153; x_wconf 86' lang='lat' dir='ltr'>dari</span> <span class='ocrx_word' id='word_1_516' title='bbox 2211 4098 2380 4154; x_wconf 92' lang='lat' dir='ltr'>locus</span> <span class='ocrx_word' id='word_1_517' title='bbox 2407 4100 2717 4173; x_wconf 84' lang='lat' dir='ltr'>acceptila-</span> 
     </span>
     <span class='ocr_line' id='line_1_51' title="bbox 306 4174 2715 4254; baseline -0.002 -16"><span class='ocrx_word' id='word_1_518' title='bbox 306 4180 470 4250; x_wconf 86' lang='lat' dir='ltr'>tioni,</span> <span class='ocrx_word' id='word_1_519' title='bbox 501 4198 636 4254; x_wconf 82' lang='lat' dir='ltr'>quae</span> <span class='ocrx_word' id='word_1_520' title='bbox 682 4185 771 4235; x_wconf 87' lang='lat' dir='ltr'>est</span> <span class='ocrx_word' id='word_1_521' title='bbox 817 4178 1171 4252; x_wconf 86' lang='lat' dir='ltr'>imaginaria</span> <span class='ocrx_word' id='word_1_522' title='bbox 1212 4179 1448 4235; x_wconf 89' lang='lat' dir='ltr'>solutio.</span> <span class='ocrx_word' id='word_1_523' title='bbox 1534 4178 1767 4234; x_wconf 88' lang='lat' dir='ltr'>Deinde</span> <span class='ocrx_word' id='word_1_524' title='bbox 1815 4195 1951 4233; x_wconf 90' lang='lat' dir='ltr'>cum</span> <span class='ocrx_word' id='word_1_525' title='bbox 1991 4174 2342 4249; x_wconf 88' lang='lat' dir='ltr'>justificatio</span> <span class='ocrx_word' id='word_1_526' title='bbox 2392 4185 2592 4234; x_wconf 88' lang='lat' dir='ltr'>nostra</span> <span class='ocrx_word' id='word_1_527' title='bbox 2639 4178 2715 4235; x_wconf 88' lang='lat' dir='ltr'>sit</span> 
     </span>
     <span class='ocr_line' id='line_1_52' title="bbox 305 4253 2713 4329; baseline -0.002 -11"><span class='ocrx_word' id='word_1_528' title='bbox 305 4267 464 4318; x_wconf 83' lang='lat' dir='ltr'>actus</span> <span class='ocrx_word' id='word_1_529' title='bbox 489 4256 740 4315; x_wconf 82' lang='lat' dir='ltr'>sorensis</span> <span class='ocrx_word' id='word_1_530' title='bbox 767 4264 827 4313; x_wconf 92' lang='lat' dir='ltr'>et</span> <span class='ocrx_word' id='word_1_531' title='bbox 845 4256 1172 4329; x_wconf 86' lang='lat' dir='ltr'>judicialis,</span> <span class='ocrx_word' id='word_1_532' title='bbox 1196 4257 1300 4313; x_wconf 93' lang='lat' dir='ltr'>ubi</span> <span class='ocrx_word' id='word_1_533' title='bbox 1328 4257 1493 4313; x_wconf 90' lang='lat' dir='ltr'>Deus</span> <span class='ocrx_word' id='word_1_534' title='bbox 1521 4274 1581 4312; x_wconf 89' lang='lat' dir='ltr'>se</span> <span class='ocrx_word' id='word_1_535' title='bbox 1601 4256 1840 4328; x_wconf 88' lang='lat' dir='ltr'>justum</span> <span class='ocrx_word' id='word_1_536' title='bbox 1869 4253 2143 4322; x_wconf 86' lang='lat' dir='ltr'>ostendit,</span> <span class='ocrx_word' id='word_1_537' title='bbox 2170 4253 2343 4310; x_wconf 86' lang='lat' dir='ltr'>Rom.</span> <span class='ocrx_word' id='word_1_538' title='bbox 2368 4253 2448 4309; x_wconf 88' lang='lat' dir='ltr'>iii.</span> <span class='ocrx_word' id='word_1_539' title='bbox 2474 4255 2568 4325; x_wconf 82' lang='lat'>25,</span> <span class='ocrx_word' id='word_1_540' title='bbox 2591 4274 2713 4312; x_wconf 90' lang='lat' dir='ltr'>non</span> 
     </span>
     <span class='ocr_line' id='line_1_53' title="bbox 307 4331 2714 4409; baseline -0.002 -14"><span class='ocrx_word' id='word_1_541' title='bbox 307 4337 566 4395; x_wconf 85' lang='lat' dir='ltr'>admittit</span> <span class='ocrx_word' id='word_1_542' title='bbox 607 4335 1135 4408; x_wconf 85' lang='lat' dir='ltr'>acceptilationem,</span> <span class='ocrx_word' id='word_1_543' title='bbox 1182 4353 1316 4409; x_wconf 85' lang='lat' dir='ltr'>quoe</span> <span class='ocrx_word' id='word_1_544' title='bbox 1362 4352 1676 4408; x_wconf 86' lang='lat' dir='ltr'>nunquam</span> <span class='ocrx_word' id='word_1_545' title='bbox 1719 4332 1984 4407; x_wconf 88' lang='lat' dir='ltr'>procedit</span> <span class='ocrx_word' id='word_1_546' title='bbox 2031 4349 2136 4405; x_wconf 88' lang='lat' dir='ltr'>per</span> <span class='ocrx_word' id='word_1_547' title='bbox 2182 4331 2605 4389; x_wconf 88' lang='lat' dir='ltr'>authoritatem</span> <span class='ocrx_word' id='word_1_548' title='bbox 2652 4341 2714 4390; x_wconf 86' lang='lat' dir='ltr'>et</span> 
     </span>
     <span class='ocr_line' id='line_1_54' title="bbox 308 4409 2709 4487; baseline -0.002 -15"><span class='ocrx_word' id='word_1_549' title='bbox 308 4415 655 4472; x_wconf 85' lang='lat' dir='ltr'>sententiam</span> <span class='ocrx_word' id='word_1_550' title='bbox 722 4412 765 4468; x_wconf 88' lang='lat' dir='ltr'>J</span> <span class='ocrx_word' id='word_1_551' title='bbox 770 4413 975 4484; x_wconf 88' lang='lat' dir='ltr'>udicis,</span> <span class='ocrx_word' id='word_1_552' title='bbox 1032 4414 1139 4471; x_wconf 85' lang='lat' dir='ltr'>sed</span> <span class='ocrx_word' id='word_1_553' title='bbox 1191 4431 1298 4487; x_wconf 89' lang='lat' dir='ltr'>per</span> <span class='ocrx_word' id='word_1_554' title='bbox 1350 4411 1754 4468; x_wconf 80' lang='lat' dir='ltr'>voluntariam</span> <span class='ocrx_word' id='word_1_555' title='bbox 1801 4417 1862 4468; x_wconf 91' lang='lat' dir='ltr'>et</span> <span class='ocrx_word' id='word_1_556' title='bbox 1884 4446 1889 4451; x_wconf 93' lang='lat'><strong>·</strong></span> <span class='ocrx_word' id='word_1_557' title='bbox 1914 4409 2208 4484; x_wconf 86' lang='lat' dir='ltr'>privatam</span> <span class='ocrx_word' id='word_1_558' title='bbox 2262 4409 2709 4484; x_wconf 78' lang='lat' dir='ltr'>stipulationem</span> 
     </span>
     <span class='ocr_line' id='line_1_55' title="bbox 339 4491 575 4550; baseline 0 -1"><span class='ocrx_word' id='word_1_559' title='bbox 339 4491 575 4550; x_wconf 88' lang='lat' dir='ltr'>artium.</span> 
     </span>
     <span class='ocr_line' id='line_1_56' title="bbox 302 4512 2709 4646; baseline -0.001 -19"><span class='ocrx_word' id='word_1_560' title='bbox 302 4512 338 4568; x_wconf 75' lang='lat' dir='ltr'>p</span> <span class='ocrx_word' id='word_1_561' title='bbox 385 4569 502 4627; x_wconf 89' lang='lat' dir='ltr'>IX.</span> <span class='ocrx_word' id='word_1_562' title='bbox 545 4569 601 4627; x_wconf 88' lang='lat'>4.</span> <span class='ocrx_word' id='word_1_563' title='bbox 648 4570 711 4628; x_wconf 87' lang='lat' dir='ltr'>Si</span> <span class='ocrx_word' id='word_1_564' title='bbox 732 4570 879 4628; x_wconf 89' lang='lat' dir='ltr'>fides</span> <span class='ocrx_word' id='word_1_565' title='bbox 905 4576 1217 4646; x_wconf 87' lang='lat' dir='ltr'>reputatur</span> <span class='ocrx_word' id='word_1_566' title='bbox 1244 4588 1351 4643; x_wconf 92' lang='lat' dir='ltr'>pro</span> <span class='ocrx_word' id='word_1_567' title='bbox 1365 4569 1620 4643; x_wconf 88' lang='lat' dir='ltr'>justitia,</span> <span class='ocrx_word' id='word_1_568' title='bbox 1641 4568 2104 4642; x_wconf 86' lang='lat' dir='ltr'>justificabimur</span> <span class='ocrx_word' id='word_1_569' title='bbox 2132 4568 2424 4642; x_wconf 72' lang='lat' dir='ltr'>operibuS,</span> <span class='ocrx_word' id='word_1_570' title='bbox 2456 4567 2600 4641; x_wconf 87' lang='lat' dir='ltr'>quia</span> <span class='ocrx_word' id='word_1_571' title='bbox 2626 4567 2709 4626; x_wconf 90' lang='lat' dir='ltr'>sic</span> 
     </span>
     <span class='ocr_line' id='line_1_57' title="bbox 304 4644 2707 4724; baseline -0.001 -16"><span class='ocrx_word' id='word_1_572' title='bbox 304 4650 442 4708; x_wconf 86' lang='lat' dir='ltr'>fides</span> <span class='ocrx_word' id='word_1_573' title='bbox 470 4667 589 4705; x_wconf 90' lang='lat' dir='ltr'>non</span> <span class='ocrx_word' id='word_1_574' title='bbox 618 4655 814 4724; x_wconf 88' lang='lat' dir='ltr'>potest</span> <span class='ocrx_word' id='word_1_575' title='bbox 840 4667 960 4707; x_wconf 89' lang='lat' dir='ltr'>non</span> <span class='ocrx_word' id='word_1_576' title='bbox 987 4650 1205 4707; x_wconf 88' lang='lat' dir='ltr'>habere</span> <span class='ocrx_word' id='word_1_577' title='bbox 1232 4648 1528 4707; x_wconf 86' lang='lat' dir='ltr'>rationem</span> <span class='ocrx_word' id='word_1_578' title='bbox 1555 4647 1751 4723; x_wconf 86' lang='lat' dir='ltr'>operis</span> <span class='ocrx_word' id='word_1_579' title='bbox 1788 4665 1969 4721; x_wconf 86' lang='lat' dir='ltr'>quam</span> <span class='ocrx_word' id='word_1_580' title='bbox 2003 4646 2306 4724; x_wconf 86' lang='lat' dir='ltr'>justificat.</span> <span class='ocrx_word' id='word_1_581' title='bbox 2391 4644 2478 4702; x_wconf 90' lang='lat' dir='ltr'>At</span> <span class='ocrx_word' id='word_1_582' title='bbox 2504 4646 2568 4703; x_wconf 89' lang='lat' dir='ltr'>in</span> <span class='ocrx_word' id='word_1_583' title='bbox 2596 4646 2707 4705; x_wconf 80' lang='lat' dir='ltr'>hoe</span> 
     </span>
    </p>
   </div>
  </div>
 </body>
</html>
