3221 5200
317 405 540 457 QuAEsr.
568 387 722 469 xm]
1015 410 1091 448 ns
1122 411 1384 450 rsnsoxa
1412 411 1483 449 m·
1507 409 1694 450 sm'ru
1715 408 1966 449 cnmsrx.
2616 396 2733 452 325

312 559 494 609 testas
527 549 713 625 Regia
741 569 846 607 nec
875 550 1079 608 animae
1106 570 1213 610 nce
1243 550 1465 629 corpori
1496 550 1678 627 Regis
1724 549 2016 627 competit,
2043 549 2146 607 sed
2174 549 2489 627 suppositO.
2534 553 2724 610 Exer-

312 630 435 688 citt'e'
460 650 596 687 vero
626 628 948 704 subjectum
977 637 1066 689 est
1086 640 1327 708 utraque
1382 639 1603 704 natura,
1639 628 1855 688 Divina
1883 629 2114 706 quidem
2143 649 2245 707 per
2274 650 2435 688 suam
2465 632 2722 709 omnipo-

313 710 555 767 tentiam
584 718 642 766 et
669 710 1188 787 omnipraesentiam
1218 734 1233 788 3
1265 712 1516 768 humana
1543 730 1683 768 vero
1700 730 1803 787 per
1831 709 1985 766 dona
2010 708 2112 767 illa
2139 709 2353 767 eximia
2371 718 2428 767 et
2457 710 2719 787 gloriam,

313 808 432 865 qua
461 808 633 865 supra
661 809 860 848 omnes
890 790 1193 848 Creaturas
1222 790 1452 849 eminet.

400 868 513 926 VI.
563 869 755 926 Sessio
804 889 943 946 ergo
992 870 1102 929 ista
1128 870 1348 928 ratione
1390 871 1659 927 Persona
1695 867 1959 927 consistit
1987 868 2045 925 in
2074 887 2297 926 summa
2325 868 2424 927 illa
2451 869 2637 947 gloria
2665 881 2724 930 et

313 955 597 1024 potestate
644 948 753 1025 ipsi
803 969 1074 1007 concessa
1101 970 1202 1026 per
1231 949 1679 1023 Exaltationem,
1710 969 1812 1026 per
1849 967 2020 1025 quam
2058 947 2434 1024 inauguratus
2472 958 2561 1007 est
2591 950 2721 1008 Rex

311 1036 372 1086 et
395 1028 581 1104 Caput
605 1027 900 1086 Ecclesiae.
987 1029 1234 1086 Ratione
1263 1030 1507 1086 Naturae
1534 1030 1811 1102 humanm,
1842 1027 1901 1084 in
1932 1027 2117 1104 gloria
2145 1036 2203 1086 et
2230 1028 2462 1104 honore,
2484 1049 2598 1106 quo
2629 1050 2719 1088 or·

313 1114 449 1165 nata
478 1115 566 1165 est
599 1127 770 1184 supra
800 1128 998 1166 omnes
1027 1117 1331 1181 creaturae,
1364 1116 1422 1167 et
1450 1128 1564 1185 quo
1593 1116 1763 1166 antea
1792 1106 2225 1165 destituebatur.
2314 1108 2558 1166 Ratione
2581 1130 2719 1168 vero

310 1187 515 1244 divinoe
542 1187 602 1243 in
632 1186 1090 1246 manifestatione
1128 1188 1397 1266 potentiae
1426 1197 1484 1246 et
1510 1187 1847 1264 majestatie,
1879 1206 2008 1262 quae
2037 1195 2205 1244 antea
2235 1187 2342 1245 sub
2372 1187 2503 1246 velo
2532 1189 2720 1247 carnis

315 1265 572 1340 infirmae,
599 1274 656 1324 et
674 1267 902 1325 servilis
930 1267 1275 1326 conditionis
1304 1267 1567 1326 latuerat.

392 1346 538 1403 VII.
600 1346 682 1405 Ut
713 1347 929 1421 Passi0,
963 1347 1125 1405 Mors
1154 1355 1212 1405 ct
1242 1347 1551 1406 Crucifixio
1589 1347 1671 1404 ita
1697 1346 1987 1424 pertinent
2015 1345 2089 1403 ad
2116 1354 2381 1405 naturam
2406 1346 2715 1405 humanam

307 1426 614 1500 subjective,
646 1435 710 1484 ut
750 1426 1077 1484 tribuantur
1117 1427 1290 1485 etiam
1322 1427 1590 1485 Personae
1621 1426 2061 1501 denominative3
2113 1446 2228 1503 quo
2258 1445 2431 1484 sensu
2459 1427 2717 1486 Actiones

306 1514 362 1562 et
382 1505 683 1564 Passiones
723 1516 851 1563 sunt
889 1507 1320 1582 Suppositorum
1340 1530 1360 1564 .-
1445 1507 1537 1563 Ita
1569 1506 1780 1581 Sessio,
1812 1527 1940 1582 quae
1970 1505 2179 1564 realem
2210 1504 2381 1564 infert
2403 1507 2716 1565 communi·

304 1585 589 1642 cationem
616 1585 851 1643 honoris
880 1594 938 1643 et
966 1586 1166 1663 gloriae
1194 1586 1412 1644 ratione
1441 1593 1659 1644 naturae
1681 1586 1964 1662 humanae,
1997 1593 2159 1644 notat
2180 1585 2351 1644 etiam
2380 1586 2716 1644 relationem

311 1662 567 1721 Dominii
588 1672 646 1722 et
670 1665 998 1739 PotestatiS,
1031 1686 1160 1742 quae
1185 1667 1452 1724 Personae
1482 1666 1712 1743 propria
1733 1673 1837 1724 est.

387 1742 570 1801 VIII.
621 1744 809 1817 Quum
860 1745 1124 1804 Christus
1173 1754 1463 1823 spectatur
1510 1745 1877 1822 Theologice,
1909 1752 1974 1802 ut
1999 1743 2159 1815 Λᾶγος
2183 1743 2534 1820 simpliciter,
2560 1753 2715 1804 recte

302 1820 515 1880 dicitur
543 1824 666 1900 ipsa
697 1824 805 1882 Dei
830 1824 1050 1899 dextra,
1082 1834 1367 1901 quatenus
1388 1824 1631 1882 eandem
1660 1844 1791 1882 cum
1816 1825 1986 1882 Patre
2006 1824 2453 1901 omnipotentem
2488 1824 2596 1881 Dei
2626 1845 2711 1882 es·

304 1902 548 1960 sentiam
585 1904 927 1981 participat;
976 1904 1093 1963 Sed
1121 1924 1298 1982 quum
1327 1904 1678 1962 oeconomice
1708 1902 2102 1962 consideratus
2129 1911 2194 1961 ut
2226 1902 2529 1975 Mediator,
2561 1915 2714 1963 recte

302 1980 517 2041 dicitur
538 1983 733 2042 sedere
764 1983 836 2041 ad
867 1984 1129 2042 dextram
1163 1985 1291 2042 Dei.
1380 1984 1575 2042 Priore
1605 2003 1779 2041 sensu
1808 1982 2014 2040 dextra
2043 1982 2156 2040 Dei
2185 1981 2396 2040 dicitur
2423 1982 2494 2040 de
2518 1983 2716 2041 divina

303 2062 734 2138 omnipotentia,
768 2062 870 2121 sed
913 2063 1216 2140 posteriori
1237 2063 1625 2140 metaphorice
1670 2062 1743 2121 de
1792 2063 2031 2140 imperio
2060 2071 2119 2121 et
2147 2061 2552 2136 dominatione,
2584 2083 2713 2139 quse

307 2139 577 2198 Personae
606 2143 832 2219 proprie
862 2143 1153 2220 competit.
1261 2144 1462 2200 Potest
1485 2143 1659 2201 etiam
1681 2142 1856 2200 tribui
1879 2151 2096 2200 naturae
2120 2141 2332 2200 divinae
2358 2141 2708 2219 intempore.

301 2219 355 2276 si
382 2239 498 2277 non
527 2222 718 2297 quoad
745 2241 952 2280 novam
984 2222 1066 2280 rei
1110 2222 1365 2281 nondum
1394 2222 1607 2280 habitae
1639 2221 2040 2299 collationem3
2073 2230 2133 2280 at
2161 2220 2352 2298 quoad
2382 2221 2710 2281 manifesta-

303 2298 520 2356 tionem
541 2299 624 2357 rei
646 2309 814 2358 antea
835 2302 1068 2377 quidem
1096 2303 1326 2376 habitae,
1360 2301 1462 2360 sed
1480 2302 1669 2360 adhuc
1691 2301 1941 2359 latentis.

386 2377 506 2436 IX.
565 2379 730 2438 Licet
758 2380 833 2438 ad
863 2381 1172 2440 Potestatis
1202 2382 1430 2440 Christo
1461 2401 1748 2439 concessae
1777 2380 2133 2454 exercitium,
2166 2380 2486 2456 requiratur
2528 2382 2708 2439 omni-

301 2458 560 2534 potentia
588 2467 646 2517 et
674 2460 1172 2537 omnipraesentia3
1233 2461 1363 2518 Non
1407 2461 1667 2537 sequitur
1694 2480 1791 2518 eas
1819 2469 2039 2519 naturae
2067 2462 2331 2518 humanae
2366 2460 2581 2518 Christi
2610 2461 2711 2519 da·

305 2546 396 2595 tas
425 2557 551 2596 esse
579 2560 596 2615 ς
649 2539 858 2598 sufficit
893 2549 957 2598 ut
988 2540 1201 2598 Christi
1221 2542 1564 2620 'Supposito
1616 2548 1946 2618 competant
1974 2541 2194 2599 ratione
2223 2547 2443 2598 naturae
2474 2540 2707 2600 divinae.

301 2617 379 2676 Et
407 2617 488 2676 ita
515 2628 720 2679 natura
747 2620 996 2678 humana
1017 2621 1169 2680 facta
1197 2630 1285 2680 est
1313 2622 1600 2700 particeps
1630 2621 1798 2680 istius
1829 2621 2065 2699 Imperii
2088 2621 2189 2680 sed
2219 2641 2322 2697 pro
2349 2620 2522 2678 modo
2551 2642 2707 2680 crea-

302 2707 465 2773 turae,
498 2700 685 2776 qualis
715 2720 941 2778 semper
967 2709 1177 2760 manet.
1265 2703 1532 2760 Potentia
1559 2709 1620 2760 et
1648 2701 2008 2779 operationes
2038 2701 2305 2776 Deitatis,
2339 2701 2549 2778 quibus
2578 2722 2706 2780 reg-

297 2797 434 2834 num
467 2798 631 2837 suum
663 2780 911 2857 gloriose
941 2780 1318 2855 administrat,
1351 2789 1486 2839 sunt
1515 2781 1746 2855 divinae,
1778 2782 2029 2859 aequales
2061 2782 2224 2856 De03
2278 2780 2414 2858 quia
2442 2781 2565 2858 ipse
2594 2802 2709 2858 qua

300 2857 460 2915 Deus
483 2861 720 2935 aequalis
742 2868 832 2919 est
852 2861 1028 2919 Patri.
1081 2861 1198 2919 Sed
1219 2860 1592 2919 humanitatis
1622 2861 1894 2935 actiones,
1925 2860 2294 2938 perfectiores
2312 2860 2545 2936 quidem
2570 2870 2706 2920 sunt

295 2936 619 2996 actionibus
649 2948 981 2998 caeterarum
1013 2949 1398 2998 creaturarum
1431 2985 1445 3013 ,
1477 2959 1592 2996 non
1621 2949 1815 2998 tamen
1843 2940 2094 3017 aequales
2122 2940 2355 3013 divinis,
2382 2940 2517 3015 quia
2545 2940 2708 2999 sedet

293 3015 530 3091 quidem
569 3017 642 3073 ad
681 3017 945 3076 dextram
977 3017 1088 3075 Dei
1118 3019 1430 3076 secundum
1461 3027 1763 3093 utramque
1791 3027 2071 3092 naturam,
2094 3019 2197 3076 sed
2224 3019 2387 3077 salva
2407 3019 2706 3097 utriusque

297 3101 516 3151 naturae
539 3095 798 3153 veritate.

294 3211 509 3262 Quando
606 3214 772 3258 sedero
887 3174 972 3233 X.
1001 3174 1157 3232 Hinc
1176 3173 1342 3233 facile
1361 3173 1741 3252 respondetur
1769 3174 1843 3233 ad
1863 3174 2269 3250 Quaestionem,
2302 3195 2431 3251 quse
2460 3175 2554 3233 hic
2583 3196 2702 3234 mo-

356 3273 561 3327 coeperit
607 3271 772 3316 Chris-
813 3254 938 3311 veri
967 3253 1114 3312 solet
1142 3253 1214 3311 de
1243 3262 1498 3330 tempore
1531 3253 1820 3311 Sessionis
1850 3253 2081 3327 Christi,
2113 3273 2213 3312 seu
2243 3253 2474 3329 quando
2504 3254 2702 3314 sedere

353 3330 520 3431 3¹⁵5?
542 3331 764 3374 dextram
807 3333 1045 3410 coeperit
1090 3336 1119 3392 P
1169 3331 1268 3390 An
1313 3334 1385 3391 ab
1416 3335 1675 3391 aeterno?
1704 3342 1766 3391 ut
1794 3333 2064 3407 ThomaS,
2098 3331 2486 3407 MaldonatuS,
2520 3343 2577 3392 et
2606 3335 2704 3393 alii

400 3401 427 3432 ‘³
817 3413 1037 3488 volunt,
1059 3412 1159 3490 qui
1178 3412 1490 3471 sessionem
1513 3410 1960 3489 interpretantur
1981 3412 2052 3471 de
2072 3413 2397 3489 aequalitate
2414 3413 2548 3471 Filii
2570 3435 2701 3473 cum

296 3492 483 3567 Patre,
571 3493 668 3551 An
697 3512 836 3551 vero
865 3493 938 3552 ab
961 3493 1087 3570 ipso
1113 3491 1533 3551 Incarnationis
1554 3501 1844 3552 momento
1871 3495 1900 3551 P
1952 3500 2021 3551 ut
2050 3492 2338 3568 Brentius,
2370 3501 2427 3552 et
2449 3494 2701 3571 quicum

292 3581 627 3648 sequuntur,
665 3573 991 3631 Sessionem
1040 3572 1211 3632 istam
1260 3571 1602 3650 exponendo
1633 3572 1704 3630 de
1738 3570 1966 3633 Unione
2014 3573 2303 3649 personali
2350 3573 2539 3632 carnis
2568 3595 2699 3633 cum

293 3653 457 3729 Λόγῳ,
489 3662 547 3711 et
575 3653 1090 3712 communicatione
1119 3650 1532 3729 proprietatum
1576 3652 1639 3709 in
1676 3673 1922 3728 carnem,
2010 3652 2109 3710 An
2150 3673 2290 3712 vero
2318 3662 2542 3712 tantum
2568 3662 2702 3732 post

292 3734 763 3791 resurrectionem
793 3742 852 3792 et
879 3733 1272 3791 ascensionem
1296 3736 1325 3790 ?
1352 3731 1510 3809 quod
1538 3753 1667 3790 cum
1699 3731 2054 3792 Orthodoxis
2077 3733 2400 3792 statuimus.

362 3811 497 3879 XI.
557 3813 766 3887 Prim0,
798 3813 935 3889 quia
967 3812 1262 3890 Scriptura
1291 3832 1561 3890 expresse
1595 3811 1923 3871 Sessionem
1954 3813 2167 3872 Christi
2194 3820 2327 3890 post
2354 3813 2482 3889 ejus
2510 3833 2694 3871 resur-

292 3887 603 3947 rectionem
645 3897 704 3948 et
744 3893 1136 3950 ascensionem
1166 3892 1426 3967 collocat,
1460 3891 1609 3968 Eph.
1640 3892 1678 3950 i.
1708 3894 1804 3949 20.
1836 3892 2019 3949 Marc.
2049 3892 2171 3949 xvi.
2205 3895 2298 3966 19,
2332 3891 2484 3949 Heb.
2514 3913 2574 3949 x.
2603 3898 2694 3968 12,

297 3971 326 4026 1
379 3968 502 4027 Pet.
553 3968 632 4026 iii.
682 3973 777 4043 21,
809 3974 906 4029 22.
975 3971 1257 4047 Secunde,
1290 3971 1427 4048 quia
1454 3980 1542 4029 est
1564 3970 1783 4029 fructus
1807 3970 2235 4029 Exinanitionis
2264 3979 2322 4028 et
2342 3971 2542 4028 mortis
2572 3972 2696 4047 ejus

293 4049 446 4108 Heb.
478 4048 516 4107 i.
548 4052 602 4123 3,
634 4058 692 4108 et
721 4050 820 4123 xii,
853 4054 908 4108 2.
957 4050 1171 4125 Terti0,
1203 4052 1338 4127 quia
1359 4071 1474 4108 non
1502 4051 1692 4127 potuit
1714 4050 1981 4127 Regnum
2012 4049 2415 4108 Mediatorium
2446 4049 2696 4127 gloriose

288 4129 708 4203 administrare,
733 4129 846 4187 nisi
875 4129 1047 4188 victis
1073 4131 1337 4190 hostibus
1360 4130 1420 4188 in
1449 4130 1632 4189 Cruce
1661 4137 1719 4187 et
1743 4127 2119 4188 Ascensione.

372 4209 528 4268 XII.
575 4210 837 4267 Christus
881 4209 1112 4286 quidem
1162 4230 1277 4287 qua
1323 4210 1488 4281 Λᾶγος
1515 4210 1588 4268 ab
1640 4217 1852 4267 aeterno
1901 4208 2011 4266 fuit
2057 4228 2184 4266 cum
2216 4207 2405 4283 Patre,
2438 4207 2540 4266 sed
2578 4229 2696 4268 non

288 4288 420 4347 ideo
461 4295 652 4366 potest
699 4289 814 4348 dici
843 4288 1060 4348 sedisse
1089 4289 1163 4348 ad
1186 4290 1449 4349 dextram
1481 4288 1608 4363 Dei,
1634 4308 1703 4347 eo
1727 4307 1898 4346 sensu
1929 4308 2043 4365 quo
2077 4287 2270 4345 Sessio
2298 4287 2385 4345 ini
2424 4288 2695 4348 tribuitur

289 4376 420 4446 post
459 4370 951 4444 resurrectionem,
1021 4390 1085 4428 ro
1127 4370 1381 4447 glorioso
1425 4376 1577 4428 statu
1622 4367 1979 4426 Mediatoris.
2066 4367 2372 4444 Regnabat
2413 4375 2478 4426 ut
2507 4368 2694 4428 Filius

291 4448 352 4504 in
403 4467 581 4526 regno
637 4458 875 4525 naturae,
909 4390 1019 4508 sed>
1059 4469 1176 4507 non
1223 4458 1287 4509 ut
1313 4450 1625 4529 θιᾶυθςαπος
1679 4446 1740 4504 in
1768 4467 1946 4525 regno
1975 4447 2344 4505 oeconomicO.
2431 4447 2694 4507 Christus

291 4546 409 4604 qua
436 4527 726 4587 Mediator
746 4537 937 4606 potest
966 4529 1083 4587 dici
1105 4530 1355 4607 quodam
1387 4549 1557 4589 sensu
1589 4526 1808 4586 sedisse
1831 4526 1906 4585 ad
1934 4527 2197 4587 dextram
2228 4526 2339 4586 Dei
2368 4536 2433 4586 ut
2477 4525 2693 4609 ἕτοιμος

286 4607 460 4665 etiam
505 4615 637 4665 ante
669 4608 1145 4683 Incarnationcm,
1176 4609 1310 4667 inde
1351 4610 1426 4667 ab
1454 4606 1619 4667 initio
1646 4607 1864 4683 mundi,
1895 4607 2031 4684 quia
2059 4628 2282 4685 semper
2308 4606 2419 4667 fuit
2438 4617 2610 4685 caput
2638 4617 2697 4668 et

286 4706 391 4744 rex
422 4686 717 4764 Ecclesiae,
742 4688 842 4764 qui
885 4708 1008 4746 eam
1041 4689 1387 4765 gubernavit
1415 4697 1473 4747 et
1501 4686 1775 4762 defendit,
1802 4688 1955 4745 Psal.
1979 4688 2036 4745 ii.
2070 4690 2123 4761 6,
2158 4687 2310 4746 Heb.
2331 4687 2454 4748 xiii.
2487 4689 2544 4747 8.
2578 4689 2695 4747 Sed
