3221 5200
320 387 539 436 Qvaesr.
574 367 662 448 x.]
1191 387 1268 425 m:
1298 387 1548 426 scensas
1578 385 1840 426 emmas.
2613 374 2734 431 219

322 530 383 586 in
413 548 540 588 esse
569 547 675 586 suo
703 527 986 602 absolut0,
1018 527 1114 585 vel
1141 527 1201 585 in
1230 527 1393 601 exim
1422 548 1526 587 sua
1553 528 1776 607 legali?
1832 528 2118 588 Convenit
2161 530 2315 588 enim
2360 530 2509 590 inter
2537 551 2737 590 omnes

323 610 434 667 hoc
455 607 581 666 fieri
602 627 717 666 non
730 608 1003 684 potuisse,
1027 615 1260 684 propter
1285 608 1459 685 Legis
1480 605 1756 685 ampu'ae·
1801 609 1954 667 Heb.
1974 609 2075 668 vii.
2105 611 2196 684 18,
2223 612 2313 685 19,
2339 619 2396 668 et
2419 630 2477 668 x.
2514 613 2564 685 1,
2597 614 2653 684 2,
2679 614 2739 669 3.

328 690 406 747 Et
425 688 534 746 hoc
572 707 746 745 sensu
767 706 968 745 verum
991 695 1079 745 est
1104 686 1306 747 fideles
1335 697 1624 765 spectatos
1654 690 1711 747 in
1742 710 1820 764 se,
1846 698 1903 748 et
1921 697 2207 764 quatenus
2236 698 2400 748 erant
2429 690 2536 748 sub
2558 690 2734 767 Lege,

325 768 504 826 fuisse
534 768 643 826 sub
672 775 852 840 reatu,
884 774 942 825 et
970 767 1377 826 conscientiam
1408 770 1630 844 peccati
1658 769 1868 827 habere
1896 769 2183 845 potuisse.
2220 769 2336 828 Sed
2367 770 2456 828 De
2486 769 2740 828 efficacia

327 848 531 926 gratiae
560 854 620 906 et
647 846 914 905 sacrificii
936 846 1151 905 Christi
1177 847 1465 923 legalibus
1487 847 1740 907 victimis
1769 848 2112 922 adumbrati,
2139 847 2358 906 Annon
2387 850 2741 908 obtinuerint

327 928 389 986 in
417 927 845 1005 dispensatione
874 926 1100 984 interna
1127 926 1360 985 foederis
1388 928 1587 1004 gratiae
1630 928 2024 987 remissionem
2063 893 2292 1004 plenam
2323 930 2577 988 omnium
2606 949 2737 1006 pec

329 1015 586 1066 catorum
604 1006 819 1066 virtute
836 1005 1038 1064 mortis
1061 1006 1275 1065 Christi
1302 1006 1509 1065 futurae
1525 1011 1555 1066 Ρ

415 1088 522 1145 IV.
570 1089 626 1145 3.
652 1086 784 1144 Non
812 1086 993 1163 quaeri
1024 1086 1113 1144 De
1142 1105 1315 1144 sensu
1341 1086 1720 1145 Remissionis
1737 1094 2121 1164 peccatorum,
2153 1095 2210 1146 et
2227 1107 2367 1164 pace
2396 1094 2457 1146 et
2478 1090 2738 1147 consola·

329 1165 487 1225 tione
515 1166 650 1224 inde
677 1173 946 1224 manante
969 1166 1160 1242 quoad
1188 1166 1449 1242 gradum,
1476 1167 1574 1223 An
1603 1167 1791 1224 minor
1818 1167 1988 1226 fuerit
2017 1168 2125 1225 sub
2148 1167 2223 1225 V.
2243 1167 2310 1225 Τ.
2336 1178 2394 1225 et
2420 1169 2607 1246 major
2634 1170 2742 1227 sub

333 1246 432 1305 N?
462 1246 647 1304 Nemo
665 1245 817 1303 enim
840 1253 1015 1321 negat
1044 1245 1320 1321 graduale
1349 1246 1460 1304 hoc
1489 1246 1832 1320 discrimem
1867 1246 1944 1304 Et
1971 1254 2037 1304 ut
2059 1246 2360 1305 obscurius
2388 1246 2498 1306 fuit
2525 1248 2738 1322 lumen,

332 1334 391 1384 et
427 1326 653 1402 parcior
694 1344 962 1384 mensura
993 1325 1279 1402 Spiritus;
1327 1326 1420 1383 Ita
1463 1325 1740 1384 minorem
1785 1326 1961 1384 fuisse
2003 1326 2358 1386 remissionis
2404 1347 2652 1420 sensum,
2685 1338 2744 1386 et

332 1405 524 1463 minus
552 1405 839 1464 solatium.
927 1405 1053 1462 Imo
1082 1412 1140 1463 et
1168 1416 1382 1464 metum
1425 1405 1603 1464 fuisse
1647 1406 1864 1480 mortis,
1897 1415 1955 1465 et
2001 1406 2279 1483 Spiritum
2325 1407 2621 1466 servitutis
2666 1428 2740 1465 ex

334 1486 523 1561 rigore
566 1484 773 1561 legalis
801 1484 1151 1558 oeconomiae,
1181 1493 1248 1543 ut
1290 1485 1413 1544 fuse
1459 1505 1634 1562 supra
1672 1486 1972 1563 probatum
2006 1487 2074 1560 Q.
2107 1490 2161 1544 7.
2251 1486 2367 1545 Sed
2412 1487 2514 1544 An
2555 1487 2745 1565 posito

335 1565 446 1623 isto
469 1564 815 1638 discrimine,
847 1564 977 1622 ideo
1006 1564 1118 1622 dici
1148 1564 1355 1624 debeat
1386 1566 1588 1624 Patres
1618 1565 1793 1624 fuisse
1822 1565 2010 1623 adhuc
2053 1565 2161 1624 sub
2203 1574 2366 1625 reatu
2408 1575 2466 1625 et
2510 1587 2743 1625 execra-

333 1645 490 1703 tione
522 1643 715 1721 Legis,
745 1664 852 1702 nec
880 1644 1152 1702 habuisse
1180 1665 1376 1702 veram
1405 1654 1773 1722 peecatorum
1800 1642 1989 1719 ἔφεσιν,
2025 1665 2125 1704 seu
2166 1646 2397 1737 plenam
2428 1665 2623 1705 eorum
2654 1667 2740 1704 re-

333 1723 683 1796 missionem,
709 1724 811 1782 sed
839 1732 1059 1782 tantum
1091 1725 1308 1805 ardena-av,
1341 1733 1398 1782 et
1426 1725 1889 1802 praeteritionem,
1910 1726 1969 1781 in
1998 1745 2114 1800 qua
2141 1725 2434 1801 potuerint
2460 1726 2537 1783 ad
2565 1727 2741 1803 serip-

337 1804 552 1862 tionem
584 1769 979 1880 Chirographi,
1012 1813 1071 1862 et
1099 1805 1440 1862 solutionem
1472 1804 1653 1862 debiti
1682 1804 1870 1862 adhuc
1900 1804 2192 1880 obligari?

416 1883 491 1940 V.
517 1886 572 1941 4.
599 1882 1370 1959 Nonquaeri,Anhabuerint
1385 1884 2155 1959 remissionempeccatorum
2169 1891 2227 1940 et
2248 1882 2739 1960 justificationem,

335 1982 464 2040 quse
486 1963 552 2021 fit
578 1972 811 2040 propter
838 1962 1182 2021 solutionem
1211 1971 1341 2021 actu
1371 1963 1704 2040 praestitam,
1732 1970 1788 2020 et
1810 1982 1938 2039 quse
1961 1963 2327 2038 conjunctam
2356 1963 2533 2020 habet
2561 1964 2740 2020 omni-

335 2042 563 2100 modam
593 2042 1011 2101 immunitatem
1042 2061 1076 2100 a
1098 2042 1510 2119 Chirographo,
1542 2042 2047 2100 annunciationem
2074 2041 2334 2100 Justitiae
2372 2041 2653 2116 adductae,
2687 2051 2745 2101 et

335 2122 536 2181 mortis
559 2121 771 2181 Christi
801 2121 875 2178 ad
904 2121 1250 2179 deletionem
1280 2122 1501 2198 peccati
1521 2125 1550 2179 Ῥ
1609 2122 1794 2179 Nemo
1822 2122 1975 2179 enim
2002 2140 2217 2197 negare
2247 2128 2438 2198 potest
2479 2121 2588 2178 hoc
2617 2141 2744 2180 esse

334 2202 705 2279 privilegium
735 2202 891 2259 Novi
918 2202 1274 2259 Testamenti
1302 2200 1571 2260 fidelibus
1599 2201 1912 2278 proprium,
1934 2220 2176 2277 quorum
2205 2200 2563 2276 temporibus
2592 2201 2744 2260 solu·

334 2282 417 2340 tio
459 2293 591 2339 actu
633 2281 890 2358 praestita
935 2289 1023 2338 est
1070 2300 1174 2357 per
1203 2279 1512 2356 Christum,
1554 2289 1614 2338 et
1662 2279 1915 2339 deletum
1965 2281 2024 2337 in
2055 2279 2236 2338 Cruce
2268 2280 2743 2357 Chirographum,

336 2361 493 2438 quod
521 2361 689 2419 nobis
719 2368 842 2419 erat
869 2359 1196 2418 adversum.
1286 2359 1401 2418 Sed
1431 2359 1641 2434 Quaeri,
1675 2360 1774 2417 An
1816 2359 1951 2417 talis
1989 2359 2329 2436 justificatio
2373 2361 2495 2417 sola
2535 2380 2745 2418 nomen

333 2449 620 2500 mereatur
645 2441 901 2512 ἇφὶπυςῗ
983 2439 1200 2497 Αιιιιοιι
1242 2439 1414 2498 etiam
1457 2459 1525 2497 ea
1566 2459 1696 2515 quae
1739 2459 2011 2498 concessa
2056 2439 2164 2498 fuit
2204 2439 2475 2498 Patribus
2514 2450 2748 2517 propter

334 2521 680 2580 solutionem
710 2519 925 2579 Christi
954 2529 1110 2578 certo
1139 2520 1386 2578 futuram
1405 2523 1433 2578 Ρ
1476 2519 1644 2593 Quod
1672 2519 2084 2596 pertendimus.

415 2602 527 2660 VI.
573 2600 828 2675 Quaestio
857 2621 997 2677 ergo
1026 2621 1095 2659 eo
1124 2600 1289 2676 redit,
1323 2599 1419 2658 An
1451 2599 1559 2659 sub
1584 2600 1785 2659 Veteri
1815 2599 2186 2659 Testamento
2209 2599 2290 2659 ita
2319 2598 2597 2659 translata
2626 2598 2749 2658 fue-

333 2682 452 2740 rint
479 2682 539 2739 in
570 2682 859 2740 Christum
895 2682 1242 2758 Sponsorem
1271 2691 1510 2758 peecata
1539 2681 1795 2755 Patrum,
1828 2689 1893 2739 ut
1920 2680 1982 2737 vi
2023 2680 2327 2739 solutionis
2358 2699 2462 2738 suo
2490 2689 2747 2757 tempore

335 2760 560 2836 futurae,
591 2781 785 2820 veram
817 2770 876 2820 et
902 2762 1132 2838 plenam
1173 2769 1540 2838 peccatorum
1584 2780 1820 2819 suorum
1863 2760 2119 2818 omnium
2162 2761 2557 2818 remissionem
2601 2759 2746 2817 obti-

336 2840 584 2913 nuerint,
615 2849 673 2898 et
701 2860 776 2898 ex
804 2842 931 2917 ejus
960 2861 1150 2915 sensu,
1184 2842 1234 2899 si
1277 2861 1394 2898 non
1438 2840 1614 2932 pleno
1653 2848 1711 2899 et
1752 2840 2024 2917 perfecto,
2069 2848 2295 2897 atvero
2324 2849 2382 2897 et
2421 2840 2579 2914 reali,
2612 2860 2746 2897 con-

339 2918 637 2975 scientiam
666 2920 1094 2995 tranquillatum
1122 2919 1335 2977 habere
1362 2920 1701 2995 pol-tuerint,
1733 2927 1790 2977 et
1820 2919 2005 2977 solido
2033 2918 2146 2976 frui
2175 2919 2381 2977 solatio
2401 2922 2430 2977 Ρ
2482 2918 2581 2976 An
2609 2938 2749 2977 vero

338 2995 721 3052 nonobstante
752 2997 963 3055 Christi
999 2998 1336 3071 Sponsione,
1372 3000 1573 3056 Patres
1601 2998 1919 3054 manserint
1958 2997 2147 3054 adhuc
2194 2998 2302 3054 sub
2344 2997 2749 3056 maledictione

343 3072 538 3147 LegiS,
569 3081 628 3130 et
655 3074 1005 3130 conscientia
1034 3075 1271 3165 peccati,
1304 3083 1362 3131 et
1389 3075 1460 3131 de
1491 3095 1558 3132 eo
1587 3075 1863 3147 accusari,
1895 3083 1954 3131 et
1983 3073 2194 3131 solutio
2224 3075 2298 3131 ab
2326 3075 2443 3131 illis
2471 3076 2749 3150 postulari

341 3170 567 3228 semper
593 3151 845 3228 potuerit
864 3155 892 3209 Ρ
948 3153 1025 3209 Et
1055 3152 1103 3208 si
1134 3152 1394 3209 remissio
1422 3152 1564 3226 ipsis
1593 3152 1788 3228 aliqua
1815 3170 2090 3210 concessa
2117 3151 2242 3225 fuit,
2272 3152 2540 3210 habuerit
2577 3154 2748 3211 ratio-

338 3252 471 3291 nem
498 3229 745 3325 πιςίσ-ιας
773 3231 982 3307 potius,
1015 3250 1187 3307 quam
1216 3229 1472 3299 ἀφίσωςῗ
1557 3231 1728 3288 Prius
1770 3230 2096 3304 asserimus,
2132 3229 2428 3288 Posterius
2456 3250 2595 3288 vero
2625 3232 2750 3290 Viti

340 3312 513 3371 Docti
544 3331 675 3370 cum
704 3311 915 3388 quibus
944 3311 1189 3387 agimus.

420 3392 566 3451 VII.
614 3392 699 3451 Ut
727 3391 879 3450 enim
911 3391 1202 3449 Christum
1237 3389 1584 3467 Sponsorem
1615 3397 1838 3448 tantum
1870 3388 2298 3465 Fidejussorem
2330 3387 2506 3447 fuisse
2528 3389 2749 3465 volunt,

336 3492 453 3531 non
485 3471 1005 3549 Expromissorem,
1038 3478 1104 3528 ut
1132 3477 1302 3528 antea
1330 3470 1565 3543 dictum,
1598 3469 1699 3546 qui
1742 3469 1823 3527 ita
1865 3468 2239 3561 spoponderit
2281 3488 2386 3546 pro
2417 3469 2654 3544 Electis,
2685 3479 2751 3528 ut

337 3552 654 3611 manserint
688 3571 914 3627 semper
957 3549 1217 3627 obligati,
1250 3549 1435 3608 donec
1478 3549 1691 3608 solutio
1730 3556 1885 3608 esset
1926 3548 2217 3625 praestita;
2265 3549 2358 3608 Ita
2402 3550 2752 3626 pertendunt

342 3633 544 3690 Patres
572 3632 750 3691 fuisse
779 3630 968 3689 adhuc
998 3631 1106 3689 sub
1135 3637 1297 3689 reatu
1327 3639 1385 3688 et
1411 3629 1499 3687 ira
1531 3629 1641 3687 Dei
1670 3638 1903 3706 propter
1935 3594 2217 3687 Sacrificii⁷
2257 3629 2564 3706 expiatorii
2604 3629 2746 3688 dila-

338 3712 571 3785 tionem,
597 3721 655 3770 et
680 3711 1064 3789 permansisse
1093 3730 1276 3803 usque
1306 3710 1380 3768 ad
1408 3719 1651 3768 mortem
1671 3709 1883 3768 Christi
1912 3708 2350 3768 satisfactoriam
2381 3711 2489 3769 sub
2518 3730 2750 3769 execra-

338 3791 495 3849 tione
517 3792 702 3882 Legis
731 3798 790 3849 et
817 3791 1168 3849 conscientia
1195 3790 1434 3867 peccati.
1520 3790 1644 3847 Nec
1685 3789 1955 3848 habuisse
1983 3787 2156 3861 ἄφιε-ιι
2182 3789 2412 3865 plenam
2442 3790 2664 3848 scilicet
2691 3797 2750 3848 et

340 3868 567 3946 proprie
589 3869 801 3928 dictam
818 3870 1214 3928 remissionem
1232 3877 1616 3963 peccatorum,
1648 3869 1751 3927 sed
1779 3869 1998 3927 vixisse
2028 3870 2135 3927 sub
2165 3870 2378 3946 ragina,
2403 3870 2749 3926 conniventia

342 3948 579 4023 scilicet,
604 3949 1055 4023 dessimulationc,
1082 3959 1135 4007 et
1149 3950 1626 4025 proetemnz‘sse'one
1642 3949 1836 4025 potius
1864 3968 2035 4025 quam
2060 3948 2167 4005 sub
2196 3948 2368 4023 plena
2394 3947 2748 4006 remissione.

344 4029 501 4087 Hinc
531 4029 753 4086 nullum
781 4037 1081 4105 peccatum
1110 4028 1337 4105 proprie
1366 4028 1672 4087 remissum
1716 4046 1843 4085 esse
1889 4026 1996 4085 sub
2025 4027 2161 4084 Vet.
2192 4026 2349 4083 Test.
2382 4032 2659 4101 statuunt,
2691 4035 2750 4085 et

341 4108 735 4167 remissionem
748 4108 821 4165 ad
841 4109 895 4165 N
898 4129 991 4166 ov
1012 4108 1171 4167 Test.
1195 4109 1496 4185 pertinere,
1518 4117 1578 4166 et
1594 4105 1869 4184 promitti,
1890 4113 1956 4163 ut
1973 4125 2093 4163 rem
2114 4124 2232 4162 non
2252 4104 2428 4182 prisci
2455 4107 2747 4182 temporie,

342 4188 445 4247 sed
472 4189 822 4266 posterioriS,
856 4188 934 4246 Et
954 4187 1428 4265 justificationem
1457 4187 1706 4261 illorum,
1740 4193 1973 4262 propter
1999 4185 2436 4261 imputationem
2464 4184 2753 4260 quandam

341 4268 580 4345 peceati,
611 4276 670 4326 et
697 4268 857 4341 iram,
889 4287 1061 4344 quam
1091 4267 1449 4344 operabatur,
1482 4266 1731 4344 speciem
1761 4272 1982 4323 tantum
2012 4265 2253 4344 raginus
2280 4263 2569 4322 habuisse.

424 4348 607 4405 VIII.
653 4347 933 4421 Quamvis
961 4366 1100 4405 vero
1144 4367 1261 4405 non
1302 4366 1583 4425 negemus
1629 4345 1939 4402 discrimen
1982 4343 2354 4402 memorabile
2395 4342 2750 4403 intercedere

345 4427 495 4485 inter
522 4435 736 4486 statum
764 4426 1021 4486 fidelium
1044 4427 1276 4485 Veteris
1303 4436 1363 4486 et
1394 4426 1545 4484 Novi
1575 4423 1949 4498 Testamenti,
1981 4423 2150 4499 quale
2179 4431 2268 4481 est
2295 4423 2446 4481 inter
2484 4421 2679 4481 filios
2664 4444 2748 4481 ιιι-

345 4506 533 4565 santes
562 4514 619 4566 et
647 4507 1031 4582 minorenneS,
1054 4507 1151 4583 qui
1182 4507 1289 4566 sub
1308 4505 1625 4565 Tutoribus
1654 4512 1712 4563 et
1738 4503 2075 4581 paedagogis
2101 4502 2421 4561 retinentur
2447 4511 2506 4561 et
2533 4503 2753 4562 duriter

346 4593 680 4661 tractantur,
702 4595 760 4646 et
788 4587 1019 4645 eosdem
1050 4586 1279 4645 adultos
1309 4596 1366 4645 et
1394 4583 1787 4660 emancipatos
1815 4583 1917 4659 qui
1944 4591 2003 4642 et
2029 4583 2182 4641 bona
2209 4602 2315 4641 sua
2341 4591 2568 4658 norunt,
2593 4591 2651 4642 et
2679 4584 2753 4641 ad

347 4685 542 4723 corum
572 4686 740 4725 usum
770 4674 827 4725 et
857 4666 1184 4726 fruitionem
1215 4667 1453 4725 liberam
1483 4664 1882 4723 admittuntur.
1969 4663 2133 4722 Licet
2170 4663 2342 4722 etiam
2372 4664 2753 4723 concedamus
