3221 5200
477 279 596 337 434
1280 286 1460 329 Locus
1489 286 1750 329 nacmus
1791 287 2084 338 Quaeres.
2441 270 2699 353 [ασκεω.
2729 288 2915 331 xvm.

485 434 603 495 Sed
630 439 827 491 manet
853 448 1079 508 semper
1103 428 1319 488 veritas
1350 429 1598 488 Unionis
1627 438 1840 488 nostrae
1867 450 1999 489 cum
2041 430 2273 489 Christo
2318 430 2540 509 Capite,
2585 450 2689 509 per
2731 450 2909 508 quam

479 513 760 575 beneficia
788 511 965 569 semel
992 510 1202 568 collata
1228 509 1289 566 in
1331 516 1607 567 aeternum
1631 518 2062 569 conservantur.

565 593 747 651 XIV.
792 591 958 649 Licet
985 589 1247 648 Christus
1274 608 1391 665 qua
1417 588 1578 660 Λόγος
1598 608 1728 646 cum
1761 590 1933 647 Patre
1961 597 2020 647 et
2052 586 2270 666 Spiritu
2315 589 2531 648 Sancto
2548 608 2792 665 regnum
2815 609 2907 646 es·

484 673 723 733 sentiale
753 671 829 730 sit
856 669 1214 729 exerciturus
1234 668 1294 725 in
1323 668 1559 727 beatos:
1605 668 1736 726 Non
1754 670 1947 728 obstat
1972 670 2082 728 hoc
2110 678 2320 744 tamen,
2344 668 2652 745 quominus
2674 676 2738 726 ut
2757 668 2904 725 91⁶¹,-

488 763 672 834 ομπος
727 759 784 809 et
811 768 927 826 qua
955 746 1245 806 Mediator
1272 747 1332 804 in
1361 748 1518 824 ipsos
1566 748 1644 806 sit
1669 757 2051 825 regnaturus;
2102 759 2169 807 ut
2196 767 2350 806 nunc
2392 767 2637 824 regnum
2684 755 2908 805 naturae

487 831 645 910 quod
672 831 895 889 obtinet
921 828 982 884 in
1010 825 1241 902 mundo,
1272 846 1390 884 non
1418 826 1571 885 tollit
1598 846 1842 904 regnum
1871 829 2076 905 gratiae
2103 829 2164 885 in
2194 828 2474 886 Ecclesia.

570 911 714 969 XV.
760 908 922 967 Nihil
951 906 1144 965 obstat
1172 906 1443 983 Regnum
1473 906 1688 964 Christi
1716 906 1832 965 dici
1861 908 2050 983 simul,
2083 916 2141 966 et
2163 910 2472 983 temporale
2513 913 2573 964 et
2616 915 2904 977 oetemum,

492 990 650 1049 Illud
678 995 943 1065 respectu
969 985 1127 1043 modi
1154 985 1467 1061 regiminis,
1498 985 1600 1062 qui
1627 986 1689 1043 in
1715 987 1824 1045 hac
1853 987 1976 1044 vita
2003 986 2225 1046 obtinet
2253 987 2403 1045 inter
2429 985 2711 1060 immicos,
2738 984 2909 1042 Istud

489 1068 716 1147 proprie
745 1076 804 1125 et
829 1085 932 1144 per
950 1083 1029 1138 se,
1059 1064 1197 1141 quia
1223 1065 1418 1123 nullus
1446 1066 1573 1142 ejus
1593 1064 1821 1124 futurus
1838 1074 1927 1124 est
1946 1066 2096 1135 finis,
2120 1066 2217 1124 vel
2238 1065 2431 1143 quoad
2464 1066 2687 1141 Regem
2717 1064 2907 1141 ipsum

490 1149 584 1206 vel
614 1146 806 1224 quoad
835 1144 1203 1221 Regnicolas,
1248 1144 1345 1202 vel
1372 1144 1564 1220 quoad
1602 1145 1915 1222 gloriosam
1963 1146 2457 1223 gubernationem,
2491 1145 2641 1203 Dan.
2674 1144 2777 1202 vii.
2812 1146 2909 1219 14,

496 1228 638 1287 Luc.
668 1226 705 1285 i.
736 1228 835 1300 33,
880 1224 1066 1302 Apoc.
1096 1223 1240 1297 xxi„
1271 1231 1329 1282 et
1355 1224 1503 1281 xxii.

1362 1460 1752 1534 QUAEs'mo
1796 1460 2046 1522 xvm.

826 1637 906 1677 m:
947 1637 1332 1677 anons-riona
1362 1637 1437 1676 ΕΤ
1478 1637 1674 1679 cum-u
1715 1638 1969 1679 cnms'ro
2000 1636 2331 1679 usnurom
2363 1637 2598 1679 nam-ro.

953 1778 1046 1836 An
1071 1778 1326 1838 Clarium
1352 1799 1467 1855 qua
1496 1778 1788 1837 Mediator
1804 1779 1876 1837 sit
1894 1782 2225 1838 adorandus
2243 1781 2270 1837 3
2315 1778 2465 1837 Dist.

582 1937 633 1995 I.
677 1936 822 1994 Cum
891 1935 1041 1994 inter
1086 1936 1310 1996 Effecta
1358 1944 1416 1995 et
1472 1937 1898 2014 Consequentia
1949 1936 2196 1997 Unionis
2270 1935 2669 2013 Hypostaticae
2850 1934 2914 1993 ni

498 2017 697 2091 soleat,
742 2017 950 2073 Honor
989 2016 1373 2091 Adorationis,
1421 2024 1479 2074 et
1509 2016 1714 2075 Cultus
1760 2017 2074 2093 religionis,
2104 2016 2205 2093 qui
2234 2016 2462 2075 Christo
2492 2023 2760 2086 suadeas-9
2851 2034 2911 2073 e-

496 2096 705 2156 diatori
732 2102 930 2153 nostro
958 2094 1236 2169 debetur;
1284 2096 1371 2153 De
1401 2115 1470 2154 eo
1497 2096 1719 2154 moveri
1763 2104 1954 2173 potest
1981 2096 2388 2171 controversia,
2420 2105 2478 2154 et
2505 2100 2663 2152 mota
2690 2103 2778 2152 est
2806 2114 2910 2151 an-

499 2176 686 2249 tehac,
707 2194 824 2233 non
847 2174 1033 2233 solum
1052 2194 1088 2232 a
1115 2174 1448 2249 Socinianis‚
1480 2175 1578 2252 qui
1602 2175 1699 2233 vel
1719 2183 1935 2253 negant
1958 2175 2248 2251 Christum
2270 2175 2624 2233 adorandum
2644 2192 2786 2249 esse,
2816 2174 2916 2232 vel

498 2276 574 2314 ex
603 2254 935 2313 adoratione
964 2262 1024 2313 et
1067 2254 1227 2312 cultu
1265 2254 1393 2332 ejus
1419 2263 1637 2332 negant
1684 2255 2066 2313 Divinitatem
2094 2255 2222 2332 ejus
2263 2274 2433 2331 posse
2481 2252 2753 2332 probari:
2808 2253 2915 2311 sed

499 2335 672 2394 ctiam
699 2334 849 2391 inter
878 2332 1265 2393 orthodoxos.
2015 2386 2035 2395 ,

1104 2413 1188 2470 II.
1234 2412 1610 2472 Occasionem
1641 2413 1960 2487 Quaestioni
2003 2411 2303 2488 dederunt,
2335 2433 2451 2471 non
2486 2413 2660 2471 modo
2710 2408 2912 2470 Ponti·

1020 2490 1154 2565 ficii,
1184 2492 1286 2568 qui
1312 2492 1385 2551 de
1415 2492 1630 2551 Christi
1658 2493 1908 2550 humana
1934 2502 2141 2551 natura
2166 2491 2460 2551 adoranda
2486 2492 2812 2569 disquirunt
2838 2490 2915 2548 ad

1022 2590 1080 2648 p.
1111 2573 1168 2630 3.
1207 2571 1354 2629 Tho.
1402 2591 1459 2648 q.
1506 2575 1602 2641 25,
1647 2580 1706 2631 et
1756 2572 2069 2631 Lutherani
2143 2570 2530 2649 Ubiquitistae,
2571 2572 2672 2650 qui
2716 2570 2914 2648 dispu-

501 2659 629 2711 tant
650 2650 722 2710 de
750 2650 1083 2709 adoratione
1102 2650 1304 2708 Carnis
1333 2650 1565 2725 Christi,
1596 2670 1699 2710 seu
1740 2651 1813 2709 de
1841 2651 2173 2710 adoratione
2202 2652 2416 2710 Christi
2445 2653 2759 2711 secundum
2807 2651 2915 2708 hu·

502 2750 732 2788 manam
760 2737 1041 2803 naturam,
1073 2736 1131 2786 et
1152 2748 1267 2804 qua
1295 2728 1585 2787 Mediator
1612 2739 1735 2790 est:
1766 2730 2071 2789 Eckardus
2112 2731 2172 2788 in
2203 2731 2391 2790 Fasci.
2424 2733 2656 2790 Contro.
2685 2751 2735 2789 c.
2767 2733 2822 2789 6.
2853 2750 2913 2806 q.

512 2814 605 2885 12,
692 2807 1016 2866 Balduinus
1070 2807 1132 2864 in
1176 2808 1304 2866 Cas.
1377 2808 1602 2867 Consci.
1674 2809 1735 2869 li.
1807 2814 1862 2884 2,
1914 2830 1963 2869 c.
2035 2813 2090 2878 5,
2161 2819 2220 2870 et
2276 2810 2391 2885 alii,
2458 2811 2560 2870 sed
2628 2811 2917 2888 praecipue

508 2886 819 2953 Sociniani.
932 2887 1077 2945 Cum
1140 2886 1293 2945 enim
1343 2886 1666 2946 Orthodoxi
1736 2897 2005 2947 oeternam
2077 2890 2291 2949 Christi
2363 2890 2669 2964 Deitatem,
2727 2899 2787 2948 et
2855 2893 2913 2946 τὶ

506 2967 753 3046 ὅμοοῦσιω
779 2966 1021 3045 probare
1051 2974 1318 3044 satagant
1345 2987 1420 3025 ex
1447 2968 1664 3027 honore
1694 2976 1753 3028 et
1780 2968 2114 3028 adoratione
2158 2968 2245 3026 illi
2274 2969 2470 3028 debita
2492 2990 2507 3044 ;
2554 2970 2679 3044 Isti,
2710 2977 2777 3027 ut
2802 2969 2916 3027 hoc

504 3057 907 3127 argumentum
955 3046 1210 3123 eludant,
1255 3048 1553 3124 excipiunt
1614 3057 1815 3108 contra
1876 3049 2120 3126 Majoris
2175 3049 2658 3125 consequentiam,
2710 3048 2915 3106 distin-

505 3128 737 3208 guendo
778 3129 930 3186 inter
955 3127 1175 3188 cultum
1203 3134 1262 3185 et
1289 3127 1698 3203 adorationem,
1730 3149 1860 3205 quae
1907 3128 2180 3187 tribuitur
2223 3137 2436 3187 aeterno
2473 3129 2599 3187 Deo
2650 3127 2826 3203 Patri,
2851 3137 2921 3186 ut

506 3229 696 3268 causae
750 3209 968 3285 primae,
1043 3215 1103 3267 et
1155 3208 1307 3266 inter
1370 3227 1514 3282 eam,
1571 3228 1704 3284 quae
1774 3208 2046 3267 tribuitur
2122 3206 2350 3266 Christo
2427 3207 2735 3266 Mediatori
2800 3227 2919 3284 qua

506 3289 627 3365 tali,
658 3288 739 3345 id.
767 3295 1041 3363 tanquam
1069 3306 1258 3345 causae
1304 3287 1589 3362 secundae,
1622 3286 1843 3363 mediae,
1892 3295 1950 3346 et
1978 3285 2364 3346 subordinatas
2393 3290 2648 3345 omnium
2696 3306 2914 3362 eorum,

505 3386 636 3443 quae
664 3367 953 3443 pertinent
978 3364 1054 3422 ad
1097 3366 1361 3439 salutem,
1411 3385 1540 3442 quse
1587 3374 1830 3444 utraque
1859 3366 2134 3440 adoratiO,
2165 3366 2364 3424 divina
2403 3365 2637 3443 quidem
2666 3366 2757 3442 sit,
2797 3386 2918 3424 non

507 3454 702 3504 tamen
723 3462 964 3517 summa,
983 3443 1086 3501 sed
1103 3445 1205 3501 illa
1224 3452 1467 3517 tautum,
1498 3463 1614 3502 nou
1643 3465 1783 3503 vero
1811 3445 1938 3519 ista,
1962 3453 2028 3504 ut
2057 3445 2321 3504 Christus
2348 3466 2464 3503 non
2493 3446 2569 3504 sit
2596 3465 2915 3522 agnoscen-

507 3523 618 3581 dus
645 3541 749 3599 pro
766 3522 972 3582 ultimo
999 3521 1112 3579 fine
1140 3521 1492 3580 adorationis
1517 3544 1531 3581 :
1565 3524 1790 3583 Gatech.
1813 3527 1995 3583 Raco,
2020 3544 2143 3602 cap.
2174 3525 2246 3601 i.;
2278 3527 2463 3585 Socin.
2491 3525 2554 3582 in
2574 3545 2723 3602 resp.
2757 3528 2810 3582 l.
2839 3525 2918 3582 ad

509 3601 821 3662 Volanum.
927 3598 1098 3659 Unde
1152 3609 1552 3677 argumentum
1619 3602 1693 3660 ab
1761 3603 1904 3679 ipsis
1971 3604 2327 3682 propositum
2368 3628 2382 3665 t
2454 3605 2595 3679 Quae
2657 3604 2919 3662 adoratio

508 3680 782 3742 tribuitur
844 3679 1075 3738 Christo
1129 3699 1244 3757 qua
1313 3679 1640 3756 Mediatori,
1713 3681 1826 3739 Illa
1891 3702 2008 3740 non
2078 3685 2351 3761 competit
2421 3685 2547 3742 Deo
2608 3704 2725 3761 qua
2790 3684 2915 3756 tali,

500 3761 603 3821 vel
623 3760 760 3838 quia
786 3759 921 3818 talis
949 3767 1071 3836 est3
1104 3760 1181 3818 Et
1206 3779 1310 3837 per
1333 3778 1694 3837 consequens
1723 3781 1836 3820 non
1865 3762 2081 3821 evincit
2101 3763 2282 3839 ipsius
2314 3764 2600 3823 Deitatem
2630 3765 2724 3822 vel
2747 3762 2918 3838 ὅμωσὸ-

509 3867 607 3900 mr
627 3864 641 3901 ε
665 3841 781 3900 Sed
809 3839 1068 3899 adoratio
1097 3839 1325 3898 Christo
1353 3839 1627 3899 tribuitur
1653 3861 1767 3918 qua
1797 3841 2108 3900 Mediatori
2133 3866 2146 3901 ς
2169 3843 2344 3920 Ergo,
2369 3841 2478 3902 ὅτε.
2526 3843 2634 3902 Cui
2662 3842 2798 3918 quia
2825 3862 2916 3900 re·

578 3941 784 3981 onsum
826 3920 934 3979 fuit
974 3940 1010 3978 a
1030 3918 1323 3978 nonnullis
1360 3939 1464 3997 per
1489 3922 1856 3998 negationem
1886 3921 2132 3981 Minoris
2161 3943 2176 3997 ;
2223 3923 2380 3981 Hinc
2408 3930 2545 3980 nata
2571 3921 2814 3998 quaestio
2842 3920 2917 3979 de

572 4001 869 4059 doratione
926 3998 1139 4059 Christi
1187 4019 1302 4077 qua
1332 4000 1689 4077 Mediatoris,
1722 4001 1875 4060 circa
1901 4021 2074 4078 quam
2118 4001 2179 4059 in
2215 4011 2408 4079 partes
2449 4002 2594 4060 itum
2623 4009 2730 4077 est,
2785 4000 2920 4059 aliis

509 4079 941 4155 affirmantibus,
984 4079 1115 4138 aliis
1142 4099 1282 4138 vero
1301 4080 1667 4157 negantibus.

592 4159 712 4218 ΙΙΙ.
756 4157 922 4218 Licet
949 4178 1089 4217 vero
1117 4158 1411 4218 fatendum
1455 4160 1548 4235 sit,
1578 4160 1830 4237 seposita
1857 4159 2248 4219 controversia
2280 4159 2586 4219 Sociniana
2613 4159 2685 4219 de
2714 4159 2917 4218 adora-

508 4238 667 4299 tione
697 4239 925 4298 Christo
954 4237 1166 4313 debita,
1196 4239 1269 4297 de
1298 4258 1413 4315 qua
1440 4259 1544 4298 suo
1572 4239 1702 4298 loco
1735 4239 1972 4313 dictum,
2005 4239 2392 4313 Quaestionem
2419 4241 2586 4315 hanc,
2616 4248 2789 4317 prout
2828 4238 2919 4296 in-

509 4327 600 4378 ter
627 4317 995 4378 Orthodoxos
1021 4317 1290 4394 agitatur,
1324 4319 1806 4378 Problematicam
1833 4338 1960 4377 esse
1982 4328 2042 4377 et
2060 4318 2251 4378 minus
2278 4319 2669 4398 principalem,
2701 4319 2774 4377 de
2802 4337 2922 4395 qua

508 4399 776 4475 utrinque
826 4396 1106 4473 disputari
1151 4404 1343 4473 potest
1371 4398 1533 4455 salva
1560 4397 1696 4456 fidei
1725 4417 2020 4475 compage,
2050 4398 2166 4456 imo
2187 4407 2246 4457 et
2273 4399 2516 4458 multum
2539 4398 2921 4475 logomachiae

508 4476 810 4536 involvat:
855 4476 1099 4552 alicujus
1139 4484 1332 4534 tamen
1380 4477 1658 4536 momenti
1685 4497 1828 4552 esse,
1859 4486 1990 4553 post
2026 4476 2282 4536 detectas
2315 4479 2747 4537 Socinianorum
2777 4476 2924 4535 insi-

510 4555 654 4632 dias,
685 4562 743 4614 et
770 4554 1014 4630 quaesita
1040 4554 1282 4614 latibula
1309 4555 1369 4613 in
1397 4555 1766 4616 distinctione
1793 4556 1895 4615 illa
1932 4556 2005 4616 de
2033 4557 2192 4616 cultu
2222 4557 2452 4633 Christi,
2484 4578 2599 4634 qua
2629 4557 2919 4616 Mediato-

530 2479 735 2526 Occasio
777 2477 951 2527 Quoes-

644 2536 809 2581 tionis.
