3221 5200
536 254 608 315 57
617 256 651 314 6
1348 265 1531 309 Locus
1559 267 1819 309 necinus
1851 264 2090 309 ssxrus
2589 249 2900 331 [Quaesaa
2934 272 3030 314 111,

529 421 625 473 tus
653 418 887 490 propter
915 409 1256 487 imputatum
1284 409 1396 488 ipsi
1423 416 1682 468 nostrum
1724 418 2046 487 peccatum,
2098 429 2214 467 non
2263 417 2456 485 potest
2506 410 2632 468 diei
2683 425 3019 490 peccator,

526 493 684 570 quod
711 493 982 568 importat
1012 491 1430 567 corruptionem
1462 489 1855 563 inhaerentem,
1890 490 1993 548 sed
2024 489 2261 547 victima
2298 498 2527 548 tantum
2558 511 2677 567 pro
2709 505 3010 569 peccatu,

522 592 651 649 quae
680 592 880 649 poenas
908 579 1143 648 peccato
1193 570 1417 629 debitas
1460 570 1518 625 in
1569 588 1631 626 se
1679 569 1912 646 recepit,
1966 568 2225 646 adeoque
2275 577 2496 627 reatum
2551 570 3006 649 auferendum,

523 671 637 709 non
667 653 968 710 maculam.

603 732 816 790 XXV.
850 732 965 791 Ubi
997 731 1125 787 duae
1156 737 1289 786 sunt
1318 728 1513 785 formae
1543 735 1601 786 et
1629 728 1938 804 qualitates
1968 728 2271 787 contrariae
2307 728 2568 804 physicae
2603 730 2728 788 sub
2767 733 3000 790 eodem

521 831 769 888 genere3
802 811 883 869 ibi
937 818 1154 868 certum
1204 816 1292 865 est
1340 807 1864 865 denominationem
1914 806 2039 865 fieri
2089 808 2281 884 potius
2323 808 2396 865 ab
2427 808 2787 885 intrinseca,
2850 833 2998 888 quse

522 892 845 968 subjectum
874 888 1060 963 magis
1089 886 1279 960 afficit,
1312 906 1484 962 quam
1527 886 1600 943 ab
1632 888 1975 945 extrinseca.
2026 887 2114 945 At
2134 886 2365 963 justitia
2393 886 2715 964 inhaerenS,
2755 903 2828 948 et
2849 894 2992 968 jus-

520 973 648 1029 titia
715 971 1010 1046 imputata,
1064 985 1179 1023 non
1233 974 1369 1023 sunt
1424 966 1532 1025 sub
1583 966 1786 1024 eodem
1833 986 2043 1043 genere
2069 989 2083 1040 ;
2145 967 2259 1024 Illa
2314 965 2549 1043 quidem
2606 968 2675 1024 in
2741 990 2988 1045 genere

520 1049 831 1121 relationis,
884 1047 995 1103 ista
1039 1065 1178 1103 vero
1228 1045 1336 1104 sub
1386 1064 1597 1121 genere
1649 1046 1986 1121 qualitatis;
2041 1047 2187 1104 Ideo
2214 1047 2359 1103 nihil
2388 1046 2581 1104 obstat
2611 1049 2984 1125 subjectum

520 1125 876 1187 denominari
905 1125 978 1182 ab
1006 1131 1248 1201 utraque
1291 1125 1399 1182 sub
1428 1126 1662 1183 diversa
1684 1134 1856 1194 σχίσει.
1946 1126 2093 1183 Nam
2144 1146 2321 1203 quum
2353 1126 2666 1203 respicitur
2693 1131 2982 1205 qualitas

520 1208 822 1276 inboeren3‚
855 1205 1065 1262 dicitur
1091 1213 1360 1281 peccator
1387 1213 1446 1263 et
1488 1204 1718 1280 impiuS,
1763 1204 1866 1262 sed
1895 1225 2073 1282 quum
2125 1205 2429 1282 respicitur
2457 1205 2667 1264 relatio
2698 1219 2978 1268 externa

519 1296 580 1345 et
608 1285 867 1356 forensi3‚
900 1284 1112 1341 dicitur
1130 1284 1326 1360 justus
1355 1285 1415 1340 in
1446 1284 1694 1342 Christo,
1766 1285 1987 1342 Verum
2018 1284 2252 1361 quidem
2283 1293 2372 1342 est
2399 1285 2694 1343 neminem
2711 1289 2969 1364 justum

516 1385 685 1442 posse
715 1364 830 1422 dici
857 1364 1202 1421 inhaerenter
1243 1363 1473 1440 justitia
1517 1363 1721 1437 aliena,
1775 1364 1911 1438 quia
1953 1364 2003 1422 si
2045 1373 2134 1423 est
2177 1364 2479 1439 inhaerens,
2525 1384 2645 1423 non
2689 1370 2971 1445 amplius

518 1454 607 1503 est
636 1444 839 1501 aliena.
928 1443 1044 1500 Sed
1090 1450 1281 1519 potest
1326 1452 1518 1501 tamen
1564 1443 1905 1518 imputative
1957 1442 2072 1501 dici
2096 1445 2451 1522 justificatus,
2485 1465 2616 1502 cum
2677 1450 2965 1522 quotidie

518 1525 668 1582 inter
695 1522 956 1581 homines
985 1522 1210 1581 debitor
1253 1531 1486 1600 propter
1528 1522 1873 1581 solutionem
1917 1543 1951 1580 a
1997 1524 2285 1600 Sponsore
2327 1524 2643 1601 praestitam
2691 1527 2858 1585 liber
2900 1541 2963 1587 et

519 1604 741 1662 solutus
770 1604 1008 1678 dicatur,
1041 1602 1141 1678 qui
1183 1623 1293 1660 aere
1336 1601 1523 1660 alieno
1567 1601 1628 1657 in
1656 1621 1717 1659 se
1747 1611 1870 1661 erat
1911 1603 2274 1681 constrictus
2360 1604 2530 1678 Quod
2560 1605 2958 1681 Augustinus

519 1684 814 1760 eleganter
863 1683 1102 1760 exponit
1149 1682 1250 1741 lib.
1288 1682 1456 1740 xxiii.
1487 1681 1558 1739 de
1588 1681 1794 1740 Trinit.
1832 1702 1955 1759 cap.
1992 1686 2105 1740 14:
2153 1686 2188 1715 ‘⁴
2215 1683 2432 1759 Utique
2458 1684 2688 1759 justum
2728 1697 2847 1762 est,
2891 1699 2964 1746 ut

518 1764 808 1822 debitores
852 1783 997 1839 quos
1046 1763 1279 1820 tenebat
1337 1761 1637 1833 DiaboluS,
1684 1761 1848 1819 liberi
1881 1762 2246 1821 dimittantur
2301 1763 2362 1819 in
2417 1782 2548 1820 eum
2606 1765 2950 1842 credenteS,

519 1864 689 1921 quem
720 1844 841 1901 sine
869 1842 989 1900 ullo
1019 1841 1214 1900 debito
1243 1841 1511 1900 occidit.'’
1600 1840 1772 1899 Unde
1801 1849 1960 1918 patet
2002 1842 2332 1918 exemplum
2362 1843 2664 1919 AEthiopis
2694 1844 2953 1905 allatum

520 1944 555 1981 a
585 1923 956 1996 Bellarmino,
988 1922 1088 1998 qui
1117 1922 1309 1998 potius
1331 1941 1366 1978 a
1392 1919 1694 1996 nigredine
1726 1921 1996 1997 corporis„
2029 1941 2201 1997 quam
2231 1922 2304 1979 ab
2334 1922 2600 1981 albedine
2629 1926 2841 1998 vestiet,
2868 1928 2954 1984 sit

517 2002 991 2075 denominandus,
1017 2021 1143 2058 esse
1180 2007 1547 2075 argocztsvveoq
1617 2001 1760 2058 Cum
1789 2000 1884 2058 hic
1933 2021 2049 2058 non
2077 2010 2283 2077 agatur
2326 2000 2397 2058 de
2442 2003 2722 2077 qualitate
2753 2005 2948 2062 inhae-

515 2091 693 2157 rente,
740 2082 835 2140 vel
864 2082 936 2139 de
966 2089 1127 2139 veste
1167 2079 1511 2153 adhaerente,
1545 2079 1650 2137 sed
1677 2080 1749 2137 de
1777 2080 2055 2139 relatione
2077 2082 2330 2157 juridica
2372 2081 2457 2138 illi
2501 2102 2536 2138 a
2580 2083 2621 2141 J
2628 2083 2800 2141 udice
2834 2085 2948 2142 do-

515 2171 668 2220 nata.
756 2163 1146 2238 Praeterquam
1204 2159 1361 2236 quod
1403 2159 1682 2236 AEthiops
1711 2180 1935 2236 semper
1963 2170 2156 2218 manet
2185 2161 2461 2237 AEthiops
2483 2162 2686 2219 eodem
2717 2165 2903 2222 modo
2932 2189 2948 2241 ;

514 2243 617 2301 sed
647 2242 834 2299 fidelis
855 2261 970 2298 non
999 2249 1192 2298 manet
1221 2240 1445 2316 impiuS‚
1478 2238 1581 2297 sed
1610 2240 1979 2298 convertitur.

599 2321 848 2379 XXVI.
895 2321 1173 2396 Quamvis
1225 2320 1385 2377 Deus
1413 2339 1519 2377 nos
1560 2319 1843 2396 justificet
1887 2327 2121 2396 propter
2163 2320 2206 2380 J
2211 2320 2466 2379 ustitiam
2498 2321 2713 2380 Christi
2740 2322 2944 2400 impu·

516 2411 712 2475 tatam,
744 2421 861 2458 non
902 2400 1114 2459 desinit
1150 2399 1435 2476 judicium
1464 2399 1592 2475 ejus
1621 2419 1747 2457 esse
1777 2400 2092 2457 secundum
2136 2401 2454 2476 veritatem,
2486 2401 2624 2477 quia
2651 2421 2771 2459 non
2801 2423 2972 2480 pro-⁷

515 2482 751 2540 nunciat
779 2500 886 2538 nos
906 2481 1099 2557 justos
1127 2479 1186 2537 in
1221 2479 1389 2538 nobis
1420 2479 1758 2556 subjective,
1790 2480 1946 2556 quod
1975 2480 2184 2538 falsum
2213 2488 2383 2553 esset,
2418 2480 2519 2539 sed
2568 2481 2629 2537 in
2676 2481 2794 2539 alio
2825 2484 2940 2540 im-

515 2562 776 2638 putative
806 2567 863 2618 et
891 2559 1148 2631 relative,
1179 2558 1337 2635 quod
1365 2567 1453 2617 est
1482 2559 1864 2618 verissimum.
1953 2560 2049 2619 Sic
2079 2561 2239 2618 Deus
2269 2580 2404 2619 vere
2440 2580 2561 2619 rem
2592 2561 2848 2622 aestimat
2875 2575 2941 2623 et

506 2640 735 2716 judicat
762 2640 848 2696 uti
877 2647 981 2712 est,
1014 2658 1131 2696 non
1159 2638 1216 2694 in
1242 2657 1303 2696 se
1334 2647 1391 2695 et
1418 2647 1623 2696 natura
1653 2659 1773 2714 sua,
1806 2640 1910 2698 sed
1936 2640 1995 2697 in
2027 2640 2272 2698 Christo.

599 2717 885 2775 XXVII.
934 2717 1159 2792 Sponsa
1200 2716 1260 2772 in
1296 2716 1459 2773 Cant.
1518 2737 1642 2794 cap.
1700 2719 1779 2776 iv.
1839 2724 1894 2789 7,
1953 2719 2164 2778 dicitur
2212 2728 2328 2778 tota
2348 2722 2597 2796 pulchra
2639 2721 2933 2781 bifariam.

520 2801 571 2855 1.
604 2797 677 2854 In
709 2796 909 2872 Capite
936 2804 994 2853 et
1027 2796 1251 2872 Sponso
1281 2815 1385 2854 suo
1428 2795 1784 2872 imputative,
1830 2818 2008 2875 quum
2037 2801 2163 2876 ejus
2201 2800 2431 2876 justitia
2458 2820 2657 2859 omnes
2685 2803 2936 2862 maculae

516 2878 641 2956 ejus
669 2877 751 2936 ita
777 2883 1069 2953 teguntur,
1101 2882 1167 2934 ut
1194 2875 1353 2934 nulla
1381 2875 1457 2933 sit
1483 2876 1731 2953 amplius
1759 2877 1819 2935 in
1849 2898 1916 2936 ea
1944 2878 2361 2953 condemnatiO‚
2392 2900 2499 2938 nec
2533 2880 2732 2939 videat
2765 2881 2932 2940 Deus

512 2959 574 3016 in
604 2978 672 3016 ea
699 2957 1006 3035 quicquam
1030 2956 1221 3034 quoad
1249 2956 1638 3033 cognitionem
1667 2958 1978 3035 practicam
2028 2967 2085 3017 et
2129 2960 2432 3035 poenalem,
2479 2960 2638 3037 quod
2665 2960 2929 3019 animad-

513 3047 719 3097 vertat.
804 3043 859 3097 2.
894 3039 964 3096 In
1015 3058 1075 3096 se
1106 3039 1453 3112 inhaerentem
1485 3037 1621 3113 quia
1661 3058 1764 3114 per
1795 3038 2070 3116 Spiritum
2118 3048 2393 3097 renovata
2441 3050 2529 3098 est
2572 3039 2844 3115 perfecte,
2878 3043 2932 3099 si

512 3139 630 3177 non
657 3118 1003 3195 perfectione
1034 3118 1335 3195 graduum,
1386 3127 1445 3176 at
1486 3117 1834 3194 perfectione
1879 3118 2125 3195 partium
2156 3126 2213 3175 et
2257 3119 2476 3195 gratiae,
2508 3140 2637 3196 quae
2689 3120 2927 3179 tandem

514 3208 604 3259 est
631 3199 957 3257 coronanda
984 3199 1332 3276 perfectione
1362 3198 1580 3275 gloriae.

597 3279 916 3337 XXVIII.
963 3279 1128 3337 Licet
1154 3278 1399 3338 Justitia
1421 3278 1636 3337 Christi
1665 3278 1945 3356 imputata
1992 3286 2276 3338 statuatur
2303 3299 2338 3337 a
2384 3280 2554 3339 nobis
2608 3279 2668 3336 in
2716 3279 2924 3338 funda-

514 3367 771 3415 mentum
809 3367 1020 3417 nostrae
1071 3377 1261 3417 coram
1310 3358 1437 3415 Deo
1480 3358 1931 3435 justificationis,
1976 3378 2093 3416 non
2138 3358 2352 3418 desinit
2399 3359 2529 3418 ideo
2580 3378 2705 3416 esse
2761 3378 2921 3418 mere

514 3436 767 3511 gratuita
794 3456 829 3493 a
855 3446 1017 3512 parte
1066 3437 1286 3508 nostri;
1339 3438 1475 3511 quia
1519 3458 1739 3496 merum
1785 3438 1895 3496 Dei
1944 3438 2351 3497 misericordiae
2380 3448 2470 3498 est
2497 3438 2729 3511 donum,
2760 3439 2922 3514 quod

519 3515 775 3590 Sponsor
791 3515 959 3571 nobis
977 3534 1011 3571 a
1031 3515 1156 3571 Deo
1186 3514 1356 3572 datus
1378 3524 1482 3588 est,
1508 3517 1645 3574 etin
1674 3517 1866 3576 locum
1882 3526 2141 3576 nostrum
2171 3517 2461 3593 suffectu8‚
2494 3527 2552 3577 et
2579 3517 2736 3594 quod
2761 3518 2923 3577 illius

513 3592 841 3652 obedientia
885 3601 943 3651 et
962 3593 1206 3669 justitia,
1255 3612 1426 3669 quam
1458 3594 1567 3670 ipsi
1617 3614 1692 3652 ex
1741 3596 1931 3672 rigore
1977 3598 2155 3675 Legis
2196 3606 2466 3675 praestare
2497 3597 2915 3673 debuissemus,

510 3681 707 3752 nostra
735 3672 890 3750 apud
936 3673 1121 3732 Deum
1153 3681 1434 3747 censetur,
1466 3682 1524 3731 et
1550 3673 1718 3732 nobis
1759 3675 2091 3753 inputatur3
2139 3677 2336 3754 Atque
2366 3678 2448 3735 ita
2490 3678 2533 3737 J
2536 3698 2606 3736 us
2637 3677 2813 3754 Legis
2860 3680 2920 3736 in

510 3754 678 3813 nobis
732 3754 1020 3832 impletur,
1055 3754 1162 3812 Ro.
1194 3753 1314 3811 viii.
1347 3756 1403 3828 4,
1462 3761 1520 3813 et
1571 3753 1911 3829 justificatio
1966 3756 2047 3815 ita
2102 3757 2314 3815 desinit
2359 3777 2485 3816 esse
2514 3778 2590 3816 ex
2645 3757 2917 3834 operibus

512 3836 689 3912 Legis
719 3856 753 3893 a
779 3836 948 3894 nobis
975 3834 1264 3912 praestitiS‚
1297 3842 1362 3893 ut
1389 3854 1506 3892 non
1548 3834 1652 3892 fiat
1692 3842 1884 3893 tamen
1913 3845 2113 3895 contra
2162 3837 2337 3912 illam,
2370 3837 2472 3895 sed
2512 3839 2688 3915 juxta
2735 3838 2917 3911 illam,

507 3925 566 3975 et
596 3916 723 3974 Lex
770 3935 887 3974 non
915 3915 1086 3974 modo
1108 3936 1224 3975 non
1252 3915 1415 3974 irrita
1456 3916 1573 3989 fiat,
1623 3914 1727 3972 sed
1769 3916 1963 3991 potius
2012 3916 2337 3975 stabiliatur
2379 3937 2482 3994 per
2507 3917 2698 3993 fidem,
2746 3917 2916 3976 Rom.

502 3996 583 4054 iii.
614 3998 711 4055 31.

587 4075 846 4133 XXIX.
894 4076 1059 4135 Licet
1100 4076 1455 4136 Justificatio
1501 4076 1686 4154 possit
1734 4075 1848 4135 dici
1903 4076 2230 4135 extrinseca
2277 4077 2582 4154 objective,
2627 4086 2916 4153 quatenus

502 4165 591 4217 est
639 4156 943 4232 imputatio
980 4157 1242 4233 justitiae,
1295 4177 1424 4233 quae
1481 4165 1570 4215 est
1619 4157 1934 4215 formaliter
1961 4166 2128 4215 extra
2155 4176 2279 4231 noS,
2338 4166 2427 4215 est
2481 4167 2676 4216 tamen
2714 4165 2913 4215 nostra

501 4235 901 4295 terminative:
947 4236 1069 4294 Nec
1099 4236 1283 4313 magis
1312 4236 1622 4295 absurdum
1648 4246 1736 4295 est
1753 4236 2053 4296 ‚Iustitiam
2085 4236 2317 4312 Christi,
2349 4237 2519 4295 nobis
2542 4256 2668 4295 esse
2692 4236 2911 4295 extrin—

499 4335 707 4390 secam,
754 4324 812 4373 et
856 4324 1050 4374 tamen
1087 4317 1255 4374 nobis
1303 4315 1590 4392 imputari,
1624 4337 1796 4393 quam
1827 4316 2141 4375 absurdum
2171 4325 2261 4376 est
2288 4328 2524 4394 peccata
2552 4325 2754 4375 nostra
2782 4336 2910 4375 esse

500 4397 729 4454 Christo
772 4397 1112 4469 extrinseca,
1144 4404 1203 4454 et
1231 4403 1422 4453 tamen
1466 4396 1697 4456 Christo
1725 4396 1800 4454 ad
1841 4416 2072 4473 poenam
2113 4397 2401 4474 imputari,
2433 4396 2546 4470 vel,
2582 4395 2683 4474 (ad
2723 4396 2912 4454 homi·

496 4477 676 4553 nem,)
701 4495 874 4552 quam
913 4483 1001 4534 est
1029 4475 1343 4535 absurdum
1380 4475 1799 4536 satisfactiones
1842 4476 2182 4535 Sanctorum
2211 4477 2341 4536 aliis
2369 4475 2657 4555 imputari,
2689 4483 2753 4535 ut
2780 4496 2908 4553 per-

498 4553 743 4613 tendunt
773 4553 1080 4614 Pontificii.
