3221 5200
569 379 649 434 44
1434 390 1618 435 Locus
1647 390 2007 434 nnnncmus·
2571 367 2829 452 [etms-r.
2860 390 2992 433 vm.

566 542 657 594 ret
682 530 1078 593 venerandum
1106 530 1359 593 Coeciliae
1407 536 1676 613 corpus.'’
1761 532 2051 611 Vasquez.
2100 528 2203 590 lib.
2251 528 2334 590 iii.
2384 528 2458 589 de
2507 528 2664 589 Ado.
2711 530 2879 610 Disp.
2905 531 2989 593 iv.

567 636 618 673 c.
670 617 721 689 1,
770 618 826 688 2,
875 615 911 647 “
944 613 1238 690 Imagines
1284 623 1345 674 et
1386 615 1661 692 reliquias
1708 614 1914 674 eodem
1960 612 2133 671 modo
2181 609 2504 669 adorandas
2551 612 2719 670 esse”
2762 613 2988 690 probat.

567 693 802 753 Catech.
833 692 1092 752 Trident.
1123 694 1184 751 in
1212 697 1249 753 3
1276 714 1520 776 proecep.
1549 696 1757 773 probat
1777 694 2170 773 juramentum
2196 711 2301 769 per
2327 691 2619 769 reliquias,
2661 692 2824 768 quod
2862 711 2989 752 esse

567 772 867 850 religionis
894 781 1086 832 actum
1114 792 1284 833 nemo
1311 793 1526 852 negare
1553 784 1763 853 potest.
1851 773 1970 834 Sed
2002 772 2388 850 qualicunque
2415 771 2665 846 nomine,
2697 772 2824 831 sive
2850 772 2987 831 ado·

567 852 808 912 rationis
855 852 982 913 sive
1036 855 1443 931 venerationis,
1492 855 1684 914 cultus
1727 855 1826 914 ille
1875 853 2228 932 designetur,
2276 861 2495 911 eertum
2539 860 2631 911 est
2675 851 2820 929 ipsis
2859 871 2988 912 esse

567 953 629 993 re
738 952 923 992 osum.

631 934 737 1071 ll?
782 1012 904 1071 Nos
952 1032 1110 1088 vero,
1160 1013 1298 1073 licet
1343 1014 1670 1092 abjicienda
1714 1032 1832 1073 non
1880 1031 2006 1073 esse
2055 1019 2116 1071 et
2158 1010 2408 1070 ludibrio
2454 1009 2723 1070 habenda
2750 1030 2992 1089 corpora

570 1092 911 1152 Sanctorum
943 1112 1072 1151 cum
1115 1112 1315 1152 eorum
1362 1094 1623 1172 reliqniis
1668 1113 2021 1167 censeamus,
2073 1092 2175 1151 sed
2219 1092 2459 1149 honeste
2508 1090 2827 1165 condenda,
2872 1111 2991 1151 non

566 1172 739 1232 modo
768 1171 906 1249 quia
933 1181 1069 1231 sunt
1096 1173 1394 1232 bominum
1421 1173 1696 1251 reliquiae,
1722 1173 1821 1251 qui
1850 1173 2102 1250 quodam
2127 1180 2350 1230 naturoe
2377 1170 2684 1248 privilegio
2710 1170 2991 1230 honorem

566 1252 879 1328 sepulturas
906 1252 1100 1311 sortiri
1127 1253 1375 1329 debent;
1420 1254 1524 1313 sed
1572 1254 1747 1314 etiam
1796 1254 1934 1331 quia
1959 1251 2220 1311 fidelium
2247 1258 2307 1309 et
2337 1249 2696 1324 Sanctorum,
2742 1268 2991 1327 quorum

565 1331 842 1390 memoria
863 1331 1168 1392 benedicta
1194 1333 1369 1391 debet
1396 1353 1522 1393 esse
1550 1333 1612 1391 in
1636 1332 1932 1409 Ecclesia;
1978 1332 2275 1409 Negamus
2302 1338 2495 1389 tamen
2522 1329 2628 1388 reli
2674 1330 2797 1388 ‘oso
2825 1331 2991 1390 cultu

567 1410 826 1486 colenda,
856 1419 917 1469 et
943 1412 1148 1472 merito
1176 1431 1509 1472 aversamur
1536 1412 2018 1491 superstitionem,
2043 1431 2158 1489 qua
2185 1429 2289 1489 per
2308 1409 2595 1488 insignem
2710 1410 2885 1469 udem
2913 1409 2992 1469 ad

563 1489 979 1550 ludificandum
1007 1492 1720 1571 populumJApostolorum
1762 1500 2124 1552 ostentantur
2162 1490 2438 1569 reliquias,
2468 1490 2608 1548 dum
2649 1509 2849 1549 eorum
2891 1510 2990 1549 oc-

566 1570 861 1630 cultantur
888 1572 1118 1649 scripta,
1170 1572 1308 1649 quia
1354 1572 1613 1650 reliquias
1657 1582 1832 1633 mutse
1862 1580 2012 1648 sunt,
2065 1590 2171 1630 nec
2198 1571 2517 1648 periculum
2545 1578 2638 1629 est
2662 1588 2737 1629 ne
2764 1567 2992 1648 aliquid

563 1651 797 1789 1ῙῘιίιωειῐιῐ
837 1651 1286 1789 ἰιιηξοιέιιῖίθοοιιι,
1318 1652 1422 1712 sed
1464 1653 1678 1731 scripta
1707 1652 2050 1731 Apostolica
2072 1651 2356 1731 Papatum
2376 1651 2669 1730 jugulant,
2700 1659 2762 1709 et
2788 1650 2989 1710 Idolo-

624 1731 792 1789 triam
820 1750 888 1788 co
1034 1732 1175 1791 'unt.

672 1863 682 1874 .
1171 1811 1290 1871 III.
1336 1808 1615 1873 Rationes
1642 1821 1855 1873 nostrae
1884 1820 2036 1888 sunt,
2066 1815 2118 1871 1.
2150 1810 2300 1886 Quia
2331 1810 2625 1889 Scriptura
2651 1808 2872 1869 cultum
2898 1817 2990 1870 ta·

568 1861 1048 1965 Rffssi‘i'nffinmffingfl
1088 1891 1202 1950 lem
1224 1893 1489 1969 nuspiam
1506 1894 1599 1952 vel
1626 1894 1915 1969 mandato,
1930 1893 2027 1951 vel
2047 1891 2440 1969 promissione,
2460 1891 2557 1950 vel
2577 1890 2846 1967 exemplo
2865 1890 2993 1949 ullo

594 1936 1060 2082 iuzff'qhabldturauss
1101 1972 1381 2048 sancivit3
1429 1974 1556 2030 Imo
1593 1975 1823 2051 quoties
1850 1973 1911 2109 ip
1933 1971 2135 2110 Vffleri
2174 1972 2271 2030 vel
2300 1971 2470 2029 Novo
2498 1971 2656 2109 'gem‘
2686 1969 2991 2110 defimffatz

689 2095 700 2107 .
2565 2069 2672 2108 rrie
2712 2069 2847 2107 man

597 2094 864 2153 Scriptura.
1092 2061 2554 2207 fflgffipgantffiaexssffissfiopffilcorfflogrizsa
2593 2130 2988 2190 veneratione.

570 2205 668 2265 Sic
696 2207 960 2266 Jacobus
1000 2216 1060 2268 et
1086 2210 1131 2270 J
1134 2211 1385 2288 osephus
1431 2211 1744 2271 morientes
1778 2212 2080 2289 jusserunt
2106 2230 2238 2269 ossa
2266 2230 2370 2270 sua
2397 2231 2473 2269 ex
2502 2211 2772 2288 AEgypto
2799 2218 2989 2269 trans-

566 2284 704 2344 ferri
731 2286 792 2343 in
822 2287 1090 2364 Causam,
1122 2298 1188 2348 ut
1216 2301 1699 2368 componerentur
1725 2310 1854 2350 cum
1887 2291 2194 2368 Patribus;
2241 2290 2344 2348 sed
2384 2307 2669 2366 nusquam
2710 2289 2990 2366 leguntur

567 2364 821 2440 adorata,
854 2377 954 2426 aut
972 2369 1170 2428 osculo
1199 2380 1459 2448 excepta,
1490 2391 1598 2430 nec
1626 2371 1791 2430 illata
1817 2370 2050 2430 fuerunt
2089 2370 2478 2444 tabernaculo,
2509 2369 2606 2429 vel
2634 2371 2987 2445 circumges-

566 2452 688 2503 tata
715 2464 818 2521 per
847 2445 1141 2523 Pompam,
1193 2449 1288 2508 vel
1320 2452 1617 2527 supposita
1657 2451 1975 2527 altaribus3
2019 2470 2149 2528 quse
2191 2449 2382 2508 omnia
2407 2449 2742 2508 factitantur
2768 2448 2828 2506 in
2873 2450 2988 2507 Ec·

565 2523 743 2583 clesia
772 2524 1052 2585 Romana.
1138 2528 1218 2586 Et
1256 2530 1546 2607 quomodo
1588 2530 1870 2589 Israelitae
1910 2531 2234 2609 potuissent
2273 2528 2484 2588 adduci
2525 2528 2600 2587 ad
2638 2529 2989 2589 osculandas

567 2604 666 2662 vel
694 2605 1006 2681 gestandas
1033 2607 1324 2683 reliquias,
1356 2629 1485 2667 cum
1516 2630 1590 2668 ex
1623 2611 1781 2686 Lege
1811 2610 1996 2669 Mosis
2024 2609 2281 2688 pollutus
2307 2619 2652 2686 censeretur,
2685 2612 2784 2688 qui
2812 2609 2989 2669 cada·

566 2699 672 2740 ver
698 2683 980 2759 tantisper
1006 2685 1330 2761 attigisset3
1364 2687 1516 2762 Quin
1544 2697 1603 2748 et
1633 2690 1794 2748 Deus
1823 2690 1945 2766 ipse
1976 2687 2311 2768 sepelivisse
2340 2700 2400 2750 et
2427 2691 2745 2749 occultasse
2773 2689 2991 2749 dicitur

567 2780 777 2838 corpus
807 2762 1007 2837 Mosis‚
1044 2763 1218 2825 Dent.
1248 2767 1456 2825 xxxiv.
1488 2772 1542 2843 6,
1573 2788 1648 2827 ne
1679 2770 1961 2828 Israelitse
1989 2771 2136 2829 tanti
2164 2771 2295 2828 Viri
2321 2771 2583 2848 reliquiis
2624 2769 2698 2827 ad
2739 2769 2987 2828 idolola-

566 2839 736 2897 triam
764 2840 1175 2920 abuterentur;
1222 2845 1300 2904 Et
1340 2847 1513 2906 valde
1555 2857 2004 2908 consentaneum
2033 2858 2138 2924 est,
2183 2869 2300 2908 non
2342 2850 2513 2908 aliam
2542 2849 2717 2907 fuisse
2745 2868 2990 2908 causam

559 2919 745 2996 jurgii
793 2920 945 2978 inter
974 2922 1319 2984 Michaelem
1369 2936 1428 2985 et
1480 2929 1770 3003 Satanam‚
1819 2928 1891 2987 de
1937 2948 2052 3005 quo
2081 2929 2224 2988 Jud.
2270 2931 2325 3002 9,
2375 2949 2549 3006 quam
2592 2928 2748 3004 quod
2798 2928 2989 2988 Satan

565 2998 746 3058 vellet
771 3000 957 3078 promi
985 3001 1236 3062 cadaver
1265 3005 1465 3082 Mosis‚
1513 3008 1763 3066 Michae‘l
1804 3027 1944 3067 vero
1985 3009 2164 3067 vellet
2201 3009 2384 3086 premi
2411 3017 2470 3067 et
2497 3007 2763 3085 ignorari.
2850 3007 2987 3067 Ste-

564 3078 743 3156 phani
774 3079 1221 3160 protomartyris
1249 3105 1457 3163 corpus
1485 3096 1932 3166 composuerunt
1958 3087 2244 3165 discipuli,
2277 3096 2335 3147 et
2374 3088 2557 3147 multo
2585 3089 2820 3165 planctu
2848 3098 2990 3148 sunt

564 3159 872 3235 prosecuti,
921 3160 1057 3219 Act.
1105 3163 1245 3239 viii„
1279 3166 1381 3224 sed
1426 3187 1596 3226 nemo
1645 3168 1721 3227 ad
1769 3169 1897 3247 ejus
1941 3168 2168 3228 thecam
2210 3187 2272 3226 se
2301 3166 2582 3246 abjecisse
2611 3167 2841 3244 legitur,
2884 3168 2986 3226 vel

561 3239 690 3316 ejus
718 3260 851 3299 ossa
878 3240 1125 3302 coluisse
1153 3244 1426 3322 religioso
1455 3247 1634 3306 cultu.

1171 3323 1283 3382 IV.
1328 3329 1383 3382 2.
1429 3327 1713 3402 Christus,
1758 3327 1930 3386 Matt.
1960 3326 2126 3386 xxiii.
2158 3329 2254 3400 29,
2298 3325 2667 3404 reprehendit
2709 3327 2748 3358 ‘⁴
2778 3324 2984 3384 Phari-

590 3382 773 3485 23123·
790 3387 1029 3485 ζζξξῗξὲ*
1089 3419 1236 3459 saeos
1264 3411 1323 3462 et
1355 3403 1585 3463 Scribas
1610 3406 1962 3482 hypocritas,
1993 3407 2093 3483 qui
2138 3406 2553 3482 Prophetarum
2596 3414 2661 3465 et
2692 3405 2988 3481 justorum

1089 3479 1393 3555 sepulchra
1414 3483 1792 3559 aedificabant,
1815 3493 1874 3543 et
1895 3485 1995 3542 illa
2013 3485 2353 3559 ornabant,''
2378 3504 2575 3544 eorum
2596 3486 2826 3543 interim
2845 3485 2985 3543 doc-

560 3554 774 3614 trinam
820 3564 1290 3617 contemnentes:
1334 3578 1451 3617 non
1495 3561 1687 3621 minus
1735 3563 1821 3620 illi
1869 3565 2166 3641 arguendi,
2219 3565 2320 3641 qui
2360 3565 2566 3623 horum
2595 3564 2879 3622 cadavera
2920 3564 2988 3622 in

568 3634 889 3710 sepulchris
929 3635 1184 3710 jacentia
1225 3639 1424 3697 colunt
1451 3649 1511 3699 et
1551 3652 1916 3701 venerantur.
1981 3644 2215 3720 Paulus,
2248 3649 2283 3702 2
2316 3644 2445 3702 Cor.
2475 3664 2534 3703 v.
2569 3647 2661 3719 16,
2708 3647 2746 3677 ‘⁶
2779 3644 2854 3702 Se
2881 3663 2987 3702 ne-

564 3713 778 3772 minem
807 3714 1055 3791 amplius
1082 3734 1155 3773 ne
1186 3715 1477 3776 Christum
1524 3720 1756 3797 quidem
1800 3741 2146 3799 cognoscere
2190 3723 2506 3782 secundum
2536 3724 2805 3782 earnem”
2850 3742 2986 3800 pro-

563 3800 827 3867 testatur,
857 3802 923 3852 ut
952 3794 1172 3853 scilicet
1199 3795 1260 3853 in
1289 3816 1357 3855 eo
1375 3798 1692 3857 secundum
1722 3799 1983 3878 spiritum
2012 3802 2321 3879 quaerendo
2350 3812 2409 3862 et
2435 3803 2784 3879 possidendo
2812 3822 2987 3862 omne

565 3871 821 3931 studium
851 3892 1018 3932 suum
1048 3883 1107 3934 et
1134 3894 1367 3951 operam
1415 3878 1693 3938 collocet:
1738 3881 1881 3955 Quis
1907 3901 2046 3939 vero
2074 3883 2391 3959 negaverit,
2444 3902 2544 3940 eos
2580 3882 2681 3958 qui
2708 3883 2986 3959 reliquias

568 3952 782 4011 Christi
811 3962 871 4012 et
919 3953 1262 4013 Sanctorum
1311 3965 1577 4032 quaerunt
1625 3967 1684 4016 et
1711 3959 1925 4035 colunt,
1975 3962 2127 4020 velle
2156 3960 2346 4020 adhuc
2374 3980 2475 4021 eos
2502 3980 2851 4038 cognoscere
2893 3982 2985 4022 se-

564 4032 819 4170 ‹Izundum
849 4050 1081 4171 clagnem
1100 4037 1130 4092 Ρ
1180 4034 1274 4095 Ita
1304 4039 1341 4068 ‘⁴
1366 4054 1473 4113 pro
1500 4036 1837 4098 viventibus
1865 4039 1947 4098 ire
1976 4039 2050 4099 ad
2077 4041 2373 4100 mortuos”
2417 4061 2688 4118 expresse
2731 4049 2985 4119 vetatur,

600 4132 681 4171 sa.
710 4131 833 4172 vm.
945 4155 961 4170 .

1170 4192 1246 4252 V.
1291 4196 1348 4254 3.
1396 4194 1601 4255 Cultus
1657 4193 1793 4255 talis
1846 4217 1963 4255 non
2016 4198 2189 4257 modo
2243 4207 2335 4258 est
2387 4197 2627 4274 inutilis,
2684 4199 2987 4261 exhibitus

1089 4272 1189 4349 qui
1230 4289 1302 4350 pe
1330 4274 1504 4334 rebus
1532 4275 1879 4351 inanimatis,
1910 4286 1968 4336 et
1995 4296 2168 4336 sensu
2196 4275 2354 4336 omni
2382 4279 2710 4338 carentibus
2734 4299 2749 4339 t
2793 4280 2897 4339 sed
2927 4289 2989 4341 et

1090 4352 1187 4411 ido
1212 4353 1487 4413 olatricus
1514 4364 1575 4414 et
1603 4356 2073 4432 superstitiosus3
2117 4357 2217 4434 qui
2259 4358 2383 4417 sine
2425 4359 2730 4436 sacrilegio
2774 4359 2988 4418 deferri

568 4449 686 4488 non
712 4441 903 4507 potest
931 4433 1064 4508 illis,
1098 4433 1207 4491 soli
1234 4431 1447 4511 quippe
1480 4435 1606 4492 Deo
1636 4435 1883 4493 debitus.
1968 4436 2023 4494 N
2026 4455 2091 4493 ec
2112 4437 2284 4512 juvat
2311 4438 2652 4496 incrustatio
2683 4437 2985 4497 Adversa-

567 4508 799 4584 riorum,
829 4514 1167 4588 negantium
1196 4532 1257 4572 se
1286 4514 1546 4589 reliquiis
1574 4514 1793 4573 cultum
1822 4514 2154 4591 religiosum
2183 4518 2511 4591 ahsolutum,
2544 4517 2740 4577 stricte
2763 4526 2823 4575 et
2851 4537 2984 4594 pro·

567 4588 692 4664 prie
721 4589 803 4645 sic
831 4588 1067 4668 dictum,
1100 4611 1201 4651 seu
1228 4591 1620 4652 adorationem
1649 4594 2016 4668 latrmcticam,
2060 4613 2190 4671 quae
2232 4596 2414 4655 solius
2444 4596 2555 4654 Dei
2583 4596 2676 4669 sit,
2709 4596 2813 4655 sed
2854 4607 2984 4655 tan·

567 4677 688 4725 tum
718 4668 1011 4725 relativum
1037 4679 1096 4729 et
1123 4673 1473 4748 duleuticum,
1498 4671 1739 4731 deferre.
1782 4673 1931 4749 Quia
1955 4674 2249 4749 Scriptura
2269 4675 2622 4734 adorationis
2641 4676 2984 4752 latreuticae,

566 4255 613 4301 3.
643 4256 734 4302 Est
776 4257 967 4302 inutilis
996 4259 1049 4302 et

634 4314 976 4360 idololatricus.
