3221 5200
295 360 520 410 oufflsr.
552 341 755 424 xx1v.]
1279 359 1357 399 ns
1387 358 1539 400 nme
1568 357 1690 399 nsi.
2578 337 2689 395 133

291 503 667 580 posteriorem
713 510 839 561 erat
878 500 1068 579 figura
1109 499 1537 561 substitutionis
1584 498 1925 559 Mediatoris
1968 498 2030 556 in
2071 496 2262 555 locum
2310 503 2587 569 nostrum,
2635 503 2696 553 et

292 593 482 642 reatus
524 583 585 641 in
631 584 820 660 ipsum
866 582 1150 656 translati,
1197 591 1369 657 atque
1415 581 1560 640 adeo
1603 579 1960 639 liberationis
2004 598 2106 655 per
2146 596 2277 635 eum
2322 574 2688 652 accipiendae,

291 663 427 739 quin
455 671 516 722 et
543 662 900 721 remissionis
921 663 1046 740 jam
1074 671 1326 738 acceptas
1355 661 1416 718 in
1440 661 1655 720 virtute
1684 659 1949 719 sacrificii
1971 657 2145 717 futuri
2170 679 2184 731 3
2233 656 2387 713 Hinc
2416 663 2506 714 est
2532 654 2691 731 quod

294 741 508 801 Paulus
538 763 656 801 non
684 741 826 801 dicit
854 742 1192 820 simpliciter
1219 741 1664 818 chirographum
1694 739 1842 798 illud
1867 759 1995 797 esse
2024 737 2193 796 nobis
2220 737 2430 809 ivaem'or,
2462 744 2686 794 contra·

289 823 452 899 rium,
485 823 590 881 sed
620 825 905 899 ὓπυαιηιόυ,
934 821 1399 895 subcontrarium,
1431 822 1510 880 id.
1540 818 1966 898 quodammodo
1994 817 2374 891 contrarium3
2418 815 2691 875 nimirum

290 903 424 980 quia
467 903 519 962 si
564 903 674 962 fuit
721 902 1168 980 chirographum
1215 902 1438 978 peccati
1484 909 1545 960 et
1585 910 1779 959 reatus
1819 907 2053 977 propter
2094 896 2238 956 illud
2280 896 2574 970 contracti,
2619 915 2688 955 ac

282 1002 465 1060 poenae
508 984 877 1058 commeritae,
921 993 1096 1059 atque
1136 982 1218 1040 ita
1258 981 1566 1039 adversum
1612 979 1882 1038 Patribus
1924 979 2033 1037 sub
2074 978 2177 1036 illa
2203 980 2365 1053 σχέτο
2393 976 2585 1052 legali,
2630 985 2691 1034 et

282 1073 566 1140 quatenus
594 1073 759 1122 erant
785 1072 1150 1141 peccatores;
1197 1060 1282 1120 At
1310 1070 1594 1138 quatenus
1622 1068 1787 1119 erant
1813 1059 2032 1132 fideles,
2065 1058 2404 1116 favorabilia
2432 1056 2686 1114 contine·

279 1143 418 1203 bant
447 1143 716 1220 symbola
743 1154 801 1202 et
828 1143 1023 1220 sigilla
1044 1141 1245 1217 gratioe
1273 1141 1414 1218 ipsis
1434 1141 1556 1217 jam
1578 1149 1702 1199 tum
1731 1140 2076 1216 dispensatae
2098 1139 2273 1216 juxta
2298 1138 2465 1213 σχίσιν
2493 1136 2686 1193 Evan-

280 1222 545 1299 gelicam,
578 1243 707 1300 quse
735 1223 845 1282 fuit
884 1222 1219 1300 principalis
1249 1230 1307 1279 et
1333 1221 1614 1296 ultimate,
1659 1230 1719 1279 et
1759 1239 1861 1297 per
1889 1238 2063 1296 quam
2105 1217 2262 1295 prior
2288 1216 2689 1275 emolliebatur

279 1302 352 1360 ad
379 1302 641 1361 fidelium
664 1303 950 1376 solatium,
981 1322 1054 1360 ne
1078 1311 1447 1360 censerentur
1466 1300 1656 1359 adhuc
1677 1320 1803 1359 esse
1833 1300 1942 1358 sub
1971 1308 2151 1372 reatu,
2181 1298 2284 1375 qui
2311 1297 2372 1355 in
2395 1296 2686 1355 Christum

276 1382 492 1441 virtute
522 1382 849 1459 sponsionis
877 1383 1044 1441 factas
1073 1390 1132 1440 et
1161 1381 1464 1440 solutionis
1493 1380 1701 1439 futurae
1730 1388 1854 1438 erat
1881 1379 2214 1438 translatus.

355 1462 542 1521 XVI.
588 1462 769 1521 Porro
796 1461 1108 1521 multitudo
1136 1461 1601 1520 caeremoniarum
1630 1469 1689 1519 et
1718 1459 2048 1536 figurarum,
2098 1456 2545 1536 imperfectionis
2573 1475 2688 1533 qua

274 1540 618 1600 laborabant
665 1551 788 1600 erat
836 1550 1273 1619 argumentum;
1339 1541 1625 1617 simulque
1676 1560 1957 1599 summam
2008 1539 2223 1598 Christi
2275 1538 2685 1615 perfectionem

275 1623 483 1680 animis
510 1622 810 1699 oculisque
836 1622 1154 1700 ingerebat,
1194 1620 1268 1678 ad
1308 1640 1481 1697 quam
1509 1630 1803 1697 utcunque
1830 1619 2283 1678 adumbrandam
2312 1627 2473 1676 tanta
2499 1616 2685 1673 varie-

275 1710 393 1762 tate
435 1722 585 1779 opus
626 1711 766 1776 erat,
810 1711 876 1761 ut
917 1701 1075 1778 quod
1114 1721 1231 1759 una
1270 1701 1484 1760 tabella
1527 1701 1696 1777 plene
1739 1699 2137 1777 repraesentari
2177 1718 2292 1756 non
2333 1696 2537 1774 potuit,
2585 1715 2688 1771 per

272 1782 485 1859 plures,
517 1803 648 1859 quae
689 1782 842 1841 idem
871 1782 1163 1859 objectum
1192 1781 1300 1839 sub
1327 1781 1490 1839 varia
1514 1779 1678 1857 exim
1707 1779 2128 1838 consideratum
2166 1777 2488 1850 redderent,
2520 1775 2684 1833 exhi-

273 1860 459 1920 betur.
533 1862 700 1920 Idem
730 1861 994 1920 Christus
1021 1860 1396 1919 adumbratus
1422 1861 1532 1920 fuit
1558 1863 1620 1918 in
1650 1860 1929 1937 Regibus,
1963 1858 2283 1934 Prophetis,
2315 1865 2375 1915 et
2406 1855 2684 1914 Sacerdo-

272 1941 445 2016 tibus,
472 1942 693 2000 ratione
722 1942 965 2018 triplicis
992 1941 1245 1999 muneris
1273 1941 1396 2016 sui;
1439 1942 1499 1999 in
1527 1940 1837 1999 Sacerdote
1866 1938 2156 2012 offerente,
2182 1938 2400 1996 ratione
2434 1936 2683 2013 Spiritus

273 2022 474 2079 aeterni
532 2042 635 2080 seu
687 2021 1044 2096 Divinitatis,
1097 2021 1155 2078 in
1197 2020 1434 2079 victima
1476 2021 1689 2093 oblata,
1745 2019 1968 2079 ratione
2016 2028 2235 2076 naturae
2284 2019 2566 2089 humanae,
2619 2016 2680 2074 in

263 2101 436 2159 altari
481 2101 968 2176 holocaustorum,
1020 2101 1241 2160 ratione
1291 2100 1719 2175 satisfactionis,
1778 2100 1839 2157 in
1887 2098 2055 2157 altari
2100 2097 2411 2171 suffituum,
2458 2096 2680 2155 ratione

269 2180 718 2256 intercessionis,
763 2179 871 2241 Sto.
956 2181 1122 2240 Idem
1170 2181 1417 2257 Spiritus
1458 2201 1560 2257 per
1606 2200 1816 2256 aquam
1860 2177 2290 2256 purificationis,
2342 2196 2445 2254 per
2488 2176 2680 2235 oleum

268 2262 579 2337 unctionis,
610 2282 713 2339 per
740 2262 933 2339 ignem
964 2281 1206 2334 sacrum,
1234 2260 1593 2338 significatus
1616 2260 1741 2331 fuit,
1766 2259 1987 2318 ratione
2007 2257 2296 2316 variarum
2325 2258 2450 2333 ejus
2479 2276 2677 2334 opera-

267 2341 513 2400 tionum.
600 2343 758 2400 Hinc
785 2342 870 2413 fit,
899 2351 965 2401 ut
992 2361 1121 2418 quse
1150 2340 1339 2399 divisa
1367 2349 1502 2398 sunt
1543 2340 1602 2398 in
1632 2340 1806 2416 typis,
1837 2339 2266 2416 conjungantur
2305 2337 2365 2394 in
2394 2337 2676 2413 antityp0,

267 2419 342 2478 de
363 2441 480 2497 quo
509 2442 624 2480 non
654 2442 729 2481 ex
759 2442 873 2479 uno
902 2422 999 2480 vel
1026 2422 1208 2480 altero
1231 2420 1487 2496 seorsim,
1520 2419 1626 2478 sed
1646 2440 1718 2478 ex
1742 2420 2009 2478 omnibus
2031 2418 2382 2494 conjunctim
2408 2417 2678 2494 spectatis

255 2500 548 2578 judicium
569 2501 743 2560 debet
764 2502 903 2576 fieri,
924 2501 1061 2578 quia
1081 2501 1274 2560 nullus
1292 2501 1463 2559 datur
1479 2510 1655 2578 typus
1671 2500 2025 2579 adaequatus,
2045 2499 2146 2575 qui
2165 2498 2335 2575 plene
2353 2499 2680 2580 antitypum

264 2579 495 2655 referat,
529 2580 632 2640 sed
659 2602 859 2641 omnes
888 2591 1024 2641 sunt
1050 2581 1322 2660 partiales
1351 2591 1409 2641 et
1435 2581 1804 2659 inadaequati.

350 2662 569 2720 XVII.
618 2662 701 2722 Ut
725 2682 865 2721 vero
906 2662 1058 2721 idem
1089 2663 1428 2739 mysterium
1469 2663 1579 2721 sub
1609 2663 1785 2721 variis
1826 2663 2029 2741 figuris
2056 2671 2114 2722 et
2142 2662 2497 2722 caeremoniis
2526 2680 2677 2739 saepe

263 2750 785 2818 repraesentantur:
832 2744 924 2802 Ita
964 2741 1165 2801 eadem
1209 2743 1396 2819 figura
1441 2764 1592 2821 saepe
1638 2743 1885 2803 diversis
1930 2744 2221 2821 mysteriis
2266 2741 2678 2801 adumbrandis

260 2821 592 2896 adhibetur,
636 2823 887 2881 maxime
915 2842 1093 2900 quum
1136 2823 1411 2898 mysteria
1450 2824 1564 2883 ista
1591 2834 1727 2883 sunt
1755 2825 2144 2897 subordinate,
2174 2832 2234 2882 et
2260 2823 2427 2900 exies»
2462 2821 2679 2880 habent

263 2901 344 2960 ad
374 2902 642 2961 invicem.
731 2903 828 2961 Sic
861 2905 1306 2961 Tabernaculum
1334 2902 1442 2961 fuit
1470 2912 1647 2980 typus
1678 2905 1906 2978 Christi,
1936 2904 1979 2963 J
1983 2906 2076 2962 oh.
2107 2904 2143 2961 i.
2181 2907 2270 2977 14,
2304 2904 2586 2975 Ecclesiae,
2618 2909 2678 2959 et

261 2981 544 3057 fidelium,
599 2982 747 3060 Eph.
777 2983 837 3041 ii.
867 2986 963 3056 20,
996 2992 1055 3041 et
1086 2983 1239 3057 Caeli,
1271 2982 1459 3059 Apoc.
1492 2984 1570 3040 xi.
1606 2987 1658 3056 l,
1690 2987 1766 3058 23
1817 2982 2125 3053 Sacrificia,
2169 2981 2370 3057 figurse
2409 2980 2677 3039 sacrificii

260 3063 576 3138 expiatorii
606 3063 837 3136 Christi,
872 3063 1024 3122 Heb.
1055 3083 1115 3121 x.
1146 3066 1201 3136 5,
1234 3066 1289 3136 6,
1321 3073 1380 3119 et
1408 3062 1817 3120 sacrificiorum
1864 3060 2246 3138 spiritualium
2276 3071 2334 3118 et
2364 3060 2673 3117 Eucharis-

260 3142 515 3201 ticorum
542 3143 818 3219 fidelium,
855 3145 885 3201 1
920 3143 1045 3202 Pet.
1075 3143 1135 3200 ii.
1167 3146 1222 3200 5.
1311 3141 1670 3215 Sacerdotes,
1717 3140 2009 3200 Christum
2038 3139 2541 3216 repraesentabant,
2573 3138 2675 3214 qui

258 3242 528 3281 summus
575 3233 663 3283 est
694 3222 965 3282 Pontifex
995 3222 1150 3282 Novi
1178 3221 1355 3295 Test.,
1391 3221 1543 3280 Heb.
1575 3221 1655 3279 ix.
1687 3230 1746 3280 et
1773 3242 1852 3294 x.,
1885 3219 2187 3278 Ministros
2216 3218 2542 3295 Evangelii,
2573 3217 2675 3294 qui

258 3302 480 3361 debent
509 3311 798 3384 λειτουργεῖν
831 3305 971 3378 Dec,
1006 3304 1115 3362 Ro.
1146 3322 1246 3362 xv.
1281 3304 1374 3377 16,
1406 3310 1464 3361 et
1490 3300 1710 3375 fideles,
1736 3301 1835 3378 qui
1864 3300 2001 3358 facti
2030 3308 2165 3357 sunt
2191 3302 2383 3376 reqale
2408 3300 2668 3358 sacerdo-

258 3383 419 3457 tium,
456 3387 485 3441 1
523 3384 647 3442 Pet.
677 3388 736 3443 ii.
767 3389 838 3460 53
884 3384 1129 3461 Apocal.
1160 3383 1199 3442 i.
1231 3385 1286 3442 6.
1374 3383 1597 3441 Pascha
1624 3381 1735 3440 fuit
1761 3401 1877 3440 non
1905 3388 2129 3439 tantum
2157 3379 2489 3439 memoriale
2517 3389 2671 3438 tran·

258 3462 416 3521 situs
455 3461 675 3539 Angeli
714 3485 817 3541 per
858 3464 1209 3541 AEgyptum,
1253 3472 1312 3522 et
1351 3463 1707 3521 liberationis
1748 3462 1822 3520 ab
1866 3462 2151 3538 AEgypto,
2196 3460 2300 3520 sed
2348 3460 2677 3539 symbolum

256 3542 679 3620 redemptionis
721 3564 821 3621 per
849 3544 1141 3603 Christum
1171 3543 1376 3603 futurae
1404 3562 1439 3600 a
1468 3542 1745 3601 servitute
1770 3542 2008 3600 'Diaboli
2037 3551 2095 3601 et
2135 3542 2372 3618 peccati,
2403 3552 2462 3600 et
2489 3540 2677 3618 figura

255 3623 546 3682 transitus
572 3623 830 3683 fidelium
858 3644 893 3681 a
922 3624 1199 3683 servitute
1228 3622 1303 3681 ad
1330 3623 1673 3696 libertatem,
1705 3642 1740 3679 a
1766 3630 1948 3681 morte
1977 3621 2052 3680 ad
2078 3622 2277 3698 vitam,
2314 3626 2342 3679 1
2366 3623 2495 3681 Cor.
2526 3642 2583 3680 v.
2616 3626 2672 3681 7.

295 3742 713 3789 caeremoniarum
870 3703 1121 3762 XVIII.
1165 3702 1364 3779 Atque
1405 3702 1541 3760 hinc
1583 3722 1701 3760 non
1742 3702 1984 3760 obscure
2014 3701 2308 3779 colligitur
2334 3711 2533 3761 contra
2560 3702 2670 3761 Ju-

341 3802 717 3859 ἰπιροωιιιὶιοι.
790 3783 965 3858 denos,
995 3804 1165 3842 usum
1194 3792 1253 3842 et
1279 3783 1453 3840 finem
1486 3782 1663 3859 Legis
1691 3781 2103 3840 caeremonialis
2131 3802 2247 3840 non
2284 3781 2461 3839 fuisse
2497 3781 2671 3857 justi-

340 3861 507 3917 piandi
560 3875 716 3919 9⁰⁰⁰&
789 3863 1115 3923 ficationem
1158 3872 1217 3922 et
1258 3861 1770 3920 sanctificationem
1811 3861 2062 3920 hominis
2109 3860 2462 3938 peccatoris;
2524 3860 2674 3934 Quia
2751 3928 2764 3941 ·

339 3923 464 3962 ‘⁰¹¹¹’
794 3946 831 3976 ‘⁴
857 3945 982 4002 Lex
1019 3943 1164 4001 nihil
1207 3944 1479 4014 ὅπλώισυ,
1510 3941 1753 4018 perfecit
1779 3951 1839 4000 et
1879 3941 2316 4014 consummavit,
2349 3939 2452 3998 sed
2494 3938 2670 3999 intro-

252 4019 461 4079 ductio
489 4021 743 4080 melioris
782 4024 903 4100 spei
945 4044 1049 4100 per
1084 4043 1257 4100 quam
1299 4021 1628 4082 accedimus
1669 4022 1745 4079 ad
1787 4021 2036 4095 Deum,''
2082 4020 2236 4079 Heb.
2266 4020 2367 4079 vii.
2402 4021 2493 4095 19,
2540 4040 2673 4080 cum

249 4106 639 4177 occuparetur
664 4110 887 4162 tantum
916 4103 1068 4162 circa
1108 4102 1441 4160 mandatum
1481 4101 1711 4161 carnale
1749 4110 1808 4161 et
1846 4121 1940 4161 res
1980 4110 2236 4160 terrenas
2264 4109 2323 4159 et
2350 4119 2670 4177 corporeas,

249 4200 389 4257 quae
419 4202 531 4238 non
550 4192 787 4256 possunt
811 4183 1197 4241 conscientiam
1223 4186 1494 4257 τιλυῢπιι,
1523 4182 1676 4240 Heb.
1707 4183 1787 4241 ix.
1819 4185 1874 4255 9,
1901 4180 2005 4240 sed
2030 4200 2147 4238 non
2175 4180 2418 4239 ulterius
2444 4189 2672 4258 perten-

247 4260 492 4334 debant,
515 4280 687 4337 quam
715 4265 800 4321 ad
814 4263 1122 4338 puritatem
1148 4264 1354 4338 car-mk,
1378 4283 1530 4321 vers.
1559 4264 1652 4335 13,
1683 4261 1761 4321 id.
1784 4272 2081 4320 externam
2111 4269 2170 4319 et
2197 4260 2669 4335 coeremonialem,

249 4340 417 4417 quod
447 4340 768 4417 Apostolus
808 4342 935 4402 fuse
963 4342 1335 4416 demonstrat,
1370 4343 1523 4401 Heb.
1553 4362 1614 4399 x.
1650 4346 1700 4416 1,
1733 4346 1788 4416 2,
1821 4345 1875 4415 3,
1907 4346 1964 4400 4.
2050 4341 2128 4398 Et
2168 4340 2336 4398 facile
2376 4340 2670 4418 probatur,

248 4420 445 4498 primo
474 4422 837 4497 generaliter,
882 4442 918 4481 a
952 4432 1164 4481 natura
1203 4423 1356 4481 istius
1383 4423 1567 4499 Leqis,
1599 4441 1726 4498 quae
1752 4424 2007 4479 umbram
2033 4421 2267 4479 habebat
2292 4441 2485 4478 rerum
2505 4423 2669 4494 fiatu-

249 4521 479 4573 rarum,
527 4521 583 4558 v.
618 4504 670 4576 1,
715 4522 830 4560 non
874 4523 1013 4561 vero
1075 4523 1408 4580 expressam
1471 4522 1664 4561 rerum
1712 4501 2041 4579 imaginem,
2093 4500 2225 4558 ideo
2250 4508 2257 4514 ‘
2286 4520 2402 4558 non
2447 4510 2674 4578 poterat

250 4579 602 4639 accedentes
643 4581 934 4657 perficere.
992 4587 1047 4641 2.
1078 4583 1433 4661 Specialiter,
1464 4582 1538 4641 ab
1567 4581 1998 4659 imperfectione
2025 4580 2510 4657 caeremoniarum,
2542 4602 2673 4659 quse
2750 4640 2760 4650 ,

251 4662 473 4719 nullam
510 4662 936 4737 proportionem
964 4663 1273 4739 habebant,
1307 4664 1423 4721 Vel
1463 4682 1594 4721 cum
1626 4663 1893 4740 peccatis,
1922 4681 2069 4742 quae,
2099 4670 2165 4723 ut
2188 4662 2378 4742 culpae
2406 4663 2670 4740 morales,
