3221 5200
246 359 475 408 Quzssr.
508 342 629 421 nn]
1116 359 1193 398 nr.
1235 356 1742 400 susm-icarios&
2555 342 2670 399 575

241 500 345 577 qui
366 499 652 574 justificat
699 498 955 576 impium,
996 499 1141 558 fides
1186 500 1501 576 imputatur
1543 498 1620 555 ad
1655 495 2005 574 „justitiam”
2090 497 2133 556 J
2139 497 2444 557 ustificatio
2488 498 2666 576 impii,

240 600 362 637 non
389 588 580 655 potest
610 579 733 636 fieri
760 599 864 656 per
892 579 1255 654 infusionem,
1288 578 1390 637 sed
1418 598 1520 655 per
1548 577 2002 654 imputationem.
2089 577 2255 636 Licet
2272 578 2424 636 enim
2448 578 2543 636 ille
2567 579 2667 654 qui

234 658 595 733 justificatur
636 678 750 716 non
780 666 1009 717 maneat
1056 659 1283 736 impiuS,
1330 657 1434 716 sed
1475 664 1785 716 renovetur
1832 675 1935 733 per
1979 657 2222 733 gratiam
2270 657 2500 732 Christi,
2551 679 2671 716 non

241 746 437 814 potest
466 738 580 795 dici
600 738 910 814 justificari
937 759 1040 814 per
1069 739 1227 796 illam
1257 737 1708 810 renovationem,
1740 756 1868 812 quae
1898 736 2134 795 effectus
2156 745 2261 811 est,
2287 738 2386 812 qui
2408 738 2670 813 sequitur

232 817 731 892 justificationem,
762 837 879 875 non
909 837 1081 876 causa
1108 838 1237 894 quae
1267 837 1394 876 eam
1420 816 1713 893 praecedit.
1799 816 1877 874 Et
1903 815 2064 890 fides,
2095 836 2198 893 per
2241 836 2413 892 quam
2453 817 2669 893 justifi-

243 905 409 956 catur
438 898 626 972 hom0,
659 906 716 955 et
734 898 933 972 justus
954 898 1019 955 fit
1047 898 1106 956 in
1138 897 1384 970 Christo,
1408 916 1526 955 non
1554 896 1747 954 obstat
1775 895 2081 971 quominus
2110 896 2186 954 sit
2212 903 2271 954 et
2299 905 2537 955 vocetur
2565 895 2671 954 im-

242 977 378 1054 pius
408 976 467 1033 in
497 997 580 1051 sc,
610 985 895 1052 quatenus
924 978 1233 1054 opponitur
1254 977 1531 1053 operanti,
1563 983 1631 1034 ut
1658 975 1757 1050 qui
1786 974 1932 1031 nihil
1959 975 2135 1033 habet
2177 994 2291 1052 quo
2339 975 2447 1033 niti
2491 985 2664 1052 queat

245 1076 441 1115 coram
471 1057 772 1114 Tribunali
800 1056 1000 1115 divino
1029 1056 1105 1114 ad
1133 1055 1732 1130 suijustificationem,
1764 1053 2023 1130 adeoque
2052 1055 2269 1130 impius,
2321 1055 2529 1131 partim
2557 1077 2661 1114 an-

248 1139 573 1209 tecedenter,
606 1137 815 1212 partim
845 1136 1143 1211 respective
1172 1136 1247 1194 ad
1283 1134 1776 1212 justificationem,
1810 1153 1928 1191 non
1971 1141 2164 1193 autem
2194 1135 2660 1210 concomitanter,

247 1217 441 1273 minus
470 1215 659 1274 adhuc
701 1225 1135 1292 consequenter.

332 1295 521 1353 XXI.
568 1296 814 1353 Possent
841 1296 955 1355 huc
984 1296 1219 1373 congeri
1262 1295 1424 1354 varia
1472 1295 1710 1352 Patrum
1756 1290 2127 1366 Testimonia‚
2175 1292 2276 1368 qui
2325 1294 2668 1353 sententiam

252 1383 510 1433 nostram
540 1375 764 1433 calculo
794 1395 898 1434 suo
927 1376 1333 1452 approbarunt,
1381 1394 1510 1451 quae
1552 1372 1859 1432 brevitatis
1883 1371 2074 1430 studio
2105 1372 2440 1431 omittimus.
2526 1375 2667 1433 Ber-

246 1454 414 1512 nardi
443 1455 622 1513 verba
649 1455 974 1514 adscribere
1006 1456 1146 1513 satis
1174 1455 1298 1530 erit,
1350 1454 1486 1530 quia
1534 1452 1746 1511 eximie
1793 1452 1944 1509 hanc
1992 1451 2313 1510 doctrinam
2358 1454 2667 1513 salutarem

245 1554 366 1611 prae
396 1535 619 1592 caeteris
647 1554 764 1592 non
793 1535 971 1593 semel
998 1535 1244 1594 asseruit
1269 1558 1282 1594 z
1335 1534 1519 1612 Epist.
1556 1535 1689 1608 190,
1720 1531 1795 1590 ad
1819 1532 2138 1607 Innocent.,
2187 1532 2556 1609 “Assignata
2584 1544 2674 1594 est

246 1613 303 1672 ei
331 1613 519 1672 aliena
537 1614 786 1690 justitia,
819 1615 919 1690 qui
948 1614 1131 1674 caruit
1160 1615 1321 1674 sua.''
1409 1615 1485 1672 Et
1514 1612 1688 1689 paulo
1736 1621 1884 1688 post,
1920 1612 2033 1669 “Si
2062 1632 2210 1671 unus
2258 1632 2361 1688 pro
2404 1614 2674 1673 omnibus

246 1702 508 1752 mortuus
537 1702 643 1768 est,
671 1695 829 1771 Ergo
859 1715 1057 1754 omnes
1079 1695 1289 1753 mortui
1319 1703 1451 1752 sunt
1472 1717 1485 1767 3
1511 1702 1575 1751 ut
1593 1691 1866 1750 videlicet
1887 1692 2058 1750 unius
2077 1689 2391 1749 satisfactio
2409 1693 2677 1753 omnibus

249 1772 581 1849 imputetur,
635 1773 783 1832 sicut
832 1776 1088 1832 omnium
1136 1783 1372 1851 peccata
1419 1792 1568 1831 unus
1614 1771 1712 1828 ille
1757 1769 2068 1846 portavit.’'
2153 1770 2232 1827 Et
2276 1770 2457 1827 Serm.
2490 1774 2584 1846 61,
2617 1773 2678 1831 in

250 1851 491 1927 Cautio„
542 1855 576 1884 “
601 1853 799 1910 Meum
845 1854 1086 1929 proinde
1115 1854 1380 1911 meritum
1409 1850 1701 1909 miseratio
1732 1849 1999 1922 Domini;
2033 1868 2150 1906 non
2198 1868 2323 1906 sum
2352 1849 2521 1925 plane
2552 1872 2671 1910 me·

246 1931 345 1989 riti
374 1931 556 2009 inops,
590 1931 846 2008 quandiu
873 1932 972 1990 ille
1001 1933 1431 1990 miserationum
1471 1950 1590 1988 non
1632 1928 1861 1987 fuerit.''
1948 1929 2024 1987 Et
2051 1927 2224 2003 paulo
2267 1937 2414 2004 post,
2451 1933 2484 1961 “
2507 1931 2667 1989 Nun-

249 2010 392 2087 quid
404 2013 445 2071 J
451 2013 678 2070 ustitias
700 2031 858 2069 meas
881 2012 1125 2071 cantabo
1141 2014 1169 2069 P
1194 2010 1440 2069 Domine
1465 2008 1795 2067 memorabo
1808 2007 2055 2084 justitiae
2078 2016 2191 2066 tuae
2216 2009 2410 2083 soliuS,
2433 2029 2562 2085 quae
2584 2021 2673 2071 est

248 2099 309 2148 et
337 2110 482 2149 mea.
534 2091 587 2148 N
592 2090 813 2167 unquid
842 2092 1100 2165 verebor,
1125 2110 1196 2149 ne
1224 2110 1342 2148 non
1362 2109 1479 2148 una
1506 2089 1789 2147 ambobus
1818 2087 2106 2146 sufficiat?
2153 2088 2284 2145 Non
2312 2098 2400 2146 est
2427 2091 2668 2166 pallium

249 2169 445 2244 breve,
477 2169 634 2245 quod
653 2169 968 2228 secundum
1014 2170 1359 2246 Prophetam
1380 2189 1497 2226 non
1519 2166 1704 2245 possit
1724 2167 1945 2244 operire
1964 2167 2169 2225 duos‚'’
2255 2168 2332 2226 Et
2366 2170 2547 2228 Serm.
2572 2175 2667 2247 27,

252 2247 355 2304 “N
360 2268 434 2305 on
464 2268 699 2324 peccare
730 2249 843 2308 Dei
861 2249 1094 2324 justitia
1121 2258 1208 2308 est
1233 2270 1246 2322 3
1280 2248 1552 2307 Hominis
1571 2247 1821 2321 justitia,
1854 2245 2216 2322 indulgentia
2255 2248 2425 2305 Dei.''

342 2392 525 2437 Fontes
544 2392 685 2437 Solu-
865 2329 1089 2386 XXII.
1135 2328 1399 2387 Christus
1426 2347 1543 2385 non
1572 2335 1796 2385 tantum
1842 2324 2041 2384 debuit
2088 2326 2388 2385 restituere
2436 2328 2588 2386 bona
2615 2329 2676 2388 in

408 2452 619 2495 tionum.
786 2407 1015 2466 Adamo
1044 2408 1273 2481 amissa,
1324 2407 1426 2466 sed
1474 2407 1648 2466 etiam
1699 2405 1984 2482 depellere
2032 2406 2185 2463 mala
2231 2427 2336 2483 per
2382 2407 2676 2467 Adamum

783 2495 1096 2547 contracta.
1182 2488 1367 2546 Erant
1394 2496 1583 2545 autem
1616 2485 1748 2560 du0,
1779 2488 1994 2544 Beatus
2023 2494 2080 2543 et
2102 2486 2407 2561 Corruptio
2435 2496 2672 2564 naturae,

251 2565 463 2643 quibus
492 2565 607 2625 duo
635 2567 788 2626 bona
815 2568 1024 2646 opponi
1054 2567 1377 2627 debuerunt
1402 2589 1415 2627 :
1479 2566 1724 2627 Justitiae
1745 2566 2038 2643 imputatio
2087 2566 2161 2625 ad
2190 2566 2510 2626 tollendum
2551 2589 2670 2628 rea-

253 2653 377 2705 tum
407 2667 600 2706 coram
631 2648 774 2722 De0‚
806 2657 864 2706 et
896 2650 1209 2708 Renovatio
1237 2658 1475 2723 naturae,
1507 2647 1583 2705 ad
1612 2647 2034 2724 corruptionem
2064 2646 2436 2707 inhaerentem
2467 2668 2674 2707 sanan-

254 2725 406 2785 dam.
492 2727 719 2786 Deinde
750 2728 1012 2787 Christus
1040 2749 1155 2787 non
1186 2729 1439 2787 restituit
1466 2736 1691 2787 tantum
1719 2727 1873 2785 bona
1900 2727 2128 2801 amissa,
2161 2727 2263 2785 sed
2291 2728 2463 2805 longe
2487 2730 2679 2788 excel-

250 2805 495 2864 lentiora
521 2830 535 2867 2
567 2808 863 2867 amisimus
882 2802 1174 2884 justitiam
1203 2808 1556 2883 mutabilem,
1589 2807 1692 2866 sed
1719 2807 2041 2866 restituitur
2059 2806 2227 2865 nobis
2255 2807 2630 2868 immutabilis
2655 2834 2669 2887 3

253 2886 549 2944 amisimus
580 2895 801 2945 tantum
858 2889 1250 2962 inhaerentem,
1293 2895 1352 2947 et
1396 2888 1565 2946 datur
1614 2887 1783 2945 nobis
1832 2907 1963 2946 cum
2011 2887 2325 2946 inhaerente
2371 2889 2670 2966 imputata,

250 2964 373 3022 sine
403 2984 518 3039 qua
546 2965 878 3025 inhaerentis
906 2988 1021 3026 non
1050 2987 1352 3045 possemus
1393 2967 1517 3025 fieri
1545 2966 1893 3044 participes:
1978 2966 2148 3024 Alias
2191 2967 2239 3024 si
2280 2968 2424 3025 nihil
2468 2969 2672 3028 redde-

253 3050 411 3101 retur
439 3043 499 3099 iu
528 3044 775 3118 Christo,
807 3066 979 3121 quam
1009 3046 1166 3121 quod
1193 3048 1470 3105 amissum
1498 3055 1587 3104 est
1615 3046 1675 3103 in
1705 3045 1952 3119 Adam0,
2005 3045 2267 3103 remissio
2308 3056 2673 3122 peccatorum

254 3142 371 3180 non
399 3122 632 3181 daretur
658 3124 827 3182 nobis
855 3126 916 3183 in
946 3126 1192 3199 Christo,
1224 3126 1362 3201 quia
1389 3144 1505 3181 non
1534 3125 1643 3182 fuit
1671 3124 1885 3182 amissa
1912 3124 1973 3180 in
2015 3123 2264 3181 Adamo.

338 3201 597 3260 XXIII.
643 3202 813 3278 Quod
840 3204 1155 3283 imputatur
1175 3203 1350 3262 alicui
1397 3222 1500 3279 per
1543 3221 1758 3260 meram
1808 3202 2319 3278 acceptilationem,
2365 3203 2428 3261 id
2475 3225 2678 3265 revera

255 3281 506 3340 solutum
528 3303 643 3341 non
664 3291 769 3358 est,
797 3284 898 3342 sed
926 3304 1029 3360 pro
1052 3283 1242 3342 soluto
1271 3283 1547 3356 habetur;
1580 3281 1684 3339 sed
1705 3280 1862 3358 quod
1882 3281 2197 3358 imputatur
2223 3291 2457 3359 propter
2478 3305 2675 3344 veram

255 3362 599 3420 solutionem
622 3363 694 3421 ab
724 3364 838 3421 alio
866 3365 1092 3437 factam,
1126 3363 1398 3440 supponit
1418 3381 1537 3419 rem
1567 3380 1695 3419 esse
1725 3362 1970 3420 solutam
1993 3383 2006 3419 ι
2039 3360 2124 3420 At
2153 3362 2468 3439 Imputatio
2489 3365 2678 3425 Justi-

255 3442 349 3500 tiae
381 3441 611 3518 Christi,
643 3443 714 3502 de
744 3463 856 3520 qua
898 3443 1204 3520 loquimur,
1236 3462 1351 3501 non
1374 3440 1756 3518 intelligenda
1783 3449 1872 3501 est
1897 3440 2082 3517 primo
2113 3461 2303 3517 sensu,
2335 3444 2436 3519 qui
2463 3446 2676 3523 impro-

255 3522 415 3598 prius
442 3530 545 3598 est,
578 3544 681 3600 pro
710 3523 1085 3600 imputatione
1115 3543 1245 3600 quae
1272 3523 1339 3581 fit
1379 3522 1597 3599 absque
1648 3520 1802 3580 omni
1853 3521 2138 3580 solutione
2188 3522 2311 3581 sive
2363 3524 2677 3603 Debitoris,

257 3601 381 3660 sive
443 3602 747 3679 Sponsoris
770 3626 784 3678 ;
860 3603 977 3663 Sed
1031 3603 1350 3681 posteriori,
1391 3611 1677 3679 quatenus
1725 3600 1999 3660 fundatur
2038 3602 2100 3659 in
2149 3603 2433 3662 solutione
2489 3606 2679 3665 aliena

259 3682 472 3741 Christi
504 3683 826 3759 Sponsoris.

347 3762 597 3822 XXIV.
644 3763 808 3821 Licet
820 3764 1208 3838 justificemur
1234 3784 1337 3842 per
1357 3763 1400 3823 J
1403 3762 1661 3821 ustitiam
1682 3762 1896 3821 Christi
1912 3762 2249 3838 imputatam
2276 3785 2289 3837 3
2336 3764 2468 3821 Non
2491 3765 2680 3839 sequi-

256 3849 349 3899 tur
377 3862 483 3899 nos
511 3862 627 3900 non
654 3842 845 3902 minus
865 3845 1060 3918 justos
1109 3864 1234 3903 esse
1284 3863 1458 3919 quam
1509 3843 1819 3915 Christum,
1873 3849 1931 3900 et
1980 3842 2059 3899 ita
2104 3841 2324 3900 censeri
2373 3842 2447 3901 ad
2496 3843 2678 3903 instar

261 3920 490 3995 Christi,
527 3921 862 3980 Servatores
890 3930 949 3980 et
978 3923 1396 3998 Redemptores
1426 3921 1672 3996 Mundi;
1705 3929 1764 3980 et
1813 3920 2104 3979 Christum
2154 3928 2386 3997 propter
2429 3922 2672 3999 imputa-

260 4010 376 4060 tam
406 4000 516 4076 ipsi
544 4008 800 4058 nostram
829 4001 1175 4075 injustitiam
1202 4021 1371 4078 posse
1400 4001 1515 4060 dici
1533 4008 1912 4079 peccatorem.
1959 3999 2106 4073 Quia
2135 3999 2308 4058 debet
2325 4020 2428 4058 sua
2445 4021 2676 4063 manere

261 4099 482 4157 semper
503 4079 756 4156 dignitas
781 4080 986 4156 Capiti,
1018 4088 1082 4139 ut
1110 4081 1367 4139 membra
1395 4081 1512 4140 sint
1539 4079 1853 4139 conformia
1883 4078 2088 4154 Capiti,
2122 4078 2224 4136 sed
2247 4079 2306 4136 in
2329 4099 2432 4138 suo
2455 4082 2673 4161 ordine,

260 4167 316 4218 et
344 4179 459 4217 non
487 4168 551 4219 ut
578 4160 704 4237 ipsa
726 4159 840 4218 sint
864 4161 1067 4236 Caput.
1152 4161 1246 4218 Ita
1272 4160 1538 4237 quamvis
1567 4159 1761 4236 quoad
1787 4158 2223 4234 imputationem
2265 4178 2401 4218 vere
2420 4162 2572 4237 justi
2601 4163 2677 4221 si-

259 4260 385 4298 mus
415 4260 606 4299 coram
636 4239 780 4314 Dec,
814 4238 1077 4298 Christus
1125 4248 1318 4300 tamen
1346 4240 1519 4317 longe
1562 4237 1889 4316 perfectiori
1937 4236 2109 4296 modo
2149 4237 2348 4312 justus
2396 4249 2518 4316 est;
2569 4263 2678 4303 nos

259 4320 410 4377 enim
439 4320 586 4381 tales
614 4339 812 4379 sumus
866 4318 1107 4379 relative
1152 4320 1213 4377 in
1262 4320 1404 4397 ipso,
1457 4327 1515 4378 et
1558 4318 1792 4395 quidem
1839 4317 2114 4395 precari0,
2165 4326 2224 4378 et
2268 4318 2674 4399 dependenter,

262 4398 522 4461 Christus
548 4421 689 4461 vero
718 4399 957 4475 infinite,
990 4400 1362 4477 originaliter,
1393 4400 1753 4473 inhaerenter,
1779 4405 1837 4456 et
1865 4397 2202 4474 subjective.
2267 4402 2323 4459 2.
2357 4401 2676 4463 Possumus

260 4477 490 4555 quidem
519 4490 752 4558 propter
779 4480 1083 4540 ‚Iustitiam
1112 4481 1327 4540 Christi
1353 4478 1521 4538 nobis
1548 4479 1888 4557 imputatam
1918 4477 2033 4537 diei
2077 4480 2354 4556 redempti
2392 4491 2446 4539 et
2463 4486 2683 4543 salvari

253 4560 490 4635 passive,
523 4561 625 4620 sed
652 4581 769 4619 non
797 4564 1177 4638 redemptores
1203 4563 1395 4636 actzbe,
1400 4579 1563 4699 1fluia
1589 4559 1642 4618 is
1669 4567 1896 4619 tantum
1944 4558 2272 4639 redemptor
2313 4580 2439 4621 esse
2467 4571 2674 4640 potest,

264 4639 429 4714 cujus
450 4641 680 4719 justitia
707 4641 873 4701 alteri
901 4641 1235 4720 imputatur,
1268 4639 1415 4699 non'
1468 4660 1499 4700 e
1516 4639 1617 4717 qui
1636 4640 1764 4716 ejus
1792 4640 2168 4718 imputatione
2186 4649 2337 4720 eget.
2397 4645 2452 4702 3.
2484 4644 2678 4705 Chris-
