3221 5200
286 380 514 429 Quaesr.
546 361 725 444 xva]
974 383 1052 422 nn
1082 383 1314 429 orricio
1343 389 1581 430 emus‘ri
1612 388 2000 430 uentri-omo.
2259 369 2278 377 ”
2580 375 2694 433 431

286 529 346 580 et
375 520 730 581 Potestatem
770 522 1017 598 Regiam
1065 527 1225 586 Patri
1273 529 1637 589 traditurum.
1738 529 1840 588 Ad
1885 518 2054 607 quosm
2076 530 2173 589 hic
2215 531 2514 606 accedunt,
2565 534 2704 593 licet

289 601 505 677 dispari
554 610 743 660 mente
792 609 851 659 et
877 601 1008 678 fine,
1042 605 1127 664 illi
1176 628 1252 666 ex
1296 610 1541 684 Nostris,
1581 610 1685 687 qui
1714 611 1982 687 Regnum
2033 610 2442 670 Mediatorium
2488 612 2702 672 Christi

288 680 462 738 finem
490 682 821 741 habiturum
852 695 1088 744 censent
1117 708 1247 746 cum
1272 689 1483 764 seculo,
1506 698 1573 749 ut
1613 690 1777 749 locus
1805 689 1975 749 detur
2001 689 2110 748 soli
2140 690 2348 768 Regno
2387 694 2700 769 essentiali,

289 780 393 836 per
420 762 577 837 quod
635 763 796 820 Deus
818 760 1044 822 futurus
1066 776 1154 825 est
1182 768 1374 826 omnia
1401 768 1461 826 in
1491 769 1777 828 omnibus.

374 840 460 932 Il.
506 841 671 900 Licet
698 860 837 898 vero
881 839 1136 914 Quaestio
1179 848 1307 924 ista,
1352 859 1522 925 prout
1563 850 1818 925 agitatur
1857 849 2009 908 inter
2050 848 2438 926 Orthodoxos,
2471 852 2700 928 proble-

290 927 502 978 matica
523 922 614 997 sit,
646 922 717 981 de
739 939 855 997 qua
881 924 1149 1001 utrinque
1179 927 1460 1003 disputari
1506 938 1713 1005 potest,
1746 929 1909 987 salvo
1936 928 2073 987 fidei
2110 928 2499 1003 fundamentO,
2530 932 2704 991 modo

291 1008 447 1058 arcte
503 1010 766 1061 teneatur
819 1011 1021 1061 contra
1068 1006 1423 1082 Socinianos,
1477 1008 1770 1067 Christum
1840 1009 2062 1084 Regem
2118 1008 2178 1066 in
2247 1018 2524 1068 aeternum
2583 1012 2704 1071 sore

294 1078 571 1138 Ecclesiae
602 1102 738 1157 suae,
785 1079 909 1138 sive
958 1102 1074 1158 qua
1117 1086 1515 1161 Mediatorem,
1569 1088 1692 1146 sive
1738 1108 1853 1164 qua
1904 1089 2090 1146 Deum
2116 1109 2130 1161 3
2176 1089 2369 1146 verior
2415 1097 2608 1148 tamen
2646 1101 2705 1151 et

297 1158 613 1253 Scripturas
640 1159 906 1222 Oraculis
928 1166 1361 1225 convenientior
1387 1167 1620 1226 videtur
1651 1167 1818 1225 nobis
1836 1168 2194 1243 affirmativa,
2227 1188 2400 1245 quam
2430 1189 2560 1228 cum
2583 1171 2703 1248 ple-

287 1257 481 1314 risque
509 1249 843 1302 retinemus,

370 1343 545 1388 Status
555 1345 721 1395 Quaes.
910 1321 1031 1380 III.
1076 1323 1176 1381 Ad
1208 1326 1434 1385 Statum
1447 1327 1794 1401 Quaestionis
1805 1330 2050 1403 observ„
2067 1327 2278 1401 Primo,
2296 1328 2564 1404 Regnum
2579 1329 2707 1389 Me·

456 1404 621 1449 “0³³5
816 1408 853 1467 d
863 1406 1128 1464 iatorium
1160 1405 1372 1465 Christi
1401 1408 1646 1483 spectari
1674 1427 1861 1485 posse,
1892 1407 1988 1466 vel
2017 1407 2208 1484 quoad
2228 1410 2591 1467 substantiam
2622 1411 2704 1485 ip-

289 1506 428 1561 sam,
459 1489 555 1547 vel
597 1491 789 1566 quoad
802 1491 1062 1562 formam
1109 1493 1163 1544 et
1209 1488 1433 1544 modum
1482 1488 2002 1561 administrau‘onis,
2054 1486 2154 1564 qui
2195 1496 2387 1564 potest
2434 1508 2560 1546 esse
2609 1489 2706 1547 vel

292 1565 660 1627 immediatus
702 1579 760 1629 et
789 1570 1066 1640 internus,
1090 1565 1186 1622 vel
1215 1575 1488 1625 externus
1517 1576 1575 1626 et
1595 1568 1898 1644 mediatus,
1930 1567 2030 1644 qui
2059 1568 2123 1625 fit
2150 1567 2478 1625 interventu
2506 1568 2706 1627 minis-

292 1646 421 1705 terii
451 1648 811 1726 Angelorum
841 1655 899 1707 et
928 1645 1264 1719 Hominum,
1310 1656 1369 1705 et
1417 1646 1517 1723 qui
1573 1657 1887 1725 occupatur
1930 1648 1990 1705 in
2038 1646 2394 1724 protegenda
2442 1647 2710 1706 Ecclesia

291 1724 570 1785 adversus
611 1730 824 1804 hostes,
857 1748 891 1785 a
919 1725 1129 1803 quibus
1158 1726 1431 1785 continuo
1461 1726 1520 1782 in
1547 1728 1717 1784 terris
1760 1727 2071 1804 impetitur,
2115 1727 2300 1802 iisque
2343 1726 2708 1785 conterendis

292 1813 352 1863 et
379 1805 637 1866 funditus
666 1807 944 1868 delendis,
1030 1805 1244 1863 Modus
1273 1805 1786 1864 administrationis
1812 1815 2003 1884 potest
2052 1805 2262 1863 mutari
2308 1813 2367 1863 et
2421 1805 2705 1882 abrogari,

295 1885 619 1945 substantia
648 1888 772 1966 ipsa
802 1886 993 1962 Regni
1023 1904 1249 1960 semper
1275 1893 1559 1943 manente.
1606 1885 1908 1958 Quomodo
1935 1884 2080 1942 fides
2098 1884 2310 1942 dicitur
2335 1884 2396 1940 in
2425 1884 2708 1942 visionem

293 1966 584 2040 mutanda,
616 1988 731 2024 non
761 1966 953 2043 quoad
982 1964 1362 2022 substantiam
1386 1964 1753 2040 cognitionis,
1784 1985 1915 2041 quae
1943 1963 2144 2022 eadem
2174 1982 2400 2039 semper
2439 1982 2709 2022 mansura

291 2056 397 2120 est,
429 2046 544 2103 imo
573 2057 632 2105 et
658 2046 961 2123 perfectior
988 2062 1268 2116 evasura3
1313 2042 1417 2101 scd
1444 2043 1637 2119 quoad
1664 2044 1915 2118 modum,
1947 2052 2232 2120 quatenus
2273 2042 2418 2100 fides
2444 2062 2558 2099 non
2589 2064 2707 2101 am-

293 2126 446 2202 plius
475 2125 672 2182 Verbo
701 2126 931 2197 nitetur,
956 2132 1015 2181 et
1043 2122 1449 2181 obscuritatem
1478 2143 1675 2181 secum
1702 2122 2031 2197 adjunctam
2061 2121 2312 2196 habebit,
2345 2122 2447 2179 sed
2469 2122 2612 2180 facie
2635 2124 2711 2181 ad

294 2204 497 2261 faciem
513 2205 701 2261 Deum
718 2205 904 2280 ipsum
915 2201 1249 2261 intuebitur.
1294 2202 1426 2259 Non
1454 2202 1549 2259 hic
1578 2203 1854 2278 quaeritur
1881 2201 1954 2259 de
1982 2200 2706 2275 modoadministrationis,

295 2283 396 2360 qui
424 2283 519 2340 hic
541 2283 781 2358 obtinet,
813 2303 983 2359 quem
1013 2280 1352 2339 mutandum
1395 2300 1521 2339 esse
1551 2281 1706 2357 apud
1757 2300 1957 2338 omnes
2000 2288 2090 2338 est
2136 2280 2197 2338 in
2246 2280 2542 2354 confess03
2593 2281 2710 2340 Sed

296 2369 520 2420 tantum
550 2362 623 2421 de
666 2362 989 2420 substantia
1038 2360 1246 2436 Regni,
1294 2379 1467 2436 quam
1514 2359 1829 2419 desituram
1867 2379 1993 2418 esse
2036 2360 2387 2436 pertendunt
2433 2358 2707 2437 quidam;

296 2441 418 2498 Nos
447 2460 775 2500 mansuram
802 2442 863 2499 in
892 2450 1169 2499 aeternum
1199 2440 1521 2499 statuimus,

380 2520 491 2578 IV.
540 2521 823 2595 SecundO,
858 2521 1138 2579 Mediatio
1165 2527 1282 2576 tres
1322 2527 1515 2596 partes
1559 2518 1922 2596 potissimum
1967 2518 2247 2577 includit:
2281 2519 2332 2574 1.
2356 2517 2572 2575 Salutis
2617 2538 2710 2576 ac-

295 2600 684 2678 quisitionem.
708 2607 763 2661 2.
786 2602 1106 2678 Aequisitae
1130 2599 1588 2677 applicationem.
1621 2602 1676 2658 3.
1701 2598 2029 2678 Applicatae
2047 2598 2558 2659 conservationem.
2581 2598 2712 2656 Non

296 2682 574 2758 quaeritur
601 2682 672 2740 de
702 2683 925 2741 duabus
955 2680 1256 2759 prioribus,
1283 2680 1401 2738 illis
1428 2681 1580 2738 enim
1609 2680 1693 2738 ita
1720 2679 2055 2756 defungitur
2083 2679 2345 2738 Christus
2374 2678 2433 2735 in
2455 2678 2562 2736 hac
2591 2679 2718 2738 vita

295 2769 361 2820 ut
388 2761 449 2818 in
478 2761 670 2820 futura
697 2763 888 2820 locum
917 2781 1034 2818 non
1064 2760 1179 2819 sint
1207 2760 1456 2837 amplius
1484 2760 1766 2818 habiturae
1789 2781 1804 2835 3
1851 2760 1930 2818 Et
1957 2759 2067 2817 hoc
2097 2778 2270 2817 sensu
2299 2758 2465 2816 facile
2508 2778 2711 2817 conce-

294 2841 485 2899 dimus
510 2842 921 2900 Mediationem
953 2840 1168 2900 Christi
1196 2848 1563 2914 cessaturam,
1588 2840 1727 2916 quia
1752 2859 1860 2897 nec
1882 2839 2262 2915 acquisitione
2290 2839 2538 2914 amplius
2567 2859 2712 2916 opus

297 2920 423 2993 erit,
454 2940 561 2978 nec
589 2940 744 2979 nova
769 2920 1170 2997 applicatione.
1220 2919 1335 2977 Sed
1364 2919 1558 2994 agitur
1584 2918 1657 2976 de
1687 2920 2142 2993 conservatione,
2174 2919 2328 2976 circa
2374 2938 2545 2994 quam
2575 2939 2712 2977 con-

297 2999 588 3057 tendimus
617 3000 907 3057 Christum
936 2998 1215 3057 beneficia
1242 2998 1409 3055 nobis
1451 3006 1614 3074 parta
1658 3006 1934 3074 perpetuo
1989 3008 2480 3071 conservaturum,
2528 3007 2588 3056 et
2634 2999 2719 3058 ita

296 3086 669 3154 regnaturum
697 3078 758 3134 in
787 3086 1061 3136 aeternum
1090 3095 1262 3151 super
1290 3076 1629 3134 Ecclesiam.

301 3182 467 3240 Regni
509 3181 696 3228 Christi
719 3196 779 3225 ae-
902 3155 977 3214 V.
1024 3155 1303 3212 Rationes
1332 3163 1483 3228 sunt,
1520 3156 1572 3212 1.
1619 3154 1767 3227 Quia
1800 3154 2096 3230 Scriptura
2122 3174 2238 3212 non
2279 3155 2458 3213 semel
2487 3157 2710 3214 aeterni-

364 3240 578 3286 ten-nitas
610 3242 777 3294 proba·
819 3243 994 3293 tatem
1025 3234 1192 3292 istius
1223 3233 1414 3309 Regni
1441 3232 1733 3310 praedicat,
1778 3241 1843 3292 ut
1885 3238 1921 3290 2
1971 3234 2123 3291 Sam.
2173 3233 2274 3291 vii.
2326 3237 2417 3307 12,
2474 3236 2564 3308 13,
2613 3235 2716 3294 ubi

299 3357 325 3402 1
358 3302 460 3403 Ἓξ·
483 3356 515 3401 2
546 3356 577 3402 S
581 3370 657 3400 am
696 3357 760 3400 vii
816 3314 1175 3372 stabiliendus
1216 3313 1428 3371 dicitur
1468 3315 1699 3370 thronus
1748 3312 1961 3372 Christi
2004 3313 2061 3370 in
2094 3322 2451 3388 perpetuum,
2503 3314 2715 3389 quibus

331 3390 433 3470 Ἠ,
467 3415 539 3460 13.
592 3390 713 3460 Lu’c.
744 3389 776 3460 i]
818 3393 1167 3470 respondent
1194 3392 1306 3451 ista
1333 3391 1487 3469 apud
1517 3393 1754 3466 Lucam,
1786 3412 1911 3469 cap.
1942 3391 1979 3451 i.
2011 3394 2106 3464 33,
2137 3393 2327 3468 Requi
2371 3395 2487 3468 ejus
2531 3397 2717 3453 nullus

360 3474 435 3519 33.
456 3475 579 3519 Dan.
594 3475 677 3517 vii.
698 3473 769 3518 14.
823 3472 1035 3532 dicitur
1046 3475 1280 3547 futurus
1290 3473 1445 3550 fimle,
1491 3473 1570 3530 Et
1600 3472 1750 3530 Dan.
1779 3473 1879 3530 vii.
1915 3475 2007 3545 14,
2058 3473 2208 3530 Filio
2252 3474 2484 3531 hominis
2506 3472 2718 3532 dicitur

299 3555 570 3613 traditum
597 3554 873 3629 Reynum,
907 3556 1062 3630 quod
1087 3573 1198 3611 non
1228 3552 1499 3627 transibit,
1530 3572 1631 3610 nec
1658 3552 2035 3628 dissipabitur.
2121 3551 2243 3610 Nec
2272 3553 2463 3629 excipi
2491 3561 2712 3628 potest:

305 3637 358 3693 1.
390 3632 803 3692 AEternitatem
832 3653 949 3692 non
978 3632 1228 3709 intelligi
1255 3632 1596 3707 absolutam,
1630 3632 1733 3691 sed
1762 3632 2075 3705 definitam,
2107 3632 2244 3708 quia
2263 3633 2456 3708 agitur
2467 3632 2538 3691 de
2555 3633 2718 3690 Salo-

302 3733 487 3787 mone,
520 3712 685 3788 cujus
712 3733 955 3790 regnum
985 3713 1252 3772 cessavit.
1297 3711 1445 3786 Quia
1470 3712 1608 3771 licet
1636 3713 1747 3771 hoc
1775 3711 1890 3771 dici
1918 3712 2101 3790 possit
2129 3711 2199 3769 de
2228 3721 2386 3789 typo,
2410 3712 2485 3769 id.
2517 3711 2588 3770 de
2611 3712 2713 3770 Sa-

304 3792 549 3865 lomone,
581 3790 681 3866 qui
710 3792 819 3851 fuit
836 3793 1023 3869 figura
1034 3792 1281 3868 Christi3
1327 3812 1442 3851 non
1453 3800 1645 3869 potest
1673 3791 1954 3868 quadrare
1975 3792 2036 3850 in
2059 3791 2350 3850 Christum
2368 3791 2712 3867 antitypum,

300 3871 395 3929 cui
423 3869 712 3927 aeternitas
740 3873 964 3947 proprie
988 3872 1143 3931 dicta
1191 3873 1481 3949 competit,
1532 3891 1707 3947 quam
1754 3871 1934 3929 verba
1976 3878 2035 3928 et
2082 3870 2237 3945 apud
2286 3871 2626 3943 Samuelem,
2659 3877 2717 3928 et

303 3948 458 4026 apud
488 3948 705 4005 Lucam
735 3948 1060 4026 designant.
1092 3955 1147 4010 2.
1181 3950 1474 4008 Christum
1502 3957 1874 4027 regnaturum
1905 3968 2021 4025 qua
2051 3948 2257 4021 Deum,
2306 3948 2408 4005 sed
2457 3968 2571 4006 non
2601 3968 2717 4024 qua

302 4027 701 4087 Mediatorem.
748 4027 898 4102 Quia
923 4029 1116 4106 agitur
1143 4029 1215 4086 de
1246 4029 1491 4102 Christo,
1521 4049 1638 4085 non
1666 4036 1731 4086 ut
1760 4029 1888 4086 Deo
1917 4027 2268 4104 simpliciter,
2300 4027 2403 4085 sed
2430 4036 2495 4085 ut
2525 4027 2714 4085 Medi-

305 4118 483 4183 atore,
514 4116 589 4164 et·
621 4116 906 4181 quatenus
936 4107 1135 4166 sedere
1164 4107 1412 4165 debebat
1442 4127 1614 4185 super
1641 4108 1911 4166 thronum
1943 4105 2206 4181 Davidis,
2258 4105 2336 4164 id.
2387 4107 2625 4183 implere
2655 4108 2713 4165 in

253 4229 258 4234 -
307 4187 601 4265 mysterio,
636 4187 793 4263 quod
824 4186 1020 4245 David
1048 4186 1251 4245 habuit
1278 4186 1339 4242 in
1366 4186 1569 4263 figura,
1602 4184 1758 4263 quod
1786 4205 1902 4243 non
1930 4194 2019 4244 est
2046 4186 2212 4262 regni
2239 4187 2578 4260 essentialis,
2613 4186 2717 4246 sed

304 4266 655 4327 Mediatorii.

632 4400 660 4411 „
912 4346 1023 4405 VI.
1073 4345 1357 4420 Secundo,
1390 4344 1539 4419 Quia
1566 4348 1825 4421 Regnum
1853 4347 1954 4403 hoc
1993 4366 2104 4403 non
2148 4347 2499 4403 evertendum
2537 4355 2617 4403 est
2660 4349 2717 4410 in

325 4395 368 4440 2.
388 4396 463 4441 E¹
482 4397 606 4442 Dan.
629 4412 676 4443 ¹¹⁸
698 4399 773 4443 44.
829 4430 1031 4500 secula,
1062 4446 1169 4484 nec
1198 4428 1532 4485 tradendum
1563 4425 1731 4485 alteri
1747 4429 1979 4502 popuIO,
2015 4427 2163 4485 Dan.
2194 4425 2252 4483 ii.
2284 4428 2380 4484 44.
2413 4425 2533 4501 Agi
2563 4427 2715 4491 enim

302 4504 374 4562 de
407 4506 612 4582 Regno
644 4508 876 4582 Christi,
924 4507 1080 4584 quod
1125 4507 1383 4566 obtinere
1433 4507 1650 4579 debuit,
1699 4506 1916 4564 eversis
1961 4515 2206 4585 quatuor
2256 4506 2610 4564 Monarchiis
2660 4523 2718 4573 et

309 4585 531 4662 Regnis
584 4587 642 4645 in
672 4596 863 4647 statua
889 4588 1115 4646 Danieli
1139 4588 1403 4664 ostensis,
1438 4586 1748 4646 Christiani
1776 4606 1973 4646 omnes
2019 4586 2401 4660 consentiunt,
2452 4587 2587 4645 Sive
2617 4612 2722 4668 per

296 4673 562 4741 quartum
600 4668 867 4745 Regnum
898 4669 1255 4746 intelligatur
1286 4670 1608 4728 Romanum
1640 4667 1957 4745 imperium,
2005 4669 2126 4726 sive
2181 4667 2630 4738 Seleucidarum,
2661 4689 2721 4739 et
