3221 5200
538 367 614 441 ,58
1438 385 1621 426 Locus
1652 385 2008 426 uunacmus.
2587 365 2845 445 [Qufflsr.
2877 387 2937 443 x.

538 522 712 583 debet
739 542 907 582 usum
935 522 1278 601 legitimum,
1320 526 1369 586 si
1397 527 1531 585 talis
1559 527 1769 604 aliquis
1798 527 1967 585 detur
1993 546 2068 585 ex
2092 526 2201 584 Dei
2232 525 2510 601 institutO,
2542 525 2700 603 quod
2728 545 2937 605 suppo·

537 611 684 662 nunt
712 603 1070 679 Adversarii,
1105 605 1226 663 Nos
1260 625 1556 683 negamus.
1642 612 1697 665 2.
1743 607 1950 682 Excip.
1981 606 2198 664 cultum
2229 606 2414 663 solum
2442 606 2628 664 facere
2658 607 2939 683 imagines

536 683 785 757 illicitae,
818 703 852 739 a
879 702 993 758 quo
1018 684 1331 742 Lutherani
1359 686 1699 762 profitentur
1726 707 1787 745 se
1816 687 2140 744 abhorrere.
2206 686 2278 743 R.
2311 686 2475 744 Licet
2501 705 2774 763 expresse
2822 707 2939 744 non

537 762 800 821 colantur
826 763 900 820 ab
930 763 1087 839 ipsis,
1119 773 1184 822 ut
1211 784 1246 821 a
1265 765 1599 840 Pontificiis,
1622 765 2050 844 procumbendo
2079 766 2138 822 in
2167 785 2372 842 genua,
2405 774 2464 824 et
2490 766 2625 824 thus
2654 766 2770 823 illis
2798 766 2938 824 ado-

537 841 729 917 lendo,
760 842 858 900 vel
894 862 1095 919 preces
1139 843 1450 921 fundendo,
1498 865 1616 903 non
1663 855 1906 923 possunt
1947 854 2138 903 tamen
2181 845 2296 904 dici
2336 845 2620 903 immunes
2664 845 2738 903 ab
2781 846 2941 903 omni

539 922 716 996 cultu,
751 922 801 979 si
830 941 945 980 non
976 922 1211 998 directo,
1245 925 1447 982 saltem
1492 925 1773 984 indirecto
1811 934 1871 983 et
1906 925 2263 1001 participum,
2310 925 2447 1001 quia
2486 924 2837 1001 pertendunt
2877 944 2941 984 se

536 1021 640 1078 per
664 1002 955 1078 Imagines
984 1011 1042 1060 et
1069 1002 1144 1060 ad
1172 1021 1366 1061 earum
1394 1005 1666 1063 intuitum
1690 1006 1987 1082 concipere
2017 1013 2244 1063 sanctas
2272 1004 2344 1063 de
2377 1005 2503 1063 Deo
2531 1013 2590 1063 et
2616 1004 2688 1061 de
2701 1005 2941 1063 ,Christo

538 1081 934 1157 cogitationes,
980 1101 1109 1157 quae
1151 1102 1267 1140 non
1293 1094 1537 1161 possunt
1564 1104 1681 1142 non
1715 1085 1789 1143 ad
1817 1084 2035 1143 cultum
2067 1084 2175 1142 Dei
2203 1084 2505 1161 pertinere,
2545 1093 2610 1143 ut
2636 1084 2720 1141 ita
2749 1084 2941 1143 Deum

538 1180 740 1218 revera
768 1161 960 1219 colant
999 1181 1103 1238 per
1133 1162 1444 1240 Imagines.
1492 1164 1717 1222 Deinde
1760 1165 1808 1222 si
1837 1184 1953 1223 non
1983 1164 2250 1222 coluntur
2276 1164 2349 1221 ab
2376 1164 2536 1240 ipsis,
2580 1173 2823 1241 possunt
2864 1164 2942 1223 ab

538 1240 667 1297 aliis
713 1240 841 1314 coli,
888 1248 1030 1318 puta
1060 1241 1395 1317 Pontifieiis,
1428 1243 1478 1301 si
1514 1243 1914 1321 ingrediantur
1956 1244 2016 1301 in
2044 1244 2286 1319 Templa
2324 1243 2596 1319 ipsorum,
2642 1250 2815 1318 atque
2857 1243 2942 1301 ita

538 1338 733 1377 earum
762 1339 932 1377 usum
959 1320 1019 1376 in
1048 1321 1305 1398 Templis
1342 1323 1607 1382 illicitum
1651 1323 1905 1398 reddere,
1939 1323 2266 1399 expositum
2295 1321 2632 1380 idololatriis
2661 1323 2937 1399 periculo,

537 1417 652 1474 quo
685 1398 1013 1457 Idololatrae
1042 1399 1103 1457 in
1131 1420 1320 1460 errore
1363 1422 1467 1461 suo
1497 1402 1907 1461 confirmantur
1933 1410 1992 1460 et
2019 1402 2304 1460 innumeri
2331 1421 2448 1460 non
2475 1402 2646 1460 modo
2674 1401 2942 1461 infideles

539 1478 582 1536 J
586 1477 735 1535 udaei
764 1486 822 1537 et
853 1479 1282 1554 Mahumedani,
1315 1483 1417 1540 sed
1444 1481 1646 1541 fideles
1676 1482 1987 1541 Christiani
2014 1480 2401 1540 offenduntur.

618 1557 800 1615 VIII.
846 1557 976 1616 Non
1004 1566 1195 1635 potest
1222 1580 1360 1637 ergo
1390 1561 1533 1620 vitio
1561 1562 1712 1620 verti
1743 1561 2064 1638 Majoribus
2090 1561 2320 1635 nostris,
2352 1558 2510 1637 quod
2537 1567 2792 1636 tempore
2823 1560 2942 1619 Re-

538 1637 911 1712 formationis,
946 1638 1238 1715 Imagines
1280 1660 1479 1698 omnes
1521 1661 1596 1698 ex
1638 1642 1782 1700 locis
1825 1641 2002 1699 sacris
2045 1640 2328 1699 removeri
2357 1639 2716 1715 curaverint3
2777 1640 2941 1698 Nihil

537 1716 690 1773 enim
739 1716 834 1774 hic
881 1716 1114 1793 factum,
1162 1720 1319 1795 quod
1362 1740 1397 1777 a
1442 1720 1568 1779 Deo
1617 1740 1735 1778 non
1784 1720 1861 1778 sit
1906 1720 2319 1797 praescriptum,
2368 1720 2541 1777 Num.
2587 1719 2796 1778 xxxiii.
2837 1722 2935 1795 52,

540 1795 777 1855 Denter.
806 1796 907 1855 vii.
938 1798 992 1871 5,
1038 1798 1207 1857 Ezec.
1253 1819 1354 1857 xx.
1396 1804 1449 1873 7,
1497 1807 1557 1858 et
1598 1800 1881 1876 exemplis
1914 1800 2093 1857 variis
2140 1800 2368 1876 Regum
2414 1808 2473 1857 et
2517 1799 2938 1874 Imperatorum

538 1874 952 1951 confirmatum,
984 1877 1083 1952 qui
1112 1878 1171 1933 in
1200 1877 1564 1937 destruendis
1595 1879 1795 1954 Idolis,
1827 1887 1885 1937 et
1926 1879 2000 1936 ab
2042 1879 2200 1937 omni
2240 1877 2579 1936 idololatrias
2617 1878 2807 1954 specie
2848 1898 2937 1936 re-

537 1954 856 2031 purgandis
881 1955 1026 2013 locis
1069 1957 1246 2014 sacris
1288 1977 1519 2033 operam
1563 1957 1823 2015 sedulam
1850 1966 2184 2035 posuerunt,
2224 1966 2290 2015 ut
2318 1957 2530 2016 factum
2561 1957 2635 2014 ab
2665 1956 2935 2033 Ezechia,

542 2037 578 2066 “
606 2035 708 2110 qui
736 2034 954 2093 amovit
982 2035 1230 2109 excelsa,
1261 2035 1547 2113 fregitque
1578 2045 1814 2112 statuaS,
1848 2046 1906 2095 et
1947 2037 2166 2095 excidit
2205 2037 2418 2111 lucum,
2464 2036 2725 2095 contudit
2762 2038 2937 2096 etiam

538 2123 862 2190 serpentem
891 2133 1129 2188 aeneum,
1155 2133 1327 2190 quem
1354 2114 1568 2173 fecerat
1591 2116 1806 2190 MoseS,
1828 2136 1896 2173 eo
1925 2115 2082 2191 quod
2110 2135 2293 2192 usque
2322 2117 2398 2174 ad
2419 2116 2543 2175 dies
2569 2116 2702 2173 illos
2726 2116 2936 2175 Israel-

538 2193 634 2251 itae
663 2194 959 2252 adolerent
986 2188 1096 2268 ei,’'
1129 2198 1165 2251 2
1198 2194 1345 2271 Reg.
1376 2195 1541 2253 xviii.
1570 2199 1628 2270 4,
1660 2203 1719 2253 et
1746 2215 1782 2253 a
1807 2195 1988 2253 variis
2031 2196 2500 2273 Imperatoribus,
2531 2196 2633 2273 qui
2672 2196 2803 2254 ideo
2832 2216 2933 2255 no-

538 2292 671 2329 men
703 2274 1189 2332 Iconoclastarum
1220 2274 1608 2333 obtinuerunt.

1144 2354 1263 2411 IX.
1311 2355 1474 2413 Licet
1505 2355 1666 2412 Deus
1708 2353 1817 2413 sub
1843 2354 2062 2413 visibili
2091 2354 2274 2413 forma
2315 2354 2624 2431 aliquando
2658 2374 2934 2432 apparue-

1060 2433 1151 2507 rit,
1185 2442 1242 2491 et
1272 2433 1378 2491 sub
1407 2434 1511 2492 tali
1540 2434 1728 2511 specie
1750 2434 1918 2492 nobis
1947 2434 2306 2492 describatur
2332 2435 2392 2490 in
2426 2434 2734 2511 Scriptura,
2756 2453 2934 2510 quum

1058 2513 1329 2585 membra,
1361 2521 1420 2571 et
1446 2514 1702 2571 actiones
1744 2533 2030 2591 corporeae
2060 2514 2145 2571 illi
2173 2513 2503 2572 tribuuntur
2527 2535 2540 2571 τ
2584 2514 2718 2572 Non
2746 2514 2935 2589 sequi-

536 2598 633 2649 tur
656 2588 831 2648 licere
859 2608 991 2648 eum
1018 2589 1079 2646 in
1111 2590 1372 2668 Imagine
1400 2600 1826 2668 repraesentare.
1876 2597 1927 2652 1.
1959 2593 2107 2667 Quia
2135 2592 2286 2652 idem
2317 2593 2495 2665 Deus,
2526 2593 2626 2669 qui
2655 2593 2735 2651 ita
2762 2614 2934 2671 appa-

535 2670 668 2743 ruit,
701 2688 898 2726 severe
927 2676 1119 2726 tamen
1145 2670 1455 2746 prohibuit,
1487 2691 1559 2729 ne
1587 2672 1766 2730 ullam
1810 2673 1898 2731 sui
1938 2673 2246 2749 imaginem
2276 2671 2560 2730 Israelita
2589 2672 2937 2731 fabricaren-

536 2757 667 2822 tur;
710 2747 899 2825 potuit
916 2747 1136 2805 scilicet
1166 2749 1325 2807 Deus
1353 2750 1464 2808 sibi
1492 2750 1679 2810 facere
1709 2771 2044 2826 sermonem,
2070 2768 2308 2827 corpora
2335 2759 2393 2808 et
2422 2751 2702 2826 symbola,
2722 2753 2936 2829 quibus

539 2826 889 2902 singularem
939 2845 1101 2883 suam
1155 2830 1517 2903 praesentiam
1573 2839 1917 2906 testaretur;
1989 2849 2104 2888 non
2159 2839 2349 2888 tamen
2405 2837 2706 2906 propterea
2759 2833 2937 2890 homo

535 2913 729 2983 potest
757 2905 882 2963 Deo
911 2904 1096 2964 facere
1134 2906 1443 2983 imaginem
1487 2919 1547 2968 et
1574 2919 1838 2985 statuam,
1871 2910 1930 2966 in
1972 2928 2087 2985 qna
2134 2927 2195 2966 se
2237 2908 2455 2965 homini
2497 2908 2788 2967 exhibeat.
2875 2916 2934 2970 2.

542 2985 775 3062 Species
803 2984 918 3042 illae
947 3004 1233 3062 corporeae
1261 2987 1322 3044 in
1350 2989 1573 3048 visione
1601 2998 1824 3049 tantum
1853 2989 2084 3047 fuerunt
2111 2987 2403 3062 exhibitae,
2436 3006 2564 3064 quse
2592 3006 2708 3045 non
2737 3007 2934 3048 essen-

536 3065 677 3124 tiam
727 3064 856 3139 Dei,
905 3064 1007 3122 sed
1052 3084 1224 3141 opera
1267 3075 1680 3146 externamque
1719 3068 1958 3145 gloriam
1998 3067 2361 3145 aliquatenus
2401 3066 2825 3143 adumbrarent,
2872 3078 2933 3128 et

536 3145 770 3223 quidem
813 3144 1283 3204 extraordinariae
1337 3166 1453 3206 non
1509 3149 1828 3221 ordinariae,
1886 3148 2230 3225 temporales
2283 3167 2401 3206 non
2454 3155 2762 3224 perpetuae,
2814 3169 2931 3207 non

531 3226 725 3304 palam
770 3225 1035 3283 omnibus
1077 3226 1401 3302 propositae,
1434 3228 1538 3286 sed
1579 3228 1714 3287 huic
1758 3228 1855 3286 vel
1898 3228 2000 3303 illi,
2033 3228 2282 3286 maxime
2325 3227 2385 3284 in
2427 3227 2646 3304 spiritu,
2683 3227 2893 3286 oblatae
2913 3251 2928 3304 ς
2945 3287 2960 3300 ,

534 3305 682 3363 nihil
709 3324 847 3382 ergo
876 3324 1007 3363 cum
1038 3304 1398 3381 Imaginibus
1436 3327 1737 3365 commune
1772 3308 2004 3366 habent.
2089 3311 2143 3365 3.
2190 3305 2373 3364 Aliud
2415 3315 2503 3365 est
2543 3307 2930 3383 metaphorice

532 3384 694 3459 loqui
738 3384 810 3441 de
842 3384 967 3440 Deo
1009 3382 1083 3440 ad
1124 3393 1325 3461 captus
1366 3386 1546 3444 nostri
1588 3385 1924 3460 modulum;
1983 3385 2167 3443 Aliud
2195 3385 2443 3460 speciem
2482 3386 2611 3462 ejus
2639 3385 2926 3444 visibilem

535 3463 701 3538 quasi
729 3481 926 3520 veram
955 3469 1014 3519 et
1038 3464 1326 3540 propriam
1354 3464 1589 3540 fingere,
1623 3473 1681 3522 et
1708 3464 1961 3522 omnium
1992 3464 2175 3521 oculis
2201 3463 2431 3539 publice
2462 3465 2764 3543 subjicere.

617 3540 702 3598 X.
748 3540 879 3598 Non
906 3540 1266 3601 interdicitur
1292 3543 1553 3602 absolute
1580 3542 1801 3601 factura
1845 3542 2190 3619 Imaginum,
2222 3543 2325 3600 sed
2357 3563 2489 3600 cum
2518 3544 2749 3621 gemina
2775 3544 2927 3602 limi-

532 3619 767 3696 tatione,
797 3639 869 3678 ne
914 3619 1054 3679 fiant
1098 3621 1389 3698 Imagines
1430 3623 1503 3680 ad
1548 3622 1735 3681 Deum
1777 3620 2319 3698 repraesentandum,
2368 3622 2538 3681 Deut.
2584 3623 2661 3681 iv.
2697 3626 2787 3698 16,
2817 3643 2926 3683 nec

534 3698 916 3757 adhibeantur
941 3699 1016 3757 ad
1045 3700 1262 3759 cultum
1303 3702 1448 3780 ejus.
1534 3702 1694 3778 Ergo
1722 3700 1906 3760 facere
1937 3701 2236 3778 imagines,
2268 3711 2326 3760 et
2354 3721 2452 3760 eas
2481 3702 2685 3777 colere,
2715 3722 2832 3761 non
2861 3723 2926 3763 se

533 3778 748 3837 habent
776 3779 835 3836 in
863 3779 1134 3837 mandato
1164 3781 1415 3839 secundo
1443 3788 1667 3839 tantum
1695 3789 1761 3840 ut
1788 3780 2040 3840 medium
2069 3788 2128 3839 et
2155 3780 2303 3855 finis,
2351 3781 2454 3838 sed
2481 3789 2547 3839 ut
2575 3781 2704 3840 duae
2731 3790 2925 3859 partes

530 3858 821 3918 interdicti
849 3858 1034 3916 divini
1058 3882 1072 3919 ε
1104 3859 1224 3917 Nec
1242 3860 1393 3918 enim
1421 3867 1693 3919 vetantur
1712 3868 1934 3920 tantum
1964 3859 2244 3936 imagines
2267 3860 2326 3917 in
2354 3869 2630 3936 quantum
2658 3870 2793 3920 sunt
2821 3862 2921 3920 ob-

478 4013 483 4020 ,
523 3940 746 4016 jectum
774 3939 868 3997 vel
896 3938 1147 4018 medium
1177 3941 1384 4014 cultus,
1405 3940 1509 3998 sed
1530 3941 1589 3998 in
1612 3950 1890 4017 quantum
1917 3940 2065 3999 fiunt
2086 3939 2422 4016 simpliciter
2448 3939 2743 4017 religionis
2762 3960 2920 4018 ergo,

530 4020 627 4077 vel
655 4019 713 4075 in
742 4019 886 4077 locis
914 4017 1091 4076 sacris
1119 4019 1488 4079 collocantur.

610 4098 731 4156 XI.
775 4098 874 4156 Ab
903 4098 1158 4172 Imaqine
1194 4100 1425 4156 mentali
1464 4100 1538 4157 ad
1565 4101 1876 4176 Imaqinem
1918 4101 2190 4174 sculptam
2227 4101 2315 4156 vel
2342 4098 2558 4174 pictam
2599 4117 2715 4156 non
2763 4098 2925 4158 valet

528 4178 952 4253 consequentia,
984 4177 1120 4253 quia
1160 4177 1261 4234 illa
1301 4186 1390 4236 est
1429 4179 1808 4252 necessitatis,
1855 4177 2138 4254 siquidem
2173 4178 2501 4254 conspicere
2528 4197 2644 4236 non
2683 4196 2921 4254 possum

527 4278 648 4318 rem
675 4258 854 4316 ullam
884 4257 1007 4316 sine
1035 4256 1229 4333 aliqua
1250 4258 1439 4334 specie
1468 4258 1594 4334 ejus
1624 4267 1723 4316 aut
1750 4258 1881 4315 idea
1908 4258 1966 4313 in
1995 4257 2186 4314 animo
2215 4256 2418 4316 efficta.
2483 4256 2568 4315 At
2595 4257 2788 4335 imago
2809 4257 2923 4316 ista

526 4338 834 4413 conjuncta
861 4356 1086 4413 semper
1112 4344 1201 4395 est
1227 4356 1358 4394 cum
1388 4337 1593 4413 spiritu
1621 4336 1999 4411 discretionis,
2023 4356 2138 4412 quo
2160 4355 2362 4394 verum
2390 4356 2424 4393 a
2451 4336 2596 4394 falso
2624 4338 2705 4395 ita
2733 4356 2921 4395 secer-

526 4417 734 4489 nimus,
766 4425 830 4474 ut
858 4417 1078 4474 nullum
1110 4417 1185 4474 sit
1206 4416 1545 4474 idololatriae
1572 4416 1907 4494 periculum.
1995 4415 2111 4473 Sed
2152 4415 2265 4474 ista
2304 4415 2446 4473 meri
2481 4416 2700 4474 arbitrii
2728 4424 2788 4474 et
2814 4435 2918 4474 vo-

524 4494 765 4551 luntatis
794 4515 953 4571 opus,
984 4495 1139 4572 quod
1180 4514 1215 4553 a
1259 4495 1385 4554 Deo
1414 4515 1683 4571 expresse
1726 4503 1814 4553 est
1853 4494 2220 4571 prohibitum,
2253 4502 2312 4552 et
2347 4494 2503 4571 quod
2530 4514 2743 4571 magno
2785 4514 2917 4553 cum

525 4572 864 4631 idololatriae
885 4575 1137 4651 periculo
1156 4595 1382 4652 semper
1397 4582 1485 4633 est
1496 4576 1885 4653 conjunctum.
1931 4573 2102 4631 Unde
2122 4592 2419 4650 perperam
2440 4594 2556 4632 non
2576 4575 2768 4632 minus
2784 4593 2917 4650 pec-

525 4659 715 4709 catum
745 4651 955 4710 dicitur
984 4654 1276 4730 Imagines
1318 4663 1599 4714 certarum
1644 4672 1831 4712 rerum
1858 4652 2037 4711 menti
2065 4651 2332 4730 objicere,
2364 4652 2458 4710 vel
2503 4653 2730 4729 scriptis
2759 4673 2914 4712 com-

612 2416 792 2462 Fontes
813 2418 951 2462 Solu-

674 2475 877 2520 tionum.
