3221 5200
240 375 458 422 Quacsr.
493 355 602 435 vn]
1051 372 1127 410 m:
1172 370 1507 410 vocarioxs
1555 370 1629 408 m·
1672 369 1828 408 rins.
2534 354 2647 409 491

239 535 354 572 non
375 513 667 571 sufficiunt
694 513 768 571 ad
781 511 1355 585 conversionem,nisi
1371 510 1606 568 accedat
1618 510 1803 567 virtus
1821 509 2046 566 interna
2064 516 2121 567 et
2161 508 2528 567 vorticordia.
2557 509 2655 566 Liu

243 602 335 652 cet
364 614 500 650 vero
530 594 663 650 talis
685 593 1022 670 poenitentia
1041 612 1155 649 non
1178 590 1495 649 suffecisset
1524 590 1598 647 ad
1621 590 1849 647 illorum
1871 589 2303 646 conversionem
2322 596 2380 646 et
2393 589 2655 661 salutem,

245 673 562 731 sufficiebat
574 683 764 731 tamen
777 673 849 730 ad
861 672 1199 731 Judaeorum
1212 669 1763 742 condemnationem,
1785 668 1886 744 qui
1904 677 1989 727 tot
2007 667 2317 727 virtutibus
2330 668 2545 727 Christi
2557 688 2656 725 ex-

242 753 418 824 citati,
440 772 511 810 ne
530 753 829 810 minimum
841 752 1074 827 quidem
1097 751 1269 808 etiam
1280 759 1533 809 externae
1554 748 1723 806 istius
1735 747 2086 825 poenitentiae
2109 756 2326 805 motum
2339 747 2655 805 ediderant.

325 833 548 889 XXX.
597 833 783 890 Actus
806 831 1164 905 obedientiae,
1197 831 1296 906 qui
1318 828 1653 906 producitur
1680 848 1749 885 ea
1777 828 2128 902 efficacitate,
2161 847 2276 903 qua
2303 827 2507 904 posita,
2538 845 2657 883 non

245 921 433 987 potest
472 931 585 969 nou
631 915 878 969 existere
917 918 1096 983 actus,
1129 929 1244 967 non
1300 909 1510 967 desinit
1538 927 1664 965 esse
1694 907 1856 982 liber,
1889 916 2061 982 atque
2116 907 2262 964 adeo
2304 926 2444 965 vero
2492 914 2656 963 aetus

243 991 602 1066 obedientiae,
634 992 682 1049 si
712 991 1018 1050 efficacitas
1041 990 1142 1047 illa
1181 1009 1366 1065 neque
1395 988 1513 1044 vim
1544 987 1721 1044 ullam
1741 987 1958 1044 homini
1979 986 2202 1060 inferat,
2223 1006 2328 1048 nee
2347 985 2656 1043 necessita-

244 1079 361 1127 tem
391 1071 615 1128 brutam
646 1080 703 1128 et
731 1071 1029 1147 physicam
1059 1069 1309 1142 inducat,
1344 1066 1444 1125 sed
1475 1067 1952 1142 spontaneitatem
2003 1085 2163 1123 suam
2193 1075 2251 1124 et
2280 1073 2521 1138 renate-m
2579 1072 2663 1129 illi

247 1150 550 1225 relinquat,
571 1150 725 1226 quod
755 1151 999 1226 gratiam
1028 1150 1215 1207 facere
1244 1147 1654 1224 pertendimus,
1741 1146 1874 1203 Non
1902 1145 2114 1203 desinit
2142 1146 2294 1203 enim
2316 1146 2490 1204 homo
2512 1152 2663 1208 vello

246 1229 534 1287 liberrime
580 1229 737 1305 quod
792 1231 938 1304 vult,
983 1229 1092 1288 etsi
1142 1229 1201 1285 id
1233 1228 1358 1284 vult
1399 1226 1742 1299 necessarie,
1788 1245 1894 1283 nec
1924 1225 2111 1301 gratia
2139 1244 2269 1301 quae
2297 1226 2560 1288 volentes
2590 1231 2662 1288 de

248 1307 578 1367 nolentibus
607 1309 761 1383 facit,
807 1310 1130 1367 libertatem
1159 1307 1330 1381 tollit,
1364 1305 1466 1364 sed
1510 1305 1780 1377 restituit,
1811 1305 1948 1381 quia
1994 1305 2146 1364 ultro
2176 1315 2233 1364 et
2262 1324 2392 1364 cum
2448 1311 2662 1383 gaudio

249 1389 464 1445 servire
515 1389 638 1447 Deo
692 1389 930 1446 libertas
984 1397 1089 1446 est.
1181 1395 1353 1459 neza-n
1401 1391 1562 1450 ψεῦδος
1634 1384 2117 1442 Adversariorum
2174 1394 2278 1459 est,
2337 1385 2661 1448 libertatem

247 1467 495 1544 positam
525 1488 651 1527 esse
694 1469 752 1525 in
784 1476 1032 1540 ἀδιαφοςίᾳ,
1076 1486 1183 1524 nec
1233 1466 1544 1523 consistere
1590 1484 1761 1540 posse
1810 1484 1941 1522 cum
1970 1465 2328 1539 necessitate,
2360 1469 2517 1541 quod
2545 1489 2661 1527 non

245 1547 421 1605 semel
451 1546 826 1605 refutavimus
868 1547 1135 1622 exemplo
1166 1546 1526 1622 Angelorum
1568 1554 1627 1602 et
1676 1545 2005 1618 Beatorum,
2038 1564 2282 1620 quorum
2333 1554 2497 1605 actus
2526 1550 2664 1607 obe-

248 1626 480 1684 dientiae
509 1637 599 1685 est
639 1627 872 1703 quidem
900 1626 1259 1685 necessarius
1288 1635 1346 1683 et
1373 1624 1713 1696 infallibilis,
1748 1624 1850 1682 sed
1893 1635 2087 1681 tamen
2129 1625 2475 1685 liberrimus.

333 1707 592 1764 XXXI.
641 1708 802 1764 Licet
845 1707 1032 1784 gratia
1079 1705 1437 1763 voluntatem
1488 1704 1739 1761 hominis
1787 1703 2026 1760 inclinet
2054 1712 2112 1760 et
2156 1702 2351 1761 flectat
2396 1704 2662 1763 irresisti-

249 1785 478 1858 biliter;
523 1787 684 1844 nulla
706 1795 896 1844 tamen
926 1787 1021 1843 hic
1050 1786 1272 1842 coactio
1301 1783 1574 1859 fingenda
1602 1791 1709 1840 est.
1747 1786 1797 1839 l.
1844 1782 1993 1855 Quia
2023 1783 2079 1838 in
2112 1782 2407 1840 coactione
2452 1784 2662 1861 princi·

249 1865 407 1940 pium
457 1875 544 1923 est
592 1875 811 1923 tantum
862 1866 1268 1936 extrinsecum,
1321 1863 1393 1920 ad
1438 1862 1612 1938 quod,
1665 1862 1764 1936 qui
1814 1868 2056 1936 cogitur,
2109 1862 2255 1918 nihil
2301 1862 2539 1937 confert,
2572 1864 2665 1922 hic

252 1965 391 2002 vero
430 1945 600 2003 datur
647 1946 817 2002 etiam
865 1945 1254 2016 intrinsecum,
1287 1941 1422 2017 quia
1466 1941 1652 2017 gratia
1701 1949 1790 1997 est
1817 1941 2008 1997 anima
2051 1940 2255 1998 animae
2294 1950 2523 1999 nostrae.
2609 1948 2664 1999 2.

246 2024 484 2081 Coactio
518 2044 635 2081 non
687 2024 752 2080 fit
800 2031 1018 2080 naturae
1065 2029 1465 2096 congruenter,
1515 2020 1619 2078 sed
1659 2020 1959 2076 conversio
1990 2029 2252 2077 naturam
2283 2021 2524 2095 perficit.
2610 2025 2665 2078 3.

256 2103 622 2178 Impossibile
653 2111 740 2159 est
781 2111 838 2158 et
867 2110 1126 2157 aetnam
1162 2099 1520 2158 voluntatem
1565 2100 1713 2174 cogi,
1744 2100 1881 2173 quia
1926 2099 2009 2157 sic
2051 2108 2204 2157 esset
2233 2099 2521 2176 noluntas,
2553 2121 2669 2158 non

253 2182 542 2238 voluntas.
903 2181 906 2184 ’

337 2260 631 2317 XXXII.
679 2260 955 2333 Quamvis
983 2279 1098 2316 non
1129 2259 1225 2317 alii
1262 2258 1520 2316 converti
1549 2258 1788 2333 possint,
1834 2276 2007 2332 quam
2036 2257 2136 2333 qui
2164 2266 2295 2315 actu
2325 2268 2668 2318 convertun-

257 2348 386 2412 tur3
434 2340 565 2397 Non
595 2340 853 2415 sequitur
900 2339 1110 2397 frustra
1152 2347 1210 2396 et
1238 2338 1592 2414 hypocritice
1623 2338 1767 2395 alios
1796 2338 2028 2410 vocari3
2073 2338 2211 2412 quia
2239 2337 2337 2394 alii
2367 2347 2500 2397 sunt
2527 2339 2672 2398 fines

255 2419 422 2477 istius
453 2420 808 2493 Vocationis‚
834 2428 897 2477 ut
925 2428 1092 2476 antea
1123 2418 1356 2492 dictum,
1390 2416 1488 2493 qui
1521 2418 1710 2475 Deum
1734 2418 1806 2475 ab
1826 2417 1981 2474 omni
2011 2417 2373 2476 simulatione
2404 2428 2461 2476 et
2489 2420 2671 2495 hypo-

260 2499 391 2556 crisi
421 2499 686 2557 liberant.

343 2579 673 2637 XXXIII.
719 2578 1052 2637 Resistentia
1103 2576 1241 2635 Alia
1282 2585 1371 2636 est
1389 2577 1661 2653 partialis
1710 2585 1768 2635 et
1813 2577 2158 2652 incompleta,
2210 2595 2339 2653 quae
2381 2585 2573 2654 potest
2601 2577 2674 2635 ad

258 2668 484 2735 tempus
514 2659 833 2737 oppugnari
882 2668 939 2716 et
975 2658 1195 2732 obniti3
1268 2658 1407 2715 Alia
1447 2659 1631 2715 totalis
1675 2666 1733 2715 et
1773 2660 2060 2732 completa,
2092 2677 2219 2733 quse
2269 2678 2385 2715 non
2433 2667 2674 2733 tantum,

258 2748 449 2815 potest
477 2740 550 2797 ad
600 2749 826 2814 tempus
855 2739 1119 2797 resistere
1168 2739 1370 2815 gratiae
1399 2737 1734 2815 operationi,
1798 2737 1901 2795 sed
1943 2737 2101 2794 illam
2130 2757 2365 2814 prorsus
2396 2738 2671 2815 inpedire,

265 2829 323 2876 et
373 2820 590 2877 irritam
616 2820 873 2877 reddere.
961 2818 1092 2876 Non
1120 2837 1401 2895 negamus
1430 2819 1720 2876 hominem
1761 2817 2027 2875 resistere
2066 2837 2235 2894 posse
2270 2819 2394 2876 Deo
2418 2819 2668 2876 vocanti.

260 2898 392 2989 Iino
428 2899 672 2956 fatemur
711 2919 825 2955 non
870 2918 1037 2975 posse
1067 2918 1182 2956 non
1225 2898 1491 2955 resistere
1520 2896 1697 2974 priori
1725 2897 2069 2955 resistentia.
2158 2898 2275 2955 Sed
2322 2918 2438 2955 non
2483 2907 2672 2974 poste-

261 2996 414 3033 riori.

345 3056 663 3112 XXXIV.
709 3056 865 3128 Quos
917 3057 1073 3111 Deus
1122 3054 1407 3112 ordinarie
1451 3074 1554 3129 per
1598 3056 1786 3111 solum
1817 3055 2075 3111 Verbum
2128 3056 2435 3130 Evangelii
2483 3064 2670 3127 vocat,

261 3135 393 3192 illos
435 3154 503 3193 ea
545 3134 878 3192 efficacitate
922 3154 1039 3190 non
1068 3134 1197 3191 vult
1246 3141 1597 3206 convertere,
1631 3153 1747 3209 qua
1774 3133 1977 3208 posita,
2009 3152 2124 3189 non
2152 3135 2377 3209 possint
2404 3154 2521 3191 non
2551 3153 2672 3190 cre-

261 3215 395 3272 dere
426 3222 484 3273 et
513 3234 573 3271 se
603 3221 954 3270 convertere.
1044 3212 1158 3270 Sed
1186 3232 1303 3269 non
1331 3211 1530 3269 eadem
1561 3221 1650 3269 est
1678 3212 1823 3269 ratio
1866 3231 2079 3285 eorum,
2116 3232 2260 3287 quos
2290 3232 2392 3288 per
2414 3213 2674 3271 Verbum

263 3304 320 3352 et
354 3294 629 3369 Spiritum
660 3293 829 3350 simul
858 3301 1044 3365 vocat,
1076 3292 1232 3368 quod
1260 3291 1398 3348 facit
1425 3311 1564 3366 erga
1592 3310 1791 3349 omnes
1822 3290 2069 3364 Elect08,
2102 3293 2238 3367 quia
2271 3292 2518 3368 Spiritus
2547 3311 2673 3349 eam

263 3373 498 3432 adhibet
528 3374 938 3437 efficacitatem,
971 3391 1100 3448 quse
1120 3380 1351 3448 superat
1373 3390 1600 3428 omnem
1632 3371 1948 3429 voluntatis
1975 3371 2377 3429 resistentiam.
2427 3372 2675 3449 Spiritus

263 3463 454 3513 autern
497 3454 785 3511 concurrit
823 3474 952 3511 cum
987 3452 1197 3525 VerbO,
1246 3459 1304 3509 et
1334 3451 1591 3508 Verbum
1623 3471 1751 3509 cum
1807 3450 2039 3526 Spiritu,
2092 3471 2207 3508 non
2257 3452 2672 3524 collateraliter,

264 3545 326 3592 ut
355 3534 574 3611 aliquid
605 3544 740 3611 agat
785 3535 1060 3606 Verbum,
1108 3531 1263 3608 quod
1311 3531 1558 3607 Spiritus
1607 3551 1724 3589 non
1778 3540 1930 3606 agat,
1980 3531 2082 3589 sed
2136 3532 2509 3605 subordinate,
2558 3551 2674 3588 non

258 3614 491 3690 quidem
536 3614 1004 3671 subordinatione
1035 3611 1377 3682 successiva,
1411 3620 1476 3668 ut
1516 3611 1595 3667 ibi
1641 3611 1871 3668 demum
1913 3610 2151 3688 incipiat
2195 3613 2345 3670 actio
2400 3613 2665 3689 Spiritus,

265 3695 362 3751 ubi
396 3693 577 3751 Verbi
606 3695 860 3752 efficacia
888 3693 1116 3765 desinit,
1150 3690 1252 3750 sed
1294 3690 1761 3749 subordinatione
1801 3691 2158 3764 simultanea,
2189 3712 2318 3768 quse
2348 3702 2436 3750 est
2465 3693 2672 3749 instru-

264 3774 445 3830 menti
494 3773 568 3830 ad
598 3794 824 3831 causam
855 3773 1246 3848 principalem,
1282 3791 1410 3847 quse
1442 3771 1533 3828 hic
1573 3778 1662 3828 est
1696 3771 1943 3847 Spiritus
1990 3772 2254 3843 Sanctus,
2286 3773 2384 3847 qui
2414 3772 2674 3828 bifariam

265 3861 548 3927 operatur,
587 3862 706 3909 tum
735 3854 790 3909 in
825 3854 1034 3924 Verbo,
1067 3861 1188 3909 tum
1220 3851 1277 3907 in
1318 3850 1519 3923 Corde,
1565 3851 1635 3907 In
1666 3850 1862 3907 Verbo
1887 3849 2198 3922 suadendo,
2230 3851 2288 3906 in
2333 3850 2517 3907 Corde
2546 3869 2671 3924 per·

269 3929 582 4003 suadendo,
632 3931 701 3987 In
741 3932 938 3989 Verbo
987 3932 1257 4004 objectiw,
1313 3930 1383 3986 In
1440 3929 1626 3987 Corde
1675 3930 1985 4002 efficaciter.
2070 3928 2132 3985 Si
2180 3929 2438 3987 Verbum
2490 3928 2674 3985 solum

265 4018 643 4081 concurreret,
670 4010 797 4085 ejus
820 4011 909 4067 vis
927 4010 1159 4066 omnino
1188 4019 1340 4067 esset
1361 4009 1686 4067 resistibilis
1709 4031 1722 4082 3
1759 4009 1874 4066 Sed
1896 4008 2031 4084 quia
2054 4007 2330 4082 Verbum,
2352 4009 2409 4065 in
2436 4008 2671 4080 ElectiS,

268 4109 560 4166 nunquam
585 4089 918 4147 destituitur
951 4089 1183 4165 Spiritu,
1211 4088 1353 4145 Ideo
1382 4107 1673 4163 nunquam
1706 4098 1898 4144 manet
1926 4088 1985 4143 in
2016 4087 2155 4163 ipsis
2177 4088 2365 4164 gratia
2385 4087 2672 4144 inefficax.

349 4170 631 4227 XXXV.
681 4169 1128 4227 Irresistibilitas
1175 4167 1375 4244 gratiae
1424 4187 1541 4225 non
1590 4175 1781 4243 potest
1825 4167 2095 4224 inducere
2143 4166 2527 4238 securitatem,
2580 4166 2676 4222 vel

267 4249 698 4327 negligentiam,
742 4258 800 4308 et
850 4256 1238 4323 contemptum
1267 4246 1627 4305 mediorum:
1670 4246 1807 4321 quia
1855 4246 2230 4304 irresistibilis
2279 4247 2387 4303 Dei
2418 4247 2569 4303 actio
2620 4256 2679 4303 et

269 4330 598 4387 immediata
628 4330 684 4386 in
739 4330 1005 4400 animam,
1039 4347 1151 4384 non
1194 4326 1470 4401 excludit,
1504 4326 1605 4384 sed
1652 4326 1921 4402 supponit
1964 4326 2151 4384 media
2178 4336 2434 4395 externa,
2467 4325 2679 4401 quibus

279 4409 439 4466 Deus
467 4410 647 4467 utitur
674 4411 747 4468 ad
775 4411 884 4467 boc
915 4428 1058 4485 opus
1087 4406 1496 4484 peragendum.
