3221 5200
535 346 612 403 64
1434 360 1617 401 Locus
1646 358 2004 401 monemus,
2549 339 2799 423 [Quaesr.
2831 363 2939 404 χιι.

530 511 708 561 tatem
738 500 1156 577 dissimulandi,
1186 521 1356 579 posse
1386 502 1749 579 respondere,
1795 520 1856 559 se
1891 521 2007 558 non
2047 519 2175 559 esse
2210 498 2596 578 Sacerdotem,
2627 502 2944 564 dummodo

530 574 821 659 intelligat
849 601 911 640 se
940 602 1056 640 non
1084 602 1210 641 esse
1243 581 1612 641 Sacerdotem
1645 581 1858 657 Baalis,
1891 588 1993 639 aut
2019 599 2133 638 non
2164 600 2292 640 esse
2324 580 2711 661 Sacerdotem,
2741 592 2809 643 ut
2829 585 2943 643 hoc

534 662 705 722 alteri
733 662 906 720 dicat.

615 742 736 800 111.
782 741 1036 816 Quaestio
1065 761 1133 800 eo
1162 741 1327 815 redit,
1363 741 1575 800 Utrum
1602 740 1999 817 AEquz'vocatio
2037 747 2096 798 et
2142 739 2510 817 amphibolia,
2556 761 2673 800 non
2720 743 2942 802 Rheto-

530 822 665 897 rica,
697 821 794 879 vel
840 822 1075 899 Logica,
1128 842 1203 880 ex
1248 820 1597 880 indifferenti
1646 820 1955 879 verborum
2005 819 2444 897 significatione,
2490 829 2592 880 aut
2637 823 2942 882 sententiaa

533 901 972 977 constructione,
1004 909 1106 960 aut
1133 900 1690 960 circumstantiarum
1721 900 2046 975 collatione,
2093 900 2196 958 sed
2236 902 2461 975 Ethica,
2506 901 2582 959 ad
2622 901 2942 961 fallendum

530 982 863 1058 composita,
895 1001 1024 1058 quae
1052 989 1241 1039 mente
1270 988 1527 1039 reservat
1561 979 1963 1038 limitationem
1991 979 2152 1038 nullo
2193 979 2546 1056 intelligibili
2587 981 2759 1041 modo
2803 1003 2942 1059 pro-.

530 1062 795 1138 positam,
826 1082 933 1120 nec
960 1060 1231 1137 utrinque
1261 1060 1617 1137 suppositam
1646 1067 1704 1117 et
1743 1059 2222 1134 subintellectam,
2254 1060 2357 1117 sed
2384 1060 2458 1118 ab
2487 1080 2556 1118 eo
2584 1069 2809 1120 tantum
2837 1063 2944 1139 qui

530 1141 787 1216 loquitur
814 1141 969 1199 intus
998 1149 1366 1215 reservatam,
1397 1140 1588 1199 locum
1615 1139 1828 1197 habere
1849 1139 2048 1215 possit,
2073 1139 2170 1197 vel
2197 1139 2257 1196 in
2285 1138 2540 1216 Judieio,
2569 1141 2667 1199 'vel
2695 1142 2756 1198 in
2785 1142 2942 1200 Con-

530 1219 796 1278 fessionis
824 1239 978 1294 casu,
1010 1220 1105 1278 vel
1140 1220 1200 1277 in
1230 1219 1519 1278 communi
1558 1218 1855 1276 hominum
1898 1218 2202 1295 colloquio,
2247 1225 2307 1276 et
2346 1228 2586 1278 excuset
2627 1241 2662 1278 a
2701 1222 2942 1280 menda-

531 1299 639 1373 cic,
671 1305 730 1357 et
758 1298 807 1356 si
846 1299 1175 1376 juramento
1212 1299 1594 1375 confirmatur,
1640 1318 1677 1357 a
1715 1296 1967 1376 perjurio
1988 1300 2017 1357 Ρ
2057 1297 2368 1357 Affirmant
2409 1298 2768 1376 Adversarii,
2814 1302 2944 1360 Nos

533 1398 605 1436 ne
651 1398 832 1436 amus.

608 1399 723 1515 {W
768 1457 1320 1533 AEquivocationum
1350 1456 1623 1534 Magistri
1642 1457 1764 1533 jam
1793 1455 2024 1516 fuerunt
2065 1456 2203 1515 olim
2230 1465 2457 1516 veteres
2501 1458 2816 1535 Haeretici3
2861 1459 2942 1520 ob

529 1556 628 1594 eas
656 1535 898 1594 infames
927 1535 1159 1595 fuerunt
1186 1537 1548 1611 Basilidiani,
1580 1537 1681 1613 qui
1709 1536 2028 1595 docuerunt
2056 1536 2227 1595 fldem
2270 1556 2398 1596 esse
2439 1537 2938 1616 dissimulandam,

529 1624 630 1675 aut
656 1616 908 1693 perjurio
936 1616 1278 1692 negandam,
1321 1625 1386 1676 ut
1435 1617 1712 1692 martyria
1755 1615 2163 1691 devitarentur,
2213 1615 2367 1675 Iren.
2416 1616 2518 1675 lib.
2569 1618 2606 1675 i.
2660 1638 2784 1695 cap.
2836 1623 2936 1694 23,

531 1695 745 1755 Euseb.
775 1695 876 1754 lib.
907 1695 985 1753 iv.
1015 1696 1150 1755 hist.
1181 1717 1305 1773 cap.
1337 1700 1393 1756 7.
1477 1695 1643 1754 Idem
1672 1704 1803 1772 post
1831 1714 1930 1753 eos
1959 1696 2140 1754 secuti
2180 1705 2315 1755 sunt
2355 1697 2815 1774 Przlsct'llianzletae,
2862 1698 2940 1757 de

529 1776 741 1852 quibus
770 1775 930 1852 Aug.
960 1775 1033 1833 de
1080 1776 1284 1835 haeres.
1315 1796 1440 1853 cap.
1472 1778 1565 1851 70,
1598 1776 1696 1851 ait,
1740 1783 1974 1851 propter
2005 1775 2379 1834 occultandas
2420 1777 2940 1837 contaminationes

529 1865 589 1913 et
616 1855 1002 1931 turpitudines
1031 1875 1182 1931 suas,
1213 1856 1424 1914 habere
1448 1855 1579 1913 illos
1607 1855 1670 1912 in
1698 1854 1817 1913 suis
1845 1852 2214 1932 dogmatibus
2241 1856 2354 1914 ista
2373 1857 2568 1928 verba,
2597 1858 2773 1933 Jura,
2793 1878 2937 1934 per·

513 1937 679 2010 jura,
709 1944 980 1993 secretum
996 1939 1250 2011 prodere
1277 1936 1397 1994 noli
1408 1958 1428 1994 .·
1472 1936 1627 1993 Nota
1653 1935 1825 1992 etiam
1864 1942 1956 1993 est
1997 1932 2132 1991 Arii
2172 1936 2366 2009 κυβιίιι,
2414 1956 2529 2013 qua
2571 1936 2939 1996 Constantini

531 2014 603 2073 de
632 2014 748 2073 fide
778 2015 828 2071 N
837 2015 1015 2073 icaena
1043 2015 1216 2073 elusit
1243 2034 1503 2089 examen,
1535 2014 1691 2090 apud
1727 2013 1969 2091 Niceph.
1999 2013 2134 2073 hist.
2164 2015 2265 2073 lib.
2293 2015 2417 2074 viii.
2448 2036 2571 2092 cap.
2604 2019 2700 2075 51.
2750 2017 2932 2093 Supe-

529 2094 666 2152 riori
696 2095 890 2153 seculo
918 2094 1071 2152 idem
1100 2094 1313 2171 dogma
1340 2094 1503 2152 velut
1530 2093 1603 2151 ab
1633 2113 1767 2151 orco
1795 2102 2141 2152 revocarunt
2167 2095 2414 2153 Jesuitae
2442 2095 2629 2153 omnis
2676 2095 2938 2173 perfidiae

529 2173 818 2250 Magistri.
904 2173 1182 2248 Quamvis
1212 2194 1350 2232 vero
1396 2171 1541 2231 illud
1569 2192 1687 2230 non
1724 2172 1974 2231 libenter
2018 2173 2121 2231 sed
2164 2194 2311 2251 pene
2356 2174 2527 2233 inviti
2571 2175 2633 2232 in
2677 2175 2934 2234 medium

526 2253 834 2329 proferant,
866 2261 925 2311 et
952 2253 1103 2312 inter
1144 2253 1448 2313 Societatis
1491 2273 1609 2311 suae
1650 2272 1859 2310 arcana
1899 2252 2165 2327 habeant,
2211 2262 2403 2312 tamen
2445 2255 2506 2311 in
2548 2255 2777 2332 scriptis
2818 2274 2938 2313 non

527 2331 910 2407 dissimulant,
942 2342 1000 2391 et
1027 2333 1196 2392 factis
1224 2333 1378 2410 ipsis*
1404 2333 1544 2392 satis
1584 2333 1976 2409 comprobant.
2062 2332 2282 2409 Aperte
2322 2333 2472 2391 hanc
2513 2342 2695 2392 artem
2737 2333 2935 2393 desen-

526 2409 672 2469 dunt
703 2414 923 2470 Toletus
953 2412 1181 2470 Cardin.
1211 2413 1311 2471 lib.
1344 2413 1421 2471 iv.
1454 2413 1629 2471 Instr.
1665 2411 1932 2471 Sacerdo.
1964 2432 2014 2469 c.
2055 2416 2149 2486 21,
2181 2413 2397 2471 Suarez
2424 2421 2562 2472 tom.
2592 2413 2664 2472 de
2694 2413 2848 2473 Virt.
2877 2423 2939 2474 et

528 2490 698 2550 Statu
730 2492 919 2568 Relig.
950 2499 1021 2550 tr.
1052 2495 1107 2566 4,
1137 2492 1239 2550 lib.
1279 2493 1360 2549 iii.
1405 2512 1529 2568 cap.
1579 2494 1671 2566 10,
1721 2494 1814 2550 11.
1918 2492 2141 2549 Lessius
2183 2491 2254 2550 de
2296 2493 2476 2551 Justi.
2520 2500 2580 2551 et
2619 2494 2767 2553 Jure
2806 2514 2933 2571 cap.

524 2570 691 2629 xlvii.
722 2570 859 2631 dub.
893 2574 947 2645 6,
979 2591 1025 2630 s.
1056 2574 1150 2643 35,
1181 2574 1526 2629 Emmanuel
1549 2571 1633 2629 Sa
1663 2571 1722 2628 in
1752 2570 1974 2648 Aphor.
2005 2571 2065 2629 in
2087 2592 2231 2631 voce
2257 2574 2656 2632 Juramentum
2684 2582 2743 2633 et
2781 2594 2933 2633 men-

524 2651 763 2722 dacium,
795 2651 1058 2724 Sanchez,
1088 2650 1190 2707 lib.
1221 2650 1301 2708 iii.
1334 2651 1570 2708 Decalo,
1601 2669 1726 2726 cap.
1758 2653 1814 2724 6,
1856 2652 2130 2727 Valentia,
2176 2652 2251 2710 ad
2289 2657 2345 2711 2.
2377 2657 2432 2728 2,
2464 2673 2520 2730 q.
2555 2656 2687 2728 110,
2732 2661 2791 2712 et
2832 2654 2936 2712 alii

523 2728 735 2804 plures,
766 2729 1020 2803 Azoritae,
1053 2730 1438 2803 Maldonatus,
1485 2729 1814 2802 Par-sonim,
1859 2731 2495 2792 Eudaemon-Johannoe
2538 2733 2598 2790 in
2640 2732 2938 2811 Apologia

524 2826 628 2883 pro
659 2806 932 2880 GarnetO,
965 2807 1064 2883 qui
1092 2827 1167 2866 ex
1195 2808 1454 2885 professo
1482 2816 1541 2866 et
1569 2827 1807 2900 operose
1836 2808 1985 2867 hanc
2013 2830 2244 2869 causam
2274 2813 2413 2889 agit.
2499 2812 2722 2886 Quibus
2751 2813 2936 2871 omni-

525 2885 636 2944 bus
665 2885 802 2944 addi
831 2885 1004 2944 debet
1037 2886 1321 2946 Garnetus
1351 2888 1490 2964 ipse,
1522 2907 1623 2964 qui
1651 2907 1727 2946 ex
1767 2886 1935 2965 praxi
1977 2896 2037 2947 et
2077 2891 2346 2967 apologia
2387 2912 2580 2950 coram
2620 2891 2938 2953 Judicibus

522 2965 673 3024 hanc
701 2974 882 3024 artem
920 2966 1204 3043 probavit,
1236 2975 1301 3026 ut
1328 2967 1527 3025 videre
1556 2975 1646 3026 est
1689 2967 1749 3024 in
1787 2967 1932 3027 actis
1981 2978 2182 3027 contra
2212 2970 2543 3030 Proditores
2573 2972 2937 3049 Anglicanos

522 3066 627 3123 per
655 3045 1047 3105 Cambdenum
1078 3047 1266 3124 editis,
1291 3057 1351 3107 et
1378 3047 1439 3105 in
1468 3047 1763 3124 Apologia
1791 3047 1973 3125 Regis
2000 3049 2045 3107 J
2048 3050 2212 3107 acobi
2241 3070 2346 3127 pro
2376 3052 2704 3128 juramento
2746 3051 2932 3111 fideli-

524 3126 663 3185 tatis
687 3148 701 3202 ;
749 3127 827 3186 Et
853 3127 914 3185 hi
943 3147 1143 3186 omnes
1171 3147 1247 3187 ex
1289 3127 1490 3187 ordine
1517 3129 1562 3187 J
1565 3128 1912 3205 esuitarum;
1960 3128 2104 3188 Cum
2139 3128 2350 3206 quibus
2379 3131 2597 3190 faciunt
2623 3133 2936 3190 Navarrus

527 3206 854 3282 canonista,
887 3228 1011 3285 cap.
1046 3212 1138 3283 12,
1172 3209 1480 3268 Manualis.
1505 3211 1738 3266 Bannea
1766 3208 1827 3265 in
1855 3212 1910 3266 2.
1942 3211 1997 3283 2,
2028 3229 2084 3286 q.
2117 3212 2211 3284 62,
2243 3218 2349 3268 art.
2381 3215 2435 3284 2,
2468 3211 2605 3270 dub.
2635 3213 2691 3285 8,
2729 3211 2938 3271 Glossa

524 3287 690 3344 Juris
722 3288 997 3346 Canonici
1041 3288 1116 3346 ad
1164 3308 1288 3364 cap.
1318 3292 1413 3347 Ne
1460 3289 1583 3365 quis
1628 3293 1705 3346 22
1735 3309 1831 3365 qu.
1893 3289 2206 3347 Vincentius
2253 3288 2545 3349 Candidus
2592 3291 2652 3348 in
2703 3290 2932 3368 Disqui.

528 3366 756 3422 Morali.
788 3367 935 3443 disp.
967 3370 1062 3441 26,
1094 3376 1183 3424 art
1211 3371 1266 3441 3,
1298 3368 1435 3426 dub.
1472 3370 1521 3441 l,
1553 3375 1612 3425 et
1640 3368 1738 3424 alii
1766 3368 1978 3444 plures.

606 3443 682 3500 V.
728 3443 1006 3516 Quamvis
1034 3464 1172 3501 vero
1203 3445 1468 3504 Becanus
1497 3446 1706 3504 clamet
1734 3445 1856 3504 fieri
1905 3446 2175 3523 injuriam
2205 3446 2315 3506 sibi
2356 3449 2659 3527 sociisque,
2691 3450 2793 3526 qui
2829 3450 2933 3508 do·

527 3530 695 3578 ceant
724 3521 961 3595 sincere,
993 3522 1253 3596 candide,
1286 3532 1345 3582 et
1389 3525 1616 3582 seclusa
1643 3525 1801 3582 omni
1842 3526 2296 3601 aequivocatione
2337 3529 2690 3606 loquendum
2720 3549 2847 3588 esse
2876 3538 2937 3589 et

528 3598 1023 3675 respondendum3
1071 3601 1268 3660 Facile
1296 3611 1490 3661 tamen
1519 3603 1718 3680 colligi
1744 3611 1936 3680 potest
1963 3625 2092 3663 eum
2122 3626 2280 3665 more
2310 3627 2414 3666 suo
2457 3609 2843 3686 tergiversari,
2876 3617 2937 3668 et

528 3677 980 3753 aequivocatione
1006 3679 1223 3739 ludere.
1309 3682 1457 3756 Quia
1485 3683 1688 3741 statuit
1714 3703 1877 3742 reum
1914 3704 2031 3742 non
2059 3686 2242 3744 teneri
2270 3686 2345 3744 ad
2373 3688 2756 3748 confitendam
2783 3688 2935 3747 veri-

528 3764 724 3830 tatem,
757 3756 806 3815 si
833 3757 876 3815 J
880 3757 1035 3816 udcx
1071 3780 1186 3818 non
1233 3769 1426 3820 servat
1463 3762 1524 3820 in
1566 3762 1976 3841 interrogando
2015 3764 2339 3842 legitimum
2378 3768 2526 3844 juris
2566 3788 2934 3845 processum;

532 3837 812 3895 Censetur
837 3845 1030 3896 autem
1058 3840 1101 3898 J
1105 3839 1259 3898 udex
1287 3861 1405 3900 non
1451 3861 1682 3901 servare
1711 3843 1970 3902 ordinem
2014 3844 2058 3903 J
2061 3845 2197 3920 uris,
2228 3846 2459 3923 quando
2497 3847 2815 3924 interrogat
2861 3847 2936 3906 de

530 3917 758 3975 occulto
786 3916 1040 3992 crimine,
1073 3918 1144 3977 de
1173 3939 1288 3995 quo
1317 3941 1502 3999 neque
1530 3920 1684 3980 fama
1711 3932 1799 3982 est
1827 3933 2026 3983 contra
2052 3945 2230 4000 reum,
2255 3945 2441 4002 neque
2459 3927 2678 4004 judicis
2706 3947 2933 4004 compe-

531 3996 729 4072 tentia,
760 4016 947 4073 neque
968 3998 1141 4074 plena
1167 4000 1445 4077 probati0,
1477 4011 1536 4060 et
1577 4003 1638 4059 in
1666 4002 1770 4061 tali
1798 4023 1935 4062 casu
1963 4004 2209 4062 nonvult
2248 4025 2410 4063 reum
2450 4006 2698 4081 mentiri,
2745 4007 2796 4065 si
2835 4026 2935 4065 ne-

531 4085 631 4154 get
660 4096 694 4133 a
725 4096 787 4135 se
817 4083 1106 4153 patratum
1134 4079 1366 4155 crimen,
1412 4082 1461 4139 si
1502 4081 1775 4141 videlicet
1822 4083 2039 4141 crimen
2084 4084 2159 4142 sit
2198 4083 2388 4144 adhuc
2416 4086 2721 4162 occultum,
2767 4086 2935 4164 quasi

533 4157 577 4216 J
580 4155 699 4214 uris
727 4156 867 4215 ordo
896 4157 1145 4233 pendeat
1172 4178 1247 4217 ex
1276 4161 1654 4221 aestimatione
1682 4161 1864 4238 ipsius
1891 4161 1993 4220 rei.

612 4235 726 4296 VI.
772 4237 1096 4296 Fatendum
1123 4246 1317 4298 tamen
1344 4259 1461 4298 non
1487 4260 1703 4317 paucos
1732 4241 1988 4300 animose
2047 4248 2106 4301 et
2146 4251 2341 4321 aperte
2382 4243 2622 4321 impium
2650 4245 2760 4304 hoc
2789 4244 2936 4322 dog·

531 4335 627 4373 ma
666 4316 905 4393 rejicere
947 4325 1006 4376 et
1046 4337 1395 4395 oppugnare,
1441 4320 1642 4397 quales
1681 4328 1815 4379 sunt
1844 4322 2161 4397 Maldenoe,
2192 4330 2358 4382 tract.
2399 4323 2472 4383 de
2509 4323 2934 4383 restrictionum

531 4395 866 4454 mentalium
896 4397 1097 4472 abusu,
1130 4418 1252 4475 cap.
1282 4398 1381 4471 iv.,
1411 4400 1743 4474 Sepulveda,
1775 4399 1836 4456 in
1863 4401 2141 4476 opusculo
2175 4401 2248 4460 de
2276 4403 2498 4462 ratione
2520 4403 2798 4463 reddendi
2821 4413 2935 4462 tes-

532 4472 775 4547 timonii,
821 4477 1036 4535 Paulus
1062 4479 1284 4553 Sylvius
1310 4477 1644 4555 Theologus
1688 4479 2013 4555 Duacenus,
2065 4488 2124 4539 et
2160 4483 2432 4560 pracipue
2458 4485 2594 4542 Joh.
2624 4484 2938 4542 Bar-nesius

533 4551 961 4630 Benedictinus‚
993 4557 1094 4632 qui
1120 4556 1467 4633 peculiarem
1495 4565 1803 4617 tractatum
1831 4559 2013 4619 edidit
2034 4569 2233 4619 contra
2255 4563 2776 4640 AEquivocationes
2803 4583 2936 4622 cum

531 4630 941 4708 approbatione
974 4635 1291 4696 Facultatis
1319 4637 1688 4716 Theologicae
1717 4638 2076 4706 Parisiensis‚
2106 4642 2208 4719 qui
2235 4642 2554 4702 doctrinam
2597 4663 2759 4703 suam
2802 4663 2934 4721 pro-
