3221 5200
322 389 550 434 eumer.
582 375 678 456 ιι]
1181 400 1258 441 ns
1290 398 1855 440 sANcrisicuxoss.
2619 373 2738 434 615

322 528 502 587 tionis
526 532 843 606 sophistice
860 538 1154 613 proponit,
1173 537 1274 597 lib.
1298 539 1376 595 iv.
1400 539 1474 594 de
1495 536 1537 594 J
1544 539 1818 596 ustificat,
1858 555 1983 610 cop.
2010 534 2103 606 10,
2144 551 2334 609 quum
2361 531 2505 589 dicit
2530 531 2737 606 quaeri,

324 613 361 696 ζ*
390 606 612 665 Utrum
641 612 911 671 homines
950 617 1278 690 Justificati,
1310 624 1370 673 et
1396 617 1593 690 gratia
1623 616 1733 673 Dei
1763 616 2107 688 adjuvante,
2135 611 2362 687 possint
2389 611 2473 667 ita
2514 610 2737 683 Legem

322 686 586 759 implere,
620 695 688 744 ut
715 708 893 764 opera
919 694 1183 767 ipsorum
1224 713 1346 752 non
1388 695 1569 751 modo
1614 713 1733 750 non
1780 694 1903 751 sint
1947 691 2306 766 appellanda
2348 695 2602 762 peccata,
2632 688 2735 744 sed

323 762 506 819 etiam
533 782 669 822 vere
696 774 756 823 et
782 772 1019 844 proprie
1058 773 1211 845 justi
1252 772 1367 829 dici
1396 773 1793 829 mereantur.”
1879 770 1960 828 Et
2005 767 2406 826 calumniatur
2454 765 2733 836 Nostros,

324 840 496 912 quasi
522 842 817 916 docerent,
851 854 885 881 ‘⁴
910 849 1132 923 Legem
1160 850 1425 906 divinam
1454 867 1577 907 esse
1619 851 1796 924 plane
1836 845 2258 923 impossibilem
2297 843 2525 900 homini
2554 843 2735 900 etiam

312 915 541 991 justo‚”
571 927 631 977 et
656 921 794 980 inde
824 932 859 958 ‘⁴
879 928 1174 1001 colligere,
1206 929 1432 983 nullam
1458 945 1581 984 esse
1602 928 1666 983 in
1687 928 1859 984 nobis
1879 943 2078 982 veram
2100 923 2394 980 actualem
2412 920 2733 994 justitiam,

324 996 427 1051 sed
457 999 660 1055 omnia
687 1018 865 1074 opera
882 1003 1187 1076 justorum
1214 1023 1338 1061 esse
1378 1013 1620 1077 peccata
1645 1005 1923 1061 mortalia
1949 1022 2020 1060 ex
2049 1008 2265 1059 natura
2291 1001 2454 1058 sua.''
2541 998 2733 1055 Aliud

320 1073 480 1130 enim
508 1084 597 1132 est
623 1077 801 1152 longe
830 1081 1024 1138 dicere
1053 1083 1275 1155 Legem
1302 1099 1424 1138 esse
1452 1081 1681 1138 homini
1704 1083 1879 1155 plane
1899 1079 2339 1154 impossibilem,
2362 1078 2523 1151 quod
2546 1076 2735 1132 omni-

321 1153 564 1209 modam
594 1153 1123 1228 impossibilitatem
1153 1167 1358 1229 notat;
1404 1160 1593 1217 Aliud
1626 1161 1863 1216 fidelem
1891 1177 2013 1214 non
2055 1175 2225 1231 posse
2266 1157 2438 1230 plene
2486 1154 2734 1228 implere

324 1226 566 1301 Legem,
596 1234 757 1304 quod
789 1237 1039 1293 relatam
1080 1245 1315 1294 tantum
1344 1245 1404 1293 et
1448 1227 1775 1294 secundum
1805 1236 1950 1311 quid
2000 1235 2212 1290 innuit.
2295 1232 2357 1289 N
2363 1252 2441 1289 on
2485 1232 2736 1289 dicimus

326 1304 550 1378 Legem
592 1310 869 1369 fidelibus
916 1332 1038 1372 esse
1086 1316 1356 1372 absolute
1400 1315 1842 1388 impossibilem,
1873 1315 1976 1370 sed
2021 1319 2258 1369 tantum
2306 1312 2506 1385 quoad
2557 1310 2736 1384 Legis

322 1394 564 1456 anglena».
649 1389 844 1447 Aliud
871 1394 1105 1450 nullam
1132 1411 1255 1450 esse
1284 1393 1346 1448 in
1374 1393 1546 1449 nobis
1573 1393 1869 1450 actualem
1904 1389 2220 1464 justitiam,
2250 1396 2311 1445 et
2352 1391 2513 1446 bona
2556 1407 2737 1463 opera

321 1472 525 1522 nostra
551 1484 625 1524 ex
654 1475 869 1526 natura
895 1489 1005 1527 sua
1032 1490 1155 1529 esse
1196 1479 1440 1545 peccata
1485 1470 1781 1538 mortalia,
1829 1469 1992 1544 quod
2035 1467 2205 1524 nobis
2252 1466 2404 1525 falso
2445 1467 2740 1540 affigunt;

250 1603 255 1608 ,
325 1541 519 1600 Aliud
546 1553 634 1602 est
651 1545 951 1618 justitiam
979 1549 1151 1607 istam
1179 1567 1299 1606 non
1328 1567 1453 1606 esse
1480 1549 1817 1623 perfectam,
1841 1555 1901 1604 et
1927 1548 2085 1603 bona
2113 1563 2309 1619 opera,
2332 1544 2470 1601 licet
2495 1552 2739 1618 peccata

321 1620 440 1677 sint
466 1641 571 1696 per
598 1624 868 1682 accidens
897 1627 973 1682 ob
1000 1628 1284 1701 reliquias
1311 1627 1503 1684 carnis
1547 1627 1719 1683 nobis
1767 1626 2139 1694 inhaerentes),
2168 1641 2292 1680 esse
2340 1629 2541 1679 tamen
2583 1621 2646 1678 in
2674 1639 2736 1679 se

324 1716 460 1754 vere
488 1701 685 1770 bona;
738 1702 918 1769 Quod
947 1707 1281 1764 statuimus.

404 1775 520 1833 IX.
568 1778 791 1836 Concil.
824 1780 1086 1839 Trident.
1118 1783 1268 1840 Sess,
1304 1784 1395 1854 16,
1424 1783 1566 1840 Can.
1600 1782 1692 1850 18,
1722 1783 1979 1838 latebras
2008 1777 2221 1853 quaerit
2248 1777 2308 1833 in
2340 1776 2532 1832 verbis
2558 1794 2736 1849 gene-

322 1851 565 1922 ralibus,
597 1873 784 1927 quum
813 1858 913 1927 ait,
946 1866 981 1892 “
1006 1860 1070 1916 Si
1098 1860 1232 1932 quis
1253 1860 1471 1916 dixerit
1499 1859 1614 1916 Dei
1654 1866 1946 1932 praeoepta
1972 1855 2200 1913 homini
2233 1854 2578 1927 justificato,
2622 1855 2735 1911 sub

319 1929 513 2003 gratia
540 1934 881 2002 constituto,
911 1952 1034 1991 esse
1062 1938 1138 1992 ad
1169 1937 1605 1994 observandum
1633 1935 2037 2010 impossibilia,
2072 1934 2416 1989 Anathema
2436 1932 2568 1988 sit.’'
2653 1931 2736 1989 Et

321 2025 395 2063 ne
414 2008 547 2081 quis
569 2009 887 2082 perfectam
910 2013 1185 2070 omnibus
1213 2014 1476 2070 numeris
1507 2015 1979 2071 observationem
2008 2010 2337 2082 intelligat3
2371 2010 2513 2068 Can.
2544 2007 2730 2084 xxiii„

322 2092 357 2117 ‘⁸
383 2086 773 2143 Anathema''
805 2088 949 2146 dicit
983 2097 1018 2123 ‘⁴
1036 2091 1125 2160 iis,
1156 2091 1260 2163 qui
1277 2093 1491 2148 docent
1518 2091 1820 2148 hominem
1849 2091 2032 2146 semel
2052 2088 2445 2162 justificatum
2474 2105 2642 2159 posse
2668 2088 2732 2144 in

321 2170 450 2219 tota
482 2164 601 2221 vita
628 2165 829 2222 omnia
865 2176 1105 2240 peccata
1131 2169 1311 2225 etiam
1341 2169 1598 2227 venialia
1626 2169 1832 2238 vitare,
1863 2167 1974 2224 nisi
2003 2185 2078 2223 ex
2117 2164 2353 2238 speciali
2397 2164 2511 2222 Dei
2553 2165 2733 2239 privi-

321 2240 542 2313 legio.''
629 2240 750 2298 Ubi
799 2261 1116 2317 agnoscere
1166 2247 1408 2320 quidem
1437 2247 1676 2303 videtur
1721 2245 2142 2320 perfectionem
2171 2243 2577 2300 omnimodam
2606 2260 2731 2300 non

320 2335 491 2391 posse
520 2319 702 2376 tribui
728 2321 891 2377 fideli
920 2323 1029 2379 nisi
1058 2341 1132 2380 ex
1161 2325 1396 2398 speciali
1425 2324 1756 2398 privilegio,
1787 2323 1950 2398 quod
1979 2339 2099 2376 non
2130 2320 2458 2377 diffitentur
2501 2320 2733 2394 Staple-

320 2402 517 2466 tonus,
550 2397 914 2470 Andradius,
944 2401 1265 2474 TapperuS,
1289 2411 1349 2460 et
1389 2403 1509 2459 alii.
1594 2403 1713 2460 Sed
1743 2402 1905 2476 quod
1936 2417 2059 2455 una
2098 2416 2280 2454 manu
2310 2398 2593 2455 videntur
2634 2398 2732 2455 isti

319 2474 460 2530 dare
479 2475 538 2530 vi
560 2476 822 2534 veritatis
844 2480 1045 2553 pressi,
1069 2481 1256 2538 altera
1276 2481 1474 2538 statim
1503 2479 1802 2550 auferunt,
1832 2496 2021 2553 quum
2051 2475 2368 2534 absolutam
2387 2476 2732 2550 possibilita-

320 2561 431 2608 tem
460 2551 638 2627 Legis
666 2572 787 2612 nou
817 2556 1098 2614 desinunt
1125 2577 1352 2633 urgere,
1382 2566 1443 2615 et
1470 2558 1649 2615 variis
1691 2555 2057 2634 argumentis
2098 2572 2341 2631 operose
2389 2554 2559 2612 illam
2598 2574 2733 2630 pro-

319 2630 460 2687 bare
489 2640 800 2705 conantur,
831 2643 899 2692 ut
927 2634 1230 2706 Bellarm.,
1262 2656 1309 2694 c.
1355 2656 1412 2694 x.
1443 2636 1520 2694 xi.
1551 2644 1610 2692 et
1639 2656 1756 2711 seq.
1841 2637 1962 2693 Nec
2005 2633 2179 2691 aliter
2214 2634 2428 2690 sentire
2478 2642 2538 2690 et
2563 2633 2734 2709 loqui

318 2719 569 2783 possunt
599 2712 781 2785 juxta
808 2731 977 2770 suam
1006 2715 1381 2788 hypothesim
1422 2716 1497 2771 de
1538 2714 1961 2787 justificatione
1989 2718 2049 2768 et
2089 2711 2298 2769 merito
2330 2712 2614 2786 Operum,
2658 2714 2733 2768 de

323 2788 618 2862 Operibus
648 2790 1217 2865 supererogationis,
1246 2801 1306 2850 et
1336 2793 1610 2851 Consiliis
1654 2789 2048 2867 EvangeliciS,
2077 2808 2213 2865 quae
2241 2790 2567 2847 necessario
2596 2808 2735 2864 sup·-

318 2874 554 2937 ponunt
579 2868 897 2940 perfectam
926 2877 987 2926 et
1013 2872 1417 2929 omnimodam
1442 2869 1618 2945 Legis
1647 2870 2137 2928 observationem.
2222 2867 2546 2935 Quomodo
2574 2868 2734 2924 enim

318 2942 467 2998 alias
496 2945 675 3000 homo
704 2954 900 3018 posset
943 2965 1016 3003 ex
1054 2950 1331 3021 operibus
1369 2950 1703 3022 justificari,
1732 2949 1825 3006 vel
1855 2949 1991 3022 plus
2037 2945 2229 3004 facere
2254 2953 2315 3003 et
2361 2964 2542 3020 supra
2567 2945 2732 3019 quod

320 3018 449 3076 Lex
494 3023 805 3094 postulat?
884 3023 1100 3097 Itaque
1148 3023 1467 3082 dicendum
1515 3046 1616 3083 eos
1651 3028 1746 3082 vel
1776 3035 2024 3081 dean-w
2072 3024 2257 3096 loqui,
2298 3040 2486 3096 quum
2528 3023 2617 3078 ita
2643 3022 2733 3078 lo-

318 3104 607 3170 quuntur,
631 3099 726 3153 vel
748 3099 951 3156 fucum
978 3102 1150 3157 nobis
1171 3102 1380 3170 facere,
1403 3110 1462 3158 et
1482 3110 1740 3159 mentem
1765 3121 1938 3159 suam
1958 3121 2078 3159 non
2101 3102 2272 3174 plene
2291 3099 2462 3155 uobis
2485 3098 2730 3171 aperire.

318 3174 450 3231 Nos
478 3193 619 3230 vero
654 3174 1169 3250 Imperfectionem
1199 3180 1675 3236 sanctificationis
1702 3187 1935 3250 nostrae,
1958 3188 2019 3237 et
2041 3177 2218 3250 Legis
2238 3176 2600 3250 impletionis
2622 3176 2731 3232 im-

317 3253 764 3327 possibilitatem
793 3255 1113 3329 probamus
1139 3277 1152 3313 z

890 3333 968 3390 X.
1002 3333 1293 3405 Prim0‚A
1308 3336 1527 3410 peccati
1543 3335 1815 3410 reliquiis.
1861 3335 2020 3402 Quia
2032 3335 2136 3391 ubi
2153 3333 2384 3390 habitat
2399 3338 2727 3407 peccatum,

318 3408 630 3479 Impgrseetiq
643 3409 790 3455 Sanc·
828 3411 913 3466 ibi
954 3428 1075 3467 non
1116 3419 1309 3485 potest
1348 3431 1472 3469 esse
1498 3414 1759 3488 perfecta
1805 3413 2205 3481 sanctificatio,
2248 3428 2357 3467 nec
2402 3411 2580 3484 Le'gis
2619 3410 2730 3466 im-

376 3469 787 3581 ἷξὲζζξζίἶζῗίωξῑ
827 3489 1028 3563 pleti0.
1113 3491 1202 3546 At
1229 3490 1290 3545 in
1317 3491 1613 3562 fidelibus,
1643 3492 1984 3566 quicunque
2011 3492 2253 3549 tandem
2293 3489 2386 3545 illi
2413 3489 2550 3558 sint,
2580 3505 2730 3545 sem-

377 3585 675 3640 impletionis
827 3585 934 3640 per
961 3568 1190 3624 habitat
1214 3576 1541 3642 peccatum,
1588 3571 1620 3627 1
1649 3569 1691 3627 J
1698 3571 1794 3627 oh.
1818 3569 1856 3626 i.
1885 3570 1941 3639 8,
1972 3577 2008 3604 ‘⁴
2034 3569 2096 3628 Si
2116 3567 2444 3627 dixerimus
2466 3584 2577 3624 nos
2598 3584 2730 3640 pec-

373 3643 528 3746 {1052
534 3646 791 3759 Pssgffitufffs
831 3653 1033 3751 catum
1069 3664 1188 3702 non
1231 3647 1466 3719 habere,
1514 3649 1852 3716 mentimur,
1901 3655 1962 3705 et
1987 3648 2203 3705 veritas
2244 3663 2365 3701 non
2406 3652 2495 3702 est
2533 3645 2593 3700 in
2624 3663 2730 3778 nol-

406 3731 417 3741 .
873 3725 886 3738 .
945 3746 958 3758 .
976 3726 989 3749 ,
1622 3733 1658 3760 u
1961 3727 1973 3739 .
2167 3726 2179 3738 .
2577 3744 2588 3755 ,
2614 3724 2626 3747 ,

374 3761 577 3815 peceati.
830 3726 980 3876 ιίὶῗέ.
1008 3723 1146 3859 νὶὶιῌι
1168 3724 1346 3872 {gob
1368 3744 1430 3861 31¹
1435 3727 1642 3861 on2’eSt
1669 3726 2320 3877 ἆὲωιὲῗιξιεῗυέαὲιᾙεᾙ
2347 3740 2591 3866 ἵζῗιτὲῗῐιε,’
2624 3799 2730 3871 qui

316 3893 436 3931 non
465 3886 664 3950 peccet
681 3900 696 3948 ;
712 3881 746 3907 '⁹
778 3879 952 3937 Prov‘.
976 3899 1074 3936 xx.
1100 3881 1153 3950 9,
1186 3888 1222 3914 ‘⁴
1248 3880 1397 3947 Quis
1429 3890 1626 3956 potest
1651 3882 1858 3952 dicere,
1891 3882 2185 3936 mundum
2213 3887 2301 3934 est
2326 3895 2426 3933 cor
2447 3894 2646 3932 meum
2669 3878 2728 3933 ÷”

320 3953 529 4009 Dicere
556 3956 652 4012 hic
680 3975 817 4013 cum
846 3958 1127 4014 Bellarm.
1153 3958 1253 4013 lib.
1273 3959 1371 4028 iv„
1401 3960 1475 4016 de
1503 3959 1544 4015 J
1549 3959 1711 4016 ustis.
1734 3977 1859 4031 cap.
1883 3957 1975 4026 14,
1998 3956 2303 4013 “Peccata
2323 3954 2436 4011 ista
2455 3971 2579 4012 esse
2598 3962 2728 4009 tan-

315 4037 448 4088 tum
476 4032 749 4102 venialia,
795 4042 1008 4107 proeter
1055 4035 1296 4107 Legem,
1326 4038 1428 4091 sed
1471 4055 1594 4093 non
1636 4044 1843 4093 contra
1871 4034 2151 4107 Legem,'’
2180 4041 2268 4090 est
2310 4049 2641 4107 supponere
2677 4041 2730 4085 τὸ

317 4112 749 4185 ιριυὸμιυον,ψιοᾶ
789 4130 897 4167 suo
927 4113 1058 4168 loco
1103 4112 1509 4182 refutavimus,
1552 4131 1739 4187 quum
1788 4112 2154 4168 ostendimus
2201 4128 2374 4169 omne
2421 4120 2729 4183 peccatum

316 4207 441 4247 esse
484 4190 750 4258 mortale,
801 4197 979 4263 atque
1024 4192 1172 4247 adeo
1215 4198 1421 4247 eontra
1464 4192 1706 4265 Legem,
1748 4197 1818 4246 ut
1843 4207 2044 4246 veram
2083 4199 2280 4257 ὰημίω,
2320 4190 2557 4244 nullum
2587 4206 2727 4243 vero

316 4267 549 4325 veniale
577 4268 739 4341 quod
768 4267 845 4323 sit
886 4275 1123 4324 tautum
1169 4276 1383 4340 praeter
1409 4286 1560 4325 eam.
1644 4267 1705 4325 N
1711 4286 1776 4325 ec
1822 4268 2034 4324 melius
2061 4268 2332 4335 elabitur,
2362 4267 2465 4341 qui
2513 4265 2732 4322 dixerit

315 4365 453 4403 cum
497 4348 723 4415 eodem,
773 4346 875 4401 lib.
907 4346 984 4403 iv.
1016 4365 1139 4419 cap.
1174 4346 1264 4414 12,
1294 4346 1555 4403 divers&
1595 4364 1721 4403 esse
1764 4346 2136 4421 quaestioneS,
2169 4346 2393 4404 Utrum
2437 4351 2731 4418 praecepta

316 4424 537 4479 servari
564 4425 810 4499 possint,
845 4423 924 4481 Et
955 4423 1177 4481 Utrum
1206 4425 1388 4497 possit
1414 4426 1593 4481 homo
1622 4425 1820 4482 vivere
1849 4426 1972 4481 sine
2001 4426 2285 4498 peccato?
2341 4422 2445 4478 Ad
2472 4421 2729 4495 priorem

320 4500 734 4574 Augustinum
763 4520 991 4575 semper
1025 4502 1392 4577 respondisse
1433 4503 1801 4573 affirmandO,
1835 4504 1936 4560 Ad
1966 4503 2215 4560 alteram
2241 4518 2382 4558 vero
2431 4501 2727 4573 negando·

316 4577 475 4645 Quia
498 4597 804 4653 perperam
825 4580 1280 4654 distinguuntur
1296 4581 1431 4636 duae
1454 4581 1829 4654 quaestiones,
1849 4601 1982 4655 quae
2007 4582 2213 4638 eodem
2235 4580 2535 4647 recidunt;
2567 4577 2728 4635 Nam

316 4676 490 4715 nemo
520 4666 711 4732 potest
749 4667 1047 4733 praecepta
1091 4676 1341 4727 servare,
1371 4658 1485 4715 nisi
1515 4658 1770 4716 vivendo
1812 4660 1939 4717 sine
1975 4666 2234 4734 peccate,
2264 4677 2371 4715 nee
2412 4657 2731 4733 quisquam
