3221 5200
493 327 611 381 424
1308 341 1489 381 Locus
1518 340 1777 381 nscmus
1806 340 2094 389 omarus.
2523 317 2771 398 [Quffisr.
2805 337 2918 376 xv.

1428 560 1815 633 QUAEsT1o
1846 561 1990 619 xv.

1271 738 1348 776 m:
1392 736 1855 778 Isrssncnssmnn
1899 736 2156 777 culus'rl.

931 879 1126 944 Quare
1155 887 1208 936 et
1239 880 1532 945 Quomodo
1565 879 1820 937 Christus
1840 899 1955 954 pro
1983 880 2136 937 nobis
2158 879 2480 937 intercedat.

578 1038 628 1096 I.
674 1035 879 1095 Altera
908 1038 1050 1095 Pars
1082 1037 1410 1096 Sacerdotii
1429 1037 1644 1096 Christi
1671 1039 1934 1097 consistit
1961 1039 2020 1096 in
2048 1039 2462 1097 Intercessione.
2515 1037 2604 1094 De
2646 1054 2761 1111 qua
2808 1033 2930 1092 tria

498 1117 684 1174 notari
712 1126 980 1193 possunt:
1015 1120 1065 1174 1.
1112 1118 1457 1191 NecessitaS,
1490 1122 1545 1176 2.
1593 1117 1821 1193 UnitaS,
1854 1121 1909 1177 3.
1956 1118 2169 1177 Modus
2197 1127 2256 1177 et
2285 1119 2521 1176 Natura.
2567 1116 2643 1174 Et
2670 1113 2742 1172 de
2780 1114 2915 1171 Uni·

495 1205 608 1254 tate
634 1196 866 1272 quidem
890 1197 1012 1273 jam
1042 1196 1258 1255 dictum
1277 1217 1465 1273 supra,
1496 1217 1675 1274 quum
1711 1207 1903 1256 actum
1922 1198 2030 1257 fuit
2051 1199 2124 1257 de
2155 1199 2392 1258 Unitate
2421 1193 2777 1268 Mediatoris,
2810 1193 2928 1266 Qu.

497 1276 576 1333 iv.
630 1276 798 1333 Nunc
827 1275 898 1333 de
926 1277 1281 1349 Necessitate,
1296 1287 1355 1335 et
1374 1279 1610 1335 Natura
1624 1297 1726 1336 seu
1736 1279 1914 1337 Modo
1937 1278 2375 1337 Intercessionis
2385 1276 2583 1354 paucis
2604 1273 2919 1352 agendum.

497 1410 545 1455 N
687 1413 696 1424 ‚
822 1411 844 1454 I
1102 1356 1185 1413 II.
1229 1357 1625 1415 Necessitatem
1688 1358 2125 1417 Intercessionis
2173 1358 2333 1415 varia
2360 1356 2638 1433 probant:
2689 1357 2741 1412 1.
2800 1353 2928 1410 Dei

550 1418 794 1513 ῖξζζῖῗζξε
815 1417 979 1514 οἷξξζζ
1019 1435 1299 1509 institutio,
1332 1436 1430 1511 qui
1460 1437 1604 1494 duas
1620 1445 1813 1513 partes
1839 1438 2026 1497 voluit
2043 1457 2168 1496 esse
2189 1438 2247 1494 in
2270 1436 2618 1509 SacerdotiO,
2640 1434 2919 1509 Satisfac-

563 1529 602 1571 ti
639 1529 909 1629 probatus:
933 1527 974 1571 1.
1019 1516 1235 1589 tionem,
1257 1523 1315 1573 et
1341 1517 1814 1592 Inter-cessionem,
1839 1517 2320 1594 quemadmodum
2350 1516 2457 1575 sub
2487 1517 2622 1574 Vet.
2661 1515 2817 1572 Test.
2855 1514 2917 1573 S.

559 1586 629 1687 {⁴³0
684 1601 728 1630 ⁰¹
780 1592 977 1630 ¹¹¹⁸t¹‘⁰·
1024 1594 1305 1654 Sacerdos
1334 1594 1449 1653 duo
1477 1595 1680 1655 debuit
1704 1613 1994 1672 praestare,
2025 1618 2101 1655 ex
2128 1596 2331 1670 offici0,
2355 1597 2540 1673 primo
2562 1594 2764 1654 offerre
2792 1594 2920 1652 vic-

585 1659 596 1687 ¹
633 1658 707 1688 ’ω’
1023 1675 1221 1733 timam
1251 1675 1312 1732 in
1342 1675 1535 1734 Altari
1573 1677 2056 1753 holocaustorum,
2110 1675 2361 1735 secundo
2410 1676 2660 1735 victimae
2704 1673 2919 1733 oblatae

502 1755 841 1831 sanguinem
870 1753 1089 1812 deferre
1121 1754 1181 1811 in
1214 1754 1557 1831 Sacrarium,
1589 1756 1664 1814 ad
1693 1756 2039 1816 adolendum
2068 1757 2360 1815 incensum
2393 1776 2564 1833 super
2584 1753 2776 1813 Altari
2798 1754 2921 1812 suf·

500 1834 725 1893 fituum.
772 1833 865 1892 Ita
895 1834 1158 1893 Christus
1186 1844 1420 1911 peracto
1454 1835 1747 1894 Sacrificio
1776 1836 1835 1894 in
1865 1837 2046 1905 terris,
2081 1856 2251 1912 super
2299 1838 2558 1910 Crucem,
2610 1834 2809 1893 debuit
2858 1834 2921 1891 in

502 1915 666 1972 coelis
695 1912 1066 1972 intercedere.
1114 1914 1286 1973 Unde
1318 1916 1552 1990 Paulus,
1586 1915 1739 1974 Heb.
1769 1917 1891 1974 viii.
1915 1920 1970 1990 4,
2004 1925 2260 1989 testatur,
2293 1915 2449 1992 quod
2478 1915 2526 1973 si
2556 1915 2787 1972 interra
2815 1912 2921 1971 ad-

502 1994 616 2053 huc
647 2001 987 2066 versaretur,
1020 2014 1092 2052 ne
1126 1993 1409 2053 Sacerdos
1436 1995 1668 2071 quidem
1701 2005 1870 2069 esset,
1902 1996 2170 2071 quianon
2199 1995 2398 2053 debuit
2418 1995 2727 2073 λειτουργίαι
2752 2012 2919 2051 exer-

504 2093 632 2132 cere
661 2074 721 2130 in
754 2072 1016 2131 Sacrario
1046 2083 1272 2132 terreno
1301 2082 1360 2132 et
1387 2074 1731 2148 manufactO,
1764 2075 1866 2133 sed
1894 2075 2132 2133 coelesti.

1109 2153 1228 2212 III.
1274 2158 1329 2212 2.
1373 2155 1584 2212 Salutis
1613 2164 1817 2213 nostrae
1844 2155 2030 2212 ratio:
2085 2154 2233 2227 Quia
2280 2173 2395 2212 non
2440 2153 2758 2212 sufficiebat
2809 2151 2921 2211 im-

1030 2243 1287 2309 petrasse
1316 2233 1560 2292 salutem
1591 2235 1784 2309 semel,
1817 2233 1928 2292 nisi
1956 2242 2232 2310 perpetuo
2260 2241 2697 2291 conservaretur
2732 2240 2790 2290 et
2816 2251 2919 2308 ap-

1025 2313 1352 2389 plicaretur.
1439 2313 1701 2373 Christus
1723 2314 1883 2390 prius
1902 2314 2171 2389 praestitit
2196 2333 2298 2390 per
2324 2313 2800 2385 Satisfactionem,
2816 2311 2922 2369 sed

504 2396 794 2473 posterius
823 2393 1025 2453 debuit
1052 2393 1264 2467 exequi
1283 2412 1384 2469 per
1408 2393 1909 2451 Intercessionem.
1996 2393 2107 2450 Illa
2135 2393 2466 2469 impetravit
2488 2392 2749 2451 salutem.
2795 2390 2921 2448 Ista

506 2475 786 2552 perpetim
817 2495 940 2532 eam
973 2480 1299 2530 conservat.
1386 2472 1500 2530 Illa
1522 2472 1774 2531 obtinuit
1796 2472 1896 2549 jus
1925 2472 1999 2529 ad
2030 2472 2230 2530 vitam.
2277 2472 2401 2529 Ista
2428 2472 2501 2530 de
2544 2473 2697 2529 facto
2724 2484 2832 2528 nos
2859 2470 2922 2527 in

505 2557 630 2632 ejus
660 2554 1122 2613 communionem
1152 2551 1347 2611 mittit.
1396 2551 1509 2610 Illa
1536 2571 1642 2610 nos
1670 2551 2064 2611 reconciliavit
2109 2552 2254 2610 De0.
2299 2551 2423 2610 Ista
2469 2570 2576 2610 nos
2623 2551 2684 2609 in
2732 2550 2923 2627 gratia

510 2635 700 2692 Patris
731 2633 911 2692 semel
939 2632 1303 2702 constitutOS‚
1333 2631 1604 2689 contiuuo
1633 2632 1857 2690 retinet.

1118 2710 1225 2768 IV.
1258 2713 1313 2768 3.
1357 2710 1718 2784 Indiqnitatis
1745 2720 1950 2769 nostrae
2023 2713 2393 2770 consideratio
2414 2736 2434 2770 :
2502 2711 2651 2784 Quia
2697 2730 2828 2769 cum
2878 2709 2924 2767 ii

506 2780 549 2824 3.
580 2779 655 2824 Ex
689 2777 993 2834 Indignitate
1039 2808 1153 2846 non
1186 2789 1382 2863 simus,
1414 2788 1514 2865 qui
1542 2789 1618 2846 ad
1649 2790 1855 2865 Deum,
1886 2790 1987 2866 qui
2014 2791 2172 2868 ignis
2216 2800 2305 2850 est
2349 2810 2710 2864 consumens,
2756 2809 2921 2848 acce·

653 2841 837 2880 nostra.
1038 2868 1174 2926 dere
1204 2888 1304 2944 per
1349 2887 1456 2927 nos
1501 2869 1826 2945 possimus3
1890 2870 2140 2929 Necesse
2190 2879 2279 2930 est
2325 2871 2705 2929 Mediatorem
2752 2869 2926 2928 nobis

509 2968 858 3021 succurrere,
891 2947 1056 3024 cujus
1085 2948 1413 3007 interventu
1441 2948 1634 3007 aditus
1662 2949 1830 3007 nobis
1858 2957 2050 3026 pateat
2099 2950 2174 3009 ad
2204 2952 2410 3024 Deum,
2461 2958 2525 3008 ut
2553 2970 2680 3008 cum
2712 2948 2930 3007 fiducia

508 3028 583 3086 ad
611 3029 880 3087 thronum
910 3029 1111 3104 gratiae
1140 3027 1450 3105 confugere
1478 3029 1784 3105 possimus
1831 3029 1909 3087 Et
1937 3029 2073 3105 quia
2088 3031 2348 3107 quotidie
2373 3031 2558 3089 Deum
2579 3028 2928 3088 offendimus

512 3109 822 3166 Advocato
852 3128 1106 3184 egemus,
1140 3108 1240 3183 qui
1267 3109 1525 3186 quotidie
1553 3130 1658 3186 pro
1688 3110 1856 3168 nobis
1884 3110 2217 3169 intercedat.

1123 3188 1198 3245 V.
1260 3192 1316 3247 4.
1387 3189 1624 3248 Diaboli
1676 3190 1955 3249 accusatio
1975 3214 2000 3262 ;
2087 3190 2171 3249 Ut
2242 3191 2396 3248 enim
2467 3209 2574 3247 nos
2649 3188 2929 3247 continuo

1041 3267 1195 3343 apud
1227 3269 1413 3326 Deum
1443 3269 1781 3328 criminatur
1808 3278 1866 3328 et
1894 3277 2127 3328 accusat
2150 3292 2164 3344 3
2209 3289 2354 3346 opus
2382 3269 2550 3327 nobis
2578 3268 2687 3328 fuit
2716 3268 2926 3327 Advo-

1036 3356 1164 3404 cato
1193 3346 1603 3421 efficacissimO,
1636 3350 1736 3424 qui
1765 3369 1996 3407 causam
2027 3358 2281 3408 nostram
2310 3358 2508 3426 ageret
2537 3368 2728 3407 coram
2773 3348 2922 3422 De0,

513 3432 714 3482 contra
742 3423 1107 3498 injustissimi
1140 3424 1483 3496 Adversarii
1512 3427 1958 3503 criminationes,
1987 3437 2140 3487 utos
2167 3429 2254 3487 illi
2272 3429 2612 3503 obstrueret,
2635 3428 2810 3486 Zach.
2840 3428 2925 3486 iii.

511 3507 567 3577 2,
616 3503 693 3560 Et
721 3502 961 3559 crimina
988 3503 1153 3560 nobis
1182 3504 1463 3563 intentata
1491 3505 1754 3582 dilueret,
1789 3508 1956 3566 Rom.
1987 3508 2116 3566 viii.
2140 3512 2235 3567 33.

644 3648 654 3659 ι
752 3648 761 3658 ,
1122 3582 1234 3640 VI.
1280 3583 1444 3641 Circa
1470 3586 1766 3643 Naturam
1794 3587 2223 3646 intercessionis
2257 3596 2449 3647 errant
2491 3587 2793 3660 Sociniani,
2818 3585 2925 3662 qui

558 3647 969 3749 Qu1dcsztkziznter-
1041 3661 1389 3738 pertendunt
1415 3662 1660 3740 figurate
1690 3684 1816 3723 esse
1844 3666 2298 3744 intelligendam,
2331 3676 2390 3725 et
2409 3666 2484 3725 ad
2508 3667 2776 3744 Regnum
2792 3685 2926 3742 pro·

724 3721 747 3748 ι
853 3738 863 3749 ’
1041 3741 1161 3817 prIe
1190 3742 1493 3818 pertinere,
1537 3752 1602 3802 ut
1657 3744 1802 3802 nihil
1855 3744 2014 3804 aliud
2068 3767 2171 3823 per
2225 3768 2351 3806 eam
2406 3747 2694 3821 innuatur,
2751 3765 2928 3822 quarn

514 3818 549 3850 “
575 3817 884 3893 Christum,
918 3818 1199 3879 divinitus
1228 3821 1339 3880 sibi
1369 3842 1644 3882 concessa
1671 3825 1945 3901 potentia,
1978 3827 2171 3884 omnia
2214 3848 2343 3904 quae
2385 3827 2461 3884 ad
2483 3826 2685 3885 salutis
2713 3833 2927 3883 nostrae

514 3898 795 3957 rationem
837 3900 1144 3976 pertinent.
1176 3921 1401 3987 summo
1431 3904 1625 3962 studio
1653 3904 1984 3982 perficere,''
2036 3915 2102 3965 ut
2148 3907 2404 3983 loquitur
2451 3906 2686 3964 Volkel.
2737 3904 2837 3963 lib.
2870 3907 2928 3964 3.

515 3999 640 4056 cap.
672 3981 766 4052 38,
800 3979 871 4037 de
901 3980 1167 4054 ingressu
1197 3982 1410 4042 Christi
1440 3984 1499 4041 in
1521 3984 1999 4061 Tabernaculum,
2030 3995 2090 4045 et
2105 3988 2215 4045 hoc
2238 3986 2678 4046 Intercessionis
2698 3984 2932 4044 nomine

515 4058 722 4116 volunt
743 4058 1051 4135 designari,
1084 4070 1147 4120 ut
1176 4073 1449 4139 appareat
1479 4063 1770 4122 Christum
1793 4067 1974 4124 nostri
2002 4066 2378 4142 gubernandi,
2415 4075 2473 4125 et
2501 4066 2704 4124 salutis
2720 4073 2936 4123 nostrae

515 4138 888 4214 procurandae
917 4148 1279 4216 potestatem,
1314 4163 1674 4220 nequaquam
1705 4163 1740 4201 a
1769 4145 1975 4221 seipso,
2009 4146 2112 4204 sed
2139 4167 2173 4204 a
2204 4147 2372 4205 Patre
2415 4145 2646 4204 habere.
2734 4144 2830 4203 Sic
2858 4144 2932 4202 il-

516 4218 555 4274 li
590 4225 773 4275 totum
809 4218 1210 4279 Sacerdotium
1233 4222 1451 4281 Christi
1481 4243 1750 4282 eversum
1779 4233 1934 4297 eunt,
1967 4245 2100 4283 eum
2129 4245 2334 4301 purum
2381 4226 2604 4302 Regem
2634 4224 2934 4284 facientes·

520 4297 635 4355 Sed
668 4297 991 4355 Orthodoxi
1022 4299 1490 4360 intercessionem
1520 4303 1751 4378 proprie
1780 4303 2219 4380 intelligendam
2241 4323 2366 4362 esse
2385 4313 2640 4380 censent,
2657 4314 2937 4381 tanquam

516 4384 737 4454 partem
769 4376 953 4436 Officii
988 4378 1389 4455 Sacerdotalis,
1421 4381 1751 4441 distinctam
1782 4403 1817 4440 a
1846 4383 2088 4441 Munere
2119 4384 2323 4459 Regio,

519 4494 753 4538 Christus
792 4497 999 4541 intereo-
1124 4458 1271 4516 VII.
1319 4460 1595 4520 Rationes
1625 4471 1787 4520 sunt:
1823 4464 1874 4519 1.
1920 4462 2068 4535 Quia
2095 4463 2308 4539 passim
2333 4462 2594 4523 Christus
2615 4463 2936 4523 introduci·

578 4554 652 4595 dit
693 4567 790 4608 quo
834 4555 1001 4599 Sacer-
1045 4546 1137 4596 tur
1157 4537 1405 4615 fungens
1453 4541 1890 4600 Intercessionis
1929 4541 2132 4614 officio,
2183 4562 2298 4600 non
2327 4550 2393 4601 ut
2422 4543 2570 4617 Rex,
2602 4543 2705 4601 sed
2733 4552 2798 4601 ut
2830 4544 2940 4602 Sa—

578 4610 679 4654 dos.
1046 4617 1263 4693 cerdOS,
1317 4638 1392 4676 ex
1451 4620 1602 4678 Iicb.
1635 4622 1714 4679 ix.
1747 4625 1841 4696 24,
1875 4625 1970 4697 25,
2012 4621 2334 4681 “Christus
2376 4642 2491 4680 non
2521 4623 2817 4699 ingressus
2845 4636 2943 4685 est

570 2218 614 2264 2.
644 2219 721 2263 Ex
753 2220 928 2263 salutis

647 2279 848 2322 ratione.

508 3256 552 3299 4.
582 3256 657 3300 Ex
690 3255 879 3299 Diaboli
923 3269 997 3300 ac-

625 3316 894 3358 cusatione.
