3221 5200
594 350 710 406 590
1419 355 1605 396 Locus
1639 351 1904 394 agemus
1934 351 2174 393 ssxrusn
2647 338 3016 413 LQUAEsr.
3058 351 3083 381 ι
3105 351 3126 387 μ’

592 504 834 578 negotio
864 504 1093 560 clarum
1135 507 1223 557 est
1266 499 1527 557 Paulum
1569 513 1799 569 semper
1839 511 2136 568 opponere
2164 494 2348 550 fidem
2388 494 2732 566 operibus,
2789 502 3126 567 tanquas

593 592 860 650 aram-em,
902 595 961 637 et
1003 583 1126 636 duo
1168 579 1367 635 media
1420 582 1774 647 svssnzqgnpim,
1805 573 2020 646 quibus
2047 574 2229 629 homo
2258 572 2355 627 vel
2383 589 2492 645 per
2524 572 2814 644 Legem
2861 589 3127 658 propr]

593 660 931 719 obedientia
952 665 1012 716 et
1033 659 1092 714 in
1117 677 1193 726 se,
1219 659 1312 713 vel
1336 677 1441 730 per
1462 653 1860 726 Evangelium
1883 651 2220 708 obedientia
2241 651 2440 707 aliena
2450 651 2948 724 justificatur.
3006 651 3062 705 Β
3081 667 3127 701 et

593 740 905 796 discrimen
939 739 1246 810 utriusque
1287 732 1727 809 justificationis
1774 729 2037 786 consistit
2077 730 2141 785 in
2181 747 2253 786 eo
2295 730 2459 802 quod
2500 729 2569 784 in
2619 729 2766 784 illa
2821 728 3118 803 perfecta

595 817 1025 886 obedientia,in
1049 817 1160 870 ista
1170 831 1308 869 vero
1333 811 1677 885 imperfecta
1694 809 1870 866 aDeo
1889 815 2226 882 acceptetur
2247 824 2355 880 pro
2375 806 2691 879 perfecta,
2749 807 3119 881 Siquides

594 895 755 953 idem
783 897 998 952 modus
1016 890 1461 966 justificationis
1499 906 1728 961 semper
1756 892 1904 942 esset
1933 905 2036 959 per
2064 904 2258 960 opera.
2343 884 2460 940 Sed
2489 885 2559 940 in
2590 904 2684 941 eo
2723 889 2946 959 qudd
2985 906 3110 943 cua

596 976 912 1048 utrobique
952 970 1211 1046 perfecta
1241 968 1481 1040 justitia
1508 967 1866 1039 requiratur,
1895 964 1958 1019 in
2000 965 2108 1020 illa
2150 983 2224 1020 ex
2272 961 2452 1035 Legis
2495 970 2902 1036 ὲκςιβοὸαιὶῃ
2949 965 3110 1021 Περ.

594 1053 902 1128 propriam
931 1049 1153 1121 exigit3
1199 1046 1319 1102 Hic
1366 1065 1440 1101 ex
1470 1055 1682 1112 immina
1736 1042 2101 1115 Evangelica
2127 1041 2390 1098 admittit
2416 1042 2735 1113 alienam,
2777 1044 3102 1100 nimirum

598 1130 833 1188 Christi.
921 1126 1019 1182 Ita
1059 1144 1179 1180 non
1222 1131 1415 1198 potest
1441 1125 1585 1179 fides
1615 1122 1727 1178 dici
1748 1121 2071 1194 justificare
2098 1119 2332 1194 proprie
2361 1126 2420 1174 et
2447 1139 2557 1193 per
2585 1141 2685 1192 se,
2718 1125 2908 1200 quin
2949 1124 3098 1177 rela-

594 1211 806 1264 bamur
832 1206 907 1260 ad
938 1211 1108 1260 vetus
1137 1203 1374 1272 Foedus,
1403 1209 1461 1258 et
1490 1202 1565 1258 ad
1585 1199 2075 1275 justificationem
2101 1198 2355 1271 legalem
2383 1201 2757 1258 redeamus.

673 1284 750 1340 X.
794 1283 971 1340 Fides
1001 1281 1335 1339 Abrahami
1376 1280 1593 1337 dicitur
1633 1278 1725 1335 illi
1766 1279 2057 1352 imputata
2097 1279 2180 1332 ad
2207 1275 2522 1350 justitiam,
2558 1277 2744 1336 Gen,
2785 1300 2913 1338 xv,
2949 1281 3007 1338 6,
3041 1297 3087 1332 et

596 1362 772 1420 Rom.
803 1362 880 1417 iv.
912 1361 966 1417 3.
1050 1359 1194 1416 Non
1245 1360 1495 1432 proprie,
1546 1357 1691 1430 quia
1733 1356 1816 1413 sic
1854 1355 2214 1430 justificatus
2258 1352 2472 1411 suisset
2518 1358 2883 1428 operibus,
2922 1359 3080 1433 quod

593 1439 814 1496 ibidem
847 1439 1178 1512 Apostolus
1208 1444 1403 1508 negat.
1492 1437 1608 1493 Sed
1644 1437 1693 1492 1.
1727 1434 1986 1492 Relative
2013 1440 2075 1489 et
2101 1440 2425 1503 metonym.
2454 1439 2526 1488 ut
2551 1436 2726 1492 fides
2781 1449 3079 1494 sumatur

593 1535 702 1593 pro
731 1519 939 1591 objecto
968 1534 1094 1584 su0,
1119 1522 1187 1571 ut
1218 1514 1354 1571 Gal.
1384 1515 1467 1570 iii.
1500 1514 1593 1582 25,
1626 1513 1706 1569 id.
1739 1521 1844 1583 est,
1873 1513 2028 1568 illud
2049 1512 2212 1585 quod
2233 1511 2379 1567 fides
2399 1511 2682 1583 credidit,
2723 1516 3073 1589 promissio

596 1594 819 1653 scilicet
861 1595 969 1651 illa
1004 1595 1078 1650 de
1126 1593 1379 1662 Semine‚
1409 1610 1533 1649 non
1578 1599 1701 1647 tam
1746 1590 2057 1666 corporali,
2089 1608 2272 1664 quam
2310 1589 2629 1660 spirituali,
2662 1610 2763 1648 ex
2805 1593 2968 1650 Gal.
2999 1593 3064 1648 ia

601 1675 692 1744 16,
716 1692 895 1747 quam
917 1692 1024 1748 per
1044 1673 1224 1728 fidem
1251 1670 1487 1744 recepit,
1510 1669 1629 1726 fuit
1647 1669 2110 1726 fundamentum
2129 1667 2571 1741 justificationis
2603 1687 2776 1727 sune.
2889 1673 3065 1740 Quod

596 1753 981 1811 confirmatur
1009 1768 1082 1807 ex
1110 1768 1181 1806 eo
1209 1750 1371 1823 quod
1401 1748 1684 1823 imputari
1725 1748 1823 1805 hic
1862 1746 2080 1803 dicitur
2108 1747 2269 1820 quod
2313 1762 2431 1801 non
2462 1744 2762 1818 iuhaeret,
2800 1760 2874 1806 et
2908 1750 3064 1825 quod

595 1829 1193 1903 contradistinguitur
1241 1828 1534 1901 operibus.
1623 1825 1723 1883 Ita
1768 1828 1882 1882 hoc
1930 1843 2107 1881 sensu
2153 1825 2299 1879 fides
2346 1822 2565 1879 dicitur
2609 1825 2956 1900 imputari
2997 1829 3062 1884 ad

587 1910 905 1984 justitiam,
935 1925 1040 1982 per
1080 1907 1479 1980 hypallagem,
1523 1905 1668 1979 quia
1705 1903 1944 1977 justitia
1970 1902 2304 1976 imputatur
2330 1919 2435 1975 per
2476 1902 2684 1972 fidem,
2719 1915 2814 1962 ut
2865 1909 3064 1982 Apos-

599 1990 762 2045 tolus
790 1986 1244 2061 aequipollenter
1270 2002 1397 2039 rem
1424 1984 1705 2051 declarat,
1735 1999 1855 2038 ver.
1887 1980 1942 2051 5,
1973 1981 2027 2054 6,
2058 1988 2118 2038 et
2146 1980 2227 2037 iii.
2256 1980 2351 2036 22.
2435 1978 2567 2035 Nec
2609 1982 2744 2039 hoc
2797 1997 2901 2042 est
2948 1992 3064 2042 tor·

597 2084 779 2139 quere
814 2064 1196 2139 scripturam,
1221 2068 1281 2118 ct
1305 2059 1522 2134 frigide
1543 2061 1664 2117 vim
1688 2067 1748 2116 et
1764 2059 2083 2116 efficaciam
2109 2057 2247 2115 fidei
2268 2075 2579 2132 exponere,
2604 2068 2682 2117 ut
2711 2081 3058 2137 perperam

597 2143 914 2200 Forbesius
955 2143 1018 2197 in
1060 2139 1286 2198 consid.
1316 2139 1491 2213 pacif,
1515 2141 1589 2195 de
1609 2138 1808 2212 justis.
1840 2155 1887 2193 c.
1917 2139 2016 2206 ἱππ,
2047 2135 2284 2194 Nostris
2313 2135 2550 2208 objicit:
2593 2135 2745 2195 Imo
2775 2159 2917 2197 non
2945 2143 3060 2198 ela-

597 2221 722 2278 rius
749 2227 809 2276 et
836 2222 1033 2276 verius
1075 2225 1270 2292 potest
1295 2218 1514 2291 exponi
1543 2217 1841 2291 genuinus
1881 2233 2086 2274 sensus
2128 2214 2301 2271 istius
2342 2214 2798 2287 imputationis,
2902 2221 3056 2277 Cum

598 2300 757 2356 enim
785 2317 877 2354 res
906 2300 1027 2367 illa,
1058 2314 1192 2370 quae
1216 2296 1386 2353 nobis
1414 2296 1748 2370 imputatur
1774 2297 1850 2352 ad
1871 2293 2190 2369 justitiam,
2219 2293 2432 2350 debeat
2457 2310 2582 2349 csse
2607 2304 2849 2354 nostra
2869 2301 3055 2372 justi-

597 2378 682 2434 tia
709 2395 905 2433 coram
936 2377 1083 2445 Deo,
1112 2376 1193 2431 id.
1223 2375 1376 2430 illud
1404 2380 1645 2449 propter
1672 2375 1837 2447 quod
1867 2373 2031 2430 Deus
2058 2390 2167 2428 nos
2184 2371 2507 2445 justificat;
2550 2370 2613 2427 N
2617 2390 2689 2430 ec
2731 2377 2905 2434 fides
2951 2398 3056 2452 per

598 2474 659 2512 se
687 2456 841 2510 illud
870 2473 993 2512 esse
1033 2452 1234 2528 possit,
1279 2460 1348 2509 ut
1378 2452 1633 2526 jamjam
1678 2452 1926 2520 dictum,
1956 2458 2016 2506 et
2041 2456 2112 2507 ut
2153 2450 2279 2524 ipse
2305 2467 2427 2505 non
2476 2450 2796 2523 diffitetur,
2849 2475 3049 2530 quum

598 2551 733 2589 eam
781 2550 1021 2590 causam
1065 2531 1579 2587 instrumentalem
1618 2548 1743 2586 esse
1781 2529 2083 2605 agnoscit3
2130 2528 2350 2602 Liquet
2396 2546 2514 2583 non
2564 2547 2741 2603 posoe
2788 2536 3048 2610 proprie

598 2610 861 2684 phrasim
902 2613 1057 2667 hanc
1084 2610 1257 2678 sumi,
1301 2611 1402 2666 sed
1446 2615 1683 2665 tantum
1717 2617 2041 2682 metonym.
2082 2607 2312 2664 ratione
2361 2605 2593 2679 objecti.
2679 2608 2748 2664 N
2748 2628 2826 2668 ec
2875 2615 3045 2687 quic·

598 2706 781 2762 quam
810 2688 1089 2743 usitatius
1116 2693 1207 2741 est
1234 2686 1293 2741 in
1320 2686 1647 2759 Scriptura,
1679 2706 1862 2761 quam
1891 2694 1961 2742 ut
1985 2686 2241 2742 facultas
2268 2703 2375 2758 pro
2405 2684 2637 2757 objecto
2675 2705 2793 2743 suo
2829 2709 3040 2747 suma-

598 2772 718 2821 tur.
822 2764 1004 2828 Quod
1071 2781 1193 2817 non
1249 2765 1463 2831 obstat,
1507 2764 1848 2836 quominus,
1896 2765 1949 2821 2.
1999 2765 2175 2820 Fides
2227 2762 2409 2819 etiam
2453 2764 2689 2820 dicatur
2735 2766 3037 2841 imputari

597 2843 674 2898 ad
695 2838 995 2913 justitiam
1025 2841 1304 2913 oryanice,
1334 2839 1477 2912 quia
1497 2846 1585 2895 est
1606 2841 2292 2911 causainstrumentaliS,
2316 2858 2452 2915 quae
2471 2842 2772 2916 justitiam
2800 2847 3029 2903 Christi

600 2918 1008 2993 apprehendit,
1058 2936 1161 2993 per
1209 2924 1533 2989 metonym.
1577 2918 1771 2974 effecti
1817 2938 1926 2993 pro
1971 2920 2272 2988 efficiente,
2321 2926 2391 2975 ut
2437 2920 2580 2976 alibi
2627 2920 2853 2979 dicitur
2905 2927 3030 2982 vita

598 3006 838 3068 aeterna,
868 2995 910 3054 J
916 2999 1011 3055 oh.
1042 2996 1184 3053 xvii.
1215 2996 1269 3065 3,
1300 3002 1361 3052 et
1387 2995 1488 3052 xii.
1520 2996 1616 3066 50,
1645 2996 1726 3054 id.
1757 3015 1937 3054 causa
1963 2998 2102 3055 vitae
2132 2998 2353 3055 scilicet
2377 2997 2870 3058 instrumentalis.

680 3075 797 3133 XI.
844 3076 1091 3134 Frustra
1117 3095 1257 3133 vero
1290 3074 1600 3132 Arminius
1629 3093 1750 3131 non
1774 3076 1909 3132 vult
1928 3074 1970 3133 J
1976 3076 2240 3133 ustitiam
2266 3075 2484 3133 Christi
2506 3076 2566 3132 in
2589 3077 2892 3149 justitiam
2912 3082 3022 3139 im-

598 3156 815 3230 putari,
845 3174 1035 3229 quum
1063 3156 1140 3213 sit
1185 3154 1480 3229 ipsissima
1512 3154 1770 3228 justitia,
1800 3172 2139 3228 supponens
2165 3153 2387 3209 scilicet
2422 3154 2484 3210 id
2514 3157 2676 3229 quod
2724 3158 2897 3214 nobis
2937 3163 3017 3217 ad

594 3234 895 3308 justitiam
924 3234 1274 3309 imputatur,
1312 3233 1614 3307 justitiam
1659 3233 1895 3307 proprie
1940 3250 2061 3287 non
2089 3249 2229 3288 esse.
2318 3230 2480 3297 Quia
2523 3251 2823 3307 perperam
2871 3257 3016 3295 con-

598 3312 819 3382 fundit,
845 3314 948 3369 Ad
958 3313 1258 3385 justitiam
1274 3311 1557 3385 imputari
1581 3312 1644 3367 id
1666 3312 1829 3385 quod
1849 3309 2088 3385 justitia
2108 3328 2228 3365 non
2258 3317 2347 3366 est
2366 3327 2470 3383 per
2486 3313 3009 3385 acceptilationem‚

603 3388 686 3447 Et
711 3390 1006 3463 imputare
1033 3391 1214 3447 alicui
1242 3391 1319 3445 ad
1340 3389 1640 3461 justitiam
1666 3389 1727 3445 id
1757 3390 1921 3461 quod
1949 3406 2069 3443 non
2098 3389 2373 3444 habebat.
2420 3389 2657 3445 Primus
2687 3407 2882 3447 sensus
2909 3395 3006 3451 hic

599 3468 803 3522 locum
824 3486 945 3522 non
974 3469 1169 3535 habet,
1201 3469 1300 3522 sed
1330 3468 1621 3538 posterior
1647 3474 1899 3536 tantum,
1930 3467 2257 3522 secundum
2287 3484 2465 3540 quem
2507 3467 2723 3523 dicitur
2755 3469 3004 3543 imputa·
3081 3528 3095 3540 ,

602 3549 735 3597 tum
762 3543 824 3596 in
845 3543 1144 3613 justitiam
1178 3542 1546 3611 Abrahamo‚
1576 3545 1740 3616 quod
1770 3544 2103 3601 Abrahami
2131 3561 2251 3599 non
2281 3551 2428 3614 erat,
2459 3554 2529 3602 ut
2565 3546 2729 3603 nobis
2751 3547 2996 3621 imputa-

601 3626 704 3674 tur
734 3617 975 3690 justitia
1003 3618 1239 3686 Christi,
1282 3618 1362 3672 id.
1407 3626 1612 3675 nostra
1652 3629 1941 3691 censetur,
1985 3639 2118 3695 quae
2161 3629 2366 3679 nostra
2393 3641 2513 3679 non
2542 3631 2683 3680 erat.
2761 3624 2848 3680 Ita
2876 3645 2987 3684 non

602 3702 785 3769 negat
831 3694 1147 3769 imputatio
1196 3695 1507 3752 veritatem
1557 3697 1643 3752 rei
1691 3716 1796 3753 seu
1842 3699 2266 3772 perfectionem
2305 3700 2577 3773 justitiae,
2627 3704 2725 3758 sed
2769 3710 2986 3761 tantum

600 3775 911 3832 veritatem
938 3772 1342 3849 possessionis,
1371 3774 1760 3831 adscribendo
1789 3777 1986 3847 alicui,
2018 3778 2179 3851 quod
2202 3776 2366 3835 illius
2387 3798 2506 3835 non
2537 3787 2665 3836 erat
2689 3781 2980 3854 proprium.

687 3853 843 3911 XII.
892 3853 1073 3920 Quod
1101 3853 1319 3910 dicitur
1346 3855 1423 3910 de
1450 3852 1658 3928 aliquo
1687 3853 1749 3909 in
1778 3853 2106 3928 Scriptura,
2148 3855 2238 3911 illi
2269 3858 2514 3913 omnino
2543 3858 2727 3915 inesse
2752 3867 2977 3932 oportet,

604 3934 707 3990 sed
736 3936 1063 3990 secundum
1104 3933 1280 3988 illum
1327 3933 1595 4000 modum,
1625 3949 1804 4006 quem
1847 3933 2098 4007 ipsamet
2134 3934 2321 3992 docet.
2405 3935 2631 3992 Modus
2668 3946 2844 3993 autem
2867 3956 2977 4011 quo

601 4011 739 4067 fidei
759 4012 1109 4084 justificatio
1137 4018 1198 4067 et
1224 4012 1383 4068 salus
1405 4010 1707 4079 tribuitur,
1738 4029 1858 4067 non
1889 4011 2160 4069 consistit
2186 4012 2248 4067 in
2276 4013 2517 4087 propria
2542 4015 2672 4087 ejus
2691 4015 2975 4085 efficientia,

606 4090 778 4163 quasi
807 4107 939 4146 eam
966 4092 1110 4146 fides
1139 4096 1345 4147 nostra
1372 4098 1648 4163 operetur
1674 4096 1782 4145 aut
1818 4090 2064 4157 efficiat;
2107 4090 2210 4146 sed
2244 4091 2306 4146 in
2335 4092 2600 4149 fiduciali
2627 4100 2836 4149 tantum
2860 4093 2974 4164 ejus

605 4167 1071 4241 apprehensione
1100 4174 1159 4223 et
1200 4168 1596 4241 applicatione
1639 4167 1789 4224 situs
1816 4175 1920 4224 est.
2002 4167 2065 4224 N
2070 4187 2135 4224 ec
2175 4168 2349 4226 aliter
2391 4169 2646 4226 dicimur
2688 4188 2780 4245 per
2817 4171 2968 4227 fidem

605 4246 837 4319 placere
866 4244 1015 4313 Dec,
1046 4245 1202 4301 Heb.
1233 4245 1314 4301 xi.
1347 4247 1400 4315 6,
1431 4254 1491 4303 et
1516 4246 1762 4320 purgari
1791 4264 1827 4303 a
1852 4246 2123 4319 peccatis,
2157 4247 2294 4304 Act.
2324 4266 2423 4303 xv.
2455 4247 2508 4317 9,
2540 4267 2715 4321 quam
2741 4249 2863 4321 quia
2877 4266 2969 4323 ap-

605 4323 788 4396 plicat
815 4323 985 4379 nobis
997 4322 1298 4396 justitiam
1326 4331 1386 4380 et
1412 4324 1766 4398 sanguinem
1797 4323 2036 4395 Christi,
2067 4324 2172 4397 qui
2199 4333 2421 4400 purgat
2447 4343 2557 4383 nos
2584 4345 2622 4382 a
2646 4327 2878 4400 peccatis,
2914 4336 2966 4383 et

603 4407 807 4474 gratos
836 4418 945 4457 nos
972 4400 1169 4457 reddit
1197 4400 1344 4457 DeO.

685 4476 882 4534 XIII.
929 4479 1120 4535 Aliud
1150 4484 1238 4535 est
1264 4478 1547 4536 beneficia
1568 4479 1822 4537 conferri
1845 4481 2171 4537 secundum
2198 4482 2395 4549 fidem,
2418 4481 2497 4538 id.
2522 4499 2661 4537 cum
2678 4482 2962 4539 conditione

603 4556 762 4625 fidei,
792 4556 903 4611 sub
932 4574 1054 4629 qua
1079 4557 1368 4631 promissa
1396 4563 1538 4613 sunt
1564 4556 1626 4612 in
1660 4557 1881 4628 Verb0,
1906 4559 2068 4632 quod
2099 4577 2232 4614 cum
2266 4558 2574 4633 Scriptura
2600 4561 2958 4633 agnoscimus:

606 4631 798 4688 Aliud
836 4634 1015 4690 fldem
1054 4635 1382 4708 justificare
1421 4635 1657 4708 proprie
1698 4643 1759 4693 et
1804 4655 1908 4710 per
1951 4655 2030 4708 se,
2079 4655 2182 4694 seu
2212 4635 2397 4711 ipsam
2426 4639 2603 4695 fidem
2647 4639 2829 4695 habere
2867 4658 2959 4713 pro
