3221 5200
523 320 559 375 6
1430 331 1614 374 Locus
1641 297 2001 372 mosomus.
2583 306 2839 387 [Quaesr.
2871 326 2913 366 1.

522 493 669 552 opus
696 472 873 551 Legis
900 472 1176 551 scriptum
1211 472 1273 531 in
1302 470 1592 547 cordibus,
1638 468 1990 530 conscientia
2020 466 2275 544 ipsorum
2311 472 2688 542 contestante,
2727 472 2788 526 et
2818 486 2915 526 co-

522 553 900 629 gitationibus
921 553 1175 630 ipsorum
1193 572 1255 612 se
1279 551 1528 611 invicem
1545 549 1951 610 accusantibus
1971 555 2030 606 et
2045 546 2515 622 excusantibus,”
2537 547 2707 605 Rom.
2728 546 2788 604 ii.
2818 550 2910 623 14,

528 634 621 690 15.
640 633 719 690 Ει
741 632 958 690 Rom.i.
976 634 1068 708 19,
1082 635 1177 705 20,
1196 635 1252 690 τὶ
1267 636 1478 703 φωτὶ,
1492 637 1580 690 τοῦ
1596 633 1716 688 Θισῦ
1728 628 1939 687 dicitur
1957 625 2371 685 “manifestum
2388 645 2514 686 esse
2532 625 2593 683 in
2606 625 2911 701 Gentibus,

521 710 660 787 quia
681 712 844 769 Deus
870 710 1014 788 ipsis
1041 712 1381 771 revelavit.’'
1426 710 1727 786 Quomodo
1747 727 1888 766 vero
1907 706 2122 765 veritas
2148 706 2261 765 ista
2279 706 2537 764 revelata
2561 704 2622 762 in
2644 705 2915 781 gentibus

522 789 825 864 diceretur,
854 797 920 849 ιιι
945 790 1083 848 licet.
1110 791 1329 867 Legem
1354 809 1474 848 non
1498 790 1767 862 habeant,
1797 786 2011 846 faciant
2033 793 2228 844 tamen
2253 803 2385 862 quae
2412 791 2547 844 sunt
2577 784 2770 861 Legis,
2799 803 2916 843 non

520 878 814 945 praeeunte
841 868 1120 944 doctrina,
1164 878 1225 928 et
1265 869 1643 943 institutione,
1687 865 1792 926 sed
1830 874 2062 939 namra,
2090 872 2156 924 ut
2198 864 2309 924 sibi
2347 863 2491 941 ipsis
2532 863 2649 923 sint
2682 864 2826 938 Lex,
2856 872 2918 922 et

520 956 668 1024 opus
696 948 875 1025 Legis
902 948 1240 1025 inscriptum
1268 955 1488 1025 gerant,
1517 946 1614 1007 cui
1640 945 1993 1006 conscientia
2017 942 2381 1020 suffragetur,
2408 962 2514 1020 per
2551 941 2916 1020 approbatio-

519 1036 654 1084 nem
693 1026 792 1085 vel
834 1028 1257 1086 accusationem
1296 1028 1359 1085 in
1398 1028 1547 1087 bene
1587 1027 1684 1085 vel
1722 1023 2060 1099 malefactis,
2106 1022 2158 1081 si
2195 1023 2307 1081 hoc
2346 1042 2384 1081 a
2420 1041 2580 1081 mero
2619 1021 2916 1081 hominum

520 1105 757 1243 affinio
778 1105 1071 1183 penderet,
1093 1125 1202 1166 nec
1229 1126 1266 1165 a
1290 1115 1497 1167 natura
1512 1107 1641 1185 ipsa
1665 1106 1898 1179 inesset,
1927 1111 1987 1163 et
2012 1101 2246 1181 quidem
2273 1121 2310 1160 a
2336 1101 2464 1161 Deo
2491 1101 2832 1178 impressum
2858 1109 2920 1160 et

527 1185 541 1198 '
671 1188 808 1243 um?

1160 1264 1352 1324 XIII.
1385 1263 1668 1339 Secundo,
1692 1264 2043 1339 Papularum
2061 1278 2368 1335 consensus,
2391 1258 2541 1319 inter
2556 1277 2721 1337 quos,
2743 1258 2920 1319 etiam

520 1313 565 1364 ²·
585 1317 978 1422 Essofiss'g'fflssfum
1038 1344 1291 1403 maxime
1317 1344 1486 1420 feros,
1521 1345 1625 1421 jus
1650 1342 1884 1420 aliquod
1925 1340 2182 1419 gentium
2216 1339 2621 1418 primigenium
2649 1339 2917 1415 obtinuit,

1041 1443 1119 1481 ex
1145 1442 1261 1500 quo
1301 1423 1477 1481 etiam
1515 1423 1737 1500 absque
1765 1421 2052 1497 Magistro
2081 1421 2270 1478 Deum
2297 1437 2425 1478 esse
2452 1417 2776 1494 colendum,
2808 1419 2919 1476 Pa-

519 1506 715 1560 rentes
755 1501 1139 1576 honorandos,
1184 1502 1425 1561 honeste
1451 1501 1770 1575 vivendum
1798 1500 2153 1573 didicerunt3
2198 1499 2279 1556 Et
2324 1517 2361 1556 a
2398 1517 2514 1575 quo
2557 1496 2720 1556 velut
2761 1497 2921 1556 sonte

520 1586 932 1656 promanarunt
958 1588 1077 1638 tam
1117 1580 1314 1639 misstae
1344 1580 1535 1657 Leges
1574 1579 1649 1638 de
1677 1596 1842 1656 nequo
1870 1587 1929 1637 et
1954 1578 2197 1637 honesto
2223 1577 2358 1635 latae
2386 1596 2421 1635 a
2462 1576 2921 1653 Legislatoribus

518 1655 806 1734 ,Ethniciffi
834 1660 1057 1721 haustae
1084 1660 1158 1717 ab
1185 1659 1313 1736 ipsa
1337 1667 1560 1718 natura.
1645 1656 1814 1732 Quod
1841 1657 1892 1716 si
1917 1656 2183 1733 quaedam
2209 1654 2365 1734 apud
2404 1656 2713 1714 nonnullos
2738 1675 2920 1733 popu-

519 1736 609 1797 los
636 1738 1009 1810 inveniuntur
1033 1739 1196 1815 leges
1220 1745 1609 1815 repugnantes
1636 1736 1765 1796 istis
1790 1735 2104 1813 principiis,
2133 1735 2232 1793 vel
2252 1754 2406 1811 segre
2422 1734 2687 1793 admissae
2709 1743 2844 1793 sunt
2862 1742 2923 1793 et

520 1817 1168 1954 {pauqilsdiplbservgiQ
1210 1817 1529 1955 stt-tandem
1569 1836 1673 1893 per
1711 1815 2028 1875 contr-anas*
2067 1816 2228 1891 leges
2266 1814 2560 1891 abrogatae
2601 1822 2738 1873 sunt
2775 1822 2835 1873 et
2860 1814 2925 1871 in

565 1915 701 1954 esne
872 1915 964 1954 em
992 1916 1027 1954 a
1066 1912 1271 1955 ‘vernn

776 2028 788 2042 ,
1164 1964 1348 2034 XIV.
1390 1967 1604 2049 Tertio,
1627 1972 2054 2048 uniuscnjusque
2074 1971 2440 2046 Conscientia,
2463 1990 2594 2048 quse
2613 1969 2925 2047 unicuique

521 2027 1003 2144 Βᾷξχωᾚῖξζᾚῗ
1044 2053 1225 2112 dictat
1244 2054 1460 2112 bonum
1476 2072 1603 2111 esse
1621 2052 1947 2111 faciendum
1964 2058 2023 2110 et
2040 2052 2257 2109 malum
2276 2050 2642 2127 fugiendum3
2674 2051 2753 2109 Et
2771 2071 2923 2127 quae,

1043 2140 1111 2192 ιιι
1126 2152 1231 2209 per
1243 2132 1567 2209 synteresim
1583 2130 1823 2190 exhibet.
1836 2130 2006 2189 nobis
2021 2128 2304 2207 principia
2357 2129 2588 2204 raetica,
2607 2137 2673 2189 ιιι
2688 2149 2924 2188 normas

522 2210 882 2271 universales
908 2210 1311 2289 fugiendorum
1340 2221 1399 2271 et
1426 2210 1904 2270 emittendorum:
1939 2210 2034 2268 Ita
2058 2229 2162 2285 per
2344 2233 2445 2271 mm
2482 2208 2925 2285 applicationem

523 2297 582 2349 et
608 2309 853 2349 examen
879 2291 1154 2368 suiipsius
1180 2291 1320 2352 facit
1346 2292 1421 2350 ad
1447 2290 1621 2350 istam
1635 2290 1915 2367 regulam.
1990 2288 2164 2348 Unde
2179 2297 2495 2348 nascuntur
2522 2307 2767 2364 angores
2786 2308 2924 2346 con·

524 2368 795 2444 scientiae,
865 2390 956 2428 uae
983 2370 1059 2428 ad
1085 2371 1307 2448 peccati
1335 2370 1606 2430 intuitum
1634 2377 1694 2447 et
1714 2368 1923 2446 judicii
1949 2366 2133 2426 divini
2154 2386 2386 2427 sensum
2407 2374 2532 2426 tota
2549 2366 2925 2442 exhorrescit,

523 2455 583 2507 et
609 2448 794 2508 veluti
863 2450 1155 2509 omesticis
1182 2457 1241 2508 et
1268 2449 1518 2508 assiduis
1558 2448 1725 2508 furiis
1750 2455 2081 2524 peccatores
2107 2454 2304 2522 vexat,
2348 2453 2408 2505 et
2446 2453 2646 2504 noctes
2685 2444 2932 2521 diesque

520 2547 723 2605 poenas
751 2548 787 2585 a
813 2528 1269 2587 sceleratissimis
1307 2526 1531 2604 repetit,
1573 2535 1643 2585 ut
1679 2525 1937 2602 loquitur
1966 2525 2182 2599 cicero,
2224 2544 2330 2602 pro
2359 2523 2589 2596 Roscio,
2632 2528 2692 2580 et
2724 2521 2824 2580 lib.
2863 2524 2930 2583 ii.

521 2606 595 2665 de
625 2607 787 2665 Fin.:
840 2608 876 2639 ‘⁴
895 2607 1069 2683 Impii
1093 2626 1296 2683 poenas
1320 2607 1505 2680 luunt,
1534 2625 1654 2663 non
1679 2612 1798 2663 tam
1820 2603 2076 2682 judiciis,
2104 2623 2279 2679 quam
2301 2621 2520 2678 angore
2541 2600 2930 2680 conscientiae,

521 2684 854 2760 fraudisque
880 2684 1196 2744 cruciatu.’'
1283 2684 1455 2744 Unde
1482 2703 1622 2743 vero
1648 2683 1899 2741 laniatus
1924 2682 2013 2740 illi
2037 2690 2097 2741 et
2123 2682 2263 2740 dirae
2290 2681 2542 2757 ultrices,
2572 2679 2687 2739 nisi
2702 2700 2739 2739 a
2765 2681 2930 2759 Lege

522 2763 771 2822 naturali
790 2763 1010 2820 homini
1035 2762 1237 2838 indita,
1281 2782 1411 2840 quse
1437 2762 1603 2820 novit
1628 2762 1740 2820 hoc
1770 2763 1955 2819 “esse
1987 2761 2089 2837 jus
2117 2760 2247 2835 Dei,
2274 2768 2344 2820 ιιι
2367 2759 2471 2838 qui
2495 2759 2637 2819 talia
2674 2768 2926 2837 patrant,

522 2841 688 2918 digni
715 2842 834 2901 sint
859 2842 1101 2917 morte,’'
1133 2843 1303 2902 Rom.
1331 2842 1370 2900 i.
1400 2844 1476 2901 32
1494 2844 1523 2901 Ρ
1591 2840 1750 2899 Hinc
1779 2839 2041 2899 Ciceroni
2069 2837 2199 2919 (pro
2228 2838 2475 2919 Milone)
2504 2839 2717 2900 dicitur
2745 2841 2929 2899 “Lex

523 2940 640 2979 non
669 2922 899 2998 scripta,
930 2920 1033 2980 sed
1061 2929 1215 2996 nata,
1245 2920 1321 2980 ad
1347 2940 1523 2998 quam
1542 2939 1661 2979 non
1681 2919 1857 2993 docti,
1881 2919 1984 2978 sed
2003 2919 2161 2993 facti,
2183 2938 2300 2979 non
2328 2919 2631 2997 praeceptis
2653 2919 2922 2995 instituti,

522 3000 629 3139 {ed
669 3020 706 3058 a
743 3010 950 3059 natura
989 3000 1198 3078 imbuti
1238 3019 1438 3061 sumus
1457 3001 1522 3061 :”
1566 2999 1724 3060 Aliis
1762 2997 1997 3076 ΰιψυχον
2035 2995 2219 3058 δίκαιον
2254 3005 2514 3073 vocatur,
2557 3006 2617 3058 et
2660 2996 2928 3079 ὅγςιπυι

609 3086 642 3140 ῢ
663 3079 880 3157 τέμωμεν.

1169 3159 1316 3220 XV.
1360 3158 1973 3235 Quarto,Re9imenet
2008 3157 2321 3234 Imperium
2359 3156 2480 3216 Dei
2514 3156 2576 3215 in
2612 3157 2927 3215 hominem.-

522 3216 567 3261 4.
587 3213 1007 3319 ffssfffissffi
1049 3238 1200 3299 Nam
1226 3240 1278 3299 si
1302 3239 1429 3299 fieri
1455 3258 1572 3297 non
1597 3245 1809 3315 potest,
1852 3236 1994 3314 quin
2033 3245 2295 3296 creatura
2333 3254 2451 3312 qua
2488 3244 2750 3295 creatura
2787 3255 2925 3312 pen·

1047 3318 1182 3377 deat
1208 3338 1243 3376 a
1272 3319 1559 3391 Creatore,
1588 3324 1649 3374 et
1674 3315 2029 3391 gubernetur
2063 3316 2136 3374 ab
2164 3315 2290 3391 ipso
2330 3315 2409 3391 ph
2453 3314 2608 3390 sice3
2650 3312 2928 3374 cie-bovam

526 3398 700 3457 etiam
727 3403 835 3470 est,
866 3402 1186 3455 creaturam
1210 3394 1548 3453 rationalem
1588 3401 1650 3451 et
1689 3412 1806 3470 qua
1843 3394 2181 3452 rationalem
2207 3412 2325 3452 non
2352 3412 2422 3452 su
2455 3393 2563 3470 jici
2600 3393 2715 3471 ipsi
2739 3395 2800 3452 in
2828 3415 2928 3471 ge·

525 3494 662 3533 nere
689 3473 883 3546 moris,
906 3491 1015 3530 nec
1034 3473 1160 3549 regi
1187 3473 1260 3531 ab
1288 3471 1415 3548 ipso
1432 3471 1843 3530 convenienter
1861 3478 2080 3530 naturae
2101 3490 2238 3545 suae,
2261 3470 2341 3530 id.
2369 3471 2576 3531 mediis
2593 3474 2926 3550 moralibus,

524 3551 804 3630 perlegis
829 3550 1193 3628 positionem.
1277 3549 1451 3610 Unde
1478 3549 1740 3626 sequitur
1764 3549 1864 3608 vel
1901 3548 2194 3610 hominem
2218 3549 2701 3628 independentem
2727 3572 2764 3611 a
2801 3553 2928 3612 Deo

526 3630 708 3690 creari
736 3630 1023 3705 debuisse,
1066 3628 1222 3706 quod
1248 3628 1523 3707 implicat,
1565 3628 1665 3688 vel
1693 3628 2013 3688 naturalem
2040 3629 2253 3689 habere
2284 3629 2506 3708 Legem
2546 3629 2660 3690 sibi
2685 3630 2925 3709 impres·

528 3728 670 3879 tm,
699 3728 816 3878 qua,
841 3709 924 3878 ab„
940 3727 1014 3768 eo
1039 3716 1588 3864 ωεῖξῖῗτᾮιιίιιιο,
1631 3745 1899 3848 Aban-da·
1935 3787 2096 3847 varia
2135 3787 2347 3865 quibus
2373 3795 2616 3865 urgetur
2642 3789 2929 3850 sententia

610 3832 693 3880 Ab
713 3831 762 3879 Δ
1047 3866 1312 3960 adversa.
1394 3867 1546 3926 Nam
1572 3867 1624 3926 si
1664 3867 1812 3926 nihil
1849 3875 2057 3938 natura
2087 3867 2314 3944 justum
2355 3876 2461 3942 est,
2506 3867 2612 3927 sed
2638 3867 2700 3926 id
2740 3869 2930 3929 solum

527 3948 687 4028 quod
726 3946 996 4007 humanis
1032 3947 1381 4007 unlitatibus
1420 3945 1697 4006 devoveri
1731 3954 1939 4024 potest,
1986 3947 2246 4024 sequitur
2285 3947 2548 4006 homines
2591 3956 2762 4007 natos
2801 3968 2930 4009 esse

530 4028 660 4103 sibi,
705 4047 823 4086 non
842 4046 982 4086 vero
1011 4027 1086 4085 ad
1113 4023 1357 4103 gloriam
1395 4025 1524 4101 Dei,
1554 4026 1653 4086 vel
1691 4026 1754 4084 in
1799 4025 2014 4085 bonum
2057 4025 2364 4102 societatis,
2412 4026 2582 4103 cujus
2620 4027 2773 4087 inest
2811 4028 2931 4088 illis

527 4116 736 4168 natura
761 4106 1054 4166 excellens
1079 4105 1386 4183 appetitus,
1409 4105 1568 4183 quod
1592 4104 1704 4182 ipsi
1727 4104 1982 4164 saniores
2010 4101 2247 4164 Ethnici
2266 4105 2381 4165 dici
2406 4125 2525 4165 non
2551 4125 2722 4183 posse
2750 4127 2930 4184 agno-

531 4194 758 4246 verunt.
800 4190 858 4245 2.
889 4184 1097 4245 Omnia
1116 4204 1193 4243 ex
1219 4203 1386 4261 aequo
1412 4184 1573 4244 licita
1597 4192 1783 4259 erunt,
1815 4191 1933 4243 tam
1962 4182 2359 4244 Denmodisse
2386 4199 2561 4261 quam
2588 4205 2799 4261 amare,
2828 4206 2930 4264 pa·

528 4273 723 4324 rentes
750 4265 1011 4324 occidere
1038 4283 1212 4341 quam
1238 4263 1444 4339 colere,
1483 4271 1543 4322 et
1581 4283 1687 4340 pro
1727 4262 1949 4322 ratione
1984 4281 2054 4321 ac
2091 4262 2224 4340 lege
2264 4265 2389 4323 sola
2425 4264 2633 4342 cuique
2659 4265 2933 4326 voluntas

530 4344 657 4419 erit,
703 4351 770 4403 ut
809 4343 1111 4421 quodlibet
1149 4342 1355 4418 liceat;
1399 4340 1556 4419 quod
1600 4361 1794 4401 annon
1822 4343 1898 4402 sit
1933 4341 2089 4400 viam
2129 4341 2206 4400 ad
2246 4342 2615 4403 Atheismum
2657 4353 2928 4422 sternere,

530 4428 857 4500 promptum
882 4430 974 4482 est
998 4422 1186 4482 cuivis
1212 4421 1397 4482 intelli
1471 4440 1552 4481 re.
1596 4423 1653 4480 3.
1685 4421 1929 4481 Sublato
1967 4421 2079 4480 hoc
2109 4421 2222 4479 Dei
2255 4422 2388 4498 jure
2414 4430 2475 4482 et
2500 4423 2781 4500 regimine
2806 4445 2929 4483 mo-

530 4502 655 4575 rali,
684 4500 962 4559 tollentur
1002 4503 1196 4561 omnia
1214 4502 1366 4580 juris
1398 4440 1789 4576 ffindmenta,
1833 4519 2034 4560 omnes
2071 4499 2369 4560 hominum
2405 4502 2613 4580 Leges,
2656 4522 2787 4580 quae
2824 4504 2930 4562 ali-

527 4579 681 4640 unde
709 4598 942 4639 manare
979 4600 1097 4639 non
1129 4589 1455 4659 potuerunt,
1484 4588 1543 4640 et
1570 4580 1656 4639 sic
1680 4579 1891 4658 peribit
1917 4580 2104 4639 omnis
2134 4579 2355 4658 politia,
2383 4581 2673 4658 honestas,
2703 4590 2764 4641 et
2789 4582 2932 4641 ordo
