3221 5200
536 353 613 410 92
1476 353 1660 397 Locus
1687 356 2047 397 unnscnms.
2531 338 2787 420 [QnAEsr.
2819 359 2945 400 xvr.

539 508 599 566 in
621 503 1021 565 reformatione
1050 520 1154 559 sua
1182 499 1428 572 abolere,
1459 516 1531 556 ne
1559 496 1701 574 quid
1729 496 2091 574 contagionis
2118 497 2537 573 contraherent,
2580 498 2680 558 sed
2708 506 2773 557 ut
2798 498 2947 576 peri-

540 588 734 646 culum
763 605 838 642 ex
866 603 934 641 eo
965 580 1208 640 sollicite
1237 585 1526 637 caverent.
1612 578 1762 635 Nam
1790 576 1850 633 in
1878 576 2173 654 religione,
2205 577 2439 653 quando
2469 579 2565 636 vel
2593 578 2882 637 tantillum
2911 597 2948 636 a

542 667 654 724 Dei
681 663 1014 742 praescripto
1042 659 1374 732 disceditur,
1399 665 1458 715 et
1483 656 1747 714 homines
1777 655 1887 713 sibi
1915 656 2135 732 aliquid
2161 656 2334 716 licere
2362 656 2570 717 volunt
2596 666 2698 716 aut
2723 664 2945 734 putant,

541 746 737 804 omnia
776 750 902 802 tuta
935 739 1191 800 timenda
1232 745 1382 810 sunt,
1429 735 1714 812 siquidem
1756 735 2111 811 experientia
2151 744 2506 814 compertum
2549 746 2654 812 est,
2700 757 2735 794 a
2775 756 2947 812 quam

540 823 771 900 exiguis
800 822 979 880 initiis
1008 820 1194 877 factus
1223 818 1298 876 sit
1324 815 1504 873 mirus
1533 814 1593 871 in
1622 814 2087 891 superstitionem
2116 823 2173 872 et
2205 815 2600 874 Idololatriam
2640 817 2699 873 in
2723 817 2948 892 Papatu

539 921 896 981 progressus,
942 901 1094 959 eirca
1123 896 1450 972 Imaginum
1492 894 1730 967 cultum,
1779 894 2116 952 Sanctorum
2164 894 2613 970 Invocationem,
2662 895 2948 970 Purgato-

538 984 705 1056 rium,
735 979 1086 1040 Sacrificium
1112 978 1327 1049 Missae,
1362 975 1571 1032 Preces
1597 993 1703 1049 pro
1730 973 1989 1048 mortuis,
2006 971 2143 1048 &c.;
2193 974 2276 1032 Ut
2304 974 2485 1033 satius
2506 974 2772 1033 videatur
2792 973 2947 1032 bono

541 1063 735 1137 aliquo
769 1059 898 1118 utili
948 1058 1049 1116 sed
1077 1058 1268 1115 minus
1295 1052 1619 1113 necessario
1661 1072 1870 1128 carere,
1902 1072 2075 1130 quam
2104 1072 2180 1112 ex
2207 1052 2364 1113 illius
2404 1073 2514 1113 usu
2558 1053 2842 1112 incurrere
2884 1053 2951 1109 in

543 1160 723 1217 grave
752 1137 989 1216 grandis
1018 1137 1264 1213 alicujus
1292 1133 1431 1192 mali
1457 1132 1798 1210 periculum.

1434 1368 1824 1445 QUAESTIO
1868 1369 2049 1429 XVI.

1324 1547 1406 1586 AD
1447 1546 1825 1588 PRAEcl-:P'ruu
1867 1546 2155 1594 Qunwtm.

539 1692 631 1750 An
661 1689 804 1749 Filii
824 1708 883 1747 se
910 1708 949 1746 α
976 1689 1287 1746 Parentum
1303 1694 1580 1762 potestate
1617 1685 1919 1742 subducere
1952 1685 2184 1760 possint,
2216 1693 2270 1742 et
2306 1685 2424 1743 sine
2451 1705 2643 1744 eorum
2685 1704 2949 1743 consensu

900 1766 1318 1826 matrimonium
1345 1767 1676 1824 contrahere
1696 1766 1724 1822 ‚²
1808 1765 1956 1840 Neg.
1986 1772 2187 1822 contra
2215 1764 2569 1823 Pontificios.

623 1929 671 1986 Ι.
717 1925 972 2001 Quaestio
999 1926 1123 1983 haec
1150 1931 1418 1982 movetur
1448 1923 1597 1980 inter
1625 1921 1769 1979 alias
1798 1920 1951 1980 circa
1978 1921 2055 1979 V.
2087 1921 2466 1999 Praeceptum,
2498 1921 2570 1980 de
2597 1921 2952 1980 honorandis

539 2006 902 2080 Parentibus,
934 2006 1085 2063 inter
1114 2003 1235 2060 Nos
1263 2011 1322 2060 et
1352 2000 1706 2075 pontificios,
1737 2001 1838 2075 qui
1871 2021 1989 2058 non
2016 2020 2131 2058 uno
2173 2002 2347 2060 modo
2392 2003 2751 2078 Praeceptum
2791 2001 2952 2059 istud

537 2087 904 2159 labefactant,
937 2084 1075 2142 dum
1104 2081 1454 2158 pertendunt
1485 2081 1744 2154 Liberos,
1775 2081 1974 2138 invitis
2005 2081 2358 2156 parentibuS,
2390 2101 2507 2138 non
2537 2081 2722 2139 solum
2751 2080 2948 2138 matri·

538 2168 795 2225 monium
845 2164 1198 2237 contrahere,
1244 2161 1345 2219 sed
1388 2161 1561 2219 etiam
1589 2160 1771 2218 vitam
1811 2160 2187 2217 monasticam
2228 2160 2483 2237 profiteri
2531 2180 2718 2237 posse.
2816 2160 2949 2217 Duo
3054 2179 3065 2188 ·

541 2265 681 2321 ergo
709 2245 805 2302 hic
826 2241 1189 2303 discutienda
1217 2249 1372 2300 sunt.
1457 2239 1672 2314 Prim0,
1705 2237 1804 2296 An
1831 2238 1938 2295 filii
1963 2238 2164 2298 invitis
2191 2239 2529 2316 parentibus
2558 2258 2620 2297 se
2649 2239 2723 2297 ab
2750 2257 2950 2297 eorum

539 2331 825 2402 potestate
853 2341 1201 2399 quocunque
1231 2319 1403 2380 modo
1433 2319 1755 2379 subducere
1784 2318 2009 2394 possint
2027 2321 2056 2376 ?
2114 2318 2398 2394 Secunde,
2444 2318 2545 2376 An
2587 2318 2711 2377 sine
2753 2337 2951 2376 eorum

540 2421 826 2463 consensu
854 2401 941 2460 fas
970 2402 1047 2460 sit
1074 2400 1215 2477 ipsis
1243 2398 1671 2457 matrimonium
1700 2397 2034 2456 contrahere
2052 2399 2081 2454 ?
2751 2476 2764 2489 .

543 2507 805 2611 Qum
826 2506 1030 2610 “mr
1071 2478 1397 2616 ..ἐὲωξῖἰ
1419 2475 2609 2634 ’ἐὲἓῖἓὲῗὲἳᾲῑέἓὶῗῖἔωθῗῶῗῗξὲἑ..
2634 2475 2953 2614 3.ζὲᾱίθῷ

600 2628 691 2669 tes.
1070 2644 1174 2709 est,
1205 2635 1389 2694 multa
1415 2636 1627 2711 quippe
1657 2654 1725 2692 eo
1754 2636 2136 2694 continentur.
2226 2639 2278 2693 1.
2307 2638 2502 2712 Amor,
2534 2656 2649 2713 quo
2677 2634 2951 2712 prosequi

542 2717 674 2776 illos
702 2715 932 2789 debent,
957 2716 1126 2791 cujus
1146 2714 1412 2789 privatio,
1431 2714 1693 2791 εἰστοςιγίει,
1716 2714 1865 2771 inter
1891 2714 2036 2771 vitia
2052 2715 2302 2775 maxime
2323 2715 2664 2774 detestanda
2684 2734 2949 2773 numera-

543 2804 655 2869 tur,
689 2795 857 2851 Rom.
888 2794 926 2851 i.
957 2793 1052 2852 31.
1111 2793 1260 2851 Nam
1291 2793 1340 2850 si
1361 2793 1663 2871 proximus
1690 2800 1779 2850 est
1805 2791 2155 2869 diligendus,
2179 2795 2311 2871 quis
2340 2794 2509 2853 nobis
2536 2794 2724 2870 magis
2750 2794 2948 2869 proxi-

543 2893 691 2946 mus,
721 2892 894 2949 quam
922 2880 1086 2949 pater
1113 2880 1171 2930 et
1211 2880 1412 2945 mater,
1455 2872 1624 2948 cujus
1665 2890 1772 2928 nos
1815 2890 2013 2929 sumus
2057 2893 2190 2931 caro
2210 2877 2239 2931 Ῥ
2297 2873 2523 2932 Deinde
2573 2874 2624 2931 si
2670 2872 2951 2931 beneficia

544 2953 712 3012 nobis
739 2951 952 3011 collata
979 2951 1193 3011 debent
1221 2951 1566 3010 conferentis
1594 2969 1847 3008 amorem
1876 2951 2043 3009 nobis
2071 2953 2396 3027 conciliare,
2428 2973 2462 3009 a
2503 2972 2619 3029 quo
2659 2953 2824 3029 plura
2852 2952 2952 3009 vel

543 3033 762 3108 majora
788 3032 1068 3090 beneficia
1095 3030 1439 3108 accepimus,
1469 3050 1644 3108 quam
1672 3050 1706 3087 a
1732 3030 2084 3106 parentibus,
2126 3051 2161 3089 a
2201 3032 2412 3107 quibus
2453 3040 2518 3090 ut
2555 3031 2951 3089 instrumentis

543 3112 758 3171 divinae
795 3113 1066 3188 potentiae
1108 3111 1433 3190 accepimus
1474 3109 1993 3191 quicquid-sumus
2033 3118 2092 3168 et
2130 3110 2459 3169 habemus?
2506 3116 2561 3169 2.
2592 3110 2946 3184 Reverentia,

545 3213 675 3269 quae
705 3192 820 3249 illis
848 3191 1106 3266 debetur,
1138 3199 1260 3250 tum
1288 3198 1522 3267 propter
1565 3193 1817 3269 ὑπιςοχὲν,
1866 3189 2002 3264 quia
2048 3197 2183 3248 sunt
2225 3190 2566 3267 superiores,
2610 3190 2716 3247 filii
2758 3197 2951 3246 autem

545 3272 858 3345 inferioreS,
888 3272 1186 3330 inferiores
1214 3278 1405 3328 autem
1435 3270 1826 3347 superioribus
1854 3268 2067 3327 debent
2094 3269 2385 3344 honorem,
2410 3278 2531 3328 tum
2561 3276 2794 3346 propter
2820 3269 2948 3338 ἔξου-

543 3354 651 3407 o-s'aev
680 3359 737 3408 ct
765 3358 1107 3425 potestatem
1137 3349 1197 3405 in
1225 3348 1456 3422 liberos,
1487 3368 1661 3425 quam
1689 3348 1906 3405 habent
1947 3347 2167 3406 ratione
2210 3349 2599 3424 gcnerationis
2639 3355 2697 3405 et
2736 3346 2950 3404 educa-

542 3428 735 3499 tioniS,
768 3447 897 3502 quse
924 3437 991 3485 ut
1030 3427 1284 3483 maxima
1312 3435 1417 3499 est,
1447 3427 1529 3484 ita
1575 3427 1853 3484 honorem
1883 3426 2232 3503 singularem
2261 3428 2553 3504 postulat;
2597 3426 2690 3484 cui
2715 3432 2782 3484 ut
2809 3425 2950 3483 abo-

542 3503 817 3561 minanda
859 3514 1096 3579 peccata
1141 3513 1509 3579 opponuntur
1550 3512 1929 3581 contemptus,
1978 3506 2118 3563 Lev.
2159 3527 2262 3564 xx.
2293 3509 2348 3580 9,
2396 3507 2570 3565 Deut.
2614 3504 2800 3563 xxvii.
2852 3504 2950 3580 16,

544 3583 718 3639 Prov.
748 3601 850 3638 xx.
880 3581 1187 3656 20,'irrisio
1209 3589 1267 3639 et
1288 3582 1677 3657 subsannatio,
1706 3584 1876 3641 Prov.
1906 3604 2007 3642 xv.
2039 3586 2092 3658 5,
2124 3593 2182 3644 et
2208 3605 2354 3643 xxx.
2388 3589 2480 3643 17.
2538 3589 2594 3645 3.
2625 3584 2956 3659 obsequium

542 3669 602 3719 et
629 3660 952 3734 obedientia,
985 3661 1134 3737 Eph.
1165 3659 1329 3735 vi.·1‚
1363 3662 1486 3719 Col.
1517 3662 1597 3720 iii.
1639 3664 1734 3736 20,
1769 3663 1801 3720 1
1834 3663 1983 3722 Tim.
2016 3663 2095 3721 iii.
2126 3667 2182 3738 4,
2214 3664 2329 3722 Tit.
2360 3664 2398 3722 i.
2431 3667 2485 3737 6,
2519 3665 2623 3723 sed
2650 3665 2750 3722 illa
2779 3662 2954 3722 debet

543 3759 669 3798 esse
698 3740 756 3798 in
783 3740 1047 3814 Domino,
1079 3739 1157 3798 id.
1187 3740 1270 3797 ita
1296 3749 1361 3798 ut
1388 3760 1504 3798 non
1532 3741 1783 3800 violetur
1812 3743 1922 3799 Dei
1962 3742 2320 3819 obsequium,
2352 3753 2410 3802 et
2439 3745 2567 3801 Deo
2596 3763 2700 3801 sua
2728 3749 2955 3800 constet

542 3819 860 3879 authoritas
884 3841 897 3894 ;
942 3839 1075 3877 nam
1105 3819 1154 3878 si
1182 3819 1321 3895 quid
1350 3821 1699 3878 contrarium
1739 3822 2130 3899 praeciperent,
2162 3830 2300 3880 tunc
2328 3832 2549 3881 certum
2578 3830 2667 3881 est
2693 3842 2809 3880 non
2851 3819 2951 3878 de-

539 3899 666 3959 beri
693 3897 1079 3958 obedientiam
1107 3919 1142 3956 a
1168 3898 1322 3975 filiis,
1361 3900 1397 3931 ‘⁴
1426 3899 1564 3976 quia
1591 3900 1772 3958 satius
1801 3909 1889 3959 est
1918 3899 2150 3960 obedire
2182 3902 2310 3959 Deo
2339 3921 2512 3978 quam
2557 3901 2949 3974 hominibus,'’

542 3980 678 4039 Act.
723 3978 802 4036 iv.
836 3978 929 4036 19.
994 3982 1049 4038 4.
1086 3979 1409 4053 GratitudO,
1449 3998 1566 4036 non
1594 3979 1849 4037 verbalis
1886 3987 2126 4054 tantum,
2169 3980 2271 4038 sed
2309 3989 2368 4039 et
2405 3981 2592 4054 realis,
2633 3979 2836 4038 officiis
2877 3978 2954 4036 ad

537 4059 677 4118 vitae
705 4058 1176 4117 sustentationem
1203 4058 1542 4116 necessariis
1568 4058 1630 4115 in
1658 4058 1922 4116 omnibus
1951 4078 2080 4134 quae
2102 4058 2175 4116 ab
2203 4059 2345 4136 ipsis
2371 4059 2640 4135 pendent,
2664 4079 2795 4136 quse
2822 4065 2954 4117 aine·

539 4140 799 4218 πελαςιγία
838 4138 1058 4196 Graecis
1087 4137 1311 4211 dicitur,
1343 4138 1479 4213 quia
1507 4136 1744 4196 ciconiae
1773 4137 1960 4195 solent
2000 4146 2266 4214 parentes
2309 4139 2469 4196 senio
2498 4139 2790 4197 confectos
2816 4145 2950 4196 ἅντι-

538 4220 736 4299 qiman,
771 4225 834 4275 ut
874 4225 1037 4275 notat
1064 4215 1329 4289 Aristot.‚
1359 4216 1462 4274 lib.
1492 4216 1572 4273 ix.
1604 4216 1677 4274 de
1718 4216 1851 4274 hist.
1884 4215 2075 4274 anima
2103 4237 2226 4294 cap.
2262 4221 2353 4291 13,
2385 4238 2555 4293 quam
2587 4217 2952 4276 commendat

543 4301 771 4375 Apost.,
807 4299 836 4354 1
862 4295 1011 4355 Tim.
1041 4315 1098 4353 v.
1119 4298 1175 4369 4,
1202 4298 1292 4369 16,
1324 4302 1382 4353 et
1405 4295 1686 4369 Christus,
1708 4295 1918 4354 Matth.
1943 4316 2042 4353 xv.
2063 4299 2119 4369 4,
2153 4300 2207 4369 5,
2227 4306 2293 4355 ut
2320 4298 2629 4373 nequidem
2658 4298 2815 4373 ipsos
2842 4317 2949 4373 pu-

541 4376 676 4435 deat
712 4376 995 4434 famulitio
1022 4374 1323 4433 deficiente
1353 4375 1587 4432 servilia
1603 4394 1846 4450 quaeque
1869 4373 2055 4432 officia
2081 4384 2140 4433 et
2168 4375 2446 4452 obsequia
2472 4376 2589 4434 illis
2616 4386 2906 4452 proestare.

1147 4453 1265 4512 111.
1298 4453 1601 4528 Quoeritur,
1636 4453 1733 4510 An
1757 4453 1860 4510 filii
1889 4454 2306 4531 subjectionem
2329 4456 2489 4513 illam
2518 4464 2577 4515 et
2606 4456 2946 4533 obsequium

1066 4533 1410 4590 Parentibus
1438 4532 1694 4591 debitum
1726 4541 2015 4607 excutere,
2047 4541 2106 4592 et
2141 4553 2202 4592 se
2244 4536 2519 4611 potestati
2563 4535 2767 4612 patriae
2813 4534 2946 4592 sub·

1064 4611 1271 4671 ducere
1300 4612 1540 4688 possint.
1628 4612 1759 4669 Hoc
1789 4620 2049 4671 statuunt
2080 4613 2385 4689 pontificii,
2431 4613 2567 4672 dum
2598 4613 2948 4691 pertendunt

600 4519 769 4563 Status
798 4518 963 4567 Quaes-

701 4576 863 4618 tionis.
