3221 5200
520 306 635 362 594
1360 323 1541 364 Locus
1573 323 1832 363 nscmus
1863 322 2101 363 sexi-us,
2518 302 2805 385 [quaes-r.
2844 328 2987 369 vm.

521 463 817 521 T1·ident.:
864 462 989 521 “Si
1036 462 1167 540 quis
1197 464 1408 524 dixerit
1453 464 1576 524 sola
1603 463 1717 523 fide
1762 464 1998 543 impium
2033 462 2359 539 justificari,
2404 465 2486 521 ita
2515 474 2583 524 ut
2632 467 2983 546 intelligat,

516 543 660 601 nihil
690 542 847 601 aliud
876 544 1105 621 requiri,
1137 544 1291 621 quod
1320 545 1394 602 ad
1429 545 1863 622 justificationis
1900 546 2144 621 gratiam
2173 545 2651 620 consequendam
2684 568 2994 626 coopere-

519 632 627 697 tur,
683 631 740 680 et
788 623 949 682 nulla
993 645 1068 682 ex
1115 633 1277 701 parte
1320 645 1553 683 necesse
1604 644 1748 698 esse,
1780 644 1912 683 eum
1944 645 2061 682 suae
2090 624 2408 682 voluntatis
2435 634 2604 683 motu
2635 631 2991 705 praeparari

518 710 691 778 atque
720 702 964 781 disponi,
999 705 1327 762 Anathema
1355 705 1488 762 sit.''
1574 705 1744 778 Quod
1772 704 1955 763 fusius
2004 704 2327 780 explicatur
2371 724 2495 778 cap.
2528 725 2588 762 v.
2625 717 2692 766 et
2725 710 2842 785 vi„
2879 711 2990 769 ubi

519 784 712 859 agitur
739 782 810 843 de
839 786 1180 843 necessitate
1211 792 1268 843 et
1297 784 1466 841 modo
1495 785 1928 861 praeparationis
1966 783 2040 841 ad
2073 783 2567 860 justificationem.

1125 864 1155 919 I
1164 864 1245 923 11.
1292 864 1376 921 Ut
1404 883 1541 921 vero
1570 864 1796 922 facilius
1824 873 2086 923 teneatur
2111 863 2307 921 Status
2332 864 2718 941 Quaestionis‚
2752 868 2988 929 obser.

550 929 965 1034 Statpiznissuaes-
1037 942 1306 1017 vandum,
1348 943 1649 1003 Judicium
1694 944 1911 1021 duplex
1958 963 2127 1021 posse
2168 943 2393 1001 institui
2421 964 2455 1001 a
2485 945 2621 1002 Deo
2655 967 2813 1006 cum
2874 952 2988 1009 ho-

819 1020 830 1032 '
1042 1023 1193 1079 mine
1216 1045 1229 1081 :
1260 1021 1354 1081 vel
1377 1043 1452 1081 ex
1476 1023 1652 1100 Lege,
1684 1032 1967 1101 quatenus
1990 1030 2280 1100 spectatur
2306 1032 2371 1081 ut
2396 1044 2530 1082 reus
2559 1025 2830 1087 violatae
2865 1031 2983 1089 Le-

519 1104 612 1181 gis
648 1125 751 1181 per
803 1110 1118 1180 peccatum,
1151 1111 1210 1161 et
1264 1103 1345 1161 ita
1373 1104 1724 1162 accusationi
1753 1111 1811 1162 et
1854 1102 2318 1161 condemnationi
2349 1103 2526 1180 Legis
2556 1105 2786 1166 subest
2815 1133 2832 1184 ;
2883 1113 2989 1169 vel

517 1204 592 1242 ex
623 1183 963 1259 EvangeliO,
995 1191 1280 1258 quatenus
1300 1192 1604 1241 accusatur
1631 1203 1666 1240 a
1718 1183 1931 1241 Satana
1958 1182 2162 1241 violati
2193 1183 2453 1241 Foederis
2477 1185 2885 1263 Evangelici‚
2920 1201 2986 1250 et

518 1264 598 1321 ita
646 1262 988 1339 supponitur
1029 1263 1359 1321 incredulus
1410 1271 1467 1322 et
1511 1263 1880 1340 impoenitens
1925 1283 2027 1321 seu
2075 1262 2392 1339 hypocrita,
2424 1264 2524 1338 qui
2552 1264 2750 1324 fidem
2786 1290 2984 1346 quam

515 1342 806 1421 professus
855 1351 944 1399 est
972 1362 1086 1416 ore,
1118 1363 1286 1419 opere
1316 1363 1431 1400 non
1459 1351 1704 1402 testatus
1753 1353 1859 1402 est.
1946 1342 2100 1400 Huic
2145 1362 2283 1400 vero
2312 1343 2531 1419 duplici
2558 1344 2604 1402 J
2609 1346 2836 1406 udicio
2867 1352 2987 1411 du-

516 1423 652 1499 plex
674 1423 717 1482 J
721 1422 1027 1480 ustificatio
1050 1422 1221 1481 debet
1249 1423 1610 1499 respondere,
1642 1443 1758 1481 non
1787 1443 1960 1482 sensu
1990 1422 2312 1497 Pontificio,
2338 1423 2440 1481 sed
2461 1423 2638 1499 plane
2670 1426 2979 1490 diverso:

518 1502 713 1560 Prima
739 1522 854 1579 qua
881 1502 1054 1559 homo
1083 1502 1402 1561 absolvitur
1449 1522 1481 1559 a
1530 1511 1694 1566 reatu
1736 1511 2099 1579 peccatorum
2128 1512 2361 1579 propter
2392 1502 2698 1574 justitiam
2731 1508 2981 1571 Christi

514 1582 682 1641 nobis
731 1583 1070 1661 imputatam
1115 1590 1175 1640 et
1218 1580 1329 1640 fide
1378 1583 1793 1659 apprehensam
1825 1606 1839 1658 ;
1899 1581 2105 1640 Altera
2139 1603 2255 1658 qua
2280 1583 2561 1641 liberatur
2587 1585 2669 1642 ab
2701 1606 2972 1650 accusa-

516 1664 673 1722 tione
702 1663 1124 1723 incredulitatis
1153 1670 1211 1721 et
1237 1662 1628 1739 hypocriseoS,
1673 1671 1731 1722 et
1759 1662 2084 1721 declaratur
2110 1682 2284 1720 verus
2311 1662 2500 1720 fidelis
2528 1673 2588 1722 et
2609 1664 2789 1726 filius
2827 1671 2971 1746 Dei,

514 1745 616 1821 qui
646 1745 865 1804 Foedus
915 1743 1352 1822 Evangelicum,
1385 1742 1434 1802 si
1461 1763 1577 1800 non
1620 1742 1868 1820 perfecte
1910 1741 2103 1819 quoad
2131 1741 2363 1819 graduS,
2393 1751 2453 1801 at
2481 1743 2714 1804 sincere
2747 1753 2974 1826 quoad

511 1834 703 1902 partes
732 1824 1011 1902 implevit,
1042 1833 1101 1882 et
1142 1823 1433 1882 vocationi
1474 1822 1689 1881 divinae
1716 1821 2011 1899 respondit
2051 1841 2153 1898 per
2193 1821 2331 1879 fidei
2357 1829 2416 1880 et
2441 1823 2680 1900 pietatis
2712 1834 2968 1890 exerci-

513 1905 676 1965 tium.
762 1905 956 1963 Prima
984 1912 1073 1963 est
1103 1902 1439 1978 justificatio
1468 1902 1694 1979 proprie
1724 1901 1912 1976 dicta;
1957 1901 2165 1960 Altera
2191 1911 2282 1960 est
2322 1901 2449 1976 ejus
2477 1911 2710 1962 tantum
2742 1908 2966 1969 decla-

512 1986 676 2044 ratio.
762 1985 876 2042 Illa
902 1992 991 2042 est
1017 1984 1353 2062 1αείᾔὶεαίἰο
1382 2002 1565 2040 causae
1592 2002 1628 2041 a
1648 1981 1825 2057 priori
1855 2003 1869 2055 ;
1930 1982 2054 2040 Ista
2079 1983 2417 2060 Justfficatz’o
2442 1983 2589 2058 siqui
2615 2004 2726 2043 seu
2759 1993 2970 2062 qff‘ecti

512 2085 548 2122 a
567 2065 870 2141 posteriori
899 2063 1268 2122 declarative.
1354 2062 1424 2120 In
1453 2062 1570 2137 illa,
1597 2060 1720 2119 sola
1747 2061 1892 2120 fides
1933 2061 2125 2120 locum
2151 2062 2363 2120 habere
2392 2070 2600 2139 potest,
2632 2066 2786 2140 quia
2821 2072 2961 2129 sola.

510 2144 889 2221 apprehendit
908 2144 1199 2219 justitiam
1230 2142 1459 2215 Christi,
1492 2142 1659 2219 cujus
1676 2141 1881 2200 merito
1908 2141 2219 2200 liberamur
2239 2162 2273 2199 a
2300 2142 2795 2205 condemnatione
2833 2149 2957 2209 Le-

509 2224 627 2301 gis;
660 2225 732 2282 In
760 2225 888 2298 ista,
920 2244 1093 2301 opera
1120 2223 1292 2283 etiam
1321 2221 1704 2298 requiruntur,
1729 2230 2002 2298 tanquam
2022 2221 2224 2280 effecta
2246 2231 2304 2280 et
2333 2222 2499 2298 signa
2518 2222 2676 2296 fidei,
2712 2229 2952 2301 quibus

507 2305 635 2379 ejus
676 2304 889 2363 veritas
932 2311 990 2362 et
1048 2303 1345 2362 sinceritas
1388 2310 1586 2360 contra
1614 2302 2038 2360 accusationem
2082 2300 2501 2360 incredulitatis
2543 2311 2604 2361 et
2644 2304 2943 2382 hypocri-

507 2405 637 2444 seos
660 2379 1020 2443 declaratur.
1106 2384 1253 2444 Nam
1302 2390 1368 2442 ut
1414 2380 1559 2440 fides
1593 2380 1877 2458 justificat
1903 2381 2211 2457 hominem,
2259 2380 2354 2440 Ita
2381 2400 2556 2460 opera
2589 2383 2945 2460 justificant

505 2464 697 2523 fidem.
2992 2481 2997 2484 “

586 2545 697 2603 IV.
742 2545 797 2604 N
800 2565 874 2604 on
923 2546 1198 2623 quaeritur
1225 2544 1297 2604 de
1342 2545 1385 2605 J
1388 2543 1770 2605 ustificatione
1799 2563 1833 2602 a
1859 2542 2161 2621 posteriori
2188 2550 2246 2602 et
2272 2541 2625 2603 declarative
2652 2544 2716 2604 in
2744 2547 2794 2607 J
2797 2550 2937 2609 udi-

502 2624 591 2682 cio
623 2624 871 2683 Paterno
900 2634 959 2684 et
987 2626 1361 2702 EvangelicO,
1393 2625 1494 2682 An
1522 2624 1648 2683 sola
1673 2624 1817 2683 fides
1847 2626 1969 2683 sine
2013 2624 2280 2701 operibus
2309 2624 2383 2682 ad
2411 2644 2538 2682 eam
2567 2640 2887 2689 concurrat
2912 2655 2931 2691 ε

505 2704 782 2761 Fatemur
802 2703 954 2760 enim
983 2724 1156 2779 opera
1182 2705 1277 2762 hic
1324 2704 1678 2762 intercedere
1708 2724 1839 2762 cum
1872 2703 2004 2781 fide,
2035 2705 2152 2762 imo
2180 2705 2406 2782 proprie
2434 2705 2656 2763 attendi
2685 2715 2925 2768 tantum

500 2801 690 2860 opera,
743 2781 880 2858 quia
922 2782 1114 2858 agitur
1159 2782 1231 2840 de
1269 2782 1681 2858 justificatione
1729 2783 1882 2857 fidei,
1915 2804 2044 2861 quae
2082 2804 2198 2842 non
2226 2784 2459 2842 aliunde
2485 2793 2677 2862 potest
2699 2791 2928 2849 certius

496 2862 714 2938 haberi,
762 2881 935 2938 quam
983 2881 1086 2939 per
1129 2882 1302 2939 opera
1349 2869 1623 2937 tanquam
1671 2863 1797 2939 ejus
1825 2862 2030 2922 effecta
2076 2874 2134 2923 et
2175 2873 2514 2940 argumenta
2542 2865 2919 2929 indubitata:

502 2943 618 3004 Sed
647 2944 720 3002 de
748 2943 1155 3023 Justfficatione
1183 2963 1223 3001 a
1240 2941 1449 3018 priori,
1481 2961 1610 3018 quae
1652 2943 1863 3002 liberat
1888 2964 1996 3003 nos
2025 2964 2059 3002 a
2078 2944 2301 3021 judicio
2333 2944 2555 3021 Legali,
2585 2945 2689 3002 ubi
2716 2948 2921 3023 agitur

496 3025 568 3084 de
603 3023 976 3103 justificando
1019 3022 1212 3101 impio,
1257 3031 1314 3081 et
1355 3021 1427 3080 de
1454 3022 1708 3100 perfecta
1741 3024 1986 3101 justitia,
2034 3044 2161 3100 quae
2191 3025 2402 3101 opponi
2429 3024 2612 3102 possit
2632 3026 2916 3088 maledic-

493 3106 639 3164 tioni
669 3105 862 3183 Legis,
889 3113 947 3164 et
973 3105 1144 3163 nobis
1179 3103 1279 3181 jus
1307 3100 1381 3160 ad
1419 3103 1599 3162 vitam
1645 3104 1938 3181 acquirere
1964 3126 1978 3162 :
2036 3103 2137 3161 An
2165 3124 2337 3181 opera
2364 3104 2460 3162 hic
2489 3105 2550 3161 in
2578 3105 2913 3167 considera-

492 3186 708 3245 tionem
737 3185 975 3245 veniant
1018 3205 1148 3244 cum
1196 3182 1328 3260 fide,
1375 3192 1440 3242 ut
1485 3183 1706 3243 vellent
1755 3183 2061 3260 Pontificii,
2092 3183 2191 3241 An
2220 3203 2361 3243 vero
2391 3184 2513 3243 sola
2557 3183 2719 3261 fides,
2750 3190 2915 3263 quod

494 3267 765 3325 volumus
792 3269 821 3325 ἰ’

575 3345 654 3403 V.
700 3351 756 3404 2.
788 3346 921 3405 Non
949 3345 1240 3423 quaeritur,
1273 3342 1373 3401 An
1422 3343 1546 3402 sola
1572 3342 1718 3402 fides
1753 3342 2036 3421 justificet
2070 3343 2145 3401 ad
2186 3342 2597 3419 exclusionem,
2630 3344 2724 3402 vel
2756 3344 2910 3404 Gra·

491 3425 586 3483 tiae
618 3424 747 3498 Dei,
779 3426 875 3483 vel
904 3425 1161 3483 Justitiae
1193 3423 1424 3493 Christi,
1470 3424 1566 3481 vel
1604 3423 1805 3500 Verbi,
1859 3431 1917 3482 et
1969 3423 2484 3500 sacramentorum,
2531 3424 2741 3499 quibus
2777 3426 2907 3501 jus-

489 3501 821 3560 tificationis
862 3502 1206 3561 beneficium
1254 3502 1423 3558 nobis
1467 3502 1705 3561 offertur
1748 3511 1806 3562 et
1855 3503 2196 3580 obsignatur
2239 3523 2274 3560 a
2298 3511 2460 3580 parte
2491 3503 2620 3575 Dei,
2652 3524 2780 3579 quae
2809 3506 2909 3564 hic

486 3580 811 3639 necessario
860 3579 1075 3654 requiri
1123 3580 1427 3638 statuimus
1457 3602 1471 3655 ;
1535 3581 1650 3639 Sed
1699 3590 1924 3642 tantum
1952 3582 2027 3640 ad
2044 3582 2436 3642 exclusionem
2460 3583 2644 3641 omnis
2666 3582 2906 3643 alterius

485 3660 718 3719 virtutis
746 3668 804 3719 et
831 3658 1064 3717 habitus
1092 3679 1128 3717 a
1154 3666 1315 3736 parte
1358 3659 1557 3718 nostri.
1605 3660 1777 3720 Unde
1806 3683 1922 3720 non
1950 3670 2038 3719 est
2059 3661 2215 3738 quod
2246 3662 2564 3722 Pontificiis
2591 3682 2699 3720 nos
2720 3673 2905 3717 ἀμφ..

486 3749 681 3802 κασίας
723 3740 990 3801 incusent
1016 3738 1079 3798 in
1104 3741 1214 3799 hoc
1244 3746 1622 3816 argumento;
1655 3742 1822 3816 quasi
1856 3741 2328 3819 justificationem
2358 3742 2529 3800 modo
2559 3742 2759 3819 gratiae
2792 3742 2908 3801 Dei

483 3823 820 3898 tribuamus,
879 3819 1050 3879 modo
1108 3819 1376 3898 sanguini
1432 3819 1663 3895 Christi,
1722 3821 1895 3880 modo
1948 3821 2102 3880 fidei.
2189 3820 2336 3880 Haec
2390 3822 2542 3880 enim
2599 3822 2807 3896 omnia,
2839 3832 2910 3881 ut

482 3902 594 3961 sibi
636 3902 885 3962 invicem
930 3900 1304 3961 subordinata
1344 3900 1407 3958 in
1449 3899 1681 3958 diverso
1722 3921 1932 3977 genere
1975 3921 2180 3976 causae,
2227 3901 2440 3979 optime
2480 3901 2631 3960 inter
2672 3921 2733 3960 se
2769 3920 2907 3960 con-

482 3982 713 4041 sistunt.

562 4061 674 4119 VI.
720 4065 775 4121 3.
808 4062 863 4120 N
866 4080 941 4120 on
970 4061 1263 4138 quaeritur,
1290 4058 1390 4117 An
1416 4060 1561 4118 fides
1580 4059 1857 4134 solitaria,
1878 4060 1956 4118 id.
1981 4068 2244 4137 separata
2265 4081 2298 4118 a
2320 4061 2542 4119 caeteris
2570 4059 2906 4138 virtutibus,

470 4140 771 4219 justificet,
804 4140 960 4219 quod
989 4139 1115 4199 fieri
1156 4160 1276 4199 non
1322 4159 1492 4217 posse
1522 4139 1692 4198 facile
1737 4139 2122 4214 concedimuS,
2157 4160 2287 4198 cum
2316 4139 2626 4218 nequidem
2656 4141 2732 4198 sit
2762 4160 2907 4200 vera

476 4230 534 4280 et
561 4221 700 4279 viva
728 4220 872 4279 fides
902 4242 916 4296 3
980 4220 1097 4279 Sed
1125 4240 1198 4278 an
1227 4222 1350 4278 sola
1378 4227 1683 4278 concurrat
1726 4217 1800 4275 ad
1848 4227 2039 4277 actum
2074 4219 2529 4295 justificationis,
2562 4220 2719 4296 quod
2746 4239 2908 4278 asse·

475 4300 696 4376 rimus;
727 4309 793 4359 ut
841 4300 1044 4359 oculus
1096 4299 1255 4358 solus
1283 4297 1462 4373 videt,
1494 4299 1596 4358 sed
1644 4317 1760 4356 non
1787 4297 2054 4356 revulsus
2096 4318 2130 4356 a
2159 4319 2414 4377 corpore.
2502 4300 2594 4357 Ita
2621 4299 2911 4377 particula

472 4384 595 4439 sola
624 4401 737 4439 non
768 4379 1111 4437 determinat
1141 4377 1484 4455 subjectum,
1516 4378 1620 4437 sed
1647 4377 2037 4455 praedicatum,
2062 4378 2124 4434 id
2152 4386 2258 4449 est,
2287 4381 2412 4436 sola
2426 4382 2580 4457 fides
2607 4399 2720 4437 non
2733 4381 2908 4453 justi-

456 4461 622 4534 ficat,
650 4458 752 4518 sed
767 4461 918 4538 fides
930 4460 1213 4536 justificat
1237 4460 1401 4515 sola:
1445 4477 1562 4515 non
1603 4466 1853 4533 negatur
1890 4458 2247 4516 coexistentia
2293 4460 2589 4519 charitatis
2619 4459 2677 4516 in
2707 4476 2776 4515 eo
2807 4460 2913 4535 qui

462 4538 832 4614 justificatur,
866 4538 968 4597 sed
997 4538 1353 4611 coqfficientia
1380 4537 1478 4595 vel
1508 4537 1836 4614 cooperatio
1863 4536 1926 4594 in
1957 4536 2392 4613 justificatione.
2478 4542 2535 4596 4.
2581 4538 2712 4595 Non
2743 4557 2908 4614 quae-

466 4620 628 4691 ritur,
662 4616 763 4676 An
788 4618 934 4677 fides
963 4637 1087 4695 quoe
1098 4619 1376 4695 jtaetzficat
1402 4616 1478 4676 sit
1507 4636 1750 4694 operosa
1776 4636 1879 4696 per
1900 4616 2258 4692 charitatem,
2283 4617 2421 4693 quia
2442 4618 2587 4677 alias
2606 4636 2721 4675 non
2743 4627 2910 4678 esset
