3221 5200
255 387 477 436 QuAEs'r.
508 365 622 447 ηπ]
1106 384 1184 423 m:
1214 383 1555 424 VOCA‘rtoxss
1586 385 1660 423 ΕΤ
1688 385 1846 424 rum.
2548 368 2666 425 459

254 528 440 606 possit
476 547 591 585 non
632 526 713 584 sic
736 532 977 583 vocatus
1019 526 1204 583 Deum
1248 534 1552 584 vocantem
1576 525 1758 601 sequi,
1781 532 1839 583 et
1861 524 2139 583 converti.
2185 523 2368 602 Cujus
2386 532 2669 601 naturam,

256 617 533 684 quantum
564 605 797 683 quidem
819 625 853 662 a
873 605 1039 664 nobis
1060 606 1275 683 percipi
1305 614 1512 682 potest,
1537 605 1794 682 quinque
1820 604 2320 681 Propositionibus
2342 605 2673 682 complecti-

258 707 403 745 mur.

329 821 340 832 ,
638 819 648 830 ,
680 820 690 831 ,
863 765 983 824 ΧΙ.
1051 766 1246 823 Prima
1295 764 1621 842 Propositio
1646 786 1661 824 ι
1716 765 1834 822 Viae
1892 764 2141 838 Domini,
2189 785 2301 823 non
2349 764 2530 822 minus
2615 764 2674 822 in

258 820 426 865 Pruna
447 819 738 876 Proposmo.
793 843 1020 921 Gratia,
1052 865 1221 922 quam
1250 846 1309 903 in
1336 847 1573 903 Natura
1592 853 1723 902 sunt
1748 852 2094 913 ὰυιξιχιίιηω.
2151 847 2274 903 Nec
2296 854 2480 902 tamen
2507 845 2560 901 si
2584 864 2678 902 ea-

257 950 384 987 rum
415 928 708 1001 rationem,
739 937 793 985 et
819 935 872 982 en?
895 937 1006 993 «ὅς,
1038 928 1192 1001 quod
1216 927 1375 983 Deus
1402 928 1586 983 celare
1606 945 1709 983 nos
1734 925 1922 999 voluit,
1967 926 2192 1001 assequi
2236 946 2347 983 non
2358 944 2676 1000 possumus,

259 1012 400 1068 Ideo
417 1010 683 1084 neqanda
700 1017 795 1083 est,
817 1010 905 1067 vel
921 1008 977 1063 in
996 1006 1220 1063 dubium
1242 1008 1561 1064 revocanda
1585 1014 1665 1062 est
1682 1024 1772 1061 res
1789 1004 1915 1079 ipsa
1932 1013 1999 1078 et,
2026 1014 2078 1059 τὸ
2102 1013 2187 1080 5‘2-0,
2209 1008 2362 1081 quod
2378 1005 2680 1080 perspicue

259 1091 413 1148 nobis
441 1088 714 1147 traditum
744 1089 879 1147 est.'’
967 1086 1116 1143 Nam
1146 1086 1195 1143 si
1224 1086 1284 1142 in
1316 1085 1515 1143 ordine
1547 1083 1940 1142 Providentiae
1985 1084 2266 1142 rationem
2297 1085 2678 1143 Consiliorum

263 1170 393 1243 Dei,
414 1177 472 1227 et
494 1167 728 1226 modum
745 1169 1034 1227 rationum
1063 1166 1189 1242 ejus
1218 1185 1421 1242 capere
1443 1185 1559 1222 non
1578 1183 1904 1241 possumus,
1929 1174 1989 1221 et
2017 1174 2363 1224 ἀκατάληπτον
2386 1184 2512 1222 esse
2542 1164 2682 1222 fate-

260 1249 311 1306 ri
340 1248 619 1325 cogimur,
667 1247 883 1321 Quidni
924 1247 1099 1322 longe
1143 1246 1334 1323 potius
1374 1245 1485 1303 hoc
1515 1245 1741 1303 dicatur
1768 1243 1840 1302 de
1888 1243 2000 1300 viis
2048 1243 2597 1319 Praedestinationis,
2630 1252 2688 1303 et

261 1327 335 1387 de
364 1328 537 1386 modo
568 1328 785 1386 Gratiae
816 1327 1062 1387 efficacis
1091 1333 1150 1383 et
1210 1325 1460 1402 Spiritus
1513 1325 1712 1384 Sancti
1762 1324 1824 1381 in
1850 1323 2020 1381 nobis
2049 1324 2340 1399 operantis
2360 1328 2389 1384 P
2430 1325 2685 1381 maxime

262 1428 393 1467 cum
424 1407 688 1466 Christus
716 1416 976 1481 testetur,
1008 1406 1051 1465 J
1054 1405 1148 1463 oh.
1178 1405 1260 1463 iii.
1292 1408 1345 1480 8,
1404 1405 1682 1483 Spiritum
1732 1405 1907 1463 istum
1952 1423 2078 1462 esse
2123 1404 2305 1463 instar
2351 1407 2530 1480 venti,
2582 1404 2684 1480 qui

263 1508 373 1565 quo
401 1490 519 1546 vult
542 1487 744 1563 spirat,
777 1491 932 1563 cujus
980 1506 1147 1544 sonus
1188 1487 1437 1560 auditur,
1468 1488 1569 1544 sed
1593 1485 1838 1543 nescitur
1878 1486 2026 1542 unde
2053 1484 2255 1559 veniat,
2308 1504 2409 1544 nec
2437 1505 2547 1561 quo
2585 1505 2687 1542 va-

262 1571 403 1644 dat3
453 1567 535 1626 Ut
562 1568 767 1626 innuat
794 1568 956 1625 miris
984 1575 1043 1625 et
1070 1565 1460 1624 ineffabilibus
1488 1565 1678 1624 modis
1706 1565 1766 1623 in
1811 1564 1983 1622 nobis
2032 1565 2272 1642 operari,
2325 1574 2384 1624 et
2431 1566 2569 1623 licet
2596 1564 2688 1622 vis

262 1649 390 1726 ejus
418 1648 818 1725 potentissima
846 1647 1142 1720 sentiatur,
1176 1666 1293 1703 non
1320 1666 1490 1724 posse
1520 1655 1714 1704 tamen
1743 1645 1900 1702 viam
1942 1645 2071 1721 ejus
2116 1644 2391 1721 cognosci
2412 1653 2470 1703 et
2498 1644 2684 1722 expli-

263 1729 399 1786 cari.
487 1729 727 1786 Frustra
755 1748 894 1805 ergo
924 1734 1075 1801 sunt,
1107 1725 1207 1802 qui
1235 1727 1456 1784 vellent
1485 1726 1597 1783 sibi
1625 1733 1888 1784 accurate
1933 1723 2181 1782 describi
2230 1724 2578 1802 operationis
2607 1724 2685 1782 is-

262 1807 379 1866 tius
406 1807 658 1881 modum,
692 1817 750 1867 et
777 1808 1015 1885 quinam
1059 1806 1174 1864 sint
1202 1807 1395 1864 arcani
1426 1806 1521 1863 isti
1550 1813 1759 1879 motuS,
1792 1824 1921 1881 quae
1951 1813 2009 1861 et
2036 1812 2253 1879 quanta
2279 1804 2372 1862 vis
2400 1804 2502 1861 illa
2528 1803 2683 1881 bflex-

261 1888 454 1946 anima
486 1888 734 1965 Spiritus
762 1888 989 1964 agentis
1017 1886 1076 1943 in
1106 1885 1377 1943 cordibus
1408 1886 1758 1957 Electorum,
1790 1893 1848 1942 et
1889 1884 2100 1959 quibus
2151 1883 2427 1960 gradibus
2476 1891 2535 1941 et
2562 1902 2683 1940 mo·

260 1968 472 2027 mentis
500 1988 645 2044 opus
674 1988 841 2026 suum
868 1973 1222 2044 promoveat,
1256 1985 1386 2022 cum
1414 1964 1523 2022 hoc
1553 1964 1946 2040 experimento
1969 1962 2161 2039 potius
2190 1962 2485 2037 sentiatur,
2518 1981 2690 2039 quam

264 2048 486 2106 ratione
515 2047 793 2124 explicari
822 2055 1012 2122 queat.
1100 2045 1233 2102 Non
1260 2063 1426 2103 secus
1455 2064 1521 2101 ac
1550 2044 1759 2101 mulier
1786 2042 2028 2119 gravida
2057 2042 2285 2119 ignorat
2327 2043 2537 2119 quibus
2566 2062 2686 2100 mo-

265 2127 356 2185 dis
383 2128 557 2184 foetus
587 2127 781 2184 vitalis
810 2125 1197 2183 conformetur
1224 2133 1283 2181 et
1310 2132 1545 2181 crescat.
1637 2123 1942 2199 l'erperam
1971 2132 2163 2180 tamen
2206 2142 2281 2180 ex
2324 2122 2686 2198 ignoratione

265 2206 424 2263 modi
453 2206 515 2262 in
548 2206 843 2282 Scriptura
870 2225 987 2262 non
1016 2203 1272 2277 revelati,
1305 2212 1363 2261 et
1405 2203 1571 2260 nobis
1593 2202 1669 2259 ad
1691 2203 1934 2260 salutem
1957 2202 2195 2278 cognitu
2237 2222 2438 2278 parum
2487 2222 2684 2261 neces-

267 2285 420 2359 sarii,
439 2285 513 2342 ad
525 2286 606 2342 rei
627 2285 809 2360 ipsius
831 2284 1216 2360 negationem,
1240 2302 1368 2359 quae
1381 2290 1498 2340 tam
1510 2282 1663 2340 clare
1676 2282 1989 2340 traditurin
2006 2282 2319 2358 Scriptura,
2339 2282 2686 2359 proceditur.

880 2364 1037 2421 ΧΗ.
1125 2362 1392 2421 Secundo
1436 2362 1763 2439 Propositio
1789 2384 1802 2420 ε
1851 2361 2074 2421 Gratim
2132 2363 2365 2434 efficacis
2422 2363 2589 2420 motio
2631 2364 2689 2420 in

296 2418 733 2522 Secungztxioljropo-
793 2444 1009 2502 homine
1077 2462 1189 2500 non
1248 2462 1307 2500 se
1367 2443 1530 2500 habet
1587 2444 1672 2500 ad
1724 2444 1952 2500 modum
2019 2450 2190 2516 actm,
2250 2445 2338 2500 vel
2392 2462 2691 2500 concursus

794 2533 1009 2581 tantum
1057 2523 1390 2597 simultanei,
1450 2524 1553 2580 sed
1606 2523 1774 2580 etiam
1843 2524 1926 2580 ad
1991 2524 2215 2580 modum
2273 2523 2561 2599 princzpii,
2636 2531 2689 2580 et

258 2605 471 2680 proevii
521 2624 834 2679 concursus,
869 2625 964 2662 scu
1003 2603 1628 2679 praedemimtionis.
1725 2602 2049 2680 Opponitur
2107 2603 2438 2680 Pelagianis
2480 2604 2688 2661 veteri-

269 2685 379 2744 bus
424 2693 483 2743 et
529 2685 716 2758 novis,
778 2686 877 2761 qui
928 2703 1269 2743 concursum
1329 2703 1557 2742 omnem
1602 2683 1884 2760 praevium
1942 2692 2240 2761 negantes,
2281 2692 2400 2742 tam
2450 2683 2510 2740 in
2543 2683 2688 2742 Gra-

268 2765 366 2839 tia,
413 2785 588 2842 quam
637 2765 696 2821 in
746 2766 985 2839 Natura,
1035 2763 1384 2841 pertendunt
1430 2783 1546 2822 non
1591 2764 1760 2822 aliter
1807 2783 2143 2822 concurrere
2196 2764 2385 2822 Deum
2414 2763 2473 2821 in
2518 2764 2687 2839 bono,

268 2864 442 2921 quam
470 2865 573 2922 per
600 2844 835 2903 modum
858 2854 1037 2919 actus,
1069 2846 1170 2921 qui
1197 2844 1447 2921 attingat
1474 2844 1708 2920 quidem
1738 2842 2022 2918 effectum,
2055 2843 2158 2902 sed
2186 2863 2302 2901 non
2345 2864 2593 2919 causam,
2625 2854 2691 2903 ut

270 2925 456 2999 gratia
482 2925 593 2982 Dei
620 2934 679 2983 et
706 2925 977 2984 voluntas
1004 2925 1253 2983 hominis
1284 2924 1675 3001 concipienda}
1706 2923 1820 2981 sint
1839 2933 2112 3001 tanquam
2141 2924 2271 2981 duae
2302 2945 2490 2982 causae
2519 2924 2690 2982 sociae

270 3013 329 3062 et
358 3003 705 3061 coordinatae
733 3005 807 3061 ad
837 3005 1074 3063 effectus
1101 3004 1554 3079 productionem,
1587 3013 1651 3062 ut
1678 3003 1794 3061 duo
1824 3004 1958 3079 equi
1980 3002 2226 3061 eundem
2249 3005 2541 3062 trahentes
2564 3024 2690 3061 cur·

272 3102 416 3140 rum.
506 3081 621 3140 Sed
650 3091 714 3141 ut
741 3083 1143 3141 necessitatem
1172 3102 1486 3140 concursus
1513 3082 1716 3158 praevii
1746 3102 1846 3140 seu
1874 3082 2488 3159 praedeterminationis
2519 3083 2576 3139 in
2595 3084 2692 3141 via

273 3161 662 3220 Providentiae
692 3161 1102 3236 adstruximus,
1138 3162 1274 3218 Loc.
1307 3161 1419 3218 VI.
1452 3161 1560 3234 Ωιι.
1593 3182 1671 3234 vn,
1705 3180 1829 3218 eam
1880 3161 2053 3218 etiam
2081 3161 2254 3237 longe
2306 3162 2509 3219 fortius
2557 3163 2690 3220 reti·

271 3241 517 3300 nendam
547 3242 607 3298 in
637 3241 906 3318 operibus
935 3240 1154 3299 Gratiae
1183 3259 1501 3298 censemus.
1587 3241 1733 3298 Cum
1763 3239 1914 3296 enirn
1944 3240 2214 3298 voluntas
2241 3260 2344 3317 per
2391 3250 2689 3316 peccatum

272 3341 389 3379 non
417 3320 589 3379 modo
618 3321 843 3379 infirma
871 3321 1022 3379 facta
1050 3320 1141 3394 sit,
1173 3319 1275 3377 sed
1304 3319 1475 3396 plane
1524 3320 1811 3395 impotens
1839 3327 1898 3377 et
1945 3329 2187 3395 mortua,
2218 3328 2283 3378 ut
2313 3339 2416 3378 suo
2445 3321 2573 3378 loco
2603 3321 2689 3378 vi·

274 3421 418 3476 sum,
453 3401 591 3460 Loc.
626 3402 709 3459 X.
740 3401 812 3459 de
865 3401 993 3458 Lib.
1046 3400 1193 3458 Arb.
1226 3399 1292 3473 Q.
1325 3399 1402 3474 iv,
1435 3409 1493 3458 et
1522 3399 1759 3457 inferius
1815 3398 2004 3457 adhuc
2031 3399 2402 3476 probabitur;
2450 3401 2691 3460 Frustra

275 3484 436 3541 Deus
468 3489 832 3541 concurreret
880 3490 1103 3539 tantum
1131 3500 1235 3557 per
1281 3479 1517 3537 modum
1547 3487 1712 3537 actus
1768 3499 1870 3538 seu
1917 3499 2104 3537 causae
2151 3480 2322 3538 sociae
2351 3500 2482 3538 cum
2509 3480 2692 3540 libero

275 3562 539 3621 Arbitrio
567 3562 644 3620 ad
672 3582 796 3620 eam
828 3560 1313 3634 convertendam3
1358 3559 1469 3618 nisi
1500 3579 1602 3636 per
1629 3559 1864 3617 modum
1894 3559 2160 3637 principii
2189 3563 2249 3618 in
2272 3560 2455 3637 ipsam
2485 3560 2689 3619 volun-

274 3651 451 3701 tatem
481 3642 746 3700 influeret
774 3642 848 3699 ad
870 3661 996 3700 eam
1027 3640 1419 3700 renovandam
1468 3650 1527 3699 et
1574 3639 2001 3715 vivificandam,
2050 3649 2116 3699 ut
2166 3641 2276 3699 ista
2330 3650 2608 3700 renovata
2636 3650 2694 3700 et

277 3730 408 3780 acta
436 3742 471 3778 a
502 3723 626 3779 Deo
655 3730 855 3798 ageret
876 3732 1148 3799 tanquam
1168 3741 1358 3794 causa,
1380 3740 1495 3778 non
1520 3720 1676 3778 socia
1704 3728 1763 3778 et
1791 3720 2142 3794 coordinata,
2176 3721 2278 3779 sed
2297 3720 2688 3796 subordinata,

275 3820 404 3875 quse
451 3819 678 3857 omnem
729 3820 892 3858 suam
935 3803 1209 3860 virtutem
1254 3811 1313 3860 et
1341 3801 1652 3859 efficaciam
1702 3820 1736 3857 a
1765 3800 1965 3876 gratiae
2022 3799 2245 3858 influxu
2291 3801 2500 3870 trahat,
2542 3802 2698 3876 quod

280 3879 576 3954 Scriptura
602 3898 704 3954 per
732 3881 1095 3955 creationem,
1129 3881 1640 3956 regenerationem,
1671 3879 2165 3953 resurrectionem,
2198 3888 2256 3938 et
2285 3878 2502 3936 similes
2524 3880 2692 3955 phra-

276 3977 369 4015 ses
398 3957 545 4014 solet
573 3957 895 4033 designare.
982 3960 1060 4016 Et
1090 3959 1457 4035 Augustinus
1484 3978 1602 4016 non
1633 3958 1810 4016 semel
1837 3958 2107 4030 insinuat,
2152 3965 2218 4017 ut
2247 3957 2480 4015 Euchir.
2513 3979 2560 4015 c.
2595 3962 2690 4033 32,

278 4039 314 4070 ‘⁴
341 4035 624 4095 Praecedit
651 4036 803 4094 bona
829 4037 1102 4096 voluntas
1129 4037 1312 4095 multa
1339 4037 1491 4095 dona
1514 4037 1643 4112 Dei,
1670 4036 1772 4094 sed
1799 4057 1916 4094 non
1946 4036 2154 4110 omnia,
2202 4056 2331 4113 quae
2381 4037 2534 4095 enim
2579 4057 2694 4096 non

274 4116 565 4196 praecedit,
597 4116 658 4174 in
686 4115 758 4174 iis
787 4124 876 4174 est
903 4117 1087 4192 ipsa,''
1120 4125 1177 4174 et
1208 4115 1336 4174 Lib.
1368 4116 1439 4175 de
1470 4117 1609 4175 Gra.
1644 4114 1779 4173 Chr.
1812 4136 1935 4192 cap.
1967 4120 2061 4191 24,
2084 4116 2241 4191 dicit,
2277 4120 2312 4149 “
2337 4118 2543 4191 Deum,
2575 4137 2690 4178 non

279 4199 454 4276 Lege,
486 4206 588 4256 aut
615 4196 879 4256 doctrina
906 4195 1223 4254 forinsecus
1252 4196 1570 4269 insonante,
1617 4195 1720 4254 sed
1747 4196 1973 4254 interna
2021 4204 2192 4272 atque
2243 4197 2485 4272 occulta,
2526 4198 2694 4257 mira·

275 4279 380 4338 bili
408 4288 467 4337 et
494 4276 773 4336 ineffabili
801 4284 1103 4354 potestate,
1139 4275 1361 4352 operari
1389 4275 1447 4332 in
1477 4275 1748 4333 cordibus
1789 4275 2104 4348 hominum,
2156 4296 2272 4334 non
2312 4277 2498 4334 solum
2527 4298 2695 4338 veras

278 4358 682 4427 revelationes»,
714 4356 818 4415 sed
847 4356 1021 4415 etiam
1050 4357 1232 4414 bonas
1260 4355 1649 4413 voluntate8.''
1699 4355 1793 4413 Sic
1825 4355 2005 4432 Hugo
2035 4355 2105 4414 de
2140 4356 2199 4414 S.
2230 4356 2425 4416 Victo,
2457 4356 2528 4414 de
2562 4358 2690 4418 Sac.

280 4438 466 4512 Fidei,
501 4437 764 4497 “Gratia
791 4437 1111 4515 reparatrix
1152 4436 1367 4513 aspirat
1407 4434 1592 4512 primo
1637 4434 1849 4493 bonam
1879 4436 2237 4494 voluntatem
2266 4445 2332 4495 ut
2360 4438 2450 4510 sit,
2484 4436 2692 4498 deinde

279 4517 521 4594 inspirat
548 4537 692 4593 eam,
724 4526 790 4575 ut
817 4525 1155 4592 moveatur3
1200 4516 1384 4593 primo
1413 4522 1682 4592 operatur
1709 4535 1852 4591 eam,
1885 4515 2093 4574 deinde
2136 4537 2238 4593 per
2265 4518 2451 4576 eam.'’

889 4598 1078 4655 XIII.
1122 4596 1319 4655 Tertia
1348 4595 1704 4673 Propositio:
1743 4597 1817 4653 Ut
1863 4597 2146 4654 conversio
2173 4598 2270 4654 sub
2299 4599 2511 4674 duplici
2541 4601 2703 4663 σχίηι

804 4678 1052 4754 spectari
1068 4686 1266 4753 potest,
1287 4679 1374 4735 vel
1390 4686 1453 4734 ut
1478 4676 1790 4752 habitualis,
1821 4680 1909 4734 vel
1947 4686 2008 4734 ut
2047 4677 2301 4753 actualis,
2347 4679 2445 4736 Ad
2481 4685 2694 4736 utram-

282 4650 449 4695 'l'ertia
472 4651 762 4709 propositio.
