3221 5200
433 328 550 385 632
1241 341 1424 381 Locus
1456 342 1716 382 naeuius
1747 342 2054 383 ssprmrs.
2509 321 2762 404 [QUAES'I'.
2795 342 2858 383 v·

434 487 545 545 rito
573 484 753 559 reddi,
780 483 881 541 sed
910 503 1034 542 esse
1060 482 1375 559 gratuitum
1398 483 1631 558 donum,
1657 484 1812 560 quod
1842 505 1915 542 ex
1946 504 2103 541 mera
2123 484 2466 543 liberalitate
2488 485 2857 542 conferatur?

437 566 606 641 Quod
636 566 888 641 August.
919 565 1065 622 bene
1095 563 1365 622 observat
1385 563 1456 622 de
1481 565 1644 622 Grat.
1671 575 1728 622 et
1759 564 1887 622 Lib.
1919 564 2065 622 Arb.
2097 585 2221 641 cap.
2254 567 2317 639 9;
2367 567 2402 598 “
2423 565 2566 623 Cum
2596 565 2850 642 posset‚’'

436 646 640 723 inquit,
675 644 931 721 “dicere,
952 644 1313 722 Stipendium
1325 644 1569 721 justitiae
1593 644 1715 701 vita
1737 653 1965 720 oeterna,
1986 645 2189 702 maluit
2211 645 2418 720 dicere,
2442 646 2645 704 Gratia
2665 653 2856 702 autem

435 727 559 785 vita
587 735 817 800 aeterna,
850 733 913 783 ut
941 725 1074 783 hinc
1103 723 1572 801 intelligeremuS,
1607 744 1721 782 nou
1766 745 1869 802 pro
1918 725 2137 783 meritis
2181 726 2393 783 nostris
2430 726 2618 784 Deum
2647 744 2752 782 nos
2782 722 2857 781 ad

437 806 618 864 vitam
647 814 937 881 aeternam,
986 804 1088 864 sed
1132 825 1234 880 pro
1285 825 1389 861 sua
1437 805 1804 863 miseratione
1848 805 2218 882 perducere.''
2305 806 2526 864 Eodem
2572 806 2860 882 pertinent

439 887 601 945 varia
628 887 729 944 illa
755 886 900 961 loca,
933 886 1031 944 ubi
1062 885 1216 942 salus
1239 883 1450 942 dicitur
1478 905 1603 943 esse
1636 906 1670 943 a
1699 886 2105 960 misericordia,
2140 886 2294 943 Psal.
2326 886 2441 944 ciii.
2470 890 2525 961 4,
2560 890 2596 918 ‘⁶
2618 885 2731 959 Qui
2759 904 2852 941 co·

439 976 605 1026 ronat
632 976 688 1025 te
708 965 1095 1024 misericordia
1114 984 1127 1036 3
1148 964 1180 989 ’¹
1203 963 1353 1039 Eph.
1379 964 1437 1022 ii.
1470 967 1525 1039 8,
1558 967 1614 1041 9,
1664 968 1699 997 “
1720 967 1924 1025 Gratia
1942 968 2155 1025 servati
2177 966 2343 1040 estis;
2362 967 2394 993 ''
2417 973 2513 1025 διο.
2558 966 2672 1024 Tit.
2694 964 2773 1022 iii.
2799 965 2854 1039 5,

440 1050 476 1080 ‘⁴
501 1046 899 1104 Misericordia
927 1064 1030 1102 sua
1058 1044 1314 1102 servavit
1335 1046 1500 1119 nos,'’
1526 1043 1634 1104 Suc.
1720 1047 1864 1104 Cum
1894 1048 2042 1105 euim
2073 1047 2462 1105 misericordia
2510 1046 2586 1106 sit
2614 1044 2866 1122 gratuita

440 1137 498 1184 et
527 1126 799 1198 indebita,
832 1125 879 1182 si
909 1124 1065 1182 salus
1088 1131 1176 1181 est
1204 1144 1238 1181 a
1266 1125 1675 1200 misericordia,
1706 1146 1823 1185 non
1851 1136 2042 1204 potest
2069 1147 2194 1185 esse
2223 1147 2257 1184 a
2285 1127 2521 1185 meritis.

517 1205 733 1262 XVII.
780 1205 1020 1261 Frustra
1048 1204 1345 1281 reponitur
1374 1206 1553 1264 vitam
1583 1216 1856 1265 aeternam
1887 1207 2000 1265 dici
2029 1208 2289 1284 gratiam,
2315 1227 2432 1265 non
2453 1206 2611 1283 quod
2638 1225 2755 1262 non
2786 1204 2864 1262 sit

440 1304 658 1342 merces
688 1283 892 1358 meriti,
925 1283 1027 1341 sed
1056 1285 1194 1360 quia
1222 1285 1347 1362 ipsa
1394 1286 1599 1343 merita
1645 1297 1779 1346 sunt
1824 1307 1898 1344 ex
1943 1287 2144 1362 gratia..
2232 1287 2380 1361 Quia
2428 1287 2540 1344 ista
2585 1294 2719 1344 sunt
2746 1294 2863 1341 ἀσό-

443 1391 615 1436 mma,
648 1362 785 1420 dare
824 1363 1044 1439 aliquid
1072 1384 1146 1421 ex
1177 1365 1380 1439 gratia,
1418 1374 1476 1422 et
1521 1364 1657 1423 dare
1707 1386 1781 1423 ex
1825 1367 2045 1440 merit0,
2078 1366 2344 1425 meritum
2394 1367 2546 1423 enim
2577 1365 2712 1422 facit
2741 1387 2861 1425 rem

442 1442 693 1500 debitam
718 1464 731 1517 ;
778 1451 837 1500 at
879 1443 1065 1519 gratia
1108 1443 1426 1500 indebitam
1475 1445 1783 1519 supponit;
1829 1444 2105 1519 quicquid
2149 1465 2287 1520 ergo
2323 1445 2491 1501 datur
2535 1465 2609 1501 ex
2656 1446 2860 1519 gratia,

441 1542 558 1580 non
586 1530 774 1599 potest
804 1521 925 1579 dari
955 1542 1030 1580 ex
1058 1522 1279 1595 merit0,
1312 1521 1455 1579 alias
1496 1523 1683 1597 gratia
1725 1542 1838 1579 nou
1881 1533 2034 1581 esset
2076 1524 2279 1598 gratia,
2327 1524 2472 1579 Rom
2505 1523 2586 1579 xi.
2619 1526 2671 1594 6,
2704 1524 2864 1597 quod

444 1603 565 1680 ipse
592 1602 864 1661 Bellarm.
883 1622 999 1660 non
1021 1600 1310 1673 diffitetur,
1331 1601 1430 1677 qui
1450 1600 1605 1676 dicit,
1632 1622 1754 1678 cap.
1779 1601 1918 1676 xiim,
1949 1601 2010 1658 in
2038 1602 2333 1679 pensando
2351 1600 2574 1675 merim,
2599 1609 2657 1659 et
2679 1601 2859 1659 tribu-

444 1682 594 1742 enda
617 1682 812 1742 debita
839 1682 1117 1757 mercede,
1142 1682 1428 1759 justitiam
1450 1681 1737 1757 quandam
1760 1681 2228 1740 commutativam
2251 1682 2523 1755 exerceri,
2544 1681 2624 1738 id.
2644 1702 2770 1739 eam
2804 1681 2868 1739 in

443 1783 559 1841 qua
586 1763 729 1822 eitra
757 1783 983 1822 omnem
1011 1782 1381 1841 personarum
1409 1761 1688 1820 rationem
1718 1770 1978 1820 servatur
2007 1761 2066 1819 in
2081 1761 2285 1832 adando
2314 1770 2372 1820 et
2399 1761 2736 1839 accipiendo
2764 1761 2866 1820 de·

445 1845 568 1906 bita
596 1844 895 1921 aequalitas
924 1843 1239 1903 secundum
1268 1841 1623 1919 qualitatem.

446 1963 490 2010 ²·
510 1966 709 2024 ΑΜΕ
729 1963 931 2010 ⁰¹¹¹·³⁵‘¹·
971 2012 1030 2063 et
1054 1923 1303 2062 {31}ssss
1330 1922 2867 2079 ffatsstfflfflffl‘ssd‘}ffiffifflffissffi

448 2083 614 2145 locus
641 2084 863 2143 meritis
891 2083 1120 2159 nostris,
1154 2083 1289 2142 Act.
1316 2103 1419 2140 xx.
1450 2085 1544 2158 28,
1580 2083 1734 2141 Heb.
1766 2083 1844 2141 ix.
1881 2086 1973 2157 12,
2006 2083 2142 2141 Act.
2173 2083 2251 2141 iv.
2288 2087 2379 2141 12.
2465 2083 2640 2141 Ratio
2669 2103 2867 2142 couse-

449 2164 703 2242 quentiae
724 2165 940 2241 petitur
960 2185 1035 2222 ex
1054 2164 1247 2222 variiS.
1318 2166 1369 2220 1.
1416 2163 1563 2237 Quia
1585 2164 1840 2222 actiones
1861 2170 2115 2235 θιωδμηὶ
2138 2174 2196 2222 et
2219 2163 2661 2239 Redemptoriae,
2682 2164 2872 2239 qualis

447 2254 538 2304 est
566 2246 693 2320 ista,
724 2245 807 2302 ita
835 2254 970 2303 sunt
998 2244 1240 2321 propriae
1272 2243 1517 2317 Christ0‚
1550 2252 1616 2302 ut
1648 2244 1777 2301 aliis
1807 2243 1921 2302 sint
1950 2244 2120 2319 plane
2150 2251 2447 2317 ἀκοινώνητα,
2479 2242 2616 2319 quia
2644 2244 2718 2301 ad
2746 2243 2866 2301 offi-

451 2326 607 2384 cium
634 2325 924 2402 pertinent
967 2324 1054 2382 illi
1098 2324 1207 2382 soli
1252 2322 1680 2381 demandatum.
1765 2328 1820 2382 2.
1867 2323 2015 2397 Quia
2063 2322 2217 2400 quod
2247 2331 2334 2380 est
2361 2343 2464 2398 per
2493 2343 2553 2381 se
2583 2331 2641 2381 et
2668 2323 2867 2381 imme-

447 2404 601 2464 diate
651 2403 1195 2463 sufficientissimum
1239 2401 1314 2460 ad
1355 2403 1507 2478 juris
1554 2403 1801 2480 alicujus
1849 2404 2301 2479 acquisitionem,
2333 2423 2449 2460 non
2499 2422 2643 2479 opus
2691 2404 2867 2461 habet

445 2485 817 2559 adjunctione
867 2483 1103 2541 alterius
1146 2483 1231 2540 rei
1279 2482 1354 2540 ad
1400 2482 1543 2540 illud
1593 2483 2024 2560 acquirendum.
2120 2484 2204 2541 At
2251 2481 2367 2540 tale
2422 2502 2549 2540 esse
2599 2484 2863 2542 meritum

446 2564 660 2623 Christi
690 2582 857 2622 nemo
887 2583 1098 2639 negare
1126 2570 1335 2640 potest.
1420 2565 1476 2621 3.
1522 2563 1654 2622 Hoc
1701 2573 1897 2641 aperte
1943 2563 2184 2640 derogat
2217 2563 2437 2621 meritis
2467 2562 2698 2637 Christi,
2729 2582 2864 2621 nam

455 2664 583 2702 cum
615 2644 819 2700 mereri
849 2642 924 2701 sit
954 2643 1056 2715 jus
1084 2643 1320 2719 aliquod
1359 2662 1706 2719 comparare,
1738 2644 1895 2720 quod
1923 2654 2093 2702 antea
2137 2664 2250 2701 non
2295 2644 2650 2719 habebatur3
2697 2645 2744 2701 si
2773 2645 2876 2702 ho·

444 2724 629 2780 mines
657 2721 925 2797 operibus
954 2721 1074 2778 suis
1103 2721 1315 2778 debent
1344 2723 1546 2778 mereri
1574 2722 1772 2796 vitam,
1805 2724 2064 2799 sequitur
2092 2724 2221 2780 illos
2250 2732 2381 2781 ante
2412 2743 2516 2781 sua
2541 2723 2746 2782 merita
2766 2725 2867 2800 jus

449 2800 524 2860 ad
551 2800 709 2857 illam
738 2819 854 2855 non
882 2798 1171 2871 habuisse,
1203 2809 1260 2857 et
1303 2799 1385 2855 sic
1428 2800 1717 2858 Christum
1763 2822 1879 2857 non
1921 2802 2168 2876 perfecte
2199 2802 2357 2858 illam
2387 2803 2680 2876 meruisse,
2712 2804 2869 2879 quod

452 2882 575 2941 sine
604 2877 961 2956 blasphemia
989 2876 1103 2935 dici
1141 2878 1357 2954 nequit.
1446 2879 1686 2936 Fatetur
1729 2880 1881 2937 bona
1927 2881 2182 2938 coelestia
2228 2882 2303 2938 ad
2332 2902 2391 2940 se
2422 2903 2536 2939 non
2565 2883 2866 2959 pertinere,

452 2962 551 3041 qui
582 2982 649 3020 ea
678 2960 797 3019 suis
825 2956 1043 3016 meritis
1072 2957 1200 3017 vult
1243 2958 1555 3034 consequi;
1604 2959 1809 3036 Ejurat
1850 2959 2080 3018 titulum
2127 2961 2388 3036 haerediS,
2420 2962 2521 3039 qui
2568 2962 2696 3020 vult
2740 2983 2867 3023 esse

454 3065 545 3103 em
587 3051 695 3103 tor.

537 3064 726 3182 ΞΙΧ.
776 3122 908 3183 Scio
953 3122 1047 3180 hic
1096 3122 1322 3199 excipi:
1366 3125 1419 3181 1.
1472 3120 1683 3181 Merita
1724 3131 1921 3182 nostra
1967 3143 2083 3181 non
2129 3122 2469 3200 opponenda
2496 3142 2623 3181 esse
2652 3122 2872 3181 meritis

457 3205 689 3278 Christi,
721 3224 851 3262 curn
881 3224 952 3263 ex
1003 3202 1120 3261 illis
1160 3212 1486 3277 nascantur,
1518 3213 1577 3261 et
1604 3203 1888 3281 quidquid
1936 3204 2126 3262 laudis
2172 3203 2404 3277 habent,
2452 3202 2513 3260 id
2568 3211 2751 3261 totum
2783 3223 2869 3261 re-

455 3286 712 3344 dundare
742 3285 801 3341 in
842 3283 1071 3342 laudem
1101 3283 1433 3342 meritorum
1479 3283 1692 3343 Christi
1717 3306 1730 3357 3
1778 3285 1899 3343 Nec
1942 3283 2153 3360 requiri
2183 3283 2387 3341 merita
2413 3290 2610 3341 nostra
2637 3292 2871 3358 propter

456 3364 914 3423 insufficientiam
971 3364 1225 3439 aliquam
1281 3364 1613 3422 meritorum
1672 3365 1902 3439 Christi,
1962 3364 2065 3422 sed
2120 3372 2352 3440 propter
2417 3363 2728 3420 maximam
2771 3381 2868 3419 eo-

457 3465 582 3501 rum
639 3443 967 3516 efficaciam,
1027 3443 1239 3519 quippe
1285 3444 1385 3519 qui
1443 3465 1478 3501 a
1529 3444 1653 3501 Deo
1710 3444 1855 3502 illud
1911 3443 2238 3516 obtinuerit,
2290 3451 2355 3501 ut
2409 3462 2708 3520 possemus
2762 3461 2871 3499 nos

456 3523 567 3598 ipsi
612 3522 857 3597 propriis
901 3521 1120 3579 meritis
1167 3522 1346 3579 vitam
1375 3524 1666 3599 consequi,
1718 3532 1783 3582 ut
1812 3524 1967 3600 quod
1999 3524 2158 3582 Deus
2207 3522 2339 3581 Sole
2394 3522 2575 3581 utitur
2601 3521 2676 3579 ad
2702 3541 2867 3579 mun-

458 3601 594 3659 dum
625 3598 1047 3671 illustrandum,
1079 3618 1195 3655 non
1225 3609 1313 3658 est
1341 3600 1533 3675 aliqua
1561 3603 1926 3660 imbecillitas
1949 3603 2007 3659 in
2034 3604 2175 3677 DcO,
2222 3602 2324 3661 sed
2346 3602 2472 3678 ejus
2511 3601 2867 3677 omnipoten-

455 3682 551 3755 tia,
583 3680 681 3757 qui
714 3698 825 3737 non
857 3677 1042 3734 solum
1072 3678 1260 3753 potuit
1288 3678 1431 3735 illud
1454 3680 1639 3736 facere
1662 3700 1765 3756 per
1787 3701 1864 3753 se,
1889 3681 1991 3739 sed
2020 3682 2192 3739 etiam
2222 3682 2305 3739 rei
2334 3690 2539 3741 creatas
2569 3682 2686 3738 vim
2716 3680 2861 3738 illud

458 3760 704 3821 faciendi
735 3758 1002 3818 tribuere.
1092 3757 1265 3835 Resp.
1300 3757 1415 3815 Sed
1444 3759 1624 3834 gratis
1669 3760 1780 3817 ista
1797 3761 2108 3837 finguntur,
2142 3781 2271 3818 nam
2295 3762 2498 3820 merita
2525 3770 2721 3819 nostra
2749 3780 2865 3818 non

458 3850 699 3922 possunt
729 3838 993 3917 componi
1018 3858 1146 3897 cum
1198 3837 1416 3897 meritis
1453 3838 1684 3913 Christi,
1717 3860 1822 3898 uec
1872 3848 1936 3899 ut
1964 3860 2151 3899 causae
2182 3841 2369 3916 sociae,
2402 3842 2460 3898 in
2490 3842 2701 3918 quibus
2745 3860 2864 3898 non

458 3932 547 3982 est
575 3921 959 3999 dependentia
986 3919 1158 3979 unius
1187 3919 1260 3978 ab
1298 3919 1512 3995 altera;
1560 3928 1624 3978 ut
1652 3920 1998 3998 pertendunt
2026 3940 2152 3980 esse
2181 3921 2330 3979 inter
2358 3922 2624 3980 meritum
2654 3921 2868 3980 Christi

459 4014 518 4062 et
545 4013 757 4073 nostra,
811 4011 868 4060 et
922 4021 1051 4078 quae
1081 4000 1345 4059 effectum
1389 3999 1706 4077 partialiter
1735 4021 1848 4058 non
1899 4002 2154 4060 totaliter
2207 4002 2549 4079 producunt,
2595 4000 2750 4077 quod
2794 4001 2867 4059 de

461 4084 687 4141 Christo
718 4081 832 4139 dici
860 4081 1077 4157 nequit,
1104 4081 1201 4156 qui
1232 4089 1320 4139 est
1347 4100 1459 4138 non
1484 4080 1655 4139 modo
1681 4081 1927 4147 Author,
1961 4082 2061 4139 sed
2083 4090 2140 4141 et
2160 4082 2600 4141 Consummator
2628 4081 2831 4140 salutis
2854 4104 2869 4156 ;

459 4164 579 4221 Nec
609 4173 673 4220 ut
701 4181 889 4219 causae
936 4160 1279 4219 subalternae
1328 4169 1386 4218 ct
1432 4160 1836 4235 subordinatas,
1868 4162 2005 4238 quia
2047 4164 2311 4220 meritum
2344 4183 2419 4220 ex
2476 4182 2536 4220 se
2564 4182 2681 4220 non
2720 4161 2864 4221 dicit

460 4243 719 4301 ordinem
765 4241 837 4298 ad
881 4241 1037 4298 aliud
1077 4240 1358 4312 meritum,
1392 4241 1493 4298 sed
1539 4243 1731 4317 potius
1760 4251 2081 4318 respectum
2111 4241 2185 4300 ad
2213 4242 2551 4300 mercedem.
2638 4246 2694 4299 2.
2740 4249 2868 4295 ’Aeb-

461 4350 627 4377 σηοω
656 4330 745 4379 est
772 4321 962 4378 dicere
992 4341 1065 4377 ex
1095 4320 1312 4379 meritis
1343 4319 1553 4378 Christi
1583 4321 1743 4379 nasci
1773 4322 1977 4380 merita
2004 4332 2216 4397 nostra,
2262 4322 2397 4398 quia
2428 4330 2490 4380 ut
2531 4341 2646 4377 non
2675 4327 2868 4397 potest

460 4402 572 4461 dici
619 4424 694 4461 ex
726 4400 936 4459 Christi
977 4399 1367 4476 redemptione
1407 4401 1565 4457 nasci
1607 4401 1776 4458 aliam
1823 4400 2310 4478 redemptionem3
2359 4402 2450 4459 Ita
2498 4420 2603 4459 nec
2632 4420 2706 4457 ex
2737 4400 2867 4475 ejus

457 4482 661 4540 merito
691 4480 951 4557 generari
981 4479 1138 4537 aliud
1167 4480 1427 4537 meritum
1453 4501 1468 4553 ς
1514 4490 1572 4539 et
1599 4489 1663 4539 ut
1693 4480 1954 4539 Christus
1983 4501 2097 4538 non
2125 4481 2390 4557 producit
2431 4481 2574 4537 alios
2605 4479 2868 4538 Christos

454 4561 826 4634 secundat-im
896 4560 986 4617 Ita
1015 4579 1119 4617 nee
1176 4560 1303 4635 ejus
1332 4558 1594 4617 meritum
1642 4561 1756 4618 alia
1811 4559 2063 4618 secunda
2105 4562 2325 4619 merita.
2425 4564 2480 4617 3.
2525 4558 2860 4617 Falsissime

448 4641 620 4699 etiam
645 4639 853 4696 dicitur
883 4639 1145 4697 Christus
1168 4638 1332 4695 nobis
1363 4639 1636 4697 meruisse
1666 4642 1777 4698 vim
1804 4640 2077 4716 merendi,
2110 4641 2246 4717 quia
2275 4640 2356 4697 sic
2388 4640 2651 4697 Christus
2675 4639 2861 4715 ipsam
