<?xml version="1.0" encoding="UTF-8"?>
<!DOCTYPE html PUBLIC "-//W3C//DTD XHTML 1.0 Transitional//EN"
    "http://www.w3.org/TR/xhtml1/DTD/xhtml1-transitional.dtd">
<html xmlns="http://www.w3.org/1999/xhtml" xml:lang="en" lang="en">
 <head>
  <title>
</title>
<meta http-equiv="Content-Type" content="text/html;charset=utf-8" />
  <meta name='ocr-system' content='tesseract 3.04.00' />
  <meta name='ocr-capabilities' content='ocr_page ocr_carea ocr_par ocr_line ocrx_word'/>
</head>
<body>
  <div class='ocr_page' id='page_1' title='image "./institutiotheol01turrgoog_0574.png"; bbox 0 0 3221 5200; ppageno 0'>
   <div class='ocr_carea' id='block_1_1' title="bbox 531 257 2984 338">
    <p class='ocr_par' dir='ltr' id='par_1_1' title="bbox 531 257 2984 338">
     <span class='ocr_line' id='line_1_1' title="bbox 531 257 2984 338; baseline -0.003 -15"><span class='ocrx_word' id='word_1_1' title='bbox 531 266 646 323; x_wconf 72' lang='lat'>546</span> <span class='ocrx_word' id='word_1_2' title='bbox 1334 277 1516 317; x_wconf 73' lang='lat' dir='ltr'>Locus</span> <span class='ocrx_word' id='word_1_3' title='bbox 1547 277 1805 316; x_wconf 67' lang='lat' dir='ltr'>bacmos</span> <span class='ocrx_word' id='word_1_4' title='bbox 1834 277 2106 325; x_wconf 75' lang='lat' dir='ltr'>Qumws.</span> <span class='ocrx_word' id='word_1_5' title='bbox 2517 257 2798 338; x_wconf 45' lang='lat' dir='ltr'>[Quisssr.</span> <span class='ocrx_word' id='word_1_6' title='bbox 2838 278 2984 317; x_wconf 75' lang='lat' dir='ltr'>xvn.</span> 
     </span>
    </p>
   </div>
   <div class='ocr_carea' id='block_1_2' title="bbox 529 416 2981 4632">
    <p class='ocr_par' dir='ltr' id='par_1_2' title="bbox 529 416 2980 1530">
     <span class='ocr_line' id='line_1_2' title="bbox 533 416 2977 495; baseline -0.002 -15"><span class='ocrx_word' id='word_1_7' title='bbox 533 422 746 481; x_wconf 82' lang='lat' dir='ltr'>Filium</span> <span class='ocrx_word' id='word_1_8' title='bbox 788 420 899 477; x_wconf 90' lang='lat' dir='ltr'>Dei</span> <span class='ocrx_word' id='word_1_9' title='bbox 927 417 1254 491; x_wconf 87' lang='lat' dir='ltr'>Viventis,&#39;’</span> <span class='ocrx_word' id='word_1_10' title='bbox 1314 425 1389 493; x_wconf 91' lang='lat' dir='ltr'>et,</span> <span class='ocrx_word' id='word_1_11' title='bbox 1415 437 1538 494; x_wconf 89' lang='lat' dir='ltr'>cap.</span> <span class='ocrx_word' id='word_1_12' title='bbox 1587 417 1708 476; x_wconf 82' lang='lat' dir='ltr'>xiv.</span> <span class='ocrx_word' id='word_1_13' title='bbox 1755 420 1852 492; x_wconf 86' lang='lat'>20,</span> <span class='ocrx_word' id='word_1_14' title='bbox 1901 417 2165 475; x_wconf 88' lang='lat' dir='ltr'>Christus</span> <span class='ocrx_word' id='word_1_15' title='bbox 2203 418 2352 475; x_wconf 85' lang='lat' dir='ltr'>hanc</span> <span class='ocrx_word' id='word_1_16' title='bbox 2382 416 2802 494; x_wconf 89' lang='lat' dir='ltr'>cognitionem</span> <span class='ocrx_word' id='word_1_17' title='bbox 2836 418 2977 495; x_wconf 78' lang='lat' dir='ltr'>ipsis</span> 
     </span>
     <span class='ocr_line' id='line_1_3' title="bbox 529 497 2979 575; baseline -0.001 -16"><span class='ocrx_word' id='word_1_18' title='bbox 529 501 817 574; x_wconf 82' lang='lat' dir='ltr'>vendicat,</span> <span class='ocrx_word' id='word_1_19' title='bbox 851 503 886 532; x_wconf 92' lang='lat'><strong>“</strong></span> <span class='ocrx_word' id='word_1_20' title='bbox 913 499 984 558; x_wconf 90' lang='lat' dir='ltr'>In</span> <span class='ocrx_word' id='word_1_21' title='bbox 1006 498 1106 555; x_wconf 84' lang='lat' dir='ltr'>illo</span> <span class='ocrx_word' id='word_1_22' title='bbox 1135 498 1227 556; x_wconf 92' lang='lat' dir='ltr'>die</span> <span class='ocrx_word' id='word_1_23' title='bbox 1257 498 1620 575; x_wconf 87' lang='lat' dir='ltr'>cognoscetis</span> <span class='ocrx_word' id='word_1_24' title='bbox 1648 517 1739 555; x_wconf 88' lang='lat' dir='ltr'>me</span> <span class='ocrx_word' id='word_1_25' title='bbox 1768 517 1895 556; x_wconf 86' lang='lat' dir='ltr'>esse</span> <span class='ocrx_word' id='word_1_26' title='bbox 1926 498 1985 555; x_wconf 91' lang='lat' dir='ltr'>in</span> <span class='ocrx_word' id='word_1_27' title='bbox 2016 497 2185 554; x_wconf 88' lang='lat' dir='ltr'>Patre</span> <span class='ocrx_word' id='word_1_28' title='bbox 2213 517 2360 571; x_wconf 89' lang='lat' dir='ltr'>me0,</span> <span class='ocrx_word' id='word_1_29' title='bbox 2413 508 2473 556; x_wconf 87' lang='lat' dir='ltr'>et</span> <span class='ocrx_word' id='word_1_30' title='bbox 2519 517 2633 556; x_wconf 77' lang='lat' dir='ltr'>vos</span> <span class='ocrx_word' id='word_1_31' title='bbox 2668 498 2738 555; x_wconf 89' lang='lat' dir='ltr'>in</span> <span class='ocrx_word' id='word_1_32' title='bbox 2768 519 2891 572; x_wconf 83' lang='lat' dir='ltr'>me,</span> <span class='ocrx_word' id='word_1_33' title='bbox 2923 511 2979 557; x_wconf 79' lang='lat' dir='ltr'>et</span> 
     </span>
     <span class='ocr_line' id='line_1_4' title="bbox 529 576 2979 653; baseline -0.002 -15"><span class='ocrx_word' id='word_1_34' title='bbox 529 601 622 639; x_wconf 91' lang='lat' dir='ltr'>me</span> <span class='ocrx_word' id='word_1_35' title='bbox 652 581 712 638; x_wconf 92' lang='lat' dir='ltr'>in</span> <span class='ocrx_word' id='word_1_36' title='bbox 740 579 965 638; x_wconf 86' lang='lat' dir='ltr'>vobis.”</span> <span class='ocrx_word' id='word_1_37' title='bbox 1051 577 1135 636; x_wconf 90' lang='lat' dir='ltr'>At</span> <span class='ocrx_word' id='word_1_38' title='bbox 1164 578 1426 637; x_wconf 86' lang='lat' dir='ltr'>Christus</span> <span class='ocrx_word' id='word_1_39' title='bbox 1452 578 1676 637; x_wconf 87' lang='lat' dir='ltr'>habitat</span> <span class='ocrx_word' id='word_1_40' title='bbox 1704 578 1766 634; x_wconf 89' lang='lat' dir='ltr'>in</span> <span class='ocrx_word' id='word_1_41' title='bbox 1812 578 1980 635; x_wconf 90' lang='lat' dir='ltr'>nobis</span> <span class='ocrx_word' id='word_1_42' title='bbox 2007 597 2109 653; x_wconf 91' lang='lat' dir='ltr'>per</span> <span class='ocrx_word' id='word_1_43' title='bbox 2144 576 2335 650; x_wconf 88' lang='lat' dir='ltr'>fidem,</span> <span class='ocrx_word' id='word_1_44' title='bbox 2367 597 2474 635; x_wconf 90' lang='lat' dir='ltr'>nec</span> <span class='ocrx_word' id='word_1_45' title='bbox 2522 597 2636 635; x_wconf 89' lang='lat' dir='ltr'>nos</span> <span class='ocrx_word' id='word_1_46' title='bbox 2668 598 2895 636; x_wconf 83' lang='lat' dir='ltr'>sumus</span> <span class='ocrx_word' id='word_1_47' title='bbox 2922 579 2979 634; x_wconf 92' lang='lat' dir='ltr'>in</span> 
     </span>
     <span class='ocr_line' id='line_1_5' title="bbox 534 656 2976 736; baseline -0.002 -16"><span class='ocrx_word' id='word_1_48' title='bbox 534 661 763 720; x_wconf 89' lang='lat' dir='ltr'>Christo</span> <span class='ocrx_word' id='word_1_49' title='bbox 793 660 905 719; x_wconf 91' lang='lat' dir='ltr'>nisi</span> <span class='ocrx_word' id='word_1_50' title='bbox 932 679 1036 736; x_wconf 80' lang='lat' dir='ltr'>pet</span> <span class='ocrx_word' id='word_1_51' title='bbox 1062 658 1253 733; x_wconf 90' lang='lat' dir='ltr'>fidem,</span> <span class='ocrx_word' id='word_1_52' title='bbox 1287 658 1418 715; x_wconf 91' lang='lat' dir='ltr'>Non</span> <span class='ocrx_word' id='word_1_53' title='bbox 1447 666 1638 734; x_wconf 90' lang='lat' dir='ltr'>potest</span> <span class='ocrx_word' id='word_1_54' title='bbox 1666 677 1805 733; x_wconf 91' lang='lat' dir='ltr'>ergo</span> <span class='ocrx_word' id='word_1_55' title='bbox 1852 656 2126 733; x_wconf 84' lang='lat' dir='ltr'>cognosci</span> <span class='ocrx_word' id='word_1_56' title='bbox 2176 657 2442 715; x_wconf 87' lang='lat' dir='ltr'>Christus</span> <span class='ocrx_word' id='word_1_57' title='bbox 2490 676 2621 714; x_wconf 88' lang='lat' dir='ltr'>esse</span> <span class='ocrx_word' id='word_1_58' title='bbox 2681 657 2747 714; x_wconf 89' lang='lat' dir='ltr'>in</span> <span class='ocrx_word' id='word_1_59' title='bbox 2779 659 2976 731; x_wconf 72' lang='lat' dir='ltr'>nobis,</span> 
     </span>
     <span class='ocr_line' id='line_1_6' title="bbox 532 736 2977 818; baseline -0.001 -20"><span class='ocrx_word' id='word_1_60' title='bbox 532 741 645 799; x_wconf 91' lang='lat' dir='ltr'>nisi</span> <span class='ocrx_word' id='word_1_61' title='bbox 675 758 1089 818; x_wconf 84' lang='lat' dir='ltr'>cognoscamus</span> <span class='ocrx_word' id='word_1_62' title='bbox 1117 758 1223 795; x_wconf 90' lang='lat' dir='ltr'>nos</span> <span class='ocrx_word' id='word_1_63' title='bbox 1251 738 1461 795; x_wconf 90' lang='lat' dir='ltr'>habere</span> <span class='ocrx_word' id='word_1_64' title='bbox 1489 737 1683 795; x_wconf 90' lang='lat' dir='ltr'>fidem.</span> <span class='ocrx_word' id='word_1_65' title='bbox 1767 737 1846 794; x_wconf 89' lang='lat' dir='ltr'>Et</span> <span class='ocrx_word' id='word_1_66' title='bbox 1872 757 1945 795; x_wconf 87' lang='lat' dir='ltr'>ne</span> <span class='ocrx_word' id='word_1_67' title='bbox 1974 737 2103 812; x_wconf 85' lang='lat' dir='ltr'>quis</span> <span class='ocrx_word' id='word_1_68' title='bbox 2131 736 2241 795; x_wconf 91' lang='lat' dir='ltr'>hoc</span> <span class='ocrx_word' id='word_1_69' title='bbox 2269 737 2343 794; x_wconf 89' lang='lat' dir='ltr'>ad</span> <span class='ocrx_word' id='word_1_70' title='bbox 2372 736 2763 813; x_wconf 78' lang='lat' dir='ltr'>privilegium</span> <span class='ocrx_word' id='word_1_71' title='bbox 2796 758 2977 814; x_wconf 86' lang='lat' dir='ltr'>pecu·</span> 
     </span>
     <span class='ocr_line' id='line_1_7' title="bbox 531 816 2977 896; baseline -0.002 -17"><span class='ocrx_word' id='word_1_72' title='bbox 531 821 673 879; x_wconf 87' lang='lat' dir='ltr'>liare</span> <span class='ocrx_word' id='word_1_73' title='bbox 704 820 1006 896; x_wconf 87' lang='lat' dir='ltr'>Apostolis</span> <span class='ocrx_word' id='word_1_74' title='bbox 1032 817 1257 892; x_wconf 86' lang='lat' dir='ltr'>referat,</span> <span class='ocrx_word' id='word_1_75' title='bbox 1292 817 1509 875; x_wconf 87' lang='lat' dir='ltr'>Paulus</span> <span class='ocrx_word' id='word_1_76' title='bbox 1557 816 1819 875; x_wconf 85' lang='lat' dir='ltr'>extendit</span> <span class='ocrx_word' id='word_1_77' title='bbox 1867 817 1942 874; x_wconf 89' lang='lat' dir='ltr'>ad</span> <span class='ocrx_word' id='word_1_78' title='bbox 1992 835 2207 889; x_wconf 75' lang='lat' dir='ltr'>omneS,</span> <span class='ocrx_word' id='word_1_79' title='bbox 2243 820 2270 874; x_wconf 92' lang='lat'>1</span> <span class='ocrx_word' id='word_1_80' title='bbox 2307 817 2436 874; x_wconf 89' lang='lat' dir='ltr'>Cor.</span> <span class='ocrx_word' id='word_1_81' title='bbox 2467 817 2525 874; x_wconf 89' lang='lat' dir='ltr'>ii.</span> <span class='ocrx_word' id='word_1_82' title='bbox 2572 821 2671 890; x_wconf 82' lang='lat'>12,</span> <span class='ocrx_word' id='word_1_83' title='bbox 2713 821 2753 848; x_wconf 75' lang='lat'>‘⁸</span> <span class='ocrx_word' id='word_1_84' title='bbox 2780 818 2977 875; x_wconf 82' lang='lat' dir='ltr'>Acce-</span> 
     </span>
     <span class='ocr_line' id='line_1_8' title="bbox 532 895 2976 978; baseline -0.002 -20"><span class='ocrx_word' id='word_1_85' title='bbox 532 901 723 978; x_wconf 82' lang='lat' dir='ltr'>pimus</span> <span class='ocrx_word' id='word_1_86' title='bbox 756 900 1031 974; x_wconf 85' lang='lat' dir='ltr'>Spiritum</span> <span class='ocrx_word' id='word_1_87' title='bbox 1060 897 1160 972; x_wconf 90' lang='lat' dir='ltr'>qui</span> <span class='ocrx_word' id='word_1_88' title='bbox 1188 905 1276 956; x_wconf 88' lang='lat' dir='ltr'>est</span> <span class='ocrx_word' id='word_1_89' title='bbox 1304 917 1379 956; x_wconf 86' lang='lat' dir='ltr'>ex</span> <span class='ocrx_word' id='word_1_90' title='bbox 1412 898 1554 971; x_wconf 89' lang='lat' dir='ltr'>De0,</span> <span class='ocrx_word' id='word_1_91' title='bbox 1584 905 1651 955; x_wconf 93' lang='lat' dir='ltr'>ut</span> <span class='ocrx_word' id='word_1_92' title='bbox 1680 897 1928 954; x_wconf 87' lang='lat' dir='ltr'>sciamus</span> <span class='ocrx_word' id='word_1_93' title='bbox 1957 914 2086 971; x_wconf 82' lang='lat' dir='ltr'>quae</span> <span class='ocrx_word' id='word_1_94' title='bbox 2138 898 2298 954; x_wconf 89' lang='lat' dir='ltr'>Deus</span> <span class='ocrx_word' id='word_1_95' title='bbox 2342 895 2510 954; x_wconf 83' lang='lat' dir='ltr'>nobis</span> <span class='ocrx_word' id='word_1_96' title='bbox 2538 905 2633 953; x_wconf 86' lang='lat' dir='ltr'>est</span> <span class='ocrx_word' id='word_1_97' title='bbox 2661 898 2976 971; x_wconf 78' lang='lat' dir='ltr'>gratifica·</span> 
     </span>
     <span class='ocr_line' id='line_1_9' title="bbox 534 975 2977 1052; baseline -0.002 -14"><span class='ocrx_word' id='word_1_98' title='bbox 534 981 686 1038; x_wconf 85' lang='lat' dir='ltr'>tus.&#39;’</span> <span class='ocrx_word' id='word_1_99' title='bbox 773 979 894 1035; x_wconf 88' lang='lat' dir='ltr'>Nec</span> <span class='ocrx_word' id='word_1_100' title='bbox 923 975 1081 1033; x_wconf 88' lang='lat' dir='ltr'>aliud</span> <span class='ocrx_word' id='word_1_101' title='bbox 1128 976 1315 1034; x_wconf 81' lang='lat' dir='ltr'>innuit</span> <span class='ocrx_word' id='word_1_102' title='bbox 1344 977 1635 1051; x_wconf 70' lang='lat' dir='ltr'>Christus,</span> <span class='ocrx_word' id='word_1_103' title='bbox 1680 975 1864 1052; x_wconf 90' lang='lat' dir='ltr'>Apoc.</span> <span class='ocrx_word' id='word_1_104' title='bbox 1916 976 1974 1033; x_wconf 90' lang='lat' dir='ltr'>ii.</span> <span class='ocrx_word' id='word_1_105' title='bbox 2011 979 2101 1049; x_wconf 85' lang='lat'>17,</span> <span class='ocrx_word' id='word_1_106' title='bbox 2152 975 2384 1052; x_wconf 89' lang='lat' dir='ltr'>quando</span> <span class='ocrx_word' id='word_1_107' title='bbox 2412 995 2615 1033; x_wconf 80' lang='lat' dir='ltr'>nomen</span> <span class='ocrx_word' id='word_1_108' title='bbox 2656 997 2882 1033; x_wconf 78' lang='lat' dir='ltr'>novum</span> <span class='ocrx_word' id='word_1_109' title='bbox 2917 997 2977 1034; x_wconf 82' lang='lat' dir='ltr'>se</span> 
     </span>
     <span class='ocr_line' id='line_1_10' title="bbox 535 1054 2975 1133; baseline -0.001 -17"><span class='ocrx_word' id='word_1_110' title='bbox 535 1058 939 1133; x_wconf 87' lang='lat' dir='ltr'>inscripturum</span> <span class='ocrx_word' id='word_1_111' title='bbox 969 1055 1274 1130; x_wconf 85' lang='lat' dir='ltr'>pollicetur</span> <span class='ocrx_word' id='word_1_112' title='bbox 1314 1057 1374 1112; x_wconf 92' lang='lat' dir='ltr'>in</span> <span class='ocrx_word' id='word_1_113' title='bbox 1404 1057 1627 1114; x_wconf 90' lang='lat' dir='ltr'>calculo</span> <span class='ocrx_word' id='word_1_114' title='bbox 1669 1057 1800 1114; x_wconf 92' lang='lat' dir='ltr'>albo</span> <span class='ocrx_word' id='word_1_115' title='bbox 1846 1054 2068 1113; x_wconf 87' lang='lat' dir='ltr'>Victori</span> <span class='ocrx_word' id='word_1_116' title='bbox 2123 1056 2331 1128; x_wconf 88' lang='lat' dir='ltr'>dand0,</span> <span class='ocrx_word' id='word_1_117' title='bbox 2366 1058 2401 1087; x_wconf 78' lang='lat'>‘⁴</span> <span class='ocrx_word' id='word_1_118' title='bbox 2424 1055 2583 1131; x_wconf 90' lang='lat' dir='ltr'>quod</span> <span class='ocrx_word' id='word_1_119' title='bbox 2611 1075 2798 1112; x_wconf 90' lang='lat' dir='ltr'>nemo</span> <span class='ocrx_word' id='word_1_120' title='bbox 2832 1077 2975 1133; x_wconf 82' lang='lat' dir='ltr'>eog-</span> 
     </span>
     <span class='ocr_line' id='line_1_11' title="bbox 534 1134 2977 1211; baseline 0 -17"><span class='ocrx_word' id='word_1_121' title='bbox 534 1139 758 1195; x_wconf 89' lang='lat' dir='ltr'>niturus</span> <span class='ocrx_word' id='word_1_122' title='bbox 788 1136 878 1208; x_wconf 90' lang='lat' dir='ltr'>sit,</span> <span class='ocrx_word' id='word_1_123' title='bbox 910 1134 1021 1192; x_wconf 86' lang='lat' dir='ltr'>nisi</span> <span class='ocrx_word' id='word_1_124' title='bbox 1050 1134 1150 1211; x_wconf 90' lang='lat' dir='ltr'>qui</span> <span class='ocrx_word' id='word_1_125' title='bbox 1177 1136 1448 1211; x_wconf 86' lang='lat' dir='ltr'>accepit.&#39;&#39;</span> <span class='ocrx_word' id='word_1_126' title='bbox 1534 1135 1835 1209; x_wconf 87' lang='lat' dir='ltr'>Quomodo</span> <span class='ocrx_word' id='word_1_127' title='bbox 1877 1153 2017 1192; x_wconf 86' lang='lat' dir='ltr'>vero</span> <span class='ocrx_word' id='word_1_128' title='bbox 2045 1153 2254 1193; x_wconf 89' lang='lat' dir='ltr'>nomeu</span> <span class='ocrx_word' id='word_1_129' title='bbox 2295 1134 2442 1192; x_wconf 91' lang='lat' dir='ltr'>illud</span> <span class='ocrx_word' id='word_1_130' title='bbox 2482 1134 2781 1192; x_wconf 82' lang='lat' dir='ltr'>eximium</span> <span class='ocrx_word' id='word_1_131' title='bbox 2820 1136 2977 1194; x_wconf 77' lang='lat' dir='ltr'>filio-</span> 
     </span>
     <span class='ocr_line' id='line_1_12' title="bbox 536 1214 2980 1292; baseline -0 -18"><span class='ocrx_word' id='word_1_132' title='bbox 536 1236 664 1274; x_wconf 89' lang='lat' dir='ltr'>rum</span> <span class='ocrx_word' id='word_1_133' title='bbox 695 1215 822 1287; x_wconf 89' lang='lat' dir='ltr'>Dei,</span> <span class='ocrx_word' id='word_1_134' title='bbox 855 1214 1011 1291; x_wconf 91' lang='lat' dir='ltr'>quod</span> <span class='ocrx_word' id='word_1_135' title='bbox 1044 1214 1290 1290; x_wconf 78' lang='lat' dir='ltr'>Spiritus</span> <span class='ocrx_word' id='word_1_136' title='bbox 1323 1215 1384 1275; x_wconf 85' lang='lat' dir='ltr'>S.</span> <span class='ocrx_word' id='word_1_137' title='bbox 1421 1215 1642 1292; x_wconf 16' lang='lat' dir='ltr'>‘scribit</span> <span class='ocrx_word' id='word_1_138' title='bbox 1669 1216 1729 1273; x_wconf 93' lang='lat' dir='ltr'>in</span> <span class='ocrx_word' id='word_1_139' title='bbox 1781 1214 1957 1273; x_wconf 90' lang='lat' dir='ltr'>corde</span> <span class='ocrx_word' id='word_1_140' title='bbox 2013 1224 2209 1273; x_wconf 91' lang='lat' dir='ltr'>nostro</span> <span class='ocrx_word' id='word_1_141' title='bbox 2256 1223 2551 1287; x_wconf 81' lang='lat' dir='ltr'>renovatO,</span> <span class='ocrx_word' id='word_1_142' title='bbox 2585 1223 2889 1290; x_wconf 83' lang='lat' dir='ltr'>tanquam</span> <span class='ocrx_word' id='word_1_143' title='bbox 2920 1217 2980 1273; x_wconf 85' lang='lat' dir='ltr'>in</span> 
     </span>
     <span class='ocr_line' id='line_1_13' title="bbox 536 1292 2979 1370; baseline 0 -16"><span class='ocrx_word' id='word_1_144' title='bbox 536 1296 758 1354; x_wconf 91' lang='lat' dir='ltr'>calculo</span> <span class='ocrx_word' id='word_1_145' title='bbox 787 1294 919 1352; x_wconf 91' lang='lat' dir='ltr'>albo</span> <span class='ocrx_word' id='word_1_146' title='bbox 948 1293 1328 1352; x_wconf 79' lang='lat' dir='ltr'>absolutionis</span> <span class='ocrx_word' id='word_1_147' title='bbox 1373 1303 1603 1369; x_wconf 77' lang='lat' dir='ltr'>nostrae,</span> <span class='ocrx_word' id='word_1_148' title='bbox 1628 1304 1687 1353; x_wconf 92' lang='lat' dir='ltr'>et</span> <span class='ocrx_word' id='word_1_149' title='bbox 1715 1292 2149 1370; x_wconf 86' lang='lat' dir='ltr'>glorificationis</span> <span class='ocrx_word' id='word_1_150' title='bbox 2171 1293 2489 1354; x_wconf 86' lang='lat' dir='ltr'>certissimo</span> <span class='ocrx_word' id='word_1_151' title='bbox 2520 1293 2740 1368; x_wconf 89' lang='lat' dir='ltr'>indice,</span> <span class='ocrx_word' id='word_1_152' title='bbox 2768 1308 2979 1370; x_wconf 76' lang='lat' dir='ltr'>posset</span> 
     </span>
     <span class='ocr_line' id='line_1_14' title="bbox 537 1373 2979 1452; baseline 0 -20"><span class='ocrx_word' id='word_1_153' title='bbox 537 1375 652 1432; x_wconf 93' lang='lat' dir='ltr'>dici</span> <span class='ocrx_word' id='word_1_154' title='bbox 683 1374 792 1432; x_wconf 91' lang='lat' dir='ltr'>soli</span> <span class='ocrx_word' id='word_1_155' title='bbox 816 1373 975 1431; x_wconf 91' lang='lat' dir='ltr'>fideli</span> <span class='ocrx_word' id='word_1_156' title='bbox 1002 1381 1220 1448; x_wconf 88' lang='lat' dir='ltr'>notum,</span> <span class='ocrx_word' id='word_1_157' title='bbox 1253 1375 1301 1431; x_wconf 90' lang='lat' dir='ltr'>si</span> <span class='ocrx_word' id='word_1_158' title='bbox 1331 1375 1389 1431; x_wconf 89' lang='lat' dir='ltr'>in</span> <span class='ocrx_word' id='word_1_159' title='bbox 1417 1384 1693 1452; x_wconf 87' lang='lat' dir='ltr'>perpetua</span> <span class='ocrx_word' id='word_1_160' title='bbox 1723 1383 1983 1432; x_wconf 84' lang='lat' dir='ltr'>versatur</span> <span class='ocrx_word' id='word_1_161' title='bbox 2012 1382 2178 1446; x_wconf 58' lang='grc' dir='ltr'>ἰαχῇ,</span> <span class='ocrx_word' id='word_1_162' title='bbox 2208 1395 2313 1432; x_wconf 92' lang='lat' dir='ltr'>nec</span> <span class='ocrx_word' id='word_1_163' title='bbox 2342 1374 2482 1431; x_wconf 83' lang='lat' dir='ltr'>certi</span> <span class='ocrx_word' id='word_1_164' title='bbox 2531 1373 2875 1450; x_wconf 83' lang='lat' dir='ltr'>quidquam</span> <span class='ocrx_word' id='word_1_165' title='bbox 2906 1376 2979 1434; x_wconf 83' lang='lat' dir='ltr'>de</span> 
     </span>
     <span class='ocr_line' id='line_1_15' title="bbox 538 1457 1461 1530; baseline -0.001 -17"><span class='ocrx_word' id='word_1_166' title='bbox 538 1462 693 1513; x_wconf 87' lang='lat' dir='ltr'>statu</span> <span class='ocrx_word' id='word_1_167' title='bbox 722 1474 826 1511; x_wconf 87' lang='lat' dir='ltr'>suo</span> <span class='ocrx_word' id='word_1_168' title='bbox 855 1472 1200 1528; x_wconf 86' lang='lat' dir='ltr'>cognoscere</span> <span class='ocrx_word' id='word_1_169' title='bbox 1228 1457 1461 1530; x_wconf 78' lang='lat' dir='ltr'>potest?</span> 
     </span>
    </p>

    <p class='ocr_par' dir='ltr' id='par_1_3' title="bbox 539 1531 2981 3361">
     <span class='ocr_line' id='line_1_16' title="bbox 619 1531 2977 1610; baseline 0 -19"><span class='ocrx_word' id='word_1_170' title='bbox 619 1534 800 1592; x_wconf 91' lang='lat' dir='ltr'>XIV.</span> <span class='ocrx_word' id='word_1_171' title='bbox 846 1533 976 1590; x_wconf 93' lang='lat' dir='ltr'>Hoc</span> <span class='ocrx_word' id='word_1_172' title='bbox 1004 1533 1192 1610; x_wconf 89' lang='lat' dir='ltr'>ipsum</span> <span class='ocrx_word' id='word_1_173' title='bbox 1220 1552 1360 1591; x_wconf 87' lang='lat' dir='ltr'>vero</span> <span class='ocrx_word' id='word_1_174' title='bbox 1387 1532 1590 1592; x_wconf 88' lang='lat' dir='ltr'>fortius</span> <span class='ocrx_word' id='word_1_175' title='bbox 1619 1533 1807 1591; x_wconf 90' lang='lat' dir='ltr'>adhuc</span> <span class='ocrx_word' id='word_1_176' title='bbox 1856 1536 2224 1593; x_wconf 88' lang='lat' dir='ltr'>confirmatur</span> <span class='ocrx_word' id='word_1_177' title='bbox 2262 1553 2337 1591; x_wconf 85' lang='lat' dir='ltr'>ex</span> <span class='ocrx_word' id='word_1_178' title='bbox 2366 1531 2765 1609; x_wconf 84' lang='lat' dir='ltr'>descriptione</span> <span class='ocrx_word' id='word_1_179' title='bbox 2812 1534 2977 1608; x_wconf 81' lang='lat' dir='ltr'>fidei,</span> 
     </span>
     <span class='ocr_line' id='line_1_17' title="bbox 539 1612 2977 1690; baseline 0.001 -19"><span class='ocrx_word' id='word_1_180' title='bbox 539 1633 668 1690; x_wconf 84' lang='lat' dir='ltr'>quae</span> <span class='ocrx_word' id='word_1_181' title='bbox 696 1613 941 1673; x_wconf 90' lang='lat' dir='ltr'>habetur</span> <span class='ocrx_word' id='word_1_182' title='bbox 967 1612 1028 1669; x_wconf 92' lang='lat' dir='ltr'>in</span> <span class='ocrx_word' id='word_1_183' title='bbox 1073 1613 1379 1690; x_wconf 84' lang='lat' dir='ltr'>Scriptura,</span> <span class='ocrx_word' id='word_1_184' title='bbox 1432 1634 1561 1689; x_wconf 81' lang='lat' dir='ltr'>quae</span> <span class='ocrx_word' id='word_1_185' title='bbox 1606 1612 2009 1674; x_wconf 87' lang='lat' dir='ltr'>certitudinem</span> <span class='ocrx_word' id='word_1_186' title='bbox 2054 1615 2223 1672; x_wconf 89' lang='lat' dir='ltr'>istam</span> <span class='ocrx_word' id='word_1_187' title='bbox 2270 1612 2594 1670; x_wconf 87' lang='lat' dir='ltr'>necessario</span> <span class='ocrx_word' id='word_1_188' title='bbox 2644 1612 2977 1689; x_wconf 76' lang='lat' dir='ltr'>importat3</span> 
     </span>
     <span class='ocr_line' id='line_1_18' title="bbox 544 1692 2974 1771; baseline -0.001 -20"><span class='ocrx_word' id='word_1_189' title='bbox 544 1695 626 1753; x_wconf 76' lang='lat' dir='ltr'>Ut</span> <span class='ocrx_word' id='word_1_190' title='bbox 655 1714 831 1771; x_wconf 80' lang='lat' dir='ltr'>quum</span> <span class='ocrx_word' id='word_1_191' title='bbox 868 1700 1109 1750; x_wconf 69' lang='lat' dir='ltr'>Vocatur</span> <span class='ocrx_word' id='word_1_192' title='bbox 1134 1702 1378 1752; x_wconf 62' lang='lat' dir='ltr'>§rimam</span> <span class='ocrx_word' id='word_1_193' title='bbox 1405 1703 1492 1747; x_wconf 64' lang='grc' dir='ltr'>ταῖν</span> <span class='ocrx_word' id='word_1_194' title='bbox 1522 1700 1832 1760; x_wconf 43' lang='lat' dir='ltr'>inrogatis-vv,</span> <span class='ocrx_word' id='word_1_195' title='bbox 1853 1701 1911 1750; x_wconf 75' lang='lat' dir='ltr'>et</span> <span class='ocrx_word' id='word_1_196' title='bbox 1941 1704 2141 1763; x_wconf 68' lang='grc' dir='ltr'>ἔλεγχος</span> <span class='ocrx_word' id='word_1_197' title='bbox 2169 1704 2257 1748; x_wconf 52' lang='grc' dir='ltr'>εὖ,</span> <span class='ocrx_word' id='word_1_198' title='bbox 2279 1701 2326 1746; x_wconf 73' lang='grc' dir='ltr'>εὖ</span> <span class='ocrx_word' id='word_1_199' title='bbox 2351 1700 2649 1759; x_wconf 57' lang='lat' dir='ltr'>cassopim,</span> <span class='ocrx_word' id='word_1_200' title='bbox 2683 1692 2853 1751; x_wconf 73' lang='lat' dir='ltr'>Hel).</span> <span class='ocrx_word' id='word_1_201' title='bbox 2888 1695 2974 1751; x_wconf 79' lang='lat' dir='ltr'>xi.</span> 
     </span>
     <span class='ocr_line' id='line_1_19' title="bbox 545 1772 2976 1851; baseline -0.001 -19"><span class='ocrx_word' id='word_1_202' title='bbox 545 1777 596 1847; x_wconf 93' lang='lat'>1,</span> <span class='ocrx_word' id='word_1_203' title='bbox 631 1773 1012 1851; x_wconf 87' lang='lat' dir='ltr'>“hypostasis</span> <span class='ocrx_word' id='word_1_204' title='bbox 1041 1792 1230 1830; x_wconf 90' lang='lat' dir='ltr'>rerum</span> <span class='ocrx_word' id='word_1_205' title='bbox 1259 1791 1387 1849; x_wconf 82' lang='lat' dir='ltr'>quae</span> <span class='ocrx_word' id='word_1_206' title='bbox 1418 1779 1736 1848; x_wconf 86' lang='lat' dir='ltr'>sperantur,</span> <span class='ocrx_word' id='word_1_207' title='bbox 1767 1782 1826 1830; x_wconf 89' lang='lat' dir='ltr'>et</span> <span class='ocrx_word' id='word_1_208' title='bbox 1869 1772 2278 1832; x_wconf 85' lang='lat' dir='ltr'>demonstratio</span> <span class='ocrx_word' id='word_1_209' title='bbox 2320 1790 2516 1828; x_wconf 89' lang='lat' dir='ltr'>earum</span> <span class='ocrx_word' id='word_1_210' title='bbox 2556 1790 2687 1845; x_wconf 86' lang='lat' dir='ltr'>quae</span> <span class='ocrx_word' id='word_1_211' title='bbox 2720 1792 2851 1830; x_wconf 91' lang='lat' dir='ltr'>non</span> <span class='ocrx_word' id='word_1_212' title='bbox 2884 1775 2976 1830; x_wconf 73' lang='lat' dir='ltr'>vi-</span> 
     </span>
     <span class='ocr_line' id='line_1_20' title="bbox 540 1849 2981 1927; baseline 0 -17"><span class='ocrx_word' id='word_1_213' title='bbox 540 1853 806 1912; x_wconf 87' lang='lat' dir='ltr'>dentur.”</span> <span class='ocrx_word' id='word_1_214' title='bbox 898 1852 1011 1911; x_wconf 92' lang='lat' dir='ltr'>Ubi</span> <span class='ocrx_word' id='word_1_215' title='bbox 1057 1852 1297 1910; x_wconf 66' lang='lat' dir='ltr'>Graecus</span> <span class='ocrx_word' id='word_1_216' title='bbox 1344 1850 1555 1909; x_wconf 80' lang='lat' dir='ltr'>scholi.</span> <span class='ocrx_word' id='word_1_217' title='bbox 1600 1851 1870 1909; x_wconf 84' lang='lat' dir='ltr'>observat</span> <span class='ocrx_word' id='word_1_218' title='bbox 1911 1855 2021 1911; x_wconf 92' lang='lat' dir='ltr'>hoc</span> <span class='ocrx_word' id='word_1_219' title='bbox 2055 1852 2187 1925; x_wconf 88' lang='lat' dir='ltr'>dici,</span> <span class='ocrx_word' id='word_1_220' title='bbox 2218 1859 2502 1927; x_wconf 88' lang='lat' dir='ltr'>quatenus</span> <span class='ocrx_word' id='word_1_221' title='bbox 2544 1849 2701 1924; x_wconf 78' lang='lat' dir='ltr'>facit,</span> <span class='ocrx_word' id='word_1_222' title='bbox 2751 1862 2823 1910; x_wconf 87' lang='lat' dir='ltr'>ut</span> <span class='ocrx_word' id='word_1_223' title='bbox 2852 1873 2981 1911; x_wconf 86' lang='lat' dir='ltr'>non</span> 
     </span>
     <span class='ocr_line' id='line_1_21' title="bbox 539 1931 2976 2009; baseline -0 -19"><span class='ocrx_word' id='word_1_224' title='bbox 539 1933 846 2009; x_wconf 74' lang='lat' dir='ltr'>praesentia</span> <span class='ocrx_word' id='word_1_225' title='bbox 871 1931 1065 2007; x_wconf 88' lang='lat' dir='ltr'>aliquo</span> <span class='ocrx_word' id='word_1_226' title='bbox 1093 1931 1265 1989; x_wconf 91' lang='lat' dir='ltr'>modo</span> <span class='ocrx_word' id='word_1_227' title='bbox 1295 1939 1510 2003; x_wconf 83' lang='lat' dir='ltr'>extent,</span> <span class='ocrx_word' id='word_1_228' title='bbox 1543 1939 1601 1988; x_wconf 88' lang='lat' dir='ltr'>et</span> <span class='ocrx_word' id='word_1_229' title='bbox 1629 1931 1944 1991; x_wconf 85' lang='lat' dir='ltr'>invisibilia</span> <span class='ocrx_word' id='word_1_230' title='bbox 1987 1933 2046 1989; x_wconf 92' lang='lat' dir='ltr'>in</span> <span class='ocrx_word' id='word_1_231' title='bbox 2076 1938 2446 2007; x_wconf 87' lang='lat' dir='ltr'>conspectum</span> <span class='ocrx_word' id='word_1_232' title='bbox 2488 1950 2607 1987; x_wconf 89' lang='lat' dir='ltr'>non</span> <span class='ocrx_word' id='word_1_233' title='bbox 2637 1931 2976 2007; x_wconf 87' lang='lat' dir='ltr'>oculorum,</span> 
     </span>
     <span class='ocr_line' id='line_1_22' title="bbox 540 2010 2974 2087; baseline -0 -17"><span class='ocrx_word' id='word_1_234' title='bbox 540 2012 643 2070; x_wconf 90' lang='lat' dir='ltr'>sed</span> <span class='ocrx_word' id='word_1_235' title='bbox 671 2012 878 2070; x_wconf 87' lang='lat' dir='ltr'>mentis</span> <span class='ocrx_word' id='word_1_236' title='bbox 907 2010 1175 2085; x_wconf 79' lang='lat' dir='ltr'>veniant3</span> <span class='ocrx_word' id='word_1_237' title='bbox 1222 2011 1366 2068; x_wconf 90' lang='lat' dir='ltr'>Cum</span> <span class='ocrx_word' id='word_1_238' title='bbox 1395 2011 1546 2069; x_wconf 89' lang='lat' dir='ltr'>enim</span> <span class='ocrx_word' id='word_1_239' title='bbox 1575 2031 1705 2086; x_wconf 83' lang='lat' dir='ltr'>quae</span> <span class='ocrx_word' id='word_1_240' title='bbox 1733 2011 1796 2067; x_wconf 91' lang='lat' dir='ltr'>in</span> <span class='ocrx_word' id='word_1_241' title='bbox 1823 2031 1924 2087; x_wconf 90' lang='lat' dir='ltr'>spe</span> <span class='ocrx_word' id='word_1_242' title='bbox 1955 2020 2088 2070; x_wconf 80' lang='lat' dir='ltr'>suut</span> <span class='ocrx_word' id='word_1_243' title='bbox 2124 2018 2427 2065; x_wconf 64' lang='lat' dir='ltr'>aima-imma</span> <span class='ocrx_word' id='word_1_244' title='bbox 2478 2010 2612 2082; x_wconf 89' lang='lat' dir='ltr'>sint,</span> <span class='ocrx_word' id='word_1_245' title='bbox 2645 2019 2704 2068; x_wconf 85' lang='lat' dir='ltr'>et</span> <span class='ocrx_word' id='word_1_246' title='bbox 2735 2011 2974 2069; x_wconf 78' lang='lat' dir='ltr'>subsis-</span> 
     </span>
     <span class='ocr_line' id='line_1_23' title="bbox 540 2088 2975 2167; baseline -0 -18"><span class='ocrx_word' id='word_1_247' title='bbox 540 2092 779 2150; x_wconf 88' lang='lat' dir='ltr'>tentiam</span> <span class='ocrx_word' id='word_1_248' title='bbox 809 2110 925 2149; x_wconf 90' lang='lat' dir='ltr'>non</span> <span class='ocrx_word' id='word_1_249' title='bbox 952 2090 1217 2162; x_wconf 83' lang='lat' dir='ltr'>habeant,</span> <span class='ocrx_word' id='word_1_250' title='bbox 1249 2099 1314 2149; x_wconf 91' lang='lat' dir='ltr'>ut</span> <span class='ocrx_word' id='word_1_251' title='bbox 1342 2111 1470 2167; x_wconf 78' lang='lat' dir='ltr'>quse</span> <span class='ocrx_word' id='word_1_252' title='bbox 1498 2090 1754 2148; x_wconf 91' lang='lat' dir='ltr'>nondum</span> <span class='ocrx_word' id='word_1_253' title='bbox 1798 2091 2006 2166; x_wconf 83' lang='lat' dir='ltr'>adsint,</span> <span class='ocrx_word' id='word_1_254' title='bbox 2058 2091 2203 2148; x_wconf 88' lang='lat' dir='ltr'>fides</span> <span class='ocrx_word' id='word_1_255' title='bbox 2235 2089 2334 2147; x_wconf 91' lang='lat' dir='ltr'>dat</span> <span class='ocrx_word' id='word_1_256' title='bbox 2362 2088 2503 2164; x_wconf 89' lang='lat' dir='ltr'>ipsis</span> <span class='ocrx_word' id='word_1_257' title='bbox 2533 2089 2796 2164; x_wconf 85' lang='lat' dir='ltr'>aliquam</span> <span class='ocrx_word' id='word_1_258' title='bbox 2828 2092 2975 2148; x_wconf 87' lang='lat' dir='ltr'>sub-</span> 
     </span>
     <span class='ocr_line' id='line_1_24' title="bbox 542 2168 2979 2247; baseline 0 -18"><span class='ocrx_word' id='word_1_259' title='bbox 542 2171 861 2230; x_wconf 88' lang='lat' dir='ltr'>sistentiam</span> <span class='ocrx_word' id='word_1_260' title='bbox 890 2169 1081 2245; x_wconf 89' lang='lat' dir='ltr'>quoad</span> <span class='ocrx_word' id='word_1_261' title='bbox 1123 2190 1248 2228; x_wconf 89' lang='lat' dir='ltr'>esse</span> <span class='ocrx_word' id='word_1_262' title='bbox 1292 2171 1605 2246; x_wconf 88' lang='lat' dir='ltr'>cognitum,</span> <span class='ocrx_word' id='word_1_263' title='bbox 1652 2169 1903 2229; x_wconf 89' lang='lat' dir='ltr'>efficiens</span> <span class='ocrx_word' id='word_1_264' title='bbox 1945 2168 2367 2247; x_wconf 90' lang='lat' dir='ltr'>quodammodo</span> <span class='ocrx_word' id='word_1_265' title='bbox 2395 2177 2460 2227; x_wconf 86' lang='lat' dir='ltr'>ut</span> <span class='ocrx_word' id='word_1_266' title='bbox 2501 2168 2619 2226; x_wconf 88' lang='lat' dir='ltr'>sint</span> <span class='ocrx_word' id='word_1_267' title='bbox 2648 2177 2705 2226; x_wconf 82' lang='lat' dir='ltr'>et</span> <span class='ocrx_word' id='word_1_268' title='bbox 2766 2169 2979 2229; x_wconf 82' lang='lat' dir='ltr'>adsint</span> 
     </span>
     <span class='ocr_line' id='line_1_25' title="bbox 542 2247 2979 2327; baseline 0 -19"><span class='ocrx_word' id='word_1_269' title='bbox 542 2271 645 2327; x_wconf 88' lang='lat' dir='ltr'>per</span> <span class='ocrx_word' id='word_1_270' title='bbox 671 2252 732 2308; x_wconf 91' lang='lat' dir='ltr'>id</span> <span class='ocrx_word' id='word_1_271' title='bbox 760 2252 948 2327; x_wconf 86' lang='lat' dir='ltr'>ipsum</span> <span class='ocrx_word' id='word_1_272' title='bbox 992 2249 1148 2325; x_wconf 88' lang='lat' dir='ltr'>quod</span> <span class='ocrx_word' id='word_1_273' title='bbox 1186 2270 1254 2307; x_wconf 90' lang='lat' dir='ltr'>ea</span> <span class='ocrx_word' id='word_1_274' title='bbox 1296 2250 1493 2308; x_wconf 88' lang='lat' dir='ltr'>credat</span> <span class='ocrx_word' id='word_1_275' title='bbox 1534 2269 1678 2325; x_wconf 87' lang='lat' dir='ltr'>esse,</span> <span class='ocrx_word' id='word_1_276' title='bbox 1710 2259 1769 2307; x_wconf 90' lang='lat' dir='ltr'>et</span> <span class='ocrx_word' id='word_1_277' title='bbox 1808 2250 2124 2309; x_wconf 82' lang='lat' dir='ltr'>invisibilia</span> <span class='ocrx_word' id='word_1_278' title='bbox 2179 2249 2289 2306; x_wconf 86' lang='lat' dir='ltr'>sibi</span> <span class='ocrx_word' id='word_1_279' title='bbox 2345 2248 2654 2324; x_wconf 82' lang='lat' dir='ltr'>praesentia</span> <span class='ocrx_word' id='word_1_280' title='bbox 2694 2247 2877 2322; x_wconf 87' lang='lat' dir='ltr'>sistit,</span> <span class='ocrx_word' id='word_1_281' title='bbox 2912 2261 2979 2309; x_wconf 88' lang='lat' dir='ltr'>et</span> 
     </span>
     <span class='ocr_line' id='line_1_26' title="bbox 546 2328 2975 2405; baseline -0.002 -17"><span class='ocrx_word' id='word_1_282' title='bbox 546 2351 741 2389; x_wconf 88' lang='lat' dir='ltr'>coram</span> <span class='ocrx_word' id='word_1_283' title='bbox 770 2330 1026 2387; x_wconf 88' lang='lat' dir='ltr'>intuetur</span> <span class='ocrx_word' id='word_1_284' title='bbox 1080 2349 1183 2405; x_wconf 90' lang='lat' dir='ltr'>per</span> <span class='ocrx_word' id='word_1_285' title='bbox 1229 2338 1444 2399; x_wconf 70' lang='grc' dir='ltr'>ἴλιγχω,</span> <span class='ocrx_word' id='word_1_286' title='bbox 1496 2349 1668 2405; x_wconf 88' lang='lat' dir='ltr'>quem</span> <span class='ocrx_word' id='word_1_287' title='bbox 1715 2330 2012 2405; x_wconf 85' lang='lat' dir='ltr'>Chrysost.</span> <span class='ocrx_word' id='word_1_288' title='bbox 2070 2328 2210 2387; x_wconf 88' lang='lat' dir='ltr'>dicit</span> <span class='ocrx_word' id='word_1_289' title='bbox 2238 2347 2363 2386; x_wconf 88' lang='lat' dir='ltr'>esse</span> <span class='ocrx_word' id='word_1_290' title='bbox 2407 2338 2481 2382; x_wconf 65' lang='lat' dir='ltr'>ie&gt;</span> <span class='ocrx_word' id='word_1_291' title='bbox 2527 2339 2615 2383; x_wconf 60' lang='lat' dir='ltr'>ez·</span> <span class='ocrx_word' id='word_1_292' title='bbox 2658 2334 2766 2380; x_wconf 61' lang='lat' dir='ltr'>zia·</span> <span class='ocrx_word' id='word_1_293' title='bbox 2800 2331 2975 2396; x_wconf 58' lang='lat' dir='ltr'>mm,</span> 
     </span>
     <span class='ocr_line' id='line_1_27' title="bbox 543 2408 2972 2484; baseline -0.002 -17"><span class='ocrx_word' id='word_1_294' title='bbox 543 2413 612 2468; x_wconf 83' lang='lat' dir='ltr'>de</span> <span class='ocrx_word' id='word_1_295' title='bbox 641 2412 722 2482; x_wconf 77' lang='lat' dir='ltr'>iis,</span> <span class='ocrx_word' id='word_1_296' title='bbox 754 2429 878 2484; x_wconf 82' lang='lat' dir='ltr'>quae</span> <span class='ocrx_word' id='word_1_297' title='bbox 904 2410 1068 2466; x_wconf 82' lang='lat' dir='ltr'>valde</span> <span class='ocrx_word' id='word_1_298' title='bbox 1094 2418 1222 2467; x_wconf 79' lang='lat' dir='ltr'>sunt</span> <span class='ocrx_word' id='word_1_299' title='bbox 1272 2410 1585 2482; x_wconf 61' lang='lat' dir='ltr'>manifesta.</span> <span class='ocrx_word' id='word_1_300' title='bbox 1671 2409 1972 2484; x_wconf 88' lang='lat' dir='ltr'>Quomodo</span> <span class='ocrx_word' id='word_1_301' title='bbox 2001 2429 2139 2468; x_wconf 85' lang='lat' dir='ltr'>vero</span> <span class='ocrx_word' id='word_1_302' title='bbox 2167 2408 2264 2465; x_wconf 86' lang='lat' dir='ltr'>vel</span> <span class='ocrx_word' id='word_1_303' title='bbox 2302 2418 2547 2467; x_wconf 54' lang='lat' dir='ltr'>§famam</span> <span class='ocrx_word' id='word_1_304' title='bbox 2601 2408 2699 2465; x_wconf 83' lang='lat' dir='ltr'>vel</span> <span class='ocrx_word' id='word_1_305' title='bbox 2749 2414 2972 2476; x_wconf 60' lang='grc' dir='ltr'>ἰλιγχκ</span> 
     </span>
     <span class='ocr_line' id='line_1_28' title="bbox 542 2487 2975 2564; baseline 0.001 -19"><span class='ocrx_word' id='word_1_306' title='bbox 542 2489 656 2546; x_wconf 88' lang='lat' dir='ltr'>dici</span> <span class='ocrx_word' id='word_1_307' title='bbox 685 2497 896 2564; x_wconf 88' lang='lat' dir='ltr'>posset,</span> <span class='ocrx_word' id='word_1_308' title='bbox 929 2488 978 2546; x_wconf 89' lang='lat' dir='ltr'>si</span> <span class='ocrx_word' id='word_1_309' title='bbox 1001 2487 1061 2542; x_wconf 89' lang='lat' dir='ltr'>in</span> <span class='ocrx_word' id='word_1_310' title='bbox 1088 2495 1364 2564; x_wconf 88' lang='lat' dir='ltr'>perpetua</span> <span class='ocrx_word' id='word_1_311' title='bbox 1392 2488 1749 2547; x_wconf 88' lang='lat' dir='ltr'>dubitatione</span> <span class='ocrx_word' id='word_1_312' title='bbox 1778 2499 1837 2547; x_wconf 89' lang='lat' dir='ltr'>et</span> <span class='ocrx_word' id='word_1_313' title='bbox 1866 2500 2020 2561; x_wconf 60' lang='lat' dir='ltr'>iaeoxfi</span> <span class='ocrx_word' id='word_1_314' title='bbox 2066 2488 2268 2546; x_wconf 88' lang='lat' dir='ltr'>fideles</span> <span class='ocrx_word' id='word_1_315' title='bbox 2322 2489 2600 2546; x_wconf 86' lang='lat' dir='ltr'>fluctuare</span> <span class='ocrx_word' id='word_1_316' title='bbox 2629 2487 2922 2547; x_wconf 85' lang='lat' dir='ltr'>deberent</span> <span class='ocrx_word' id='word_1_317' title='bbox 2943 2492 2975 2547; x_wconf 67' lang='lat' dir='ltr'>P</span> 
     </span>
     <span class='ocr_line' id='line_1_29' title="bbox 546 2565 2974 2645; baseline 0.001 -21"><span class='ocrx_word' id='word_1_318' title='bbox 546 2567 672 2625; x_wconf 91' lang='lat' dir='ltr'>Imo</span> <span class='ocrx_word' id='word_1_319' title='bbox 701 2568 902 2624; x_wconf 87' lang='lat' dir='ltr'>miram</span> <span class='ocrx_word' id='word_1_320' title='bbox 931 2565 1025 2624; x_wconf 89' lang='lat' dir='ltr'>hic</span> <span class='ocrx_word' id='word_1_321' title='bbox 1055 2567 1453 2625; x_wconf 86' lang='lat' dir='ltr'>certitudinem</span> <span class='ocrx_word' id='word_1_322' title='bbox 1483 2577 1661 2645; x_wconf 85' lang='lat' dir='ltr'>notat,</span> <span class='ocrx_word' id='word_1_323' title='bbox 1694 2589 1823 2627; x_wconf 91' lang='lat' dir='ltr'>cum</span> <span class='ocrx_word' id='word_1_324' title='bbox 1872 2570 2023 2628; x_wconf 91' lang='lat' dir='ltr'>enim</span> <span class='ocrx_word' id='word_1_325' title='bbox 2052 2568 2198 2626; x_wconf 76' lang='lat' dir='ltr'>varii</span> <span class='ocrx_word' id='word_1_326' title='bbox 2248 2569 2364 2628; x_wconf 90' lang='lat' dir='ltr'>sint</span> <span class='ocrx_word' id='word_1_327' title='bbox 2411 2569 2536 2645; x_wconf 87' lang='lat' dir='ltr'>ejus</span> <span class='ocrx_word' id='word_1_328' title='bbox 2565 2568 2806 2644; x_wconf 84' lang='lat' dir='ltr'>gradus,</span> <span class='ocrx_word' id='word_1_329' title='bbox 2838 2579 2974 2627; x_wconf 87' lang='lat' dir='ltr'>tum</span> 
     </span>
     <span class='ocr_line' id='line_1_30' title="bbox 545 2646 2968 2725; baseline 0.002 -22"><span class='ocrx_word' id='word_1_330' title='bbox 545 2646 640 2704; x_wconf 90' lang='lat' dir='ltr'>ille</span> <span class='ocrx_word' id='word_1_331' title='bbox 665 2666 938 2716; x_wconf 88' lang='lat' dir='ltr'>summus,</span> <span class='ocrx_word' id='word_1_332' title='bbox 972 2647 1070 2719; x_wconf 91' lang='lat' dir='ltr'>qui</span> <span class='ocrx_word' id='word_1_333' title='bbox 1117 2646 1291 2704; x_wconf 82' lang='lat' dir='ltr'>estin</span> <span class='ocrx_word' id='word_1_334' title='bbox 1340 2646 1465 2722; x_wconf 89' lang='lat' dir='ltr'>ipsa</span> <span class='ocrx_word' id='word_1_335' title='bbox 1511 2650 1834 2724; x_wconf 76' lang='lat' dir='ltr'>praesentia.</span> <span class='ocrx_word' id='word_1_336' title='bbox 1922 2650 2077 2706; x_wconf 91' lang='lat' dir='ltr'>Hinc</span> <span class='ocrx_word' id='word_1_337' title='bbox 2108 2658 2363 2710; x_wconf 65' lang='lat' dir='ltr'>mmmm</span> <span class='ocrx_word' id='word_1_338' title='bbox 2408 2648 2635 2719; x_wconf 84' lang='lat' dir='ltr'>fiducia,</span> <span class='ocrx_word' id='word_1_339' title='bbox 2673 2649 2830 2725; x_wconf 47' lang='lat' dir='ltr'>Eph,</span> <span class='ocrx_word' id='word_1_340' title='bbox 2877 2649 2968 2707; x_wconf 80' lang='lat' dir='ltr'>iii.</span> 
     </span>
     <span class='ocr_line' id='line_1_31' title="bbox 549 2725 2966 2803; baseline 0.001 -20"><span class='ocrx_word' id='word_1_341' title='bbox 549 2729 620 2783; x_wconf 80' lang='lat'>12</span> <span class='ocrx_word' id='word_1_342' title='bbox 647 2747 660 2799; x_wconf 87' lang='grc'><strong>;</strong></span> <span class='ocrx_word' id='word_1_343' title='bbox 694 2732 931 2795; x_wconf 52' lang='lat' dir='ltr'>tanneia,</span> <span class='ocrx_word' id='word_1_344' title='bbox 958 2733 994 2786; x_wconf 83' lang='lat'>2</span> <span class='ocrx_word' id='word_1_345' title='bbox 1026 2726 1154 2782; x_wconf 80' lang='lat' dir='ltr'>Cor.</span> <span class='ocrx_word' id='word_1_346' title='bbox 1187 2725 1267 2783; x_wconf 89' lang='lat' dir='ltr'>iii.</span> <span class='ocrx_word' id='word_1_347' title='bbox 1304 2730 1394 2799; x_wconf 80' lang='lat'>12,</span> <span class='ocrx_word' id='word_1_348' title='bbox 1430 2726 1581 2784; x_wconf 89' lang='lat' dir='ltr'>Heb.</span> <span class='ocrx_word' id='word_1_349' title='bbox 1613 2728 1692 2787; x_wconf 86' lang='lat' dir='ltr'>iii.</span> <span class='ocrx_word' id='word_1_350' title='bbox 1725 2732 1779 2802; x_wconf 87' lang='lat'>6,</span> <span class='ocrx_word' id='word_1_351' title='bbox 1811 2737 1869 2787; x_wconf 84' lang='lat' dir='ltr'>et</span> <span class='ocrx_word' id='word_1_352' title='bbox 1897 2728 1974 2787; x_wconf 82' lang='lat' dir='ltr'>iv.</span> <span class='ocrx_word' id='word_1_353' title='bbox 2011 2732 2080 2786; x_wconf 87' lang='lat'>16</span> <span class='ocrx_word' id='word_1_354' title='bbox 2108 2752 2121 2803; x_wconf 88' lang='grc'><strong>;</strong></span> <span class='ocrx_word' id='word_1_355' title='bbox 2160 2736 2453 2801; x_wconf 47' lang='lat' dir='ltr'>«zamma,</span> <span class='ocrx_word' id='word_1_356' title='bbox 2492 2732 2518 2784; x_wconf 96' lang='grc'>1</span> <span class='ocrx_word' id='word_1_357' title='bbox 2554 2727 2761 2786; x_wconf 76' lang='lat' dir='ltr'>Thess·</span> <span class='ocrx_word' id='word_1_358' title='bbox 2812 2730 2852 2786; x_wconf 89' lang='lat' dir='ltr'>i.</span> <span class='ocrx_word' id='word_1_359' title='bbox 2902 2733 2966 2802; x_wconf 79' lang='lat'>5,</span> 
     </span>
     <span class='ocr_line' id='line_1_32' title="bbox 547 2803 2969 2883; baseline 0.003 -22"><span class='ocrx_word' id='word_1_360' title='bbox 547 2805 699 2862; x_wconf 88' lang='lat' dir='ltr'>Heb.</span> <span class='ocrx_word' id='word_1_361' title='bbox 724 2805 801 2861; x_wconf 87' lang='lat' dir='ltr'>vi.</span> <span class='ocrx_word' id='word_1_362' title='bbox 838 2808 928 2879; x_wconf 85' lang='lat'>11,</span> <span class='ocrx_word' id='word_1_363' title='bbox 960 2803 1094 2864; x_wconf 88' lang='lat' dir='ltr'>fidei</span> <span class='ocrx_word' id='word_1_364' title='bbox 1125 2804 1467 2879; x_wconf 90' lang='lat' dir='ltr'>tribuuntur,</span> <span class='ocrx_word' id='word_1_365' title='bbox 1499 2825 1629 2881; x_wconf 77' lang='lat' dir='ltr'>quae</span> <span class='ocrx_word' id='word_1_366' title='bbox 1658 2807 2058 2867; x_wconf 86' lang='lat' dir='ltr'>certitudinem</span> <span class='ocrx_word' id='word_1_367' title='bbox 2108 2808 2202 2866; x_wconf 84' lang='lat' dir='ltr'>vel</span> <span class='ocrx_word' id='word_1_368' title='bbox 2233 2815 2578 2883; x_wconf 85' lang='lat' dir='ltr'>supponunt,</span> <span class='ocrx_word' id='word_1_369' title='bbox 2610 2808 2708 2865; x_wconf 79' lang='lat' dir='ltr'>vel</span> <span class='ocrx_word' id='word_1_370' title='bbox 2736 2817 2876 2883; x_wconf 84' lang='lat' dir='ltr'>post</span> <span class='ocrx_word' id='word_1_371' title='bbox 2899 2829 2969 2868; x_wconf 79' lang='lat' dir='ltr'>se</span> 
     </span>
     <span class='ocr_line' id='line_1_33' title="bbox 543 2884 2969 2963; baseline 0.002 -21"><span class='ocrx_word' id='word_1_372' title='bbox 543 2884 867 2943; x_wconf 88' lang='lat' dir='ltr'>necessario</span> <span class='ocrx_word' id='word_1_373' title='bbox 896 2888 1145 2958; x_wconf 87' lang='lat' dir='ltr'>trahunt,</span> <span class='ocrx_word' id='word_1_374' title='bbox 1179 2893 1236 2943; x_wconf 89' lang='lat' dir='ltr'>et</span> <span class='ocrx_word' id='word_1_375' title='bbox 1264 2884 1609 2943; x_wconf 86' lang='lat' dir='ltr'>dubitationi</span> <span class='ocrx_word' id='word_1_376' title='bbox 1658 2907 1725 2944; x_wconf 90' lang='lat' dir='ltr'>ac</span> <span class='ocrx_word' id='word_1_377' title='bbox 1773 2887 2104 2946; x_wconf 84' lang='lat' dir='ltr'>diffidentiae</span> <span class='ocrx_word' id='word_1_378' title='bbox 2152 2897 2533 2963; x_wconf 85' lang='lat' dir='ltr'>opponuntur,</span> <span class='ocrx_word' id='word_1_379' title='bbox 2567 2887 2780 2945; x_wconf 85' lang='lat' dir='ltr'>Matth.</span> <span class='ocrx_word' id='word_1_380' title='bbox 2832 2890 2969 2947; x_wconf 78' lang='lat' dir='ltr'>xxi.</span> 
     </span>
     <span class='ocr_line' id='line_1_34' title="bbox 545 2965 2967 3043; baseline 0.001 -20"><span class='ocrx_word' id='word_1_381' title='bbox 545 2967 640 3040; x_wconf 82' lang='lat'>21,</span> <span class='ocrx_word' id='word_1_382' title='bbox 673 2965 715 3023; x_wconf 86' lang='lat' dir='ltr'><strong>J</strong></span> <span class='ocrx_word' id='word_1_383' title='bbox 719 2966 871 3025; x_wconf 57' lang='lat' dir='ltr'>acfl’.</span> <span class='ocrx_word' id='word_1_384' title='bbox 905 2969 959 3026; x_wconf 89' lang='lat'>6.</span> <span class='ocrx_word' id='word_1_385' title='bbox 1048 2965 1167 3023; x_wconf 91' lang='lat' dir='ltr'>Nec</span> <span class='ocrx_word' id='word_1_386' title='bbox 1196 2965 1393 3041; x_wconf 89' lang='lat' dir='ltr'>reponi</span> <span class='ocrx_word' id='word_1_387' title='bbox 1423 2965 1593 3024; x_wconf 89' lang='lat' dir='ltr'>debet</span> <span class='ocrx_word' id='word_1_388' title='bbox 1626 2970 1660 2999; x_wconf 81' lang='lat'>‘⁴</span> <span class='ocrx_word' id='word_1_389' title='bbox 1685 2966 1809 3025; x_wconf 89' lang='lat' dir='ltr'>Ista</span> <span class='ocrx_word' id='word_1_390' title='bbox 1836 2966 2068 3043; x_wconf 88' lang='lat' dir='ltr'>quidem</span> <span class='ocrx_word' id='word_1_391' title='bbox 2118 2967 2189 3024; x_wconf 89' lang='lat' dir='ltr'>de</span> <span class='ocrx_word' id='word_1_392' title='bbox 2217 2987 2279 3024; x_wconf 90' lang='lat' dir='ltr'>re</span> <span class='ocrx_word' id='word_1_393' title='bbox 2307 2966 2667 3039; x_wconf 87' lang='lat' dir='ltr'>concludere,</span> <span class='ocrx_word' id='word_1_394' title='bbox 2702 2966 2809 3024; x_wconf 90' lang='lat' dir='ltr'>sed</span> <span class='ocrx_word' id='word_1_395' title='bbox 2840 2988 2967 3026; x_wconf 84' lang='lat' dir='ltr'>non</span> 
     </span>
     <span class='ocr_line' id='line_1_35' title="bbox 545 3045 2971 3122; baseline 0.001 -19"><span class='ocrx_word' id='word_1_396' title='bbox 545 3046 616 3104; x_wconf 93' lang='lat' dir='ltr'>de</span> <span class='ocrx_word' id='word_1_397' title='bbox 645 3066 891 3122; x_wconf 89' lang='lat' dir='ltr'>persona</span> <span class='ocrx_word' id='word_1_398' title='bbox 911 3049 963 3107; x_wconf 88' lang='lat'>:&#39;&#39;</span> <span class='ocrx_word' id='word_1_399' title='bbox 1011 3045 1173 3122; x_wconf 83' lang='lat' dir='ltr'>Quia,</span> <span class='ocrx_word' id='word_1_400' title='bbox 1206 3054 1269 3103; x_wconf 89' lang='lat' dir='ltr'>ut</span> <span class='ocrx_word' id='word_1_401' title='bbox 1296 3045 1439 3104; x_wconf 86' lang='lat' dir='ltr'>fides</span> <span class='ocrx_word' id='word_1_402' title='bbox 1467 3046 1593 3104; x_wconf 81' lang='lat' dir='ltr'>haec</span> <span class='ocrx_word' id='word_1_403' title='bbox 1621 3046 1797 3104; x_wconf 88' lang='lat' dir='ltr'>habet</span> <span class='ocrx_word' id='word_1_404' title='bbox 1839 3046 1900 3102; x_wconf 88' lang='lat' dir='ltr'>in</span> <span class='ocrx_word' id='word_1_405' title='bbox 1929 3067 2008 3121; x_wconf 89' lang='lat' dir='ltr'>se,</span> <span class='ocrx_word' id='word_1_406' title='bbox 2049 3046 2249 3104; x_wconf 87' lang='lat' dir='ltr'>eadem</span> <span class='ocrx_word' id='word_1_407' title='bbox 2278 3045 2601 3104; x_wconf 87' lang='lat' dir='ltr'>necessario</span> <span class='ocrx_word' id='word_1_408' title='bbox 2629 3046 2859 3105; x_wconf 85' lang='lat' dir='ltr'>confert</span> <span class='ocrx_word' id='word_1_409' title='bbox 2887 3047 2971 3105; x_wconf 79' lang='lat' dir='ltr'>iis</span> 
     </span>
     <span class='ocr_line' id='line_1_36' title="bbox 543 3124 2965 3202; baseline 0.001 -20"><span class='ocrx_word' id='word_1_410' title='bbox 543 3126 603 3182; x_wconf 90' lang='lat' dir='ltr'>in</span> <span class='ocrx_word' id='word_1_411' title='bbox 632 3126 843 3202; x_wconf 89' lang='lat' dir='ltr'>quibus</span> <span class='ocrx_word' id='word_1_412' title='bbox 872 3128 1022 3186; x_wconf 90' lang='lat' dir='ltr'>inest</span> <span class='ocrx_word' id='word_1_413' title='bbox 1062 3125 1447 3201; x_wconf 87' lang='lat' dir='ltr'>particulatim</span> <span class='ocrx_word' id='word_1_414' title='bbox 1471 3149 1484 3199; x_wconf 79' lang='lat'>3</span> <span class='ocrx_word' id='word_1_415' title='bbox 1535 3126 1617 3185; x_wconf 91' lang='lat' dir='ltr'>Ut</span> <span class='ocrx_word' id='word_1_416' title='bbox 1646 3145 1783 3183; x_wconf 81' lang='lat' dir='ltr'>vera</span> <span class='ocrx_word' id='word_1_417' title='bbox 1811 3146 1928 3184; x_wconf 87' lang='lat' dir='ltr'>non</span> <span class='ocrx_word' id='word_1_418' title='bbox 1977 3126 2091 3185; x_wconf 90' lang='lat' dir='ltr'>sint</span> <span class='ocrx_word' id='word_1_419' title='bbox 2119 3134 2341 3184; x_wconf 86' lang='lat' dir='ltr'>tantum</span> <span class='ocrx_word' id='word_1_420' title='bbox 2371 3125 2431 3182; x_wconf 91' lang='lat' dir='ltr'>in</span> <span class='ocrx_word' id='word_1_421' title='bbox 2471 3126 2639 3199; x_wconf 84' lang='lat' dir='ltr'>thesi,</span> <span class='ocrx_word' id='word_1_422' title='bbox 2672 3124 2776 3182; x_wconf 88' lang='lat' dir='ltr'>sed</span> <span class='ocrx_word' id='word_1_423' title='bbox 2807 3136 2871 3184; x_wconf 88' lang='lat' dir='ltr'>et</span> <span class='ocrx_word' id='word_1_424' title='bbox 2898 3127 2965 3184; x_wconf 89' lang='lat' dir='ltr'>in</span> 
     </span>
     <span class='ocr_line' id='line_1_37' title="bbox 541 3205 2965 3282; baseline 0 -19"><span class='ocrx_word' id='word_1_425' title='bbox 541 3205 868 3281; x_wconf 85' lang='lat' dir='ltr'>hypothesi.</span> <span class='ocrx_word' id='word_1_426' title='bbox 956 3209 1081 3265; x_wconf 91' lang='lat' dir='ltr'>Imo</span> <span class='ocrx_word' id='word_1_427' title='bbox 1109 3225 1226 3263; x_wconf 92' lang='lat' dir='ltr'>non</span> <span class='ocrx_word' id='word_1_428' title='bbox 1254 3213 1444 3282; x_wconf 89' lang='lat' dir='ltr'>potest</span> <span class='ocrx_word' id='word_1_429' title='bbox 1472 3206 1581 3263; x_wconf 93' lang='lat' dir='ltr'>hoc</span> <span class='ocrx_word' id='word_1_430' title='bbox 1631 3205 1805 3263; x_wconf 89' lang='lat' dir='ltr'>tribui</span> <span class='ocrx_word' id='word_1_431' title='bbox 1832 3205 1967 3263; x_wconf 89' lang='lat' dir='ltr'>fidei</span> <span class='ocrx_word' id='word_1_432' title='bbox 2011 3205 2124 3263; x_wconf 88' lang='lat' dir='ltr'>nisi</span> <span class='ocrx_word' id='word_1_433' title='bbox 2171 3205 2350 3262; x_wconf 87' lang='lat' dir='ltr'>relate</span> <span class='ocrx_word' id='word_1_434' title='bbox 2379 3205 2454 3262; x_wconf 88' lang='lat' dir='ltr'>ad</span> <span class='ocrx_word' id='word_1_435' title='bbox 2502 3205 2833 3281; x_wconf 87' lang='lat' dir='ltr'>subjectum</span> <span class='ocrx_word' id='word_1_436' title='bbox 2863 3207 2965 3264; x_wconf 90' lang='lat' dir='ltr'>cui</span> 
     </span>
     <span class='ocr_line' id='line_1_38' title="bbox 544 3283 2464 3361; baseline 0.001 -20"><span class='ocrx_word' id='word_1_437' title='bbox 544 3285 709 3357; x_wconf 88' lang='lat' dir='ltr'>inest,</span> <span class='ocrx_word' id='word_1_438' title='bbox 742 3294 800 3343; x_wconf 91' lang='lat' dir='ltr'>et</span> <span class='ocrx_word' id='word_1_439' title='bbox 826 3286 885 3341; x_wconf 90' lang='lat' dir='ltr'>in</span> <span class='ocrx_word' id='word_1_440' title='bbox 916 3305 1029 3361; x_wconf 91' lang='lat' dir='ltr'>quo</span> <span class='ocrx_word' id='word_1_441' title='bbox 1058 3284 1232 3343; x_wconf 90' lang='lat' dir='ltr'>talem</span> <span class='ocrx_word' id='word_1_442' title='bbox 1263 3283 1664 3343; x_wconf 82' lang='lat' dir='ltr'>certitudinem</span> <span class='ocrx_word' id='word_1_443' title='bbox 1692 3284 2005 3361; x_wconf 87' lang='lat' dir='ltr'>producere</span> <span class='ocrx_word' id='word_1_444' title='bbox 2034 3293 2169 3361; x_wconf 82' lang='lat' dir='ltr'>apta</span> <span class='ocrx_word' id='word_1_445' title='bbox 2196 3292 2331 3342; x_wconf 85' lang='lat' dir='ltr'>nata</span> <span class='ocrx_word' id='word_1_446' title='bbox 2359 3293 2464 3342; x_wconf 89' lang='lat' dir='ltr'>est.</span> 
     </span>
    </p>

    <p class='ocr_par' dir='ltr' id='par_1_4' title="bbox 535 3362 2961 4632">
     <span class='ocr_line' id='line_1_39' title="bbox 625 3362 2961 3440; baseline 0.002 -23"><span class='ocrx_word' id='word_1_447' title='bbox 625 3362 768 3419; x_wconf 90' lang='lat' dir='ltr'>XV.</span> <span class='ocrx_word' id='word_1_448' title='bbox 813 3364 940 3420; x_wconf 88' lang='lat' dir='ltr'>Nisi</span> <span class='ocrx_word' id='word_1_449' title='bbox 969 3364 1156 3420; x_wconf 88' lang='lat' dir='ltr'>fidelis</span> <span class='ocrx_word' id='word_1_450' title='bbox 1194 3371 1391 3437; x_wconf 89' lang='lat' dir='ltr'>posset</span> <span class='ocrx_word' id='word_1_451' title='bbox 1431 3364 1604 3421; x_wconf 89' lang='lat' dir='ltr'>fidem</span> <span class='ocrx_word' id='word_1_452' title='bbox 1652 3384 1814 3421; x_wconf 88' lang='lat' dir='ltr'>suam</span> <span class='ocrx_word' id='word_1_453' title='bbox 1861 3384 2225 3440; x_wconf 87' lang='lat' dir='ltr'>cognoscere,</span> <span class='ocrx_word' id='word_1_454' title='bbox 2276 3363 2489 3422; x_wconf 87' lang='lat' dir='ltr'>frustra</span> <span class='ocrx_word' id='word_1_455' title='bbox 2542 3383 2784 3422; x_wconf 84' lang='lat' dir='ltr'>examen</span> <span class='ocrx_word' id='word_1_456' title='bbox 2816 3364 2961 3422; x_wconf 84' lang='lat' dir='ltr'>fidei</span> 
     </span>
     <span class='ocr_line' id='line_1_40' title="bbox 545 3439 2959 3517; baseline 0.003 -22"><span class='ocrx_word' id='word_1_457' title='bbox 545 3458 664 3496; x_wconf 85' lang='lat' dir='ltr'>suae</span> <span class='ocrx_word' id='word_1_458' title='bbox 709 3439 795 3496; x_wconf 89' lang='lat' dir='ltr'>illi</span> <span class='ocrx_word' id='word_1_459' title='bbox 831 3441 1309 3514; x_wconf 81' lang='lat' dir='ltr'>praescriberetur‚</span> <span class='ocrx_word' id='word_1_460' title='bbox 1368 3450 1434 3499; x_wconf 90' lang='lat' dir='ltr'>ut</span> <span class='ocrx_word' id='word_1_461' title='bbox 1486 3462 1604 3499; x_wconf 91' lang='lat' dir='ltr'>nou</span> <span class='ocrx_word' id='word_1_462' title='bbox 1659 3463 1786 3500; x_wconf 89' lang='lat' dir='ltr'>raro</span> <span class='ocrx_word' id='word_1_463' title='bbox 1814 3442 1939 3501; x_wconf 88' lang='lat' dir='ltr'>fieri</span> <span class='ocrx_word' id='word_1_464' title='bbox 1968 3443 2130 3517; x_wconf 89' lang='lat' dir='ltr'>solet,</span> <span class='ocrx_word' id='word_1_465' title='bbox 2188 3446 2215 3500; x_wconf 93' lang='lat'>1</span> <span class='ocrx_word' id='word_1_466' title='bbox 2252 3444 2381 3501; x_wconf 88' lang='lat' dir='ltr'>Cor.</span> <span class='ocrx_word' id='word_1_467' title='bbox 2410 3444 2492 3500; x_wconf 82' lang='lat' dir='ltr'>xi.</span> <span class='ocrx_word' id='word_1_468' title='bbox 2523 3446 2618 3517; x_wconf 82' lang='lat'>28,</span> <span class='ocrx_word' id='word_1_469' title='bbox 2662 3445 2959 3517; x_wconf 59' lang='lat' dir='ltr'>Explere!</span> 
     </span>
     <span class='ocr_line' id='line_1_41' title="bbox 543 3517 2954 3598; baseline 0.003 -26"><span class='ocrx_word' id='word_1_470' title='bbox 543 3517 773 3593; x_wconf 80' lang='lat' dir='ltr'>quisque</span> <span class='ocrx_word' id='word_1_471' title='bbox 798 3518 1036 3593; x_wconf 65' lang='lat' dir='ltr'>seilmcm</span> <span class='ocrx_word' id='word_1_472' title='bbox 1064 3527 1370 3592; x_wconf 88' lang='lat' dir='ltr'>antequam</span> <span class='ocrx_word' id='word_1_473' title='bbox 1389 3519 1463 3576; x_wconf 87' lang='lat' dir='ltr'>ad</span> <span class='ocrx_word' id='word_1_474' title='bbox 1488 3522 1722 3579; x_wconf 90' lang='lat' dir='ltr'>Coenam</span> <span class='ocrx_word' id='word_1_475' title='bbox 1744 3522 1996 3598; x_wconf 88' lang='lat' dir='ltr'>accedat,</span> <span class='ocrx_word' id='word_1_476' title='bbox 2020 3523 2290 3580; x_wconf 87' lang='lat' dir='ltr'>nimirum</span> <span class='ocrx_word' id='word_1_477' title='bbox 2318 3543 2393 3580; x_wconf 91' lang='lat' dir='ltr'>an</span> <span class='ocrx_word' id='word_1_478' title='bbox 2410 3542 2546 3580; x_wconf 87' lang='lat' dir='ltr'>vere</span> <span class='ocrx_word' id='word_1_479' title='bbox 2573 3523 2632 3579; x_wconf 91' lang='lat' dir='ltr'>in</span> <span class='ocrx_word' id='word_1_480' title='bbox 2657 3522 2954 3580; x_wconf 82' lang='lat' dir='ltr'>Christum</span> 
     </span>
     <span class='ocr_line' id='line_1_42' title="bbox 542 3595 2953 3678; baseline 0.002 -23"><span class='ocrx_word' id='word_1_481' title='bbox 542 3595 754 3671; x_wconf 87' lang='lat' dir='ltr'>credat,</span> <span class='ocrx_word' id='word_1_482' title='bbox 786 3603 842 3654; x_wconf 89' lang='lat' dir='ltr'>et</span> <span class='ocrx_word' id='word_1_483' title='bbox 871 3596 1004 3655; x_wconf 89' lang='lat' dir='ltr'>talis</span> <span class='ocrx_word' id='word_1_484' title='bbox 1033 3598 1124 3672; x_wconf 87' lang='lat' dir='ltr'>sit,</span> <span class='ocrx_word' id='word_1_485' title='bbox 1156 3597 1384 3672; x_wconf 87' lang='lat' dir='ltr'>qualem</span> <span class='ocrx_word' id='word_1_486' title='bbox 1414 3617 1538 3657; x_wconf 84' lang='lat' dir='ltr'>esse</span> <span class='ocrx_word' id='word_1_487' title='bbox 1588 3610 1812 3677; x_wconf 90' lang='lat' dir='ltr'>oportet</span> <span class='ocrx_word' id='word_1_488' title='bbox 1860 3621 2008 3676; x_wconf 87' lang='lat' dir='ltr'>eum,</span> <span class='ocrx_word' id='word_1_489' title='bbox 2056 3602 2157 3677; x_wconf 89' lang='lat' dir='ltr'>qui</span> <span class='ocrx_word' id='word_1_490' title='bbox 2185 3611 2346 3661; x_wconf 82' lang='lat' dir='ltr'>tanta</span> <span class='ocrx_word' id='word_1_491' title='bbox 2399 3601 2675 3678; x_wconf 83' lang='lat' dir='ltr'>mysteria</span> <span class='ocrx_word' id='word_1_492' title='bbox 2721 3609 2953 3660; x_wconf 80' lang='lat' dir='ltr'>tractat.</span> 
     </span>
     <span class='ocr_line' id='line_1_43' title="bbox 543 3676 2952 3758; baseline 0.002 -24"><span class='ocrx_word' id='word_1_493' title='bbox 543 3677 638 3751; x_wconf 87' lang='lat' dir='ltr'>Et,</span> <span class='ocrx_word' id='word_1_494' title='bbox 672 3680 707 3734; x_wconf 80' lang='lat'><strong>2</strong></span> <span class='ocrx_word' id='word_1_495' title='bbox 740 3677 866 3735; x_wconf 90' lang='lat' dir='ltr'>Cor.</span> <span class='ocrx_word' id='word_1_496' title='bbox 901 3677 1021 3735; x_wconf 86' lang='lat' dir='ltr'>xiii.</span> <span class='ocrx_word' id='word_1_497' title='bbox 1055 3680 1109 3752; x_wconf 88' lang='grc'>5,</span> <span class='ocrx_word' id='word_1_498' title='bbox 1157 3680 1192 3709; x_wconf 93' lang='lat'><strong>“</strong></span> <span class='ocrx_word' id='word_1_499' title='bbox 1216 3676 1456 3736; x_wconf 87' lang='lat' dir='ltr'>Tentate</span> <span class='ocrx_word' id='word_1_500' title='bbox 1486 3698 1592 3738; x_wconf 82' lang='lat' dir='ltr'>vos</span> <span class='ocrx_word' id='word_1_501' title='bbox 1641 3681 1813 3757; x_wconf 86' lang='lat' dir='ltr'>ipsos,</span> <span class='ocrx_word' id='word_1_502' title='bbox 1848 3680 1946 3738; x_wconf 90' lang='lat' dir='ltr'>An</span> <span class='ocrx_word' id='word_1_503' title='bbox 1976 3681 2101 3739; x_wconf 87' lang='lat' dir='ltr'>sitis</span> <span class='ocrx_word' id='word_1_504' title='bbox 2145 3682 2205 3738; x_wconf 91' lang='lat' dir='ltr'>in</span> <span class='ocrx_word' id='word_1_505' title='bbox 2232 3681 2365 3756; x_wconf 88' lang='lat' dir='ltr'>fide,</span> <span class='ocrx_word' id='word_1_506' title='bbox 2417 3682 2528 3758; x_wconf 87' lang='lat' dir='ltr'>ipsi</span> <span class='ocrx_word' id='word_1_507' title='bbox 2557 3701 2663 3739; x_wconf 78' lang='lat' dir='ltr'>vos</span> <span class='ocrx_word' id='word_1_508' title='bbox 2690 3681 2952 3756; x_wconf 85' lang='lat' dir='ltr'>probate,</span> 
     </span>
     <span class='ocr_line' id='line_1_44' title="bbox 543 3757 2952 3836; baseline 0.001 -20"><span class='ocrx_word' id='word_1_509' title='bbox 543 3757 759 3816; x_wconf 86' lang='lat' dir='ltr'>Annon</span> <span class='ocrx_word' id='word_1_510' title='bbox 787 3758 1101 3835; x_wconf 78' lang='lat' dir='ltr'>agnoscitis</span> <span class='ocrx_word' id='word_1_511' title='bbox 1132 3766 1356 3816; x_wconf 88' lang='lat' dir='ltr'>vosmet</span> <span class='ocrx_word' id='word_1_512' title='bbox 1383 3758 1555 3834; x_wconf 86' lang='lat' dir='ltr'>ipsos,</span> <span class='ocrx_word' id='word_1_513' title='bbox 1587 3760 1743 3835; x_wconf 91' lang='lat' dir='ltr'>quod</span> <span class='ocrx_word' id='word_1_514' title='bbox 1771 3762 1813 3819; x_wconf 81' lang='lat' dir='ltr'>J</span> <span class='ocrx_word' id='word_1_515' title='bbox 1819 3780 1951 3819; x_wconf 90' lang='lat' dir='ltr'>esus</span> <span class='ocrx_word' id='word_1_516' title='bbox 2001 3760 2265 3819; x_wconf 88' lang='lat' dir='ltr'>Christus</span> <span class='ocrx_word' id='word_1_517' title='bbox 2293 3761 2354 3818; x_wconf 90' lang='lat' dir='ltr'>in</span> <span class='ocrx_word' id='word_1_518' title='bbox 2381 3762 2548 3819; x_wconf 79' lang='lat' dir='ltr'>vobis</span> <span class='ocrx_word' id='word_1_519' title='bbox 2578 3761 2653 3819; x_wconf 88' lang='lat' dir='ltr'>sit</span> <span class='ocrx_word' id='word_1_520' title='bbox 2671 3762 2738 3818; x_wconf 78' lang='lat'>?&#39;’</span> <span class='ocrx_word' id='word_1_521' title='bbox 2768 3761 2952 3836; x_wconf 87' lang='lat' dir='ltr'>respi-</span> 
     </span>
     <span class='ocr_line' id='line_1_45' title="bbox 536 3837 2953 3918; baseline 0.001 -22"><span class='ocrx_word' id='word_1_522' title='bbox 536 3839 615 3897; x_wconf 90' lang='lat' dir='ltr'>cit</span> <span class='ocrx_word' id='word_1_523' title='bbox 645 3838 767 3896; x_wconf 90' lang='lat' dir='ltr'>scil.</span> <span class='ocrx_word' id='word_1_524' title='bbox 797 3839 872 3896; x_wconf 88' lang='lat' dir='ltr'>ad</span> <span class='ocrx_word' id='word_1_525' title='bbox 899 3839 961 3896; x_wconf 92' lang='lat' dir='ltr'>id</span> <span class='ocrx_word' id='word_1_526' title='bbox 988 3839 1145 3916; x_wconf 90' lang='lat' dir='ltr'>quod</span> <span class='ocrx_word' id='word_1_527' title='bbox 1172 3837 1399 3897; x_wconf 82' lang='lat' dir='ltr'>dixerat</span> <span class='ocrx_word' id='word_1_528' title='bbox 1427 3859 1546 3897; x_wconf 89' lang='lat' dir='ltr'>ver.</span> <span class='ocrx_word' id='word_1_529' title='bbox 1577 3843 1632 3913; x_wconf 89' lang='grc'>3,</span> <span class='ocrx_word' id='word_1_530' title='bbox 1680 3841 2006 3899; x_wconf 88' lang='lat' dir='ltr'>Corinthios</span> <span class='ocrx_word' id='word_1_531' title='bbox 2028 3860 2281 3918; x_wconf 83' lang='lat' dir='ltr'>quaerere</span> <span class='ocrx_word' id='word_1_532' title='bbox 2326 3847 2507 3909; x_wconf 62' lang='grc' dir='ltr'>δοκιμὴν</span> <span class='ocrx_word' id='word_1_533' title='bbox 2554 3840 2953 3917; x_wconf 83' lang='lat' dir='ltr'>probationem</span> 
     </span>
     <span class='ocr_line' id='line_1_46' title="bbox 542 3918 2954 3998; baseline 0 -23"><span class='ocrx_word' id='word_1_534' title='bbox 542 3937 644 3976; x_wconf 89' lang='lat' dir='ltr'>scu</span> <span class='ocrx_word' id='word_1_535' title='bbox 673 3927 1076 3993; x_wconf 83' lang='lat' dir='ltr'>argumentum</span> <span class='ocrx_word' id='word_1_536' title='bbox 1109 3918 1322 3978; x_wconf 88' lang='lat' dir='ltr'>Christi</span> <span class='ocrx_word' id='word_1_537' title='bbox 1353 3918 1412 3975; x_wconf 93' lang='lat' dir='ltr'>in</span> <span class='ocrx_word' id='word_1_538' title='bbox 1442 3918 1567 3994; x_wconf 88' lang='lat' dir='ltr'>ipso</span> <span class='ocrx_word' id='word_1_539' title='bbox 1596 3919 1903 3994; x_wconf 75' lang='lat' dir='ltr'>loquentia,</span> <span class='ocrx_word' id='word_1_540' title='bbox 1935 3921 2099 3996; x_wconf 88' lang='lat' dir='ltr'>quasi</span> <span class='ocrx_word' id='word_1_541' title='bbox 2144 3920 2315 3995; x_wconf 82' lang='lat' dir='ltr'>dicat,</span> <span class='ocrx_word' id='word_1_542' title='bbox 2346 3920 2546 3978; x_wconf 81' lang='lat' dir='ltr'>Vultis</span> <span class='ocrx_word' id='word_1_543' title='bbox 2590 3919 2854 3998; x_wconf 79' lang='lat' dir='ltr'>experiri,</span> <span class='ocrx_word' id='word_1_544' title='bbox 2888 3940 2954 3976; x_wconf 89' lang='lat' dir='ltr'>u·</span> 
     </span>
     <span class='ocr_line' id='line_1_47' title="bbox 540 3997 2951 4076; baseline 0 -21"><span class='ocrx_word' id='word_1_545' title='bbox 540 4006 691 4055; x_wconf 86' lang='lat' dir='ltr'>trum</span> <span class='ocrx_word' id='word_1_546' title='bbox 718 3998 980 4055; x_wconf 88' lang='lat' dir='ltr'>Christus</span> <span class='ocrx_word' id='word_1_547' title='bbox 999 3999 1056 4054; x_wconf 91' lang='lat' dir='ltr'>in</span> <span class='ocrx_word' id='word_1_548' title='bbox 1080 4018 1172 4056; x_wconf 91' lang='lat' dir='ltr'>me</span> <span class='ocrx_word' id='word_1_549' title='bbox 1200 3997 1484 4074; x_wconf 90' lang='lat' dir='ltr'>loquatur,</span> <span class='ocrx_word' id='word_1_550' title='bbox 1513 3997 1615 4056; x_wconf 87' lang='lat' dir='ltr'>sed</span> <span class='ocrx_word' id='word_1_551' title='bbox 1636 3999 1834 4059; x_wconf 90' lang='lat' dir='ltr'>hortor</span> <span class='ocrx_word' id='word_1_552' title='bbox 1855 4019 1962 4057; x_wconf 80' lang='lat' dir='ltr'>vos</span> <span class='ocrx_word' id='word_1_553' title='bbox 1984 4009 2041 4058; x_wconf 86' lang='lat' dir='ltr'>et</span> <span class='ocrx_word' id='word_1_554' title='bbox 2070 3999 2369 4074; x_wconf 87' lang='lat' dir='ltr'>admoneo,</span> <span class='ocrx_word' id='word_1_555' title='bbox 2391 4010 2457 4058; x_wconf 91' lang='lat' dir='ltr'>ut</span> <span class='ocrx_word' id='word_1_556' title='bbox 2478 4000 2807 4076; x_wconf 85' lang='lat' dir='ltr'>priusquam</span> <span class='ocrx_word' id='word_1_557' title='bbox 2837 3999 2951 4056; x_wconf 87' lang='lat' dir='ltr'>hoc</span> 
     </span>
     <span class='ocr_line' id='line_1_48' title="bbox 538 4076 2947 4155; baseline 0 -22"><span class='ocrx_word' id='word_1_558' title='bbox 538 4076 810 4152; x_wconf 69' lang='lat' dir='ltr'>quaeratis</span> <span class='ocrx_word' id='word_1_559' title='bbox 839 4077 896 4133; x_wconf 89' lang='lat' dir='ltr'>in</span> <span class='ocrx_word' id='word_1_560' title='bbox 927 4077 1109 4151; x_wconf 75' lang='lat' dir='ltr'>nobiS,</span> <span class='ocrx_word' id='word_1_561' title='bbox 1142 4078 1413 4153; x_wconf 85' lang='lat' dir='ltr'>quaeratis</span> <span class='ocrx_word' id='word_1_562' title='bbox 1443 4077 1634 4153; x_wconf 85' lang='lat' dir='ltr'>potius</span> <span class='ocrx_word' id='word_1_563' title='bbox 1663 4076 1734 4136; x_wconf 91' lang='lat' dir='ltr'>de</span> <span class='ocrx_word' id='word_1_564' title='bbox 1780 4079 1964 4153; x_wconf 87' lang='lat' dir='ltr'>vobis,</span> <span class='ocrx_word' id='word_1_565' title='bbox 1997 4087 2055 4137; x_wconf 90' lang='lat' dir='ltr'>et</span> <span class='ocrx_word' id='word_1_566' title='bbox 2095 4080 2291 4138; x_wconf 81' lang='lat' dir='ltr'>velitis</span> <span class='ocrx_word' id='word_1_567' title='bbox 2335 4088 2561 4137; x_wconf 84' lang='lat' dir='ltr'>vosmet</span> <span class='ocrx_word' id='word_1_568' title='bbox 2590 4080 2744 4155; x_wconf 90' lang='lat' dir='ltr'>ipsos</span> <span class='ocrx_word' id='word_1_569' title='bbox 2772 4098 2947 4154; x_wconf 85' lang='lat' dir='ltr'>expe·</span> 
     </span>
     <span class='ocr_line' id='line_1_49' title="bbox 536 4156 2951 4236; baseline 0.002 -24"><span class='ocrx_word' id='word_1_570' title='bbox 536 4157 652 4229; x_wconf 88' lang='lat' dir='ltr'>riri,</span> <span class='ocrx_word' id='word_1_571' title='bbox 687 4156 840 4213; x_wconf 91' lang='lat' dir='ltr'>Num</span> <span class='ocrx_word' id='word_1_572' title='bbox 871 4157 996 4215; x_wconf 87' lang='lat' dir='ltr'>sitis</span> <span class='ocrx_word' id='word_1_573' title='bbox 1026 4156 1084 4212; x_wconf 90' lang='lat' dir='ltr'>in</span> <span class='ocrx_word' id='word_1_574' title='bbox 1105 4156 1219 4213; x_wconf 90' lang='lat' dir='ltr'>fide</span> <span class='ocrx_word' id='word_1_575' title='bbox 1239 4159 1267 4213; x_wconf 74' lang='grc' dir='ltr'><em>Ρ</em></span> <span class='ocrx_word' id='word_1_576' title='bbox 1295 4165 1353 4214; x_wconf 90' lang='lat' dir='ltr'>et</span> <span class='ocrx_word' id='word_1_577' title='bbox 1382 4156 1598 4215; x_wconf 88' lang='lat' dir='ltr'>Annon</span> <span class='ocrx_word' id='word_1_578' title='bbox 1628 4159 1955 4233; x_wconf 84' lang='lat' dir='ltr'>agnoscatis</span> <span class='ocrx_word' id='word_1_579' title='bbox 2011 4179 2117 4218; x_wconf 87' lang='lat' dir='ltr'>vos</span> <span class='ocrx_word' id='word_1_580' title='bbox 2144 4160 2319 4236; x_wconf 87' lang='lat' dir='ltr'>ipsos,</span> <span class='ocrx_word' id='word_1_581' title='bbox 2370 4158 2525 4234; x_wconf 91' lang='lat' dir='ltr'>quod</span> <span class='ocrx_word' id='word_1_582' title='bbox 2572 4157 2831 4216; x_wconf 88' lang='lat' dir='ltr'>Christus</span> <span class='ocrx_word' id='word_1_583' title='bbox 2861 4165 2951 4216; x_wconf 87' lang='lat' dir='ltr'>est</span> 
     </span>
     <span class='ocr_line' id='line_1_50' title="bbox 538 4233 2947 4312; baseline 0 -21"><span class='ocrx_word' id='word_1_584' title='bbox 538 4235 596 4292; x_wconf 92' lang='lat' dir='ltr'>in</span> <span class='ocrx_word' id='word_1_585' title='bbox 628 4235 813 4308; x_wconf 83' lang='lat' dir='ltr'>vobis,</span> <span class='ocrx_word' id='word_1_586' title='bbox 845 4255 1048 4312; x_wconf 91' lang='lat' dir='ltr'>nempe</span> <span class='ocrx_word' id='word_1_587' title='bbox 1077 4255 1181 4310; x_wconf 91' lang='lat' dir='ltr'>per</span> <span class='ocrx_word' id='word_1_588' title='bbox 1207 4233 1378 4293; x_wconf 88' lang='lat' dir='ltr'>fidem</span> <span class='ocrx_word' id='word_1_589' title='bbox 1408 4256 1579 4312; x_wconf 87' lang='lat' dir='ltr'>quam</span> <span class='ocrx_word' id='word_1_590' title='bbox 1631 4237 1689 4295; x_wconf 91' lang='lat' dir='ltr'>in</span> <span class='ocrx_word' id='word_1_591' title='bbox 1719 4237 1888 4296; x_wconf 86' lang='lat' dir='ltr'>vobis</span> <span class='ocrx_word' id='word_1_592' title='bbox 1916 4258 2041 4297; x_wconf 89' lang='lat' dir='ltr'>esse</span> <span class='ocrx_word' id='word_1_593' title='bbox 2086 4239 2378 4312; x_wconf 82' lang='lat' dir='ltr'>invenitis,</span> <span class='ocrx_word' id='word_1_594' title='bbox 2430 4237 2514 4296; x_wconf 87' lang='lat' dir='ltr'>sic</span> <span class='ocrx_word' id='word_1_595' title='bbox 2552 4238 2705 4295; x_wconf 90' lang='lat' dir='ltr'>enim</span> <span class='ocrx_word' id='word_1_596' title='bbox 2734 4236 2804 4293; x_wconf 91' lang='lat' dir='ltr'>de</span> <span class='ocrx_word' id='word_1_597' title='bbox 2834 4256 2947 4309; x_wconf 84' lang='lat' dir='ltr'>me,</span> 
     </span>
     <span class='ocr_line' id='line_1_51' title="bbox 537 4313 2954 4394; baseline 0.001 -23"><span class='ocrx_word' id='word_1_598' title='bbox 537 4316 705 4390; x_wconf 87' lang='lat' dir='ltr'>cujus</span> <span class='ocrx_word' id='word_1_599' title='bbox 733 4315 1049 4373; x_wconf 89' lang='lat' dir='ltr'>ministerio</span> <span class='ocrx_word' id='word_1_600' title='bbox 1078 4313 1249 4371; x_wconf 87' lang='lat' dir='ltr'>fidem</span> <span class='ocrx_word' id='word_1_601' title='bbox 1280 4316 1599 4392; x_wconf 56' lang='lat' dir='ltr'>accepistffi,</span> <span class='ocrx_word' id='word_1_602' title='bbox 1642 4317 1933 4394; x_wconf 86' lang='lat' dir='ltr'>ambigere</span> <span class='ocrx_word' id='word_1_603' title='bbox 1979 4338 2098 4376; x_wconf 89' lang='lat' dir='ltr'>non</span> <span class='ocrx_word' id='word_1_604' title='bbox 2143 4318 2384 4392; x_wconf 86' lang='lat' dir='ltr'>debetis,</span> <span class='ocrx_word' id='word_1_605' title='bbox 2433 4318 2572 4393; x_wconf 88' lang='lat' dir='ltr'>quin</span> <span class='ocrx_word' id='word_1_606' title='bbox 2599 4317 2870 4392; x_wconf 88' lang='lat' dir='ltr'>loquatur</span> <span class='ocrx_word' id='word_1_607' title='bbox 2892 4317 2954 4373; x_wconf 86' lang='lat' dir='ltr'>in</span> 
     </span>
     <span class='ocr_line' id='line_1_52' title="bbox 535 4393 2954 4473; baseline 0.002 -22"><span class='ocrx_word' id='word_1_608' title='bbox 535 4414 624 4451; x_wconf 87' lang='lat' dir='ltr'>me</span> <span class='ocrx_word' id='word_1_609' title='bbox 651 4393 928 4469; x_wconf 88' lang='lat' dir='ltr'>Christus,</span> <span class='ocrx_word' id='word_1_610' title='bbox 961 4414 1034 4452; x_wconf 89' lang='lat' dir='ltr'>ex</span> <span class='ocrx_word' id='word_1_611' title='bbox 1063 4393 1253 4452; x_wconf 76' lang='lat' dir='ltr'>fructu</span> <span class='ocrx_word' id='word_1_612' title='bbox 1282 4394 1403 4453; x_wconf 86' lang='lat' dir='ltr'>scil.</span> <span class='ocrx_word' id='word_1_613' title='bbox 1444 4396 1556 4453; x_wconf 90' lang='lat' dir='ltr'>mei</span> <span class='ocrx_word' id='word_1_614' title='bbox 1588 4396 1967 4473; x_wconf 83' lang='lat' dir='ltr'>Apostolatus</span> <span class='ocrx_word' id='word_1_615' title='bbox 2010 4398 2159 4455; x_wconf 89' lang='lat' dir='ltr'>inter</span> <span class='ocrx_word' id='word_1_616' title='bbox 2187 4417 2309 4471; x_wconf 86' lang='lat' dir='ltr'>vos,</span> <span class='ocrx_word' id='word_1_617' title='bbox 2356 4406 2414 4456; x_wconf 92' lang='lat' dir='ltr'>et</span> <span class='ocrx_word' id='word_1_618' title='bbox 2451 4416 2523 4453; x_wconf 85' lang='lat' dir='ltr'>ex</span> <span class='ocrx_word' id='word_1_619' title='bbox 2574 4405 2775 4454; x_wconf 87' lang='lat' dir='ltr'>mutua</span> <span class='ocrx_word' id='word_1_620' title='bbox 2803 4397 2954 4455; x_wconf 85' lang='lat' dir='ltr'>inter</span> 
     </span>
     <span class='ocr_line' id='line_1_53' title="bbox 536 4472 2950 4551; baseline 0.002 -23"><span class='ocrx_word' id='word_1_621' title='bbox 536 4472 706 4529; x_wconf 82' lang='lat' dir='ltr'>fidem</span> <span class='ocrx_word' id='word_1_622' title='bbox 740 4472 964 4549; x_wconf 86' lang='lat' dir='ltr'>Populi,</span> <span class='ocrx_word' id='word_1_623' title='bbox 996 4484 1054 4533; x_wconf 89' lang='lat' dir='ltr'>et</span> <span class='ocrx_word' id='word_1_624' title='bbox 1085 4473 1339 4532; x_wconf 87' lang='lat' dir='ltr'>Ministri</span> <span class='ocrx_word' id='word_1_625' title='bbox 1368 4475 1831 4550; x_wconf 74' lang='lat' dir='ltr'>praedicationem</span> <span class='ocrx_word' id='word_1_626' title='bbox 1861 4477 2155 4534; x_wconf 88' lang='lat' dir='ltr'>relatione.</span> <span class='ocrx_word' id='word_1_627' title='bbox 2201 4477 2317 4534; x_wconf 89' lang='lat' dir='ltr'>Cur</span> <span class='ocrx_word' id='word_1_628' title='bbox 2344 4496 2482 4533; x_wconf 84' lang='lat' dir='ltr'>vero</span> <span class='ocrx_word' id='word_1_629' title='bbox 2528 4474 2848 4551; x_wconf 86' lang='lat' dir='ltr'>Apostolus</span> <span class='ocrx_word' id='word_1_630' title='bbox 2877 4475 2950 4533; x_wconf 85' lang='lat' dir='ltr'>ad</span> 
     </span>
     <span class='ocr_line' id='line_1_54' title="bbox 538 4551 2950 4632; baseline 0.001 -23"><span class='ocrx_word' id='word_1_631' title='bbox 538 4551 645 4609; x_wconf 90' lang='lat' dir='ltr'>hoc</span> <span class='ocrx_word' id='word_1_632' title='bbox 677 4571 918 4609; x_wconf 84' lang='lat' dir='ltr'>examen</span> <span class='ocrx_word' id='word_1_633' title='bbox 949 4552 1081 4610; x_wconf 91' lang='lat' dir='ltr'>fidei</span> <span class='ocrx_word' id='word_1_634' title='bbox 1112 4574 1229 4611; x_wconf 81' lang='lat' dir='ltr'>suae</span> <span class='ocrx_word' id='word_1_635' title='bbox 1269 4552 1610 4630; x_wconf 84' lang='lat' dir='ltr'>hortaretur,</span> <span class='ocrx_word' id='word_1_636' title='bbox 1644 4565 1701 4614; x_wconf 92' lang='lat' dir='ltr'>et</span> <span class='ocrx_word' id='word_1_637' title='bbox 1730 4556 1801 4613; x_wconf 82' lang='lat' dir='ltr'>ad</span> <span class='ocrx_word' id='word_1_638' title='bbox 1852 4556 2240 4631; x_wconf 85' lang='lat' dir='ltr'>cognitionem</span> <span class='ocrx_word' id='word_1_639' title='bbox 2291 4556 2503 4614; x_wconf 81' lang='lat' dir='ltr'>Christi</span> <span class='ocrx_word' id='word_1_640' title='bbox 2528 4556 2586 4611; x_wconf 88' lang='lat' dir='ltr'>in</span> <span class='ocrx_word' id='word_1_641' title='bbox 2616 4555 2757 4632; x_wconf 87' lang='lat' dir='ltr'>ipsis</span> <span class='ocrx_word' id='word_1_642' title='bbox 2785 4555 2950 4613; x_wconf 87' lang='lat' dir='ltr'>habi-</span> 
     </span>
    </p>
   </div>
  </div>
 </body>
</html>
