3221 5200
297 363 517 414 Quffisr.
548 342 727 423 xva]
1047 361 1125 401 ns
1154 362 1384 402 orricio
1414 363 1650 404 cnmsrx
1680 364 2067 407 unnim-omo.
2597 351 2715 408 433

303 504 429 579 ejus
460 501 636 576 Patri,
672 505 701 560 1
737 501 867 560 Cor.
913 522 1014 559 xv.
1044 505 1140 577 24,
1170 503 1431 561 bifariam
1462 512 1655 580 potest
1704 506 1893 581 sumi;
1938 507 2055 566 Vel
2103 506 2477 565 materialiter
2505 515 2563 565 et
2589 508 2714 566 sub-

282 582 502 657 jective,
534 601 637 657 pro
665 582 791 658 ipsa
819 582 1091 656 Ecclesia,
1134 584 1355 659 Corpus
1406 583 1622 641 Christi
1665 585 1974 660 mysticum
2024 586 2428 661 constituente,
2477 605 2581 645 seu
2608 607 2712 663 pro

297 662 423 737 ejus
452 660 715 734 subditis,
748 661 1035 737 quomodo
1063 661 1202 719 alibi
1232 662 1501 739 Regnum
1546 664 1760 722 Christi
1786 685 1889 741 pro
1918 667 2046 742 ejus
2073 666 2287 742 populo
2315 686 2431 723 non
2459 685 2589 725 raro
2618 686 2711 724 su-

298 741 503 815 mitur3
523 749 589 798 ιιι
611 760 813 799 sensus
832 741 923 815 sit,
943 740 1250 816 Christum,
1274 751 1669 801 consummato
1688 763 1858 820 opere
1878 744 2099 819 salutis,
2121 745 2443 803 Ecclesiam
2463 745 2713 822 perfecte

298 828 753 878 consummatam
781 828 839 878 et
866 819 1219 896 redemptam
1249 821 1323 878 ab
1352 820 1620 880 omnibus
1647 822 1912 882 hostibus
1941 824 2063 882 suis
2089 823 2469 883 adducturum
2496 824 2571 882 ad
2602 826 2711 883 Pa-

293 907 457 973 trem,
481 899 649 976 plene
678 899 960 957 beandam
979 900 1155 975 juxta
1183 899 1492 959 Oraculum
1522 901 1711 977 Isaiae,
1741 902 1899 978 quod
1928 903 2156 963 Christo
2185 904 2529 978 vindicatur,
2555 904 2708 964 Heb.

294 979 354 1035 ii.
409 982 501 1053 13,
534 980 684 1037 Ecce
711 998 829 1055 eyo,
861 988 915 1037 et
934 979 1107 1055 pueri
1130 1000 1268 1055 quos
1297 980 1450 1037 dedit
1476 980 1613 1037 mihi
1636 983 1795 1039 Deus
1815 1006 1839 1054 ;
1882 982 1985 1041 sed
2029 983 2110 1041 ita
2136 991 2330 1042 tamen
2376 991 2443 1041 ut
2487 1003 2713 1060 semper

293 1078 599 1117 mansurus
628 1059 703 1116 sit
745 1060 873 1135 ejus
916 1059 1135 1134 Caput;
1183 1058 1295 1116 Vel
1309 1057 1662 1133 formaliter,
1706 1081 1824 1119 non
1861 1061 2054 1137 quoad
2096 1062 2478 1121 substantiam
2527 1063 2709 1139 ipsam

294 1138 505 1215 Regni,
537 1137 641 1196 sed
667 1146 890 1196 tantum
918 1138 1111 1214 quoad
1138 1137 1653 1197 administrationis
1680 1139 1932 1215 modum,
1964 1141 2066 1217 qui
2110 1150 2375 1200 versatur
2418 1143 2478 1200 in
2509 1142 2709 1201 Eccle-

291 1217 378 1277 sia
406 1217 749 1294 colligenda,
780 1217 1049 1295 regenda,
1081 1227 1138 1275 et
1167 1217 1529 1277 defendenda
1567 1219 1642 1276 ab
1670 1219 1971 1296 hostibus3
2002 1220 2119 1296 qui,
2151 1220 2396 1280 devictis
2445 1222 2712 1281 omnibus

291 1297 573 1371 hostibus,
604 1297 826 1355 nullum
854 1296 1101 1373 amplius
1128 1297 1318 1355 locum
1349 1297 1424 1355 sit
1451 1297 1769 1356 habiturus.
1857 1300 1950 1358 Ita
1998 1319 2240 1376 regnum
2270 1301 2585 1359 traditurus
2602 1310 2708 1376 est,

291 1396 408 1434 non
437 1396 538 1453 per
565 1377 690 1453 ejus
719 1376 1135 1452 depositionem
1164 1386 1222 1435 et
1250 1376 1691 1453 abdicationem,
1724 1377 1829 1436 sed
1855 1398 1957 1454 per
1984 1380 2110 1455 ejus
2138 1381 2516 1439 consummati
2545 1382 2705 1438 exbi-

292 1454 587 1531 bitionem,
622 1456 763 1530 De0,
795 1456 892 1531 qui
922 1455 1069 1513 illud
1098 1455 1327 1514 Christo
1356 1455 1688 1532 tradiderat,
1734 1458 2013 1516 rationem
2057 1458 2570 1518 administrationis
2599 1461 2711 1518 sibi

292 1536 613 1593 commissae
642 1535 987 1609 redditurus,
1020 1544 1078 1593 et
1106 1535 1181 1593 ad
1208 1536 1453 1612 gloriam
1483 1538 1612 1613 ejus
1640 1537 1918 1614 quicquid
1947 1546 2175 1613 gestum
2206 1538 2377 1597 fuerit
2404 1539 2708 1598 relaturus.

294 1614 462 1689 Quod
490 1635 628 1672 vero
658 1615 718 1671 in
746 1614 910 1673 initio
938 1634 1141 1672 versus
1169 1616 1476 1693 apponitur
1496 1616 1567 1674 de
1578 1619 1703 1695 fine
1740 1637 1857 1676 non
1898 1617 2150 1694 pertinet
2177 1617 2253 1675 ad
2299 1617 2472 1675 finem
2522 1619 2705 1696 regni,

292 1694 395 1751 sed
423 1694 497 1751 ad
525 1694 696 1752 finem
725 1694 919 1767 seculi,
946 1693 1118 1751 finem
1147 1695 1403 1752 omnium
1433 1695 1648 1756 Christi
1676 1697 1946 1771 hostium,
1967 1698 2067 1773 qui
2087 1707 2224 1755 tunc
2246 1698 2326 1755 ita
2348 1696 2706 1773 dejicientur,

291 1783 356 1832 ut
386 1793 498 1831 non
529 1773 644 1831 sint
671 1773 730 1830 in
760 1783 1034 1831 aeternum
1065 1774 1422 1850 restituendi,
1452 1775 1626 1833 finem
1656 1775 1966 1852 cujuslibet
1993 1776 2312 1852 potestatis,
2357 1784 2417 1833 et
2462 1776 2705 1852 imperii,

290 1872 420 1929 quae
449 1852 733 1910 abolenda
760 1871 885 1910 esse
917 1853 1133 1910 Paulus
1175 1853 1395 1926 asserit,
1448 1856 1616 1911 finem
1658 1854 1905 1931 denique
1955 1855 2403 1913 ministeriorum
2431 1855 2703 1930 omnium,

290 1952 418 2009 quae
448 1932 522 1990 ad
550 1931 734 1990 bonos
761 1930 1052 2005 tutandos,
1084 1939 1142 1989 et
1171 1932 1495 1989 fraenandos
1523 1932 1732 2009 impios
1757 1933 1918 1991 Deus
1960 1934 2228 2008 instituit,
2259 1954 2388 2010 quae
2418 1942 2554 1991 tunc
2583 1954 2705 1992 ces-

293 2021 488 2071 satura
517 2019 667 2083 sunt,
699 2011 836 2087 quia
878 2012 1038 2068 Deus
1066 2010 1293 2068 futurus
1322 2018 1411 2069 est
1438 2011 1632 2068 omnia
1659 2012 1718 2069 in
1741 2012 2026 2070 omnibus.

372 2091 491 2149 XI.
535 2092 826 2165 SubjectiO,
857 2109 987 2166 quae
1019 2089 1245 2147 Christo
1274 2090 1548 2148 tribuitur
1579 2094 1608 2148 1
1645 2090 1774 2149 Cor.
1805 2112 1906 2150 xv.
1938 2094 2034 2166 28,
2064 2110 2181 2148 ιιοιι
2204 2089 2503 2149 referenda
2523 2091 2707 2149 estad

295 2171 602 2228 Personam
627 2170 781 2243 Filii,
806 2169 972 2245 quasi
993 2188 1066 2226 ex
1092 2169 1255 2244 Rege
1273 2169 1373 2226 fiat
1395 2168 1679 2245 subditus,
1699 2170 1836 2247 quia
1853 2171 1963 2228 hoc
1985 2189 2157 2228 sensu
2172 2170 2332 2227 Patri
2354 2190 2579 2246 semper
2599 2170 2708 2229 fuit

291 2258 349 2307 et
377 2249 604 2307 futurus
632 2256 721 2306 est
749 2249 1020 2324 aequalis3
1083 2248 1200 2305 Sed
1228 2247 1325 2305 vel
1353 2248 1428 2305 ad
1460 2248 1684 2323 Corpus
1724 2251 2008 2325 mysticum
2039 2250 2184 2326 ejus,
2216 2268 2319 2307 seu
2364 2248 2704 2324 Ecclesiam,

290 2348 419 2404 quae
448 2348 565 2385 non
593 2348 721 2385 raro
752 2327 967 2385 Christi
987 2327 1218 2384 nomine
1249 2327 1602 2404 designatur,
1640 2332 1669 2386 1
1705 2329 1834 2387 Cor.
1865 2329 1969 2387 xii.
2005 2332 2097 2402 12,
2129 2348 2259 2404 quse
2288 2336 2427 2387 tunc
2455 2329 2706 2405 perfecte

292 2407 632 2484 subjicietur
663 2407 806 2481 Dec,
832 2426 949 2464 non
977 2405 1334 2483 subjectione
1365 2407 1768 2483 depressionis,
1814 2408 1917 2466 sed
1962 2408 2164 2484 gloriae
2212 2416 2271 2466 et
2318 2409 2703 2484 perfectionis,

289 2495 355 2545 ut
382 2486 867 2563 quemadmodum
895 2486 1088 2544 omnia
1115 2486 1378 2562 subjecta
1405 2486 1637 2546 fuerunt
1669 2488 1896 2546 Sanctis
1913 2508 1948 2545 a
1972 2488 2098 2546 Deo
2117 2487 2177 2545 in
2201 2487 2421 2564 Capitis
2441 2506 2702 2564 persona,

292 2566 446 2627 Psal.
478 2567 618 2642 viii„
652 2566 805 2625 Heb.
837 2565 933 2642 ii.;
986 2565 1080 2624 Ita
1110 2564 1296 2643 Caput
1332 2566 1393 2623 in
1430 2585 1677 2643 persona
1704 2568 2093 2627 membrorum
2143 2567 2486 2645 subjiciatur
2535 2566 2700 2645 Deo;

288 2647 404 2705 Vel
431 2647 506 2706 ad
535 2647 933 2705 humanitatem
962 2646 1193 2720 Christi,
1224 2665 1354 2722 quse
1382 2655 1447 2705 ιιι
1476 2656 1669 2706 creata
1696 2656 1801 2724 est,
1837 2649 1962 2706 Deo
1991 2649 2052 2706 in
2079 2656 2353 2707 oeternum
2376 2647 2585 2724 subjici
2605 2647 2704 2706 de·

286 2727 418 2803 bet;
464 2727 580 2786 Vel
607 2726 683 2786 ad
708 2727 945 2798 officium
973 2727 1116 2802 ejus,
1148 2734 1206 2784 et
1233 2727 1656 2802 Mediationem,
1688 2727 2004 2787 secundum
2045 2747 2219 2805 quam
2260 2728 2322 2785 in
2377 2726 2540 2786 coelis
2587 2747 2707 2786 non

287 2808 477 2866 minus
505 2828 573 2866 ac
601 2808 662 2864 in
689 2814 843 2866 terra
869 2806 1079 2883 subjici
1106 2806 1280 2864 debet
1309 2806 1484 2881 Patri,
1515 2814 1581 2865 ut
1607 2808 1797 2866 minor
1823 2828 1892 2868 eo
1921 2827 2037 2866 non
2064 2828 2167 2885 per
2215 2807 2478 2866 Muneris
2527 2806 2704 2885 depo-

287 2887 571 2961 sitionem,
604 2887 707 2944 sed
735 2907 835 2963 per
862 2887 988 2963 ejus
1016 2886 1562 2945 subordinationem.

368 2965 524 3022 XII.
568 2967 727 3023 Deus
756 2965 980 3023 futurus
1009 2965 1221 3023 dicitur
1248 2966 1436 3024 omnia
1477 2967 1535 3023 in
1577 2967 1842 3041 omnibus,
1879 2969 1908 3024 1
1950 2967 2080 3025 Cor.
2126 2986 2226 3024 xv.
2275 2969 2370 3041 28,
2403 2965 2703 3025 exclusive

288 3044 364 3101 ad
390 3044 582 3101 media
609 3052 865 3117 externa,
898 3044 1174 3116 Verbum,
1212 3044 1597 3119 Sacramenta,
1629 3053 1688 3103 et
1717 3046 1943 3118 similia,
1974 3066 2078 3122 per
2104 3066 2233 3121 quae
2265 3045 2425 3104 Deus
2455 3066 2515 3103 se
2534 3046 2703 3105 nobis

287 3123 381 3181 hic
410 3123 811 3196 communicat,
842 3121 979 3198 quia
1007 3130 1145 3179 tunc
1174 3122 1297 3179 sine
1316 3122 1531 3180 talibus
1557 3123 1780 3198 mediis,
1816 3125 1975 3181 Deus
2025 3143 2086 3181 se
2138 3124 2337 3181 Beatis
2385 3126 2701 3182 communi-

287 3202 457 3276 cabit,
508 3211 574 3260 ut
618 3221 735 3259 non
778 3201 1024 3276 amplius
1065 3199 1127 3279 in
1166 3201 1400 3277 speculo
1442 3209 1502 3259 et
1530 3202 1835 3278 aenigmate
1866 3221 1967 3260 seu
2008 3202 2249 3260 obscure
2300 3222 2497 3260 sumus
2525 3203 2704 3261 intui-

284 3282 414 3356 turi,
448 3281 550 3340 sed
578 3281 723 3339 facie
745 3280 820 3337 ad
841 3278 1044 3337 faciem
1073 3280 1388 3339 clarissime
1416 3300 1617 3339 sumus
1644 3300 1776 3339 eum
1805 3281 2242 3357 contemplaturi
2265 3304 2280 3356 ;
2325 3281 2429 3339 sed
2456 3301 2572 3339 non
2600 3302 2708 3340 ex-

286 3360 506 3419 clusive
536 3361 610 3418 ad
641 3360 931 3419 Christum
962 3359 1149 3435 Caput
1196 3368 1255 3418 et
1308 3361 1594 3437 Sponsum
1648 3360 1944 3435 Ecclesiae,
1977 3361 2078 3437 qui
2126 3379 2350 3436 semper
2398 3361 2699 3419 vinculum

286 3450 495 3499 nostrae
525 3461 656 3499 cum
687 3441 814 3499 Deo
843 3439 1262 3497 communionis
1303 3440 1530 3498 futurus
1578 3449 1683 3498 est.
1772 3440 1952 3497 Porro
2003 3441 2163 3498 Deus
2212 3440 2423 3497 dicitur
2471 3439 2700 3499 futurus

287 3522 476 3579 omnia
504 3522 562 3578 in
590 3521 857 3593 omnibuS,
886 3539 1004 3576 non
1032 3518 1294 3577 absolute
1323 3528 1382 3578 et
1404 3519 1756 3596 simpliciter,
1789 3520 1953 3596 quasi
1982 3520 2093 3597 ipsi
2116 3520 2288 3577 etiam
2321 3519 2554 3577 Diaboli
2584 3520 2698 3578 sal-

285 3601 464 3658 vandi
495 3602 643 3677 sint;
700 3599 814 3659 Sed
844 3619 948 3676 pro
978 3599 1239 3676 subjecta
1268 3599 1522 3674 materia,
1553 3600 1777 3659 ratione
1800 3598 2056 3658 fidelium
2085 3608 2144 3658 et
2173 3599 2502 3674 Beatorum,
2549 3620 2697 3675 quos

284 3680 614 3755 plenissime
656 3679 1030 3738 beatitudinis
1080 3699 1198 3737 suae
1254 3678 1508 3738 facturus
1536 3688 1626 3739 est
1654 3680 1977 3757 participes,
2009 3680 2269 3757 opposite
2318 3680 2391 3737 ad
2441 3679 2694 3753 modum,

285 3779 400 3835 quo
424 3779 484 3817 se
513 3760 679 3817 nobis
708 3759 1109 3832 communicat,
1140 3759 1398 3817 restricte
1441 3767 1500 3817 et
1535 3759 1778 3819 limitate
1808 3780 1911 3837 pro
1942 3759 2268 3817 conditione
2309 3759 2421 3816 vise
2449 3780 2462 3816 ε
2505 3759 2699 3834 quoad

284 3845 496 3913 parteS,
529 3838 631 3895 sed
658 3858 774 3896 non
803 3838 995 3913 quoad
1022 3838 1253 3913 graduS,
1285 3839 1475 3914 quoad
1505 3840 1750 3916 gratiam
1797 3839 1899 3897 sed
1921 3859 2036 3896 non
2058 3837 2250 3914 quoad
2268 3838 2530 3913 gloriam.
2580 3838 2697 3895 Sed

285 3924 423 3974 tunc
454 3916 614 3974 Deus
642 3916 867 3974 futurus
895 3925 984 3974 est
1006 3917 1199 3973 omnia
1216 3917 1275 3975 in
1297 3917 1563 3975 omnibus
1581 3918 1784 3991 beatis,
1831 3917 2035 3990 Quoad
2073 3917 2478 3992 plenitudinem
2527 3917 2695 3975 bono-

282 4017 428 4070 rum,
460 4015 588 4071 quae
616 3995 692 4053 ad
721 3994 1106 4052 omnimodam
1135 3994 1465 4053 felicitatem
1495 3997 1878 4072 requiruntur,
1911 4017 2038 4054 cum
2074 3997 2233 4052 Deus
2265 3996 2386 4071 ipse
2418 4014 2478 4053 se
2507 4003 2695 4053 totum

285 4076 428 4154 ipsis
474 4074 713 4134 daturus
762 4075 853 4147 sit,
901 4072 1105 4148 Quoad
1127 4075 1525 4150 plenitudinem
1569 4080 1873 4151 qraduum,
1921 4084 1985 4133 ut
2029 4075 2183 4133 bona
2226 4074 2326 4132 illa
2374 4075 2516 4133 talia
2559 4075 2692 4150 sint,

284 4156 496 4233 quibus
524 4155 669 4212 nihil
696 4155 832 4213 addi
862 4153 1043 4229 possit
1071 4154 1260 4230 quoad
1284 4154 1682 4230 intensionem,
1730 4174 1846 4213 non
1892 4153 2080 4231 magis
2108 4173 2281 4231 quam
2302 4153 2377 4211 ad
2405 4153 2696 4212 extensio·

281 4256 431 4310 nem,
465 4235 669 4310 Quoad
687 4234 1091 4311 plenitudinem
1109 4234 1489 4310 subjectorum,
1521 4242 1586 4292 ut
1630 4235 1896 4292 omnibus
1946 4234 2145 4292 Beatis
2189 4234 2381 4291 omnia
2409 4235 2519 4292 ista
2545 4234 2700 4292 bona

283 4324 342 4374 et
372 4316 616 4392 singulis
658 4315 851 4375 omnia
878 4313 1170 4371 indivisim
1217 4314 1724 4391 communicentur,
1755 4322 1814 4373 et
1841 4314 1901 4371 in
1929 4313 2121 4371 anima
2148 4321 2207 4372 et
2250 4313 2311 4371 in
2338 4334 2591 4391 corpore,
2622 4313 2699 4374 ad

283 4395 597 4471 perfectam
625 4415 823 4454 eorum
851 4393 1419 4452 consummationem.

368 4473 561 4533 XIII.
606 4475 847 4533 Peracto
870 4483 929 4532 et
958 4481 1352 4532 consummato
1383 4492 1552 4549 opere
1583 4474 1804 4550 salutiS,
1846 4494 1963 4532 non
2005 4461 2150 4550 op‘us
2178 4481 2266 4531 est
2293 4473 2538 4549 amplius
2569 4473 2698 4532 Me«

289 4552 542 4611 diatione
572 4555 940 4625 oeconomica,
973 4574 1100 4629 quae
1128 4553 1363 4631 respicit
1389 4553 1847 4629 impetrationem
1885 4561 1944 4615 et
1988 4553 2428 4630 applicationem
2457 4552 2698 4628 salutis;

368 4650 515 4690 rans
547 4647 609 4690 ιι.
1604 4655 1612 4661 ·
2237 4636 2272 4690 2
2297 4650 2332 4689 Ε
