3221 5200
302 372 530 422 QuAEsr.
564 352 719 433 xva]
1126 370 1204 409 m:
1233 369 1570 411 vocam-mm:
1601 369 1676 408 ετ
1705 369 1864 408 rma.
2593 354 2710 412 523

301 533 417 570 non
447 521 562 571 stet
590 511 895 589 quominus
924 518 983 570 et
1011 518 1304 587 separetur
1344 531 1379 568 a
1422 510 1668 583 Christo,
1712 517 1771 567 et
1810 509 1947 567 fidei
1978 509 2266 586 jacturam
2305 507 2513 586 faciat;
2556 511 2715 588 quod

300 612 470 650 nemo
499 600 692 668 negat.
777 589 895 650 Sed
924 589 1022 648 An
1051 593 1121 650 de
1132 593 1296 665 sacto
1324 598 1382 648 et
1410 591 1668 663 effective,
1692 587 1865 647 fidem
1894 589 2121 665 penitus
2143 588 2380 667 perdere
2409 589 2608 667 possit,
2653 599 2714 651 et

300 692 338 728 a
367 672 596 730 Christo
627 670 876 748 separari
897 693 911 744 3
957 669 1126 744 Quod
1145 676 1378 747 propter
1395 669 1845 728 intercedentem
1866 668 1977 727 Dei
2000 669 2244 744 gratiam
2260 669 2384 727 fieri
2407 690 2521 728 non
2543 690 2714 747 posse

303 752 671 810 sustinemus,
757 754 813 810 5.
858 751 988 808 Non
1018 750 1308 826 quaeritur,
1355 748 1453 805 An
1495 749 1635 807 dum
1664 748 1724 805 in
1753 748 1969 806 atrocia
1996 747 2199 807 incidit
2238 759 2491 825 peccata,
2524 750 2713 828 indig-

302 831 593 889 nationem
615 830 727 891 Dei
753 838 1050 907 paternam
1078 829 1345 902 incurrat,
1361 827 1793 905 justificationis
1812 837 1870 886 et
1891 828 2216 904 adoptionis
2245 848 2417 887 sensu
2436 829 2713 921 privetur,

300 910 682 986 aptitudimen
712 918 770 968 et
796 909 1233 986 dispositionem
1274 907 1349 966 ad
1397 925 1641 985 regnum
1670 907 1961 974 coelorum.
2007 927 2135 983 quae
2178 908 2237 965 in
2284 928 2451 984 praxi
2493 908 2628 967 fidei
2658 918 2717 968 et

306 990 629 1048 sanctitatis
679 989 959 1063 consistit,
991 988 1233 1064 amittat,
1279 997 1558 1046 etreatum
1588 987 1976 1045 damnabilem
2006 987 2321 1060 contrahat,
2354 987 2435 1045 ita
2463 996 2542 1062 ut,
2576 988 2714 1047 dum

300 1069 360 1125 in
391 1089 458 1126 eo
488 1078 642 1128 statu
673 1069 1040 1145 impoenitens
1080 1076 1290 1143 manet,
1336 1067 1546 1126 debeat
1575 1076 1826 1125 statuere
1857 1086 1916 1124 se
1945 1066 2115 1124 morti
2145 1086 2273 1124 esse
2300 1066 2633 1143 obnoxium,
2658 1076 2718 1127 et

299 1158 455 1206 certo
485 1149 841 1222 moriturum,
872 1147 985 1205 nisi
1007 1155 1390 1207 convertatur.
1477 1147 1623 1204 Haec
1646 1146 1799 1203 enim
1828 1145 2019 1203 omnia
2044 1145 2310 1204 lubentes
2333 1146 2718 1206 concedimus.

305 1227 437 1301 Sed,
473 1227 571 1285 An
599 1237 900 1305 propterea
928 1227 989 1285 in
1017 1226 1213 1285 odium
1236 1226 1445 1285 hostile
1467 1225 1578 1284 Dei
1601 1224 1644 1284 J
1649 1224 1833 1284 udicis
1851 1224 2083 1298 incidat,
2110 1244 2225 1301 quo
2245 1226 2287 1284 J
2292 1245 2359 1283 us
2377 1225 2453 1283 ad
2473 1246 2717 1302 regnum

297 1307 575 1365 coelorum
604 1308 677 1366 ab
706 1308 832 1384 ipso
860 1306 1166 1381 auferatur,
1219 1314 1404 1365 status
1453 1303 1806 1382 Adoptionis
1833 1313 1892 1362 et
1911 1304 2342 1381 justificationis
2386 1304 2714 1382 abrogetur,

300 1393 358 1442 et
386 1386 522 1444 fidei
549 1406 616 1445 ac
644 1386 1096 1463 regenerationis
1124 1386 1313 1462 gratia
1340 1385 1569 1462 penitus
1607 1404 1684 1442 ex
1719 1383 1889 1443 corde
1932 1384 2060 1461 ejus
2102 1383 2467 1444 eradicetur?
2549 1384 2718 1459 Quod

299 1464 519 1524 vellent
548 1465 908 1541 Adversarii,
935 1467 1057 1525 Nos
1083 1484 1383 1542 negamus.

381 1545 529 1603 VII.
574 1546 830 1620 Quaestio
859 1566 998 1622 ergo
1047 1566 1117 1604 eo
1161 1545 1327 1619 redit,
1361 1544 1460 1602 An
1487 1542 1872 1622 verusfidelis,
1897 1541 1997 1620 qui
2014 1551 2255 1601 vocatus
2283 1551 2373 1601 est
2400 1543 2717 1603 secundum

301 1623 413 1682 Dei
444 1625 828 1702 Propositum,
860 1635 920 1684 et
946 1645 1081 1683 vere
1101 1625 1470 1702 justificatus,
1501 1623 1616 1682 fide
1639 1641 1752 1680 non
1782 1621 2110 1699 dogmatica
2138 1631 2197 1680 et
2223 1624 2583 1700 temporaria,
2615 1623 2719 1683 sed

299 1703 439 1762 viva
460 1713 517 1762 et
547 1705 807 1763 salvifica
831 1705 1126 1783 praeditus,
1149 1705 1338 1780 possit,
1362 1724 1478 1761 non
1496 1704 1689 1760 minus
1710 1705 1904 1778 quoad
1927 1704 2114 1759 Deum
2143 1711 2200 1759 et
2229 1711 2517 1776 eventum,
2543 1722 2716 1780 quam

300 1783 493 1858 quoad
524 1804 604 1857 se,
617 1787 815 1862 fidem,
860 1804 976 1841 non
1019 1784 1305 1860 objectiva
1347 1802 1476 1858 quae
1519 1782 1772 1839 creditur
1813 1790 2055 1850 tantum,
2101 1780 2205 1838 scd
2232 1781 2405 1838 etiam
2432 1784 2719 1857 subjective

301 1880 416 1937 qua
444 1864 712 1938 creditur,
745 1863 1023 1938 amittere,
1055 1883 1171 1920 non
1200 1861 1562 1920 demeritorie
1589 1870 1834 1935 tantum,
1866 1859 1969 1917 sed
1997 1860 2277 1934 effective,
2310 1861 2569 1936 totaliter,
2600 1881 2718 1919 non

302 1950 525 2000 tantum
555 1942 747 2020 quoad
776 1951 968 2000 actum
997 1951 1056 2000 et
1083 1960 1332 2015 sensum,
1365 1939 1469 1998 sed
1496 1940 1670 1998 etiam
1699 1939 1891 2016 quoad
1924 1940 2169 1999 habitum
2210 1947 2269 1997 et
2305 1941 2616 2015 potentiam
2659 1950 2718 2000 et

282 2024 543 2098 finaliter
570 2025 630 2079 in
659 2021 1059 2080 incredulitate
1089 2030 1145 2078 et
1173 2019 1593 2096 impoenitentia
1620 2039 1868 2093 manere,
1901 2028 2071 2096 atque
2099 2019 2181 2077 ita
2202 2018 2335 2095 jure
2373 2019 2448 2077 ad
2470 2039 2713 2094 regnum

301 2101 577 2158 coelorum
626 2110 684 2159 et
725 2110 880 2159 statu
921 2099 1247 2176 adoptionis
1289 2098 1572 2172 excidere,
1605 2098 1750 2156 etin
1780 2107 2055 2156 aeternum
2085 2098 2362 2155 damnari.
2449 2098 2715 2157 Affirma-

301 2188 436 2236 runt
465 2180 601 2236 olim
635 2179 949 2256 pelagiani,
982 2178 1291 2236 Affirmant
1318 2177 1507 2236 adhuc
1549 2176 1720 2234 hodie
1766 2177 2069 2252 Pontificii,
2120 2177 2427 2252 Sociniani,
2462 2178 2713 2236 Remon-

303 2265 565 2333 stranteS,
604 2267 662 2317 et
702 2259 801 2316 alii
844 2258 946 2334 qui
994 2277 1093 2316 eos
1138 2265 1472 2333 sequuntur.
1557 2257 1791 2332 Negant
1835 2264 2163 2315 constanter
2213 2257 2553 2332 orthodoxi,
2612 2259 2714 2337 qui

301 2336 563 2395 habitum
591 2337 728 2395 fidei
756 2338 934 2396 semel
965 2337 1183 2395 Electis
1212 2337 1515 2409 indultum,
1560 2355 1730 2412 posse
1772 2335 2006 2412 quidem
2054 2336 2341 2395 interdum
2371 2337 2590 2395 intendi
2620 2339 2717 2397 vel

299 2416 513 2474 remitti
543 2425 794 2492 censent,
819 2417 1127 2475 firmiorem
1145 2417 1241 2474 vel
1263 2414 1685 2492 languidiorem
1714 2435 1840 2474 esse
1869 2435 1972 2492 pro
2001 2415 2221 2474 ratione
2239 2426 2604 2493 peccatorum
2625 2419 2710 2476 in·

300 2497 755 2571 tercurrentium,
787 2496 891 2555 sed
920 2497 1000 2555 ita
1020 2505 1087 2555 ut
1114 2515 1406 2573 nunquam
1429 2495 1659 2571 penitus
1688 2503 1746 2553 et
1771 2495 2020 2553 finaliter
2037 2495 2297 2555 deleatur
2314 2505 2372 2554 et
2399 2497 2710 2575 amittatur,

300 2596 408 2635 nec
437 2577 625 2655 gratia
652 2576 1101 2655 regenerationis
1130 2576 1307 2635 semel
1334 2574 1554 2635 homini
1576 2575 1785 2634 collata
1813 2574 2041 2653 penitus
2069 2575 2143 2634 ab
2173 2595 2241 2635 eo
2270 2575 2574 2636 auferatur.

380 2658 563 2717 VIII.
608 2658 946 2716 Adversarii
973 2656 1068 2715 hic
1095 2657 1156 2714 in
1184 2656 1328 2715 duas
1369 2657 1584 2714 classes
1626 2655 2077 2732 distinguuntur.
2163 2656 2409 2730 Quidam
2450 2668 2713 2734 pugnant

297 2746 524 2797 tantum
553 2759 655 2815 pro
683 2738 1030 2796 intercisione
1057 2736 1193 2794 fidei
1220 2745 1280 2795 et
1301 2735 1750 2813 justificationiS,
1777 2745 1840 2794 ut
1860 2735 2005 2794 fides
2034 2736 2265 2812 quidem
2297 2737 2541 2794 totaliter
2570 2737 2711 2796 defi·

299 2818 430 2892 ciat,
463 2820 567 2877 sed
594 2838 710 2877 non
730 2818 996 2892 finaliter,
1021 2816 1285 2875 restituta
1308 2816 1528 2874 scilicet
1548 2824 1682 2874 ante
1702 2815 1921 2873 obitum
1944 2836 2046 2893 per
2068 2816 2417 2892 singularem
2440 2817 2550 2875 Dei
2579 2838 2709 2893 gra-

297 2898 453 2970 tiam,
486 2918 559 2956 ne
587 2918 741 2956 mors
777 2897 1189 2974 superveniens
1229 2896 1520 2954 hominem
1560 2894 1675 2953 fide
1719 2895 2055 2954 destitutum
2099 2904 2355 2972 occupet.
2443 2895 2566 2953 Alii
2594 2917 2710 2954 non

297 2976 470 3033 modo
498 2977 752 3049 totalem,
785 2977 889 3035 sed
916 2985 975 3035 et
1000 2975 1232 3033 finalem
1254 2984 1463 3051 urgent
1495 2975 1836 3034 Sanctorum
1879 2974 2268 3051 Apostasiam,
2300 2984 2357 3033 et
2384 2974 2518 3032 fidei
2561 2978 2709 3034 exci-

295 3056 522 3111 sionem.
610 3054 855 3130 Utrique
883 3055 1089 3112 iisdem
1118 3054 1474 3129 argumentis
1501 3061 1924 3129 oppugnantur.

296 3171 335 3215 P
448 3186 474 3213 v
597 3174 666 3215 tia
722 3170 778 3215 fi·
901 3133 1021 3190 IX.
1067 3132 1470 3189 Fundamenta
1515 3132 1814 3189 sententiae
1844 3130 2196 3188 Orthodoxae
2232 3141 2367 3190 sunt
2408 3132 2605 3190 varia:
2653 3137 2705 3191 1.

339 3186 444 3274 ⁰32⁵?
475 3186 747 3287 gibbum:
817 3213 1042 3270 Electio
1097 3211 1228 3268 Dei.
1335 3211 1480 3267 Cum
1535 3210 1688 3268 enim
1760 3208 2076 3266 Consilium
2135 3209 2244 3267 hoc
2301 3211 2377 3269 sit
2430 3220 2707 3270 aeternum

299 3286 341 3331 1·
396 3289 474 3333 Ab
524 3288 777 3371 §lectione
819 3299 878 3349 et
905 3300 1199 3365 apae-deum,
1248 3289 1401 3347 Heb.
1452 3289 1530 3345 vi.
1580 3291 1671 3362 17,
1719 3289 1887 3345 Rom.
1932 3288 2012 3345 ix.
2049 3291 2139 3363 11,
2171 3300 2228 3346 et
2271 3288 2704 3350 fundamentum

355 3347 545 3399 Patris,
820 3380 988 3443 emesan
1015 3370 1259 3443 firmum,
1291 3373 1327 3427 2
1357 3368 1506 3426 Tim.
1536 3367 1594 3425 ii.
1636 3370 1723 3443 19,
1767 3366 1973 3425 efficax
2003 3377 2122 3427 tum
2143 3368 2362 3427 ratione
2403 3368 2550 3443 finis,
2582 3379 2706 3429 tum

292 3451 513 3510 ratione
544 3449 869 3509 mediorum
919 3449 1213 3507 indivulso
1240 3468 1398 3507 nexu
1440 3468 1570 3505 cum
1617 3447 1729 3505 fine
1774 3448 2228 3523 conjunctorum,
2263 3449 2430 3506 Rom.
2455 3450 2576 3507 viii.
2608 3453 2704 3526 29,

297 3534 413 3607 303
475 3532 596 3590 Nec
625 3540 790 3589 actus
834 3529 945 3587 Dei
974 3529 1292 3587 immanens
1319 3527 1568 3586 rescindi
1612 3527 1796 3603 possit
1824 3527 1915 3585 vel
1947 3526 2173 3603 mutari,
2205 3536 2305 3586 aut
2352 3549 2387 3586 a
2417 3528 2703 3607 Creatore,

295 3612 397 3687 qui
426 3611 537 3670 sibi
568 3630 793 3686 semper
821 3617 1063 3684 constat,
1095 3616 1154 3667 et
1196 3608 1350 3685 apud
1379 3627 1548 3684 quem
1578 3627 1687 3665 nec
1715 3615 1804 3665 est
1847 3608 2267 3682 transmutatiO,
2310 3628 2421 3667 nec
2466 3630 2705 3669 conver-

296 3691 475 3750 sionis
504 3690 884 3765 obumbrati0,
917 3689 1013 3748 vel
1061 3708 1096 3746 a
1146 3688 1435 3762 Creatura,
1468 3686 1561 3746 cui
1588 3686 1736 3744 nihil
1764 3688 2065 3764 potestatis
2111 3696 2199 3746 est
2227 3697 2286 3746 et
2333 3690 2604 3765 potentiae
2649 3690 2708 3748 in

298 3770 644 3843 Creatorem,
678 3769 771 3826 vel
794 3772 923 3845 ejus
951 3777 1115 3827 actus
1140 3791 1154 3827 z
1200 3768 1378 3826 Fides
1407 3787 1536 3844 quae
1566 3766 1786 3825 fructus
1818 3775 1907 3825 est
1934 3766 2103 3825 istius
2133 3767 2451 3826 Electionis
2499 3768 2705 3827 immu-

296 3849 510 3921 tabilis,
543 3857 601 3906 et
627 3847 879 3905 medium
910 3847 1210 3905 infallibilc
1242 3847 1460 3920 salutis,
1493 3866 1608 3903 non
1639 3854 1829 3922 potest
1849 3865 1965 3902 non
1996 3865 2120 3903 csse
2150 3845 2313 3903 firma
2341 3855 2399 3904 et
2439 3846 2704 3906 immuta-

295 3926 450 4002 bilis,
483 3936 547 3985 ut
576 3926 701 3984 fuse
729 3926 1053 4001 probatum,
1087 3927 1225 3983 Loc.
1259 3927 1367 3983 IV.
1403 3928 1469 3999 Q.
1501 3926 1603 3983 xii.

904 4004 987 4061 X.
1033 4009 1088 4062 2.
1118 4006 1373 4062 Faederis
1395 4006 1603 4078 qratioe
1631 4011 1860 4075 natura,
1906 4001 2064 4078 quod
2093 4022 2223 4060 cum
2266 4006 2487 4060 firmum
2533 4003 2608 4062 sit
2650 4013 2708 4063 et

292 4060 337 4108 ²·
368 4061 776 4165 ssaefoessgffirfa‘
818 4082 1191 4155 immutabile,
1215 4083 1370 4159 quod
1393 4084 1451 4139 in
1470 4082 1747 4142 aeter'uum
1770 4081 2036 4158 abrogari
2057 4082 2271 4158 nequit,
2296 4081 2431 4159 quia
2454 4083 2575 4140 sola
2600 4085 2711 4143 Dei

819 4163 1007 4239 gratia
1033 4162 1251 4235 nititur,
1284 4171 1341 4220 et
1386 4182 1501 4219 non
1542 4161 1795 4224 hominis
1843 4160 2185 4236 obedientia,
2225 4162 2708 4238 quemadmodum

298 4245 532 4322 Legale,
578 4242 734 4320 quod
762 4250 1064 4320 propterea
1104 4241 1412 4300 rescissum
1434 4250 1524 4299 est
1550 4250 1609 4300 et
1652 4241 1873 4298 irritum
1905 4240 2156 4316 factum;
2220 4250 2496 4317 perpetua
2534 4243 2706 4302 etiam

298 4324 511 4383 debent
540 4343 665 4382 esse
695 4332 752 4381 et
801 4322 1198 4395 immutabilia,
1250 4340 1380 4398 quae
1431 4321 1503 4378 ab
1548 4321 1676 4397 ipso
1724 4319 1979 4397 pendent
2025 4320 2319 4397 beneficia,
2352 4322 2546 4397 qualia
2573 4332 2708 4382 sunt

296 4403 558 4479 inprimis
605 4403 769 4479 fides,
817 4402 1172 4480 justificatio,
1205 4411 1264 4459 et
1310 4401 1688 4477 regeneratiO,
1740 4419 1869 4475 quae
1917 4399 2149 4477 propria
2197 4409 2331 4458 sunt
2359 4401 2486 4475 ejus
2536 4402 2705 4461 bona.

301 4482 468 4555 Quod
496 4483 538 4541 J
541 4482 783 4540 eremias
813 4481 871 4538 in
893 4481 1105 4540 illustri
1135 4479 1398 4553 Oraculo,
1424 4501 1548 4557 cap.
1573 4479 1740 4537 xxxi.
1766 4483 1860 4553 32,
1887 4482 1982 4553 33,
2008 4488 2066 4537 et
2087 4499 2211 4554 cap.
2232 4480 2437 4556 xxxii„
2462 4490 2707 4540 testatur

300 4560 530 4632 eximie,
562 4561 663 4618 ubi
690 4581 806 4618 non
856 4570 1079 4620 tantum
1118 4560 1324 4619 asserit
1367 4561 1556 4619 Deum
1598 4579 1813 4617 novum
1846 4558 2063 4616 Foedus
2097 4559 2247 4618 velle
2276 4579 2527 4636 pangere
2577 4581 2705 4620 cum

304 4640 582 4713 Ecclesia,
615 4658 731 4715 quo
760 4640 1031 4699 salutaria
1060 4639 1253 4698 omnia
1294 4638 1402 4715 ipsi
1430 4639 1744 4716 largiturus
1786 4639 1861 4697 sit
1903 4638 2071 4713 dona,
2103 4647 2224 4699 tum
2259 4639 2706 4717 justificationis,
