3221 5200
530 273 649 330 428
1314 290 1496 331 Locus
1543 290 1801 331 nscmus
1845 289 2134 338 QUARTUS.
2521 270 2777 351 [qums-r.
2808 292 2929 332 xvx.

529 428 685 487 tuale
755 436 813 486 et
878 429 1111 488 coeleste
1129 432 1158 487 Ῥ
1269 429 1437 486 Prius
1502 430 1545 488 J
1548 431 1702 488 udaei
1756 438 2032 505 statuunt,
2084 430 2186 505 qui
2254 451 2331 489 ex
2395 431 2544 490 male
2620 430 2928 491 intellectis

532 507 946 584 Prophetarum
997 507 1259 567 Oraculis
1306 508 1378 567 de
1428 510 1615 586 gloria
1663 510 1911 585 Messiae,
1946 510 2220 568 Messiam
2269 512 2490 589 Regem
2529 514 2931 588 praestolantur

528 587 901 663 temporalem
968 597 1025 647 et
1085 588 1455 663 mundanum,
1522 591 1624 665 qui
1684 591 1887 648 exules
1955 590 2014 647 in
2076 590 2292 665 patrias
2358 592 2524 650 sedes
2588 592 2929 652 reducturus

527 666 619 741 sit,
651 686 768 725 non
816 668 939 726 sine
982 668 1164 725 multa
1207 667 1459 725 hostium
1504 669 1679 743 caede,
1711 678 1768 728 et
1811 669 2121 745 omnigena
2164 690 2263 728 eos
2292 671 2562 729 felicitate
2592 671 2925 731 donaturus

526 744 669 820 Quae
714 747 908 824 opinio
943 749 1066 824 jam
1108 755 1362 823 tempore
1406 748 1621 806 Christi
1665 749 1914 808 obtinuit
1957 750 2106 808 inter
2132 751 2391 826 Judaeos,
2423 771 2538 809 non
2581 752 2754 810 modo
2783 753 2931 810 inter

528 826 817 886 Primores
846 847 918 885 ex
948 827 1105 903 ipsiS,
1137 825 1239 884 sed
1268 837 1326 885 et
1352 827 1501 885 inter
1529 829 1687 905 ipsos
1717 829 2050 907 Apostolos,
2081 831 2182 907 qui
2209 830 2577 907 praefecturas
2605 831 2928 889 mundanas

515 906 639 981 jam
669 926 769 983 spe
798 915 1201 983 praeceperant,
1233 916 1292 964 et
1335 906 1407 965 de
1451 908 1701 983 primatu
1742 910 2182 985 contendebant,
2214 912 2329 967 imo
2352 920 2410 967 et
2438 920 2568 986 post
2595 911 2925 970 resurrecti-

525 1005 693 1042 onem
723 984 796 1041 ab
825 985 950 1061 ipso
988 993 1207 1062 petunt,
1241 986 1338 1043 An
1387 987 1488 1045 illo
1537 997 1793 1066 tempore
1841 1010 2083 1066 regnum
2132 997 2285 1047 esset
2332 990 2634 1047 restiturus
2684 990 2928 1048 Israeli?

526 1063 660 1121 Act.
691 1063 729 1120 i.
762 1066 816 1121 6.
849 1064 997 1137 Quia
1024 1084 1161 1122 vero
1192 1068 1351 1124 varia
1379 1067 1450 1125 de
1500 1069 1865 1143 passionibus
1896 1070 2127 1127 Messiae
2155 1069 2438 1126 habentur
2465 1068 2525 1124 in
2554 1068 2756 1125 Veteri
2785 1068 2922 1125 Tes-

523 1151 794 1217 tamento,
846 1163 975 1219 quae
1021 1164 1149 1202 cum
1196 1146 1382 1221 gloria
1424 1147 1592 1205 istius
1636 1148 1825 1225 Regni
1874 1168 2073 1223 parum
2119 1146 2486 1218 conveniunt,
2534 1145 2676 1202 Ideo
2724 1147 2769 1203 J
2772 1145 2921 1202 udaei

522 1221 869 1280 recentiores
897 1223 1183 1299 duplicem
1228 1225 1501 1283 Messiam
1532 1226 1839 1299 finxerunt,
1871 1245 2112 1301 quorum
2142 1224 2287 1282 alter
2313 1223 2557 1298 Josephi
2587 1232 2739 1281 esset
2767 1223 2920 1279 filius

523 1300 765 1374 futurus,
797 1301 1031 1359 humilis
1059 1310 1118 1360 et
1144 1322 1362 1379 pauper
1387 1304 1677 1379 variisque
1722 1302 2214 1380 persecutionibus
2244 1301 2548 1374 obnoxius,
2606 1300 2752 1358 alter
2779 1319 2918 1358 vero

524 1378 785 1453 Davidis,
830 1380 992 1438 fortis
1041 1390 1099 1440 et
1143 1392 1363 1457 potens,
1409 1381 1707 1458 splendide
1752 1391 2094 1457 regnaturus
2138 1382 2196 1438 in
2240 1379 2474 1438 mundo.
2558 1379 2727 1453 Quod
2775 1379 2917 1437 deli-

519 1458 666 1515 rium
696 1458 862 1517 sacile
891 1459 1186 1533 refellitur,
1216 1469 1332 1517 tam
1364 1481 1438 1519 ex
1467 1460 1745 1518 Veterum
1787 1480 2087 1536 consensu,
2118 1460 2217 1536 qui
2245 1460 2477 1518 unicum
2505 1468 2730 1518 tantum
2762 1460 2917 1518 Mes-

516 1537 661 1594 siam
673 1547 1049 1614 agnoverunt,
1066 1559 1237 1616 quam
1251 1560 1326 1598 ex
1348 1540 1472 1616 ipsa
1484 1540 1782 1616 scriptura,
1796 1560 1924 1617 quae
1943 1539 2015 1598 de
2034 1559 2148 1598 uno
2160 1548 2382 1598 tantum
2399 1539 2673 1616 loquitur,
2689 1540 2783 1598 cui
2801 1538 2916 1597 duo

519 1624 704 1675 status
727 1627 1049 1694 competere
1072 1618 1335 1695 debeant,
1359 1619 1703 1679 humilitatis
1724 1629 1782 1679 et
1803 1620 2020 1697 gloriae.
2088 1619 2259 1679 Unde
2282 1618 2607 1678 Orthodoxi
2635 1618 2918 1695 colligunt

518 1696 788 1774 Regnum
817 1699 942 1774 ejus
970 1717 1085 1756 uon
1114 1718 1239 1757 esse
1267 1699 1621 1757 mundanum
1649 1708 1708 1758 et
1734 1708 2041 1775 terrenum,
2074 1699 2174 1758 sed
2205 1698 2499 1775 spirituale
2528 1707 2585 1756 et
2614 1699 2865 1757 coeleste.

517 1813 741 1873 Regnum
809 1816 995 1861 christi
1041 1779 1187 1836 VII.
1234 1779 1445 1854 Primo,
1479 1778 1628 1854 Quia
1649 1799 1724 1838 ex
1748 1779 2008 1839 Oraculis
2037 1779 2269 1837 Veteris
2291 1777 2644 1836 Testamenti
2674 1797 2743 1836 eo
2771 1786 2913 1836 tem-

575 1889 669 1918 non
710 1888 812 1919 esse
853 1889 995 1920 mun·
1034 1878 1173 1936 pore
1221 1868 1500 1918 venturus
1542 1858 1651 1918 fuit
1695 1859 1957 1933 MessiaS,
2009 1878 2123 1935 quo
2166 1866 2452 1935 sceptrum
2502 1857 2917 1916 removendum

572 1934 770 1985 danum,
791 1934 873 1979 sed
896 1937 992 1991 ⁸1²¹·
1031 1937 1141 1997 fuit
1168 1958 1203 1995 a
1230 1938 1273 1996 J
1278 1938 1407 2013 uda,
1448 1946 1507 1997 et
1536 1938 1919 2015 Legislatoria
1947 1947 2201 2015 potestas
2229 1936 2554 2011 auferenda,
2589 1937 2736 1995 Gen.
2767 1937 2911 1995 xlix.

571 1992 670 2093 {¹13²
672 1991 749 2094 ξιξ
769 1993 991 2095 Εξιὸξζῖ
1038 2020 1128 2091 10,
1159 2026 1225 2077 ut
1253 2038 1454 2077 revera
1495 2028 1722 2077 constat
1748 2028 2004 2095 tempore
2053 2017 2266 2076 Christi
2315 2018 2358 2076 J
2362 2016 2559 2075 udaeos
2600 2017 2776 2076 fuisse
2806 2017 2914 2074 sub

568 2109 687 2153 xlix.
743 2107 813 2162 10,
863 2110 988 2154 Dan.
1033 2099 1422 2157 Romanorum
1456 2107 1759 2174 potestate.
1846 2097 2016 2157 Unde
2045 2117 2160 2155 non
2202 2097 2393 2174 potuit
2420 2115 2547 2155 esse
2594 2097 2723 2154 Rex
2766 2105 2910 2154 tem-

567 2166 633 2209 ὴ·
1030 2177 1261 2256 poralis,
1319 2178 1455 2255 quia
1513 2179 1737 2254 Regem
1793 2197 1936 2252 esse,
1995 2186 2053 2235 et
2108 2176 2275 2235 alteri
2317 2176 2524 2235 sub'ici
2565 2185 2907 2253 repugnant.

510 2256 736 2331 Daniel,
760 2278 886 2335 cap.
902 2258 1003 2332 ix.,
1025 2259 1151 2335 ejus
1172 2258 1689 2316 manifestationem
1714 2257 1887 2316 refert
1904 2257 1978 2315 ad
1999 2264 2244 2333 tempuS,
2264 2276 2381 2334 quo
2405 2197 2625 2314 Civitas
2653 2264 2713 2314 et
2740 2255 2907 2314 Tem-

502 2335 663 2411 plum
686 2346 851 2395 erant
878 2336 1204 2409 evertenda,
1236 2356 1343 2395 nec
1370 2337 1554 2395 ullum
1583 2337 1784 2396 debuit
1811 2355 2104 2394 remanere
2133 2336 2463 2412 vestigium.

500 2453 545 2498 2.
577 2454 705 2504 Quia
727 2456 983 2500 adumbra-
1106 2416 1285 2474 VIII.
1335 2416 1619 2491 Secundo,
1664 2417 1812 2490 Quia
1857 2416 2127 2492 Regnum
2156 2414 2369 2473 Christi
2396 2435 2500 2491 per
2542 2414 2704 2471 varia
2729 2431 2911 2489 regna

560 2519 645 2555 tur
696 2526 782 2569 per
814 2513 985 2571 Regna
1025 2495 1362 2571 temporalia
1389 2503 1477 2552 est
1524 2495 1943 2552 adumbratum.
1994 2493 2080 2551 At
2106 2513 2197 2552 res
2244 2514 2531 2570 corporeae
2580 2502 2637 2551 et
2669 2502 2907 2550 terrenae

557 2575 765 2614 terrena.
1025 2592 1142 2632 non
1193 2582 1327 2632 sunt
1354 2574 1479 2649 typi
1508 2593 1697 2632 rerum
1727 2581 1786 2632 et
1835 2592 2233 2649 corporearum
2263 2582 2320 2632 et
2348 2572 2764 2631 mundanarum
2795 2571 2907 2630 sibi

496 2650 1000 2728 homogenearum,
1032 2652 1135 2710 sed
1155 2653 1451 2710 meliorum
1484 2661 1541 2710 et
1557 2651 2036 2729 praestantiorum,
2062 2651 2200 2709 nim.
2244 2652 2643 2729 spiritualium.
2724 2651 2903 2728 Figu-

496 2747 618 2786 ram
647 2731 802 2789 enim
831 2739 1056 2807 oportet
1085 2745 1217 2789 esse*
1238 2730 1562 2789 inferiorem
1608 2751 1712 2789 suo
1739 2731 2004 2807 figuratO,
2037 2739 2094 2789 et
2122 2731 2383 2790 umbram
2431 2750 2685 2808 corpore.
2758 2730 2904 2789 Cum

495 2817 689 2867 autem
717 2811 975 2888 regimen
1005 2810 1139 2868 Vet.
1170 2810 1327 2868 Test.
1358 2829 1474 2886 quo
1491 2810 1893 2869 adumbratum
1917 2820 2007 2869 est
2029 2811 2242 2870 Christi
2267 2811 2554 2887 Regnum,
2579 2809 2752 2869 fuerit
2779 2830 2903 2869 cor-

493 2907 748 2966 poreum,
783 2891 1051 2968 Regnum
1082 2890 1296 2949 Christi
1335 2888 1534 2949 debuit
1563 2910 1689 2949 esse
1720 2890 2032 2967 spirituale.

489 3008 539 3055 3·
570 3007 701 3059 Quia
759 3023 869 3066 qu„
911 3013 971 3055 „d
1101 2970 1217 3028 IX.
1262 2970 1476 3045 Tertio,
1509 2970 1658 3045 Quia
1685 2990 2045 3047 quaecunque
2073 2969 2148 3028 ad
2179 2971 2445 3047 Regnum
2476 2968 2587 3027 hoc
2614 2969 2902 3046 pertinent

550 3068 640 3112 hoo
745 3068 971 3126 Regnum
1015 3049 1335 3126 spiritualia
1362 3058 1513 3124 sunt,
1539 3071 1655 3109 non
1684 3050 1975 3109 mundana
1995 3058 2054 3109 et
2081 3059 2306 3109 terrena
2337 3074 2350 3109 :
2412 3053 2464 3106 l.
2507 3050 2640 3108 Rex
2667 3050 2901 3108 humilis

550 3127 977 3244 ggffiaeffiafunt
1017 3140 1075 3189 et
1119 3150 1350 3207 pauper,
1384 3130 1559 3189 Zach.
1608 3131 1691 3189 ix.
1735 3133 1790 3205 9,
1837 3131 1937 3207 qui
1982 3131 2104 3189 sine
2149 3131 2332 3188 forma
2375 3137 2434 3187 et
2463 3129 2651 3205 specie
2701 3129 2902 3188 debuit

664 3243 781 3288 Rex.
1016 3211 1232 3284 venire,
1253 3210 1417 3269 velut
1431 3230 1626 3269 ramus
1644 3211 1875 3268 excisus
1904 3229 1978 3268 ex
2008 3218 2211 3268 trunco
2234 3210 2423 3283 Jesse,
2451 3209 2565 3267 Isa.
2598 3209 2678 3266 xi.
2714 3211 2765 3281 1,
2797 3210 2898 3284 qui

1015 3289 1177 3348 venit
1205 3309 1332 3348 cum
1364 3289 1547 3347 forma
1574 3289 1728 3348 servi
1758 3289 1833 3346 ad
1860 3289 2317 3363 ministrandum,
2351 3308 2463 3345 non
2493 3295 2559 3346 ut
2586 3288 2671 3344 illi
2700 3288 2892 3346 minis·

485 3374 749 3439 traretur,
798 3366 1008 3424 Matth.
1038 3388 1140 3425 xx.
1181 3370 1276 3442 28,
1321 3368 1419 3443 qui
1461 3388 1521 3427 se
1552 3369 1799 3444 subjecit
1829 3369 2219 3426 Romanorum
2250 3369 2518 3445 Imperi0,
2559 3375 2617 3425 et
2661 3386 2895 3425 censum

486 3444 604 3502 illis
632 3443 926 3519 persolvit,
959 3465 1087 3521 quae
1129 3445 1401 3504 ὁσίη-πειτα
1442 3466 1569 3505 esse
1615 3467 1746 3505 cum
1791 3448 1997 3523 Regno
2025 3447 2316 3505 mundano
2361 3466 2530 3505 nemo
2572 3466 2688 3503 non
2716 3446 2894 3505 videt.

1010 3531 1065 3582 2.
1110 3526 1322 3600 Solium
1358 3545 1473 3583 non
1528 3535 1818 3584 terrenum
1867 3534 1926 3583 et
1974 3526 2338 3602 aspectabile,
2375 3526 2478 3585 sed
2532 3525 2794 3584 divinum
2836 3539 2895 3584 et

616 3587 827 3631 Solium.
1009 3604 1260 3679 coeleste,
1293 3604 1533 3663 dextera
1574 3605 1702 3681 ipsa
1733 3605 1863 3679 Dei,
1913 3604 1988 3662 ad
2016 3624 2189 3681 quam
2219 3606 2417 3664 sedere
2466 3604 2682 3679 debuit,
2738 3605 2892 3664 Psal.

1011 3703 1103 3741 cx.
1139 3686 1190 3741 1.
1246 3686 1302 3743 3.
1345 3685 1639 3759 Sceptrum
1660 3703 1777 3742 non
1798 3685 2110 3758 materiale,
2143 3684 2245 3742 sed
2273 3685 2599 3761 mysticum,
2632 3685 2890 3742 Verbum

1010 3763 1231 3822 scilicet
1281 3764 1605 3840 Evangelii,
1658 3763 1772 3821 Isa.
1814 3764 1873 3823 ii.
1925 3766 1980 3838 3,
2011 3763 2169 3841 quod
2214 3765 2508 3840 Sceptrum
2533 3765 2894 3839 fortitudinis

486 3865 623 3904 vere
680 3843 905 3919 dicitur,
941 3843 1094 3902 Psal.
1125 3864 1217 3919 cx,
1247 3847 1303 3919 2,
1333 3843 1470 3921 quia
1517 3852 1606 3902 est
1646 3844 1904 3920 potentia
1935 3843 2045 3902 Dei
2093 3844 2168 3901 ad
2217 3845 2478 3918 salutem,
2509 3852 2567 3902 et
2595 3843 2890 3902 brachium

620 3964 813 4010 Subdiu
1009 3923 1260 3998 Domini,
1297 3924 1409 3982 Isa.
1438 3922 1542 3981 liii.
1576 3927 1629 3998 1,
1656 3924 1825 3982 Rom.
1854 3923 1893 3982 i.
1930 3926 2020 3982 16.
2064 3927 2120 3982 4.
2164 3925 2387 3983 Subditi
2408 3942 2525 3981 non
2553 3931 2687 3982 sunt
2707 3923 2891 3981 homi-

815 3996 826 4008 ’
1006 4023 1109 4061 nes
1149 4003 1360 4062 terreni
1402 4011 1462 4062 et
1509 4003 1786 4078 carnales,
1833 4003 1936 4062 sed
1991 4003 2316 4080 spirituales
2371 4012 2430 4062 et
2484 4003 2748 4061 coelestes
2788 4022 2893 4079 per

486 4083 763 4161 Spiritum
793 4083 1053 4160 regeniti,
1085 4103 1200 4141 non
1237 4104 1312 4142 ex
1342 4102 1528 4157 carne,
1561 4083 1665 4142 sed
1692 4103 1768 4141 ex
1799 4083 1924 4142 Deo
1942 4083 2081 4158 nati,
2112 4083 2155 4141 J
2159 4084 2251 4141 oh.
2274 4084 2312 4140 i.
2348 4087 2439 4155 12,
2469 4101 2713 4159 quorum
2743 4085 2890 4141 πολί·

480 4188 645 4239 nvem
666 4172 754 4220 est
783 4162 841 4218 in
870 4162 1048 4237 coelis,
1085 4163 1232 4220 Phil.
1257 4163 1336 4221 iii.
1357 4166 1452 4238 20,
1472 4165 1723 4239 populus
1740 4189 1907 4226 maz-2³
1925 4172 2276 4238 spontaneus,
2311 4162 2464 4220 Psal.
2495 4182 2591 4220 cx.
2612 4164 2666 4236 3,
2691 4162 2792 4238 qui
2812 4182 2889 4221 ex

482 4254 647 4303 utero
676 4262 911 4314 aurorae,
956 4242 1018 4299 id
1058 4262 1132 4300 ex
1170 4242 1298 4300 luce
1356 4241 1665 4319 Evangelii
1717 4243 1843 4301 Deo
1898 4242 2260 4318 generandus
2315 4250 2420 4315 est,
2478 4249 2537 4299 et
2591 4242 2888 4318 spirituale

480 4324 689 4381 decore
736 4322 1059 4380 sanctitatis
1099 4321 1407 4380 ornandus.
1492 4325 1547 4380 5.
1592 4323 1811 4379 Modus
1829 4322 2328 4378 administrationis
2370 4329 2526 4379 totus
2555 4321 2885 4398 spiritualis,

478 4399 1873 4555 ”0⁶3⁹..33113‘i012-{¹3¹¹2⁸33,¹{⁸3¹⁵51'‘“3“¹}:.}{2³
1918 4400 2889 4556 §.33335221520323‘'siffis-...ik

619 4512 675 4542 ΓΒ
830 4530 841 4541 .
1306 4525 1319 4538 e
1416 4525 1429 4538 0
1516 4524 1530 4538 ο
1644 4524 1658 4538 0

626 4554 798 4608 Leges.
998 4523 1170 4615 mddo
1199 4568 1362 4617 actus
1403 4567 1694 4633 externos,
1727 4559 1830 4617 sed
1857 4566 1917 4616 et
1945 4559 2200 4617 internos
2231 4525 2599 4636 e’omponunt,
2630 4568 2690 4618 et
2711 4580 2746 4618 a
2773 4569 2886 4618 ter-

592 3725 869 3784 Sceptrum.
