3221 5200
520 376 595 433 10
1420 389 1604 432 Locus
1630 384 1993 431 nunacnms.
2339 344 2345 351 ¹
2558 359 2816 441 [Quffisr.
2847 380 2915 420 11.

510 531 606 591 lus
632 529 805 590 datur
830 549 1017 605 casus,
1048 528 1109 588 in
1135 547 1253 607 quo
1280 526 1354 588 de
1380 548 1452 588 eo
1479 528 1740 589 relaxare
1769 529 1931 587 Deus
1956 524 2157 604 possit,
2181 523 2319 601 quia
2346 522 2430 582 sic
2456 529 2719 579 naturam
2750 539 2914 579 suam

511 609 574 668 in
601 630 718 688 qua
743 610 1017 669 fundatur
1042 609 1340 668 videretur
1366 609 1673 687 abnegare.
1726 608 1897 668 Unde
1924 624 2218 683 nunquam
2245 602 2556 680 praecipere
2581 600 2679 660 vel
2707 619 2912 677 appro-

510 689 650 748 bare
678 689 868 767 potuit
908 688 1000 747 sui
1026 688 1242 763 odium,
1273 688 1676 762 idololatriam,
1706 686 2025 765 perjurium
2051 693 2112 744 et
2135 682 2518 742 mendacium.
2587 678 2705 737 Sed
2735 679 2911 754 istud,

511 768 649 827 licet
677 769 938 844 regulam
959 767 1321 826 rectitudinis
1341 768 1661 827 naturalem
1683 768 1989 839 contineat,
2021 764 2158 842 quia
2177 772 2372 822 tamen
2400 759 2672 837 supponit
2692 766 2910 816 certum

511 866 703 905 rerum
732 855 962 920 statum,
993 846 1180 922 potuit
1220 846 1280 903 in
1309 846 1481 903 certis
1522 847 1768 921 casibus,
1799 845 2035 903 mutatis
2061 862 2251 902 rerum
2289 856 2775 917 personarumque
2802 837 2913 894 cir·

512 926 891 1002 cumstantiis,
932 924 1241 1000 immutari,
1272 925 1375 983 sed
1402 925 1558 984 illius
1599 933 1824 985 tantum
1852 923 2198 983 authoritate
2227 941 2262 979 a
2288 939 2403 996 quo
2430 917 2758 976 institutum
2786 924 2912 975 est:

511 1024 571 1063 v.
594 1025 652 1081 g.
698 1005 910 1064 occisio
959 1004 1226 1079 hominis,
1280 1012 1357 1062 et>
1397 1004 1772 1062 contrectatio
1818 1004 1903 1062 rei
1956 1002 2175 1076 alienae,
2233 1019 2363 1076 quae
2417 997 2688 1055 mandato
2743 1002 2913 1054 sexto

509 1092 571 1143 et
596 1092 803 1143 octavo
844 1083 1234 1161 prohibentur,
1273 1091 1518 1159 possunt
1554 1083 1680 1142 fieri
1727 1082 1917 1157 licitae,
1960 1089 2183 1140 mutata
2220 1079 2417 1155 aliqua
2442 1074 2911 1150 circumstantia3

509 1163 819 1222 accedente
846 1171 988 1240 puta
1025 1162 1299 1220 mandato
1327 1161 1544 1235 divino,
1574 1163 1673 1221 vel
1713 1162 1948 1238 publica
1985 1159 2351 1219 authoritate.
2434 1155 2633 1232 Atque
2670 1154 2781 1212 hoc
2821 1172 2911 1211 re-

511 1252 713 1319 spectu
738 1250 930 1319 potest
955 1240 1155 1300 referri
1181 1240 1257 1299 ad
1283 1241 1326 1300 J
1327 1260 1398 1299 us
1428 1241 1759 1318 positivum,
1791 1260 1907 1299 non
1932 1239 2167 1317 quidem
2196 1235 2458 1296 absolute
2484 1244 2544 1293 et
2573 1231 2910 1311 simpliciter

509 1322 642 1397 tale,
674 1329 733 1380 ct
759 1340 915 1380 mere
942 1320 1204 1393 liberum,
1235 1320 1393 1396 quod
1420 1320 1644 1378 nullum
1683 1321 1859 1378 habet
1885 1318 2323 1378 fundamentum
2363 1314 2478 1374 nisi
2517 1314 2580 1370 in
2605 1312 2908 1370 voluntate

510 1401 637 1458 sola
666 1400 794 1475 Dei,
827 1399 929 1458 sed
971 1398 1285 1456 secundum
1320 1398 1478 1476 quid,
1508 1407 1810 1475 quatenus,
1850 1398 1987 1456 licet
2014 1396 2287 1454 fundetur
2312 1396 2374 1452 in
2401 1392 2602 1451 ordine
2629 1410 2820 1449 rorum
2848 1398 2909 1449 et

510 1487 716 1537 natura
742 1487 951 1552 creata,
982 1484 1173 1554 potest
1213 1485 1407 1535 tamen
1435 1478 1811 1536 mutationem
1854 1476 2107 1553 aliquam
2147 1474 2452 1533 admittere
2480 1492 2584 1550 pro
2625 1469 2910 1548 sapientia

513 1556 910 1633 Legislatoris,
942 1556 1044 1632 qui
1072 1554 1334 1613 ordinem
1363 1556 1529 1614 illum
1556 1556 1825 1614 instituit.

591 1636 740 1695 VII.
784 1636 881 1693 Ex
906 1635 1017 1693 hac
1044 1652 1184 1692 vero
1211 1634 1377 1693 Juris
1405 1634 1589 1691 divini
1619 1633 2006 1708 distinctione,
2050 1632 2180 1692 fluit
2218 1632 2642 1707 Praeceptorum
2671 1626 2908 1686 distinc-

509 1714 611 1792 tio,
641 1734 771 1792 quae
813 1714 908 1772 hic
936 1720 1025 1772 est
1051 1713 1319 1771 tenenda.
1390 1712 1532 1787 Quae
1559 1713 1713 1772 enim
1742 1720 1861 1771 tam
1899 1720 2119 1771 arctam
2147 1712 2362 1785 habent
2390 1728 2519 1802 cum
2561 1716 2767 1766 natura
2795 1705 2910 1764 Dei

509 1814 738 1931 fimf:
738 1814 869 1931 3³:¹1?
868 1799 1746 1947 Ratfiffiffifflsssffie
1749 1792 1828 1930 ¹21¹}
1851 1791 2460 1947 &ffffl’gkffifflss
2461 1787 2735 1925 ⁸302}ss
2721 1805 2908 1941 gssffg

509 1961 571 2010 et
596 1971 728 2010 eum
755 1971 859 2028 pro
884 1952 1009 2009 Deo
1032 1969 1138 2009 suo
1164 1950 1334 2009 unice
1359 1951 1589 2025 habeat,
1621 1959 1680 2009 et
1708 1951 1855 2026 sim.,
1885 1951 1987 2008 illa
2014 1950 2137 2010 sine
2166 1946 2559 2007 controversia
2586 1952 2719 2005 sunt
2739 1944 2783 2003 J
2784 1943 2908 2001 uris

510 2031 808 2090 naturalis.
886 2028 1004 2089 Sed
1028 2048 1158 2106 quse
1189 2049 1225 2086 a
1250 2028 1433 2087 libero
1463 2030 1577 2088 Dei
1603 2030 1965 2107 beneplacito
1984 2029 2189 2104 fluunt,
2220 2036 2281 2087 et
2306 2047 2437 2104 quse
2463 2025 2708 2105 liberum
2735 2030 2795 2081 et
2822 2022 2911 2078 in-

510 2118 738 2188 tegrum
768 2111 896 2168 Deo
923 2108 1033 2167 fuit
1059 2127 1271 2186 ponere
1298 2108 1397 2167 vel
1422 2128 1538 2166 non
1566 2129 1796 2187 ponere,
1828 2109 2048 2169 censeri
2076 2108 2290 2167 debent
2315 2106 2466 2183 juris
2493 2102 2747 2180 positivi.
2830 2102 2911 2160 Et

511 2189 585 2248 de
612 2191 723 2248 hoc
750 2190 901 2249 inter
929 2206 1129 2246 omnes
1163 2187 1282 2247 fere
1323 2189 1613 2249 convenit.
1702 2188 1819 2248 Sed
1860 2189 1932 2248 de
1958 2186 2290 2267 particulari
2331 2185 2537 2242 horum
2579 2190 2639 2239 et
2678 2181 2911 2238 illorum

510 2268 895 2343 distinctione,
914 2275 974 2326 et
990 2268 1436 2343 enumeratione,
1459 2288 1577 2326 non
1593 2267 1808 2347 pariter
1821 2288 2023 2327 omnes
2040 2264 2432 2325 consentiunt:
2467 2262 2615 2319 Sunt
2634 2260 2787 2317 enim
2809 2258 2913 2335 qui

509 2346 586 2405 ad
606 2348 650 2406 J
653 2367 721 2406 us
741 2346 1002 2407 naturale
1023 2367 1092 2405 ea
1112 2347 1382 2423 referunt,
1403 2367 1532 2425 quae
1554 2349 1656 2407 alii
1672 2348 1747 2406 ad
1773 2347 2086 2425 positivum
2105 2345 2298 2422 potius
2323 2341 2605 2420 pertinere
2622 2337 2908 2415 judicant.

511 2459 999 2576 Iuffiffissbffltluot
1039 2427 1541 2581 sagglinsslhggrla
1578 2507 1678 2564 vel
1713 2428 1988 2564 ιέεῗῖαἰῗ
2002 2417 2911 2579 οἷηῗιῗιρρᾶάεοῗζᾝοξέἕθὲἑ

567 2578 738 2623 nostri.
1035 2583 1166 2658 Dei,
1216 2603 1390 2659 quam
1438 2551 1704 2660 respectu
1746 2584 1943 2660 nostr-i,
1988 2583 2086 2641 vel
2139 2589 2464 2658 comparate
2506 2586 2566 2637 et
2610 2578 2913 2636 secumdmn

510 2663 664 2737 quid,
695 2668 961 2737 respectu
981 2662 1182 2736 nostri,
1206 2681 1322 2719 non
1344 2680 1484 2719 vero
1508 2663 1638 2721 Dei.
1681 2662 1958 2737 Quasdam
1985 2661 2141 2719 enim
2168 2669 2305 2719 sunt
2332 2658 2593 2717 absolute
2614 2656 2908 2733 indispen-

511 2740 719 2798 sabilia
735 2748 855 2797 tam
878 2739 1005 2797 Deo
1022 2758 1196 2815 quam
1222 2739 1425 2815 nobis3
1465 2739 1732 2817 quaedam
1752 2759 1893 2799 vero
1921 2739 2236 2799 secundum
2258 2738 2400 2815 quid
2416 2743 2680 2813 respectu
2707 2734 2907 2809 nostri,

510 2818 648 2895 quia
687 2838 818 2877 cum
858 2837 976 2876 non
1018 2818 1198 2877 simus
1242 2818 1479 2876 Domini
1519 2827 1621 2877 aut
1660 2819 1704 2878 J
1706 2819 1922 2893 udices,
1967 2817 2071 2877 sed
2118 2817 2354 2892 subditi,
2398 2824 2458 2876 et
2499 2812 2738 2888 trouu,
2787 2833 2907 2872 non

508 2916 818 2975 possumus
844 2897 1154 2974 quicquam
1187 2895 1401 2957 addere
1441 2905 1543 2956 aut
1570 2898 1870 2957 detrahere
1901 2896 2048 2974 Legi
2072 2919 2089 2957 z
2161 2896 2280 2955 Sed
2321 2916 2439 2956 non
2480 2904 2744 2973 respectu
2774 2894 2905 2967 Dei,

510 2976 613 3054 qui
640 2984 706 3035 ut
734 2995 1035 3053 supremus
1054 2976 1339 3035 Dominus
1366 2985 1426 3036 et
1453 2976 1783 3054 Legislator
1814 2976 2004 3055 potuit
2029 2975 2092 3034 in
2115 2975 2292 3035 oerfis
2318 2976 2550 3035 casibus
2577 2975 2909 3052 dispensare

510 3055 585 3114 de
616 3055 774 3134 Lege
802 3054 998 3132 aliqua
1023 3075 1060 3114 a
1087 3074 1149 3114 se
1175 3056 1294 3115 lata
1322 3054 1447 3115 sine
1474 3065 1732 3134 peccato,

592 3136 714 3194 IX.
758 3135 1012 3210 Quaestio
1039 3154 1179 3212 ergo
1219 3154 1291 3194 eo
1329 3136 1497 3212 redit,
1542 3136 1644 3194 An
1673 3137 1985 3215 Praeoepta,
2028 3154 2147 3193 non
2177 3133 2354 3212 Legis
2382 3129 2808 3192 Caeremonialis
2847 3139 2909 3189 et

511 3215 802 3291 Forensis,
831 3234 977 3293 quas
1012 3214 1163 3293 juris
1310 3216 1439 3275 itivi
1479 3216 1774 3275 mutabilis
1815 3235 1942 3275 esse
1981 3221 2241 3290 constat3
2305 3213 2424 3273 Sed
2453 3212 2629 3288 Legis
2655 3209 2906 3284 moralis,

507 3314 626 3354 non
654 3295 971 3355 secundum
1011 3314 1197 3372 appen
1242 3295 1374 3369 ‘ces,
1418 3295 1523 3354 sed
1563 3295 1884 3354 secundum
1921 3294 2321 3369 substantiam,
2366 3293 2483 3351 sint
2510 3292 2552 3349 J
2556 3291 2675 3348 uris
2711 3297 2905 3347 natur-

502 3375 636 3448 alis,
667 3375 792 3432 sive
817 3374 1074 3450 primarii
1103 3374 1228 3431 sive
1255 3373 1594 3448 secundarii,
1626 3394 1743 3432 non
1768 3393 1923 3431 mere
1959 3373 2196 3450 positivi
2219 3393 2234 3447 3
2275 3372 2538 3447 adeoque
2564 3368 2904 3442 necessaria,

507 3471 627 3509 non
655 3460 878 3509 tantum
906 3451 1277 3526 hypothetice
1305 3471 1380 3508 ex
1407 3452 1726 3510 voluntatis
1769 3451 1981 3508 divinae
2009 3451 2320 3525 sanctione,
2352 3450 2456 3508 sed
2496 3448 2759 3507 absolute
2783 3454 2846 3505 et
2872 3466 2909 3505 a

505 3540 673 3607 parte
701 3529 802 3602 rei,
833 3537 893 3587 et
920 3528 1409 3605 indispensabilia,
1438 3548 1555 3587 non
1584 3537 1806 3588 tantum
1834 3528 2180 3604 hominibus,
2212 3528 2316 3588 sed
2339 3529 2514 3588 etiam
2546 3528 2692 3585 Deo.

1120 3607 1205 3664 X.
1252 3607 1419 3665 Circa
1461 3608 1609 3666 hanc
1640 3607 2043 3684 Quaestionem,
2087 3617 2206 3666 tres
2234 3617 2369 3667 sunt
2393 3606 2739 3666 celebriores
2779 3623 2908 3662 sen-

1041 3685 1274 3745 tentiae:
1322 3687 1468 3745 Duae
1508 3695 1801 3763 extremae,
1832 3706 1961 3764 quae
1988 3687 2085 3746 vel
2118 3686 2667 3765 dispensabilitatem
2697 3684 2792 3743 vel
2819 3684 2907 3741 in-

1043 3762 1595 3841 dispensabilitatem
1644 3766 2045 3825 mandatorum
2091 3774 2394 3841 asserunt3
2454 3765 2651 3823 Tertia
2695 3763 2904 3837 media,

503 3861 641 3919 quae
668 3840 876 3919 partim
905 3841 1333 3920 dispensabilis,
1363 3844 1570 3921 partim
1598 3843 2074 3922 indispensabilia
2107 3865 2235 3904 esse
2271 3846 2418 3903 vult.
2477 3845 2680 3901 Prima
2709 3842 2911 3901 statuit

513 3922 731 3998 Legem
779 3921 1053 3980 moralem
1082 3923 1141 3980 in
1170 3923 1437 3982 omnibus
1464 3924 1768 4002 praeceptis
1794 3944 1922 3983 esse
1950 3924 2413 4001 dispensabilem,
2443 3922 2739 3981 fundatam
2767 3929 2910 3999 puta

507 4000 571 4058 in
599 4001 723 4059 solo
742 4000 874 4077 jure
901 4002 1170 4078 positivo,
1201 4002 1357 4079 quod
1398 4022 1434 4061 a
1473 4003 1658 4062 libera
1686 4004 1796 4062 Dei
1823 4004 2122 4062 voluntate
2149 4003 2395 4081 pendet;
2449 4020 2737 4079 quamque
2777 3999 2908 4058 ideo

508 4100 614 4158 pro
641 4079 813 4138 libitu
839 4089 1062 4139 mutare
1089 4090 1303 4158 posset.
1375 4082 1448 4140 In
1475 4101 1592 4159 qua
1621 4083 1906 4142 sententia
1933 4090 2084 4159 sunt,
2119 4086 2173 4141 1.
2212 4081 2378 4141 Varii
2405 4102 2481 4140 ex
2513 4079 2904 4155 Scholasticis,

513 4161 812 4234 Ockamus,
837 4159 898 4216 in
918 4163 976 4217 2.
993 4180 1052 4237 q.
1079 4162 1170 4235 19,
1196 4161 1430 4238 Germa,
1450 4171 1522 4222 tr.
1545 4163 1620 4220 de
1640 4163 1765 4222 vita
1784 4162 2084 4239 spirituali,
2114 4161 2217 4221 lib.
2249 4161 2308 4236 i.,
2338 4163 2545 4219 Petu-m
2570 4162 2647 4218 de
2665 4159 2904 4234 Alliam,

508 4238 570 4296 in
602 4241 654 4297 1.
684 4258 742 4315 q.
778 4241 868 4313 14,
906 4239 1235 4316 Almaynus,
1278 4261 1336 4317 p.
1381 4243 1437 4315 3,
1481 4250 1554 4300 tr.
1594 4261 1775 4300 mora.
1818 4262 1869 4301 c.
1899 4261 2018 4316 xv„
2050 4249 2110 4300 et
2149 4241 2250 4299 alii
2286 4240 2388 4319 qui
2424 4258 2528 4298 eos
2568 4246 2905 4316 sequuntur,

508 4336 656 4393 quos
682 4318 969 4395 praecipue
990 4318 1236 4396 impellit
1261 4320 1553 4378 temeritas
1575 4320 1949 4398 expungendi
1976 4340 2160 4398 praece
2200 4328 2326 4379 tum
2347 4318 2662 4378 secundum
2685 4337 2766 4376 ex
2789 4318 2906 4375 De-

508 4396 732 4472 calog0‚
762 4405 885 4456 tum
913 4406 1187 4475 potestas,
1218 4417 1391 4476 quam
1420 4408 1692 4476 arrogant
1715 4400 1982 4459 Pontifici
2010 4419 2115 4460 suo
2187 4400 2201 4413 '
2234 4398 2515 4477 pensandi
2553 4397 2628 4456 de
2654 4415 2907 4474 praecep-

507 4474 585 4534 tis
605 4475 734 4532 Dei.
784 4479 841 4534 2.
865 4477 1171 4553 Sociniani,
1193 4477 1293 4556 qui
1311 4485 1467 4536 stant
1482 4498 1587 4555 pro
1604 4478 2102 4556 dispensabilitate
2118 4479 2227 4537 hac
2243 4478 2606 4556 potissimum
2622 4475 2696 4535 de
2711 4495 2905 4552 causa,

507 4561 575 4612 ut
595 4553 864 4613 evincant
876 4555 1099 4633 Legem
1119 4559 1439 4618 Mosai'cam
1466 4576 1595 4616 esse
1624 4557 2033 4634 imperfectam,
2052 4576 2184 4635 quae
2211 4557 2424 4635 corrigi
2441 4556 2724 4616 debuerit.
2767 4554 2906 4630 Qui-

508 4631 620 4691 bus
659 4651 722 4691 se
763 4632 1089 4711 adjungunt
1129 4636 1215 4695 illi
1256 4656 1333 4696 ex
1374 4637 1604 4712 nostris,
1643 4637 1742 4713 qui
1783 4636 2131 4714 pertendunt
2171 4636 2488 4696 bonitatem
2529 4641 2589 4695 et
2627 4634 2907 4694 malitiam

504 3671 632 3717 'l'res
653 3671 919 3718 Sententia
939 3672 999 3717 de

570 3729 713 3783 Legis
735 3735 925 3777 natura.
