<?xml version="1.0" encoding="UTF-8"?>
<!DOCTYPE html PUBLIC "-//W3C//DTD XHTML 1.0 Transitional//EN"
    "http://www.w3.org/TR/xhtml1/DTD/xhtml1-transitional.dtd">
<html xmlns="http://www.w3.org/1999/xhtml" xml:lang="en" lang="en">
 <head>
  <title>
</title>
<meta http-equiv="Content-Type" content="text/html;charset=utf-8" />
  <meta name='ocr-system' content='tesseract 3.04.00' />
  <meta name='ocr-capabilities' content='ocr_page ocr_carea ocr_par ocr_line ocrx_word'/>
</head>
<body>
  <div class='ocr_page' id='page_1' title='image "./institutiotheol01turrgoog_0195.png"; bbox 0 0 3221 5200; ppageno 0'>
   <div class='ocr_carea' id='block_1_1' title="bbox 338 334 2743 417">
    <p class='ocr_par' dir='ltr' id='par_1_1' title="bbox 338 334 2743 417">
     <span class='ocr_line' id='line_1_1' title="bbox 338 334 2743 417; baseline -0 -23"><span class='ocrx_word' id='word_1_1' title='bbox 338 352 566 402; x_wconf 60' lang='lat' dir='ltr'><strong>Qua-:sun</strong></span> <span class='ocrx_word' id='word_1_2' title='bbox 599 334 718 417; x_wconf 63' lang='lat' dir='ltr'><strong>nn]</strong></span> <span class='ocrx_word' id='word_1_3' title='bbox 1223 357 1300 397; x_wconf 75' lang='lat' dir='ltr'><strong>nn</strong></span> <span class='ocrx_word' id='word_1_4' title='bbox 1330 357 1582 397; x_wconf 61' lang='lat' dir='ltr'><strong>rutnans</strong></span> <span class='ocrx_word' id='word_1_5' title='bbox 1610 356 1868 398; x_wconf 62' lang='lat' dir='ltr'><strong>curm.</strong></span> <span class='ocrx_word' id='word_1_6' title='bbox 2633 338 2743 396; x_wconf 84' lang='grc'><strong>167</strong></span> 
     </span>
    </p>
   </div>
   <div class='ocr_carea' id='block_1_2' title="bbox 309 493 2753 4734">
    <p class='ocr_par' dir='ltr' id='par_1_2' title="bbox 333 493 2748 875">
     <span class='ocr_line' id='line_1_2' title="bbox 335 493 2745 576; baseline 0.001 -25"><span class='ocrx_word' id='word_1_7' title='bbox 335 493 495 569; x_wconf 88' lang='lat' dir='ltr'><strong>mini,</strong></span> <span class='ocrx_word' id='word_1_8' title='bbox 526 514 647 553; x_wconf 92' lang='lat' dir='ltr'><strong>non</strong></span> <span class='ocrx_word' id='word_1_9' title='bbox 685 503 961 573; x_wconf 88' lang='lat' dir='ltr'><strong>tanquam</strong></span> <span class='ocrx_word' id='word_1_10' title='bbox 1002 496 1430 575; x_wconf 75' lang='lat' dir='ltr'><strong>acquirendam,</strong></span> <span class='ocrx_word' id='word_1_11' title='bbox 1459 505 1526 558; x_wconf 90' lang='lat' dir='ltr'><strong>ut</strong></span> <span class='ocrx_word' id='word_1_12' title='bbox 1555 498 1700 573; x_wconf 86' lang='lat' dir='ltr'><strong>Lex,</strong></span> <span class='ocrx_word' id='word_1_13' title='bbox 1732 496 1836 557; x_wconf 90' lang='lat' dir='ltr'><strong>sed</strong></span> <span class='ocrx_word' id='word_1_14' title='bbox 1861 506 2136 576; x_wconf 87' lang='lat' dir='ltr'><strong>tanquam</strong></span> <span class='ocrx_word' id='word_1_15' title='bbox 2163 495 2525 574; x_wconf 74' lang='lat' dir='ltr'><strong>acquisitam.</strong></span> <span class='ocrx_word' id='word_1_16' title='bbox 2605 493 2745 554; x_wconf 83' lang='lat' dir='ltr'><strong>Ter-</strong></span> 
     </span>
     <span class='ocr_line' id='line_1_3' title="bbox 335 573 2746 654; baseline -0 -21"><span class='ocrx_word' id='word_1_17' title='bbox 335 573 436 648; x_wconf 90' lang='lat' dir='ltr'><strong>tio,</strong></span> <span class='ocrx_word' id='word_1_18' title='bbox 469 573 620 648; x_wconf 84' lang='lat' dir='ltr'><strong>Quia</strong></span> <span class='ocrx_word' id='word_1_19' title='bbox 649 574 914 635; x_wconf 87' lang='lat' dir='ltr'><strong>Christus</strong></span> <span class='ocrx_word' id='word_1_20' title='bbox 954 585 1044 636; x_wconf 86' lang='lat' dir='ltr'><strong>est</strong></span> <span class='ocrx_word' id='word_1_21' title='bbox 1084 577 1315 654; x_wconf 87' lang='lat' dir='ltr'><strong>justitia</strong></span> <span class='ocrx_word' id='word_1_22' title='bbox 1354 586 1570 654; x_wconf 88' lang='lat' dir='ltr'><strong>nostra,</strong></span> <span class='ocrx_word' id='word_1_23' title='bbox 1620 581 1649 636; x_wconf 99' lang='lat'><strong>1</strong></span> <span class='ocrx_word' id='word_1_24' title='bbox 1684 577 1813 637; x_wconf 90' lang='lat' dir='ltr'><strong>Cor.</strong></span> <span class='ocrx_word' id='word_1_25' title='bbox 1857 577 1896 637; x_wconf 90' lang='lat' dir='ltr'><strong>i.</strong></span> <span class='ocrx_word' id='word_1_26' title='bbox 1926 580 2022 654; x_wconf 86' lang='lat'><strong>30,</strong></span> <span class='ocrx_word' id='word_1_27' title='bbox 2068 582 2104 636; x_wconf 82' lang='lat'><strong>2</strong></span> <span class='ocrx_word' id='word_1_28' title='bbox 2136 577 2266 637; x_wconf 91' lang='lat' dir='ltr'><strong>Cor.</strong></span> <span class='ocrx_word' id='word_1_29' title='bbox 2296 597 2353 635; x_wconf 86' lang='lat' dir='ltr'><strong>v.</strong></span> <span class='ocrx_word' id='word_1_30' title='bbox 2384 578 2480 649; x_wconf 83' lang='lat'><strong>21,</strong></span> <span class='ocrx_word' id='word_1_31' title='bbox 2524 573 2587 632; x_wconf 89' lang='lat' dir='ltr'><strong>in</strong></span> <span class='ocrx_word' id='word_1_32' title='bbox 2629 592 2746 651; x_wconf 90' lang='lat' dir='ltr'><strong>quo</strong></span> 
     </span>
     <span class='ocr_line' id='line_1_4' title="bbox 336 652 2748 735; baseline 0 -24"><span class='ocrx_word' id='word_1_33' title='bbox 336 652 619 713; x_wconf 87' lang='lat' dir='ltr'><strong>habemns</strong></span> <span class='ocrx_word' id='word_1_34' title='bbox 646 654 1100 733; x_wconf 89' lang='lat' dir='ltr'><strong>redemptionem</strong></span> <span class='ocrx_word' id='word_1_35' title='bbox 1129 665 1189 716; x_wconf 91' lang='lat' dir='ltr'><strong>et</strong></span> <span class='ocrx_word' id='word_1_36' title='bbox 1214 656 1416 717; x_wconf 83' lang='lat' dir='ltr'><strong>vitam.</strong></span> <span class='ocrx_word' id='word_1_37' title='bbox 1461 658 1623 735; x_wconf 86' lang='lat' dir='ltr'><strong>Ergo</strong></span> <span class='ocrx_word' id='word_1_38' title='bbox 1650 677 1767 716; x_wconf 90' lang='lat' dir='ltr'><strong>non</strong></span> <span class='ocrx_word' id='word_1_39' title='bbox 1794 664 1986 734; x_wconf 89' lang='lat' dir='ltr'><strong>potest</strong></span> <span class='ocrx_word' id='word_1_40' title='bbox 2012 656 2190 717; x_wconf 90' lang='lat' dir='ltr'><strong>tribui</strong></span> <span class='ocrx_word' id='word_1_41' title='bbox 2214 655 2352 714; x_wconf 89' lang='lat' dir='ltr'><strong>fidei</strong></span> <span class='ocrx_word' id='word_1_42' title='bbox 2378 654 2748 713; x_wconf 62' lang='lat' dir='ltr'><strong>mater-salim</strong></span> 
     </span>
     <span class='ocr_line' id='line_1_5' title="bbox 333 736 2743 870; baseline 0.001 -80"><span class='ocrx_word' id='word_1_43' title='bbox 333 741 622 870; x_wconf 56' lang='lat' dir='ltr'><strong>gentienus</strong></span> <span class='ocrx_word' id='word_1_44' title='bbox 648 742 739 793; x_wconf 89' lang='lat' dir='ltr'><strong>est</strong></span> <span class='ocrx_word' id='word_1_45' title='bbox 765 755 928 814; x_wconf 89' lang='lat' dir='ltr'><strong>opus,</strong></span> <span class='ocrx_word' id='word_1_46' title='bbox 959 736 1063 795; x_wconf 90' lang='lat' dir='ltr'><strong>sed</strong></span> <span class='ocrx_word' id='word_1_47' title='bbox 1090 736 1586 796; x_wconf 62' lang='lat' dir='ltr'><strong>immmeraditer</strong></span> <span class='ocrx_word' id='word_1_48' title='bbox 1610 745 1897 814; x_wconf 90' lang='lat' dir='ltr'><strong>quatenus</strong></span> <span class='ocrx_word' id='word_1_49' title='bbox 1923 755 1987 796; x_wconf 89' lang='lat' dir='ltr'><strong>se</strong></span> <span class='ocrx_word' id='word_1_50' title='bbox 2014 737 2192 798; x_wconf 89' lang='lat' dir='ltr'><strong>habet</strong></span> <span class='ocrx_word' id='word_1_51' title='bbox 2216 743 2284 796; x_wconf 92' lang='lat' dir='ltr'><strong>ut</strong></span> <span class='ocrx_word' id='word_1_52' title='bbox 2309 752 2514 793; x_wconf 88' lang='lat' dir='ltr'><strong>manus</strong></span> <span class='ocrx_word' id='word_1_53' title='bbox 2542 753 2743 812; x_wconf 84' lang='lat' dir='ltr'><strong>appre-</strong></span> 
     </span>
     <span class='ocr_line' id='line_1_6' title="bbox 377 828 2643 875; baseline 0.002 -4"><span class='ocrx_word' id='word_1_54' title='bbox 377 832 449 871; x_wconf 89' lang='lat' dir='ltr'><strong>en</strong></span> <span class='ocrx_word' id='word_1_55' title='bbox 490 828 611 873; x_wconf 84' lang='lat' dir='ltr'><strong>ens.</strong></span> <span class='ocrx_word' id='word_1_56' title='bbox 2630 863 2643 875; x_wconf 90' lang='lat'><strong>.</strong></span> 
     </span>
    </p>

    <p class='ocr_par' dir='ltr' id='par_1_3' title="bbox 332 891 2743 1691">
     <span class='ocr_line' id='line_1_7' title="bbox 415 891 2738 975; baseline 0.001 -26"><span class='ocrx_word' id='word_1_57' title='bbox 415 891 571 951; x_wconf 92' lang='lat' dir='ltr'>XII.</span> <span class='ocrx_word' id='word_1_58' title='bbox 615 893 796 953; x_wconf 86' lang='lat' dir='ltr'><strong>Fides</strong></span> <span class='ocrx_word' id='word_1_59' title='bbox 821 902 1015 954; x_wconf 87' lang='lat' dir='ltr'><strong>autem</strong></span> <span class='ocrx_word' id='word_1_60' title='bbox 1041 895 1104 954; x_wconf 89' lang='lat' dir='ltr'><strong>in</strong></span> <span class='ocrx_word' id='word_1_61' title='bbox 1131 896 1243 955; x_wconf 88' lang='lat' dir='ltr'><strong>isto</strong></span> <span class='ocrx_word' id='word_1_62' title='bbox 1270 896 1484 957; x_wconf 88' lang='lat' dir='ltr'><strong>foedere</strong></span> <span class='ocrx_word' id='word_1_63' title='bbox 1512 896 1822 975; x_wconf 88' lang='lat' dir='ltr'><strong>opponitur</strong></span> <span class='ocrx_word' id='word_1_64' title='bbox 1850 896 1963 975; x_wconf 87' lang='lat' dir='ltr'><strong>ipsi</strong></span> <span class='ocrx_word' id='word_1_65' title='bbox 1984 895 2230 975; x_wconf 76' lang='lat' dir='ltr'><strong>justitias</strong></span> <span class='ocrx_word' id='word_1_66' title='bbox 2257 914 2359 955; x_wconf 89' lang='lat' dir='ltr'><strong>seu</strong></span> <span class='ocrx_word' id='word_1_67' title='bbox 2377 892 2738 968; x_wconf 75' lang='lat' dir='ltr'><strong>obedieutiae,</strong></span> 
     </span>
     <span class='ocr_line' id='line_1_8' title="bbox 332 972 2740 1052; baseline 0 -23"><span class='ocrx_word' id='word_1_68' title='bbox 332 990 449 1030; x_wconf 92' lang='lat' dir='ltr'><strong>non</strong></span> <span class='ocrx_word' id='word_1_69' title='bbox 479 972 627 1049; x_wconf 90' lang='lat' dir='ltr'><strong>ideo,</strong></span> <span class='ocrx_word' id='word_1_70' title='bbox 658 973 817 1051; x_wconf 90' lang='lat' dir='ltr'><strong>quod</strong></span> <span class='ocrx_word' id='word_1_71' title='bbox 845 983 1136 1052; x_wconf 79' lang='lat' dir='ltr'><strong>nequeant</strong></span> <span class='ocrx_word' id='word_1_72' title='bbox 1162 975 1335 1035; x_wconf 76' lang='lat' dir='ltr'><strong>simul</strong></span> <span class='ocrx_word' id='word_1_73' title='bbox 1375 976 1708 1052; x_wconf 71' lang='lat' dir='ltr'>subsistere,</span> <span class='ocrx_word' id='word_1_74' title='bbox 1739 995 1870 1035; x_wconf 91' lang='lat' dir='ltr'><strong>cum</strong></span> <span class='ocrx_word' id='word_1_75' title='bbox 1912 996 1981 1036; x_wconf 91' lang='lat' dir='ltr'><strong>ea</strong></span> <span class='ocrx_word' id='word_1_76' title='bbox 2021 975 2254 1035; x_wconf 89' lang='lat' dir='ltr'><strong>demum</strong></span> <span class='ocrx_word' id='word_1_77' title='bbox 2295 975 2373 1034; x_wconf 90' lang='lat' dir='ltr'><strong>sit</strong></span> <span class='ocrx_word' id='word_1_78' title='bbox 2399 993 2538 1032; x_wconf 87' lang='lat' dir='ltr'><strong>vera</strong></span> <span class='ocrx_word' id='word_1_79' title='bbox 2576 972 2740 1049; x_wconf 88' lang='lat' dir='ltr'><strong>fides,</strong></span> 
     </span>
     <span class='ocr_line' id='line_1_9' title="bbox 334 1053 2743 1133; baseline 0.001 -24"><span class='ocrx_word' id='word_1_80' title='bbox 334 1070 464 1127; x_wconf 74' lang='lat' dir='ltr'><strong>quae</strong></span> <span class='ocrx_word' id='word_1_81' title='bbox 511 1072 615 1129; x_wconf 87' lang='lat' dir='ltr'><strong>per</strong></span> <span class='ocrx_word' id='word_1_82' title='bbox 661 1054 1001 1114; x_wconf 85' lang='lat' dir='ltr'><strong>charitatem</strong></span> <span class='ocrx_word' id='word_1_83' title='bbox 1048 1056 1175 1115; x_wconf 86' lang='lat' dir='ltr'><strong>sive</strong></span> <span class='ocrx_word' id='word_1_84' title='bbox 1219 1055 1606 1116; x_wconf 79' lang='lat' dir='ltr'><strong>obedientiam</strong></span> <span class='ocrx_word' id='word_1_85' title='bbox 1654 1063 1745 1116; x_wconf 89' lang='lat' dir='ltr'><strong>est</strong></span> <span class='ocrx_word' id='word_1_86' title='bbox 1779 1055 1985 1115; x_wconf 87' lang='lat' dir='ltr'><strong>efficax</strong></span> <span class='ocrx_word' id='word_1_87' title='bbox 2009 1077 2024 1117; x_wconf 73' lang='lat' dir='ltr'>z</span> <span class='ocrx_word' id='word_1_88' title='bbox 2091 1055 2209 1115; x_wconf 89' lang='lat' dir='ltr'><strong>Sed</strong></span> <span class='ocrx_word' id='word_1_89' title='bbox 2251 1053 2409 1133; x_wconf 88' lang='lat' dir='ltr'><strong>quod</strong></span> <span class='ocrx_word' id='word_1_90' title='bbox 2452 1061 2743 1130; x_wconf 73' lang='lat' dir='ltr'><strong>nequeant</strong></span> 
     </span>
     <span class='ocr_line' id='line_1_10' title="bbox 336 1130 2738 1214; baseline 0.001 -25"><span class='ocrx_word' id='word_1_91' title='bbox 336 1130 510 1189; x_wconf 88' lang='lat' dir='ltr'><strong>simul</strong></span> <span class='ocrx_word' id='word_1_92' title='bbox 537 1151 600 1191; x_wconf 90' lang='lat' dir='ltr'><strong>se</strong></span> <span class='ocrx_word' id='word_1_93' title='bbox 627 1133 840 1193; x_wconf 88' lang='lat' dir='ltr'><strong>habere</strong></span> <span class='ocrx_word' id='word_1_94' title='bbox 867 1136 1188 1210; x_wconf 68' lang='lat' dir='ltr'><strong>causaliter,</strong></span> <span class='ocrx_word' id='word_1_95' title='bbox 1219 1155 1351 1194; x_wconf 88' lang='lat' dir='ltr'><strong>cum</strong></span> <span class='ocrx_word' id='word_1_96' title='bbox 1377 1136 1679 1214; x_wconf 89' lang='lat' dir='ltr'><strong>utriusque</strong></span> <span class='ocrx_word' id='word_1_97' title='bbox 1707 1135 2016 1195; x_wconf 84' lang='lat' dir='ltr'><strong>causalitas</strong></span> <span class='ocrx_word' id='word_1_98' title='bbox 2042 1143 2168 1196; x_wconf 85' lang='lat' dir='ltr'><strong>tota</strong></span> <span class='ocrx_word' id='word_1_99' title='bbox 2195 1134 2387 1212; x_wconf 88' lang='lat' dir='ltr'><strong>specie</strong></span> <span class='ocrx_word' id='word_1_100' title='bbox 2415 1132 2738 1210; x_wconf 83' lang='lat' dir='ltr'><strong>distingua-</strong></span> 
     </span>
     <span class='ocr_line' id='line_1_11' title="bbox 335 1212 2738 1309; baseline 0.002 -41"><span class='ocrx_word' id='word_1_101' title='bbox 335 1218 445 1286; x_wconf 89' lang='lat' dir='ltr'><strong>tur,</strong></span> <span class='ocrx_word' id='word_1_102' title='bbox 476 1231 593 1270; x_wconf 91' lang='lat' dir='ltr'><strong>una</strong></span> <span class='ocrx_word' id='word_1_103' title='bbox 618 1213 912 1273; x_wconf 87' lang='lat' dir='ltr'><strong>meritoria</strong></span> <span class='ocrx_word' id='word_1_104' title='bbox 938 1223 998 1274; x_wconf 88' lang='lat' dir='ltr'><strong>et</strong></span> <span class='ocrx_word' id='word_1_105' title='bbox 1024 1215 1375 1294; x_wconf 87' lang='lat' dir='ltr'><strong>principalis,</strong></span> <span class='ocrx_word' id='word_1_106' title='bbox 1406 1217 1589 1276; x_wconf 88' lang='lat' dir='ltr'><strong>altera</strong></span> <span class='ocrx_word' id='word_1_107' title='bbox 1617 1215 1890 1309; x_wconf 70' lang='lat' dir='ltr'><strong>organica</strong></span> <span class='ocrx_word' id='word_1_108' title='bbox 1915 1223 2139 1275; x_wconf 87' lang='lat' dir='ltr'><strong>tantum</strong></span> <span class='ocrx_word' id='word_1_109' title='bbox 2169 1223 2229 1274; x_wconf 89' lang='lat' dir='ltr'><strong>et</strong></span> <span class='ocrx_word' id='word_1_110' title='bbox 2264 1212 2738 1274; x_wconf 72' lang='lat' dir='ltr'><strong>instrumentalis.</strong></span> 
     </span>
     <span class='ocr_line' id='line_1_12' title="bbox 334 1290 2737 1374; baseline 0 -25"><span class='ocrx_word' id='word_1_111' title='bbox 334 1290 379 1350; x_wconf 86' lang='lat' dir='ltr'>J</span> <span class='ocrx_word' id='word_1_112' title='bbox 379 1291 581 1350; x_wconf 87' lang='lat' dir='ltr'><strong>ustitia</strong></span> <span class='ocrx_word' id='word_1_113' title='bbox 607 1293 723 1369; x_wconf 89' lang='lat' dir='ltr'><strong>dat,</strong></span> <span class='ocrx_word' id='word_1_114' title='bbox 755 1293 937 1353; x_wconf 85' lang='lat' dir='ltr'><strong>Fides</strong></span> <span class='ocrx_word' id='word_1_115' title='bbox 976 1295 1223 1374; x_wconf 89' lang='lat' dir='ltr'><strong>aecipit;</strong></span> <span class='ocrx_word' id='word_1_116' title='bbox 1280 1295 1325 1356; x_wconf 83' lang='lat' dir='ltr'><strong>J</strong></span> <span class='ocrx_word' id='word_1_117' title='bbox 1327 1295 1526 1355; x_wconf 87' lang='lat' dir='ltr'><strong>ustitia</strong></span> <span class='ocrx_word' id='word_1_118' title='bbox 1566 1304 1657 1355; x_wconf 88' lang='lat' dir='ltr'><strong>est</strong></span> <span class='ocrx_word' id='word_1_119' title='bbox 1696 1316 1757 1354; x_wconf 90' lang='grc' dir='ltr'><strong>ιιι</strong></span> <span class='ocrx_word' id='word_1_120' title='bbox 1799 1303 2000 1355; x_wconf 90' lang='lat' dir='ltr'><strong>mutuo</strong></span> <span class='ocrx_word' id='word_1_121' title='bbox 2042 1314 2236 1355; x_wconf 88' lang='lat' dir='ltr'><strong>amore</strong></span> <span class='ocrx_word' id='word_1_122' title='bbox 2280 1293 2410 1370; x_wconf 88' lang='lat' dir='ltr'><strong>Dei,</strong></span> <span class='ocrx_word' id='word_1_123' title='bbox 2454 1292 2635 1353; x_wconf 85' lang='lat' dir='ltr'><strong>Fides</strong></span> <span class='ocrx_word' id='word_1_124' title='bbox 2675 1293 2737 1350; x_wconf 91' lang='lat' dir='ltr'><strong>in</strong></span> 
     </span>
     <span class='ocr_line' id='line_1_13' title="bbox 334 1372 2738 1453; baseline 0.001 -24"><span class='ocrx_word' id='word_1_125' title='bbox 334 1372 707 1447; x_wconf 79' lang='lat' dir='ltr'><strong>persuasione</strong></span> <span class='ocrx_word' id='word_1_126' title='bbox 748 1373 821 1434; x_wconf 87' lang='lat' dir='ltr'><strong>de</strong></span> <span class='ocrx_word' id='word_1_127' title='bbox 864 1373 1084 1436; x_wconf 88' lang='lat' dir='ltr'><strong>Amore</strong></span> <span class='ocrx_word' id='word_1_128' title='bbox 1129 1375 1258 1435; x_wconf 89' lang='lat' dir='ltr'><strong>Dei.</strong></span> <span class='ocrx_word' id='word_1_129' title='bbox 1344 1374 1517 1435; x_wconf 87' lang='lat' dir='ltr'><strong>Unde</strong></span> <span class='ocrx_word' id='word_1_130' title='bbox 1559 1374 1717 1453; x_wconf 87' lang='lat' dir='ltr'><strong>quod</strong></span> <span class='ocrx_word' id='word_1_131' title='bbox 1763 1375 1866 1434; x_wconf 88' lang='lat' dir='ltr'><strong>uni</strong></span> <span class='ocrx_word' id='word_1_132' title='bbox 1906 1375 2195 1451; x_wconf 84' lang='lat' dir='ltr'><strong>adimitur,</strong></span> <span class='ocrx_word' id='word_1_133' title='bbox 2240 1374 2513 1434; x_wconf 85' lang='lat' dir='ltr'><strong>tribuitur</strong></span> <span class='ocrx_word' id='word_1_134' title='bbox 2552 1372 2738 1448; x_wconf 88' lang='lat' dir='ltr'><strong>alteri,</strong></span> 
     </span>
     <span class='ocr_line' id='line_1_14' title="bbox 334 1450 2741 1533; baseline 0.001 -25"><span class='ocrx_word' id='word_1_135' title='bbox 334 1470 450 1509; x_wconf 92' lang='lat' dir='ltr'><strong>non</strong></span> <span class='ocrx_word' id='word_1_136' title='bbox 477 1452 699 1512; x_wconf 88' lang='lat' dir='ltr'><strong>ratione</strong></span> <span class='ocrx_word' id='word_1_137' title='bbox 726 1454 987 1532; x_wconf 87' lang='lat' dir='ltr'><strong>ejusdem</strong></span> <span class='ocrx_word' id='word_1_138' title='bbox 1015 1454 1388 1531; x_wconf 88' lang='lat' dir='ltr'><strong>causalitatis,</strong></span> <span class='ocrx_word' id='word_1_139' title='bbox 1414 1455 1517 1514; x_wconf 86' lang='lat' dir='ltr'><strong>sed</strong></span> <span class='ocrx_word' id='word_1_140' title='bbox 1544 1455 1767 1515; x_wconf 89' lang='lat' dir='ltr'><strong>ratione</strong></span> <span class='ocrx_word' id='word_1_141' title='bbox 1794 1453 2051 1531; x_wconf 83' lang='lat' dir='ltr'><strong>effeetus,</strong></span> <span class='ocrx_word' id='word_1_142' title='bbox 2083 1455 2220 1533; x_wconf 87' lang='lat' dir='ltr'><strong>quia</strong></span> <span class='ocrx_word' id='word_1_143' title='bbox 2244 1453 2392 1513; x_wconf 87' lang='lat' dir='ltr'><strong>fides</strong></span> <span class='ocrx_word' id='word_1_144' title='bbox 2434 1451 2497 1511; x_wconf 89' lang='lat' dir='ltr'><strong>in</strong></span> <span class='ocrx_word' id='word_1_145' title='bbox 2523 1450 2741 1511; x_wconf 83' lang='lat' dir='ltr'><strong>foedere</strong></span> 
     </span>
     <span class='ocr_line' id='line_1_15' title="bbox 334 1531 2737 1613; baseline 0.001 -24"><span class='ocrx_word' id='word_1_146' title='bbox 334 1531 537 1608; x_wconf 78' lang='lat' dir='ltr'><strong>gratiss</strong></span> <span class='ocrx_word' id='word_1_147' title='bbox 565 1531 735 1592; x_wconf 90' lang='lat' dir='ltr'><strong>nobis</strong></span> <span class='ocrx_word' id='word_1_148' title='bbox 762 1541 852 1594; x_wconf 88' lang='lat' dir='ltr'><strong>est</strong></span> <span class='ocrx_word' id='word_1_149' title='bbox 876 1535 1007 1594; x_wconf 89' lang='lat' dir='ltr'><strong>loeo</strong></span> <span class='ocrx_word' id='word_1_150' title='bbox 1034 1555 1288 1613; x_wconf 89' lang='lat' dir='ltr'><strong>operum,</strong></span> <span class='ocrx_word' id='word_1_151' title='bbox 1319 1533 1398 1594; x_wconf 90' lang='lat' dir='ltr'><strong>id.</strong></span> <span class='ocrx_word' id='word_1_152' title='bbox 1428 1534 1652 1595; x_wconf 89' lang='lat' dir='ltr'><strong>obtinet</strong></span> <span class='ocrx_word' id='word_1_153' title='bbox 1678 1535 1864 1611; x_wconf 87' lang='lat' dir='ltr'><strong>nobis,</strong></span> <span class='ocrx_word' id='word_1_154' title='bbox 1893 1534 2033 1596; x_wconf 89' lang='lat' dir='ltr'><strong>licet</strong></span> <span class='ocrx_word' id='word_1_155' title='bbox 2058 1536 2119 1594; x_wconf 90' lang='lat' dir='ltr'><strong>in</strong></span> <span class='ocrx_word' id='word_1_156' title='bbox 2160 1534 2394 1594; x_wconf 78' lang='lat' dir='ltr'><strong>diverso</strong></span> <span class='ocrx_word' id='word_1_157' title='bbox 2421 1552 2609 1593; x_wconf 77' lang='lat' dir='ltr'><strong>causae</strong></span> <span class='ocrx_word' id='word_1_158' title='bbox 2637 1552 2737 1610; x_wconf 84' lang='lat' dir='ltr'><strong>ge·</strong></span> 
     </span>
     <span class='ocr_line' id='line_1_16' title="bbox 334 1612 2052 1691; baseline 0.003 -23"><span class='ocrx_word' id='word_1_159' title='bbox 334 1630 487 1686; x_wconf 87' lang='lat' dir='ltr'><strong>nere,</strong></span> <span class='ocrx_word' id='word_1_160' title='bbox 518 1612 677 1689; x_wconf 89' lang='lat' dir='ltr'><strong>quod</strong></span> <span class='ocrx_word' id='word_1_161' title='bbox 704 1631 880 1691; x_wconf 90' lang='lat' dir='ltr'><strong>opera</strong></span> <span class='ocrx_word' id='word_1_162' title='bbox 906 1615 1242 1675; x_wconf 85' lang='lat' dir='ltr'><strong>debuissent</strong></span> <span class='ocrx_word' id='word_1_163' title='bbox 1268 1615 1456 1675; x_wconf 83' lang='lat' dir='ltr'><strong>facere</strong></span> <span class='ocrx_word' id='word_1_164' title='bbox 1482 1615 1544 1673; x_wconf 91' lang='lat' dir='ltr'><strong>in</strong></span> <span class='ocrx_word' id='word_1_165' title='bbox 1570 1614 1787 1675; x_wconf 77' lang='lat' dir='ltr'><strong>foedere</strong></span> <span class='ocrx_word' id='word_1_166' title='bbox 1814 1623 2052 1674; x_wconf 76' lang='lat' dir='ltr'><strong>naturae.</strong></span> 
     </span>
    </p>

    <p class='ocr_par' dir='ltr' id='par_1_4' title="bbox 309 1691 2753 4734">
     <span class='ocr_line' id='line_1_17' title="bbox 417 1691 2735 1772; baseline 0.001 -24"><span class='ocrx_word' id='word_1_167' title='bbox 417 1691 606 1751; x_wconf 86' lang='lat' dir='ltr'><strong>XIII.</strong></span> <span class='ocrx_word' id='word_1_168' title='bbox 653 1692 737 1752; x_wconf 91' lang='lat' dir='ltr'><strong>Ut</strong></span> <span class='ocrx_word' id='word_1_169' title='bbox 772 1714 913 1753; x_wconf 79' lang='lat' dir='ltr'><strong>vero</strong></span> <span class='ocrx_word' id='word_1_170' title='bbox 960 1694 1204 1755; x_wconf 87' lang='lat' dir='ltr'><strong>ulterius</strong></span> <span class='ocrx_word' id='word_1_171' title='bbox 1245 1704 1644 1772; x_wconf 82' lang='lat' dir='ltr'><strong>cognoscatur,</strong></span> <span class='ocrx_word' id='word_1_172' title='bbox 1690 1695 1993 1771; x_wconf 88' lang='lat' dir='ltr'><strong>Quomodo</strong></span> <span class='ocrx_word' id='word_1_173' title='bbox 2031 1694 2179 1755; x_wconf 87' lang='lat' dir='ltr'><strong>fides</strong></span> <span class='ocrx_word' id='word_1_174' title='bbox 2218 1693 2499 1754; x_wconf 87' lang='lat' dir='ltr'><strong>rationem</strong></span> <span class='ocrx_word' id='word_1_175' title='bbox 2537 1692 2735 1751; x_wconf 90' lang='lat' dir='ltr'><strong>condi-</strong></span> 
     </span>
     <span class='ocr_line' id='line_1_18' title="bbox 333 1769 2735 1852; baseline 0 -22"><span class='ocrx_word' id='word_1_176' title='bbox 333 1769 509 1830; x_wconf 81' lang='lat' dir='ltr'><strong>tionis</strong></span> <span class='ocrx_word' id='word_1_177' title='bbox 535 1771 747 1833; x_wconf 88' lang='lat' dir='ltr'><strong>habeat</strong></span> <span class='ocrx_word' id='word_1_178' title='bbox 772 1774 833 1832; x_wconf 91' lang='lat' dir='ltr'><strong>in</strong></span> <span class='ocrx_word' id='word_1_179' title='bbox 860 1775 972 1834; x_wconf 87' lang='lat' dir='ltr'><strong>hoe</strong></span> <span class='ocrx_word' id='word_1_180' title='bbox 1000 1774 1251 1851; x_wconf 82' lang='lat' dir='ltr'><strong>foedere3</strong></span> <span class='ocrx_word' id='word_1_181' title='bbox 1300 1775 1614 1835; x_wconf 84' lang='lat' dir='ltr'><strong>Sciendum</strong></span> <span class='ocrx_word' id='word_1_182' title='bbox 1654 1774 1828 1834; x_wconf 86' lang='lat' dir='ltr'><strong>fldem</strong></span> <span class='ocrx_word' id='word_1_183' title='bbox 1869 1775 1981 1834; x_wconf 89' lang='lat' dir='ltr'><strong>hoe</strong></span> <span class='ocrx_word' id='word_1_184' title='bbox 2020 1795 2138 1834; x_wconf 92' lang='lat' dir='ltr'><strong>non</strong></span> <span class='ocrx_word' id='word_1_185' title='bbox 2178 1781 2452 1852; x_wconf 74' lang='lat' dir='ltr'><strong>praestare</strong></span> <span class='ocrx_word' id='word_1_186' title='bbox 2492 1771 2606 1830; x_wconf 90' lang='lat' dir='ltr'><strong>nisi</strong></span> <span class='ocrx_word' id='word_1_187' title='bbox 2646 1792 2735 1831; x_wconf 90' lang='lat' dir='ltr'><strong>re·</strong></span> 
     </span>
     <span class='ocr_line' id='line_1_19' title="bbox 332 1849 2739 1933; baseline 0 -24"><span class='ocrx_word' id='word_1_188' title='bbox 332 1849 450 1910; x_wconf 84' lang='lat' dir='ltr'><strong>late</strong></span> <span class='ocrx_word' id='word_1_189' title='bbox 476 1851 551 1910; x_wconf 86' lang='lat' dir='ltr'><strong>ad</strong></span> <span class='ocrx_word' id='word_1_190' title='bbox 581 1852 890 1930; x_wconf 85' lang='lat' dir='ltr'><strong>Christum,</strong></span> <span class='ocrx_word' id='word_1_191' title='bbox 922 1864 1207 1933; x_wconf 88' lang='lat' dir='ltr'><strong>quatenus</strong></span> <span class='ocrx_word' id='word_1_192' title='bbox 1248 1862 1339 1913; x_wconf 87' lang='lat' dir='ltr'><strong>est</strong></span> <span class='ocrx_word' id='word_1_193' title='bbox 1377 1854 1632 1916; x_wconf 83' lang='lat' dir='ltr'><strong>medium</strong></span> <span class='ocrx_word' id='word_1_194' title='bbox 1673 1864 1733 1915; x_wconf 90' lang='lat' dir='ltr'><strong>et</strong></span> <span class='ocrx_word' id='word_1_195' title='bbox 1772 1855 2216 1914; x_wconf 78' lang='lat' dir='ltr'><strong>instrumentum</strong></span> <span class='ocrx_word' id='word_1_196' title='bbox 2256 1862 2468 1912; x_wconf 81' lang='lat' dir='ltr'><strong>nostrae</strong></span> <span class='ocrx_word' id='word_1_197' title='bbox 2507 1851 2739 1912; x_wconf 88' lang='lat' dir='ltr'><strong>unionis</strong></span> 
     </span>
     <span class='ocr_line' id='line_1_20' title="bbox 333 1931 2739 2012; baseline 0 -23"><span class='ocrx_word' id='word_1_198' title='bbox 333 1950 465 1989; x_wconf 91' lang='lat' dir='ltr'><strong>cum</strong></span> <span class='ocrx_word' id='word_1_199' title='bbox 493 1931 741 2012; x_wconf 88' lang='lat' dir='ltr'><strong>Christo,</strong></span> <span class='ocrx_word' id='word_1_200' title='bbox 773 1934 931 2012; x_wconf 90' lang='lat' dir='ltr'><strong>quod</strong></span> <span class='ocrx_word' id='word_1_201' title='bbox 957 1935 1126 1994; x_wconf 89' lang='lat' dir='ltr'><strong>nobis</strong></span> <span class='ocrx_word' id='word_1_202' title='bbox 1166 1955 1298 1994; x_wconf 90' lang='lat' dir='ltr'><strong>eum</strong></span> <span class='ocrx_word' id='word_1_203' title='bbox 1326 1935 1635 1995; x_wconf 83' lang='lat' dir='ltr'><strong>conciliat:</strong></span> <span class='ocrx_word' id='word_1_204' title='bbox 1684 1937 1720 1968; x_wconf 93' lang='lat'><strong>“</strong></span> <span class='ocrx_word' id='word_1_205' title='bbox 1748 1934 1998 1994; x_wconf 88' lang='lat' dir='ltr'><strong>ascendo</strong></span> <span class='ocrx_word' id='word_1_206' title='bbox 2046 1934 2122 1994; x_wconf 89' lang='lat' dir='ltr'><strong>ad</strong></span> <span class='ocrx_word' id='word_1_207' title='bbox 2168 1932 2400 1993; x_wconf 87' lang='lat' dir='ltr'><strong>Patrem</strong></span> <span class='ocrx_word' id='word_1_208' title='bbox 2444 1950 2634 1992; x_wconf 89' lang='lat' dir='ltr'><strong>meum</strong></span> <span class='ocrx_word' id='word_1_209' title='bbox 2680 1939 2739 1991; x_wconf 88' lang='lat' dir='ltr'><strong>et</strong></span> 
     </span>
     <span class='ocr_line' id='line_1_21' title="bbox 336 2010 2733 2091; baseline 0.001 -22"><span class='ocrx_word' id='word_1_210' title='bbox 336 2010 569 2071; x_wconf 89' lang='lat' dir='ltr'><strong>Patrem</strong></span> <span class='ocrx_word' id='word_1_211' title='bbox 612 2021 888 2091; x_wconf 81' lang='lat' dir='ltr'><strong>vestrum,</strong></span> <span class='ocrx_word' id='word_1_212' title='bbox 929 2015 1004 2074; x_wconf 91' lang='lat' dir='ltr'><strong>ad</strong></span> <span class='ocrx_word' id='word_1_213' title='bbox 1051 2016 1240 2074; x_wconf 88' lang='lat' dir='ltr'><strong>Deum</strong></span> <span class='ocrx_word' id='word_1_214' title='bbox 1281 2017 1573 2086; x_wconf 71' lang='lat' dir='ltr'><strong>meum&#39;et</strong></span> <span class='ocrx_word' id='word_1_215' title='bbox 1616 2015 1806 2075; x_wconf 88' lang='lat' dir='ltr'><strong>Deum</strong></span> <span class='ocrx_word' id='word_1_216' title='bbox 1846 2015 2164 2091; x_wconf 86' lang='lat' dir='ltr'><strong>vestrum,&#39;&#39;</strong></span> <span class='ocrx_word' id='word_1_217' title='bbox 2203 2013 2460 2074; x_wconf 83' lang='lat' dir='ltr'><strong>Johann.</strong></span> <span class='ocrx_word' id='word_1_218' title='bbox 2502 2032 2606 2077; x_wconf 73' lang='lat' dir='ltr'><strong>xx.</strong></span> <span class='ocrx_word' id='word_1_219' title='bbox 2641 2014 2733 2072; x_wconf 87' lang='grc'><strong>17.</strong></span> 
     </span>
     <span class='ocr_line' id='line_1_22' title="bbox 335 2090 2739 2174; baseline 0.002 -26"><span class='ocrx_word' id='word_1_220' title='bbox 335 2090 430 2150; x_wconf 86' lang='lat' dir='ltr'><strong>Ita</strong></span> <span class='ocrx_word' id='word_1_221' title='bbox 454 2111 571 2151; x_wconf 89' lang='lat' dir='ltr'><strong>non</strong></span> <span class='ocrx_word' id='word_1_222' title='bbox 600 2112 907 2170; x_wconf 90' lang='lat' dir='ltr'><strong>possumus</strong></span> <span class='ocrx_word' id='word_1_223' title='bbox 944 2094 1123 2174; x_wconf 88' lang='lat' dir='ltr'><strong>recipi</strong></span> <span class='ocrx_word' id='word_1_224' title='bbox 1159 2094 1222 2153; x_wconf 90' lang='lat' dir='ltr'><strong>in</strong></span> <span class='ocrx_word' id='word_1_225' title='bbox 1265 2094 1455 2155; x_wconf 83' lang='lat' dir='ltr'><strong>foedus</strong></span> <span class='ocrx_word' id='word_1_226' title='bbox 1483 2094 1615 2171; x_wconf 88' lang='lat' dir='ltr'><strong>Dei,</strong></span> <span class='ocrx_word' id='word_1_227' title='bbox 1644 2095 1758 2154; x_wconf 90' lang='lat' dir='ltr'><strong>uisi</strong></span> <span class='ocrx_word' id='word_1_228' title='bbox 1784 2103 2072 2172; x_wconf 86' lang='lat' dir='ltr'><strong>quatenus</strong></span> <span class='ocrx_word' id='word_1_229' title='bbox 2098 2093 2331 2154; x_wconf 90' lang='lat' dir='ltr'><strong>unimur</strong></span> <span class='ocrx_word' id='word_1_230' title='bbox 2358 2092 2605 2167; x_wconf 75' lang='lat' dir='ltr'><strong>Christo,</strong></span> <span class='ocrx_word' id='word_1_231' title='bbox 2635 2092 2739 2168; x_wconf 91' lang='lat' dir='ltr'><strong>qui</strong></span> 
     </span>
     <span class='ocr_line' id='line_1_23' title="bbox 331 2169 2736 2268; baseline 0 -38"><span class='ocrx_word' id='word_1_232' title='bbox 331 2169 768 2265; x_wconf 72' lang='lat' dir='ltr'><strong>fundamentum</strong></span> <span class='ocrx_word' id='word_1_233' title='bbox 812 2183 902 2234; x_wconf 88' lang='lat' dir='ltr'><strong>est</strong></span> <span class='ocrx_word' id='word_1_234' title='bbox 939 2172 1193 2251; x_wconf 83' lang='lat' dir='ltr'><strong>foederis,</strong></span> <span class='ocrx_word' id='word_1_235' title='bbox 1237 2183 1297 2234; x_wconf 90' lang='lat' dir='ltr'><strong>et</strong></span> <span class='ocrx_word' id='word_1_236' title='bbox 1339 2175 1637 2235; x_wconf 81' lang='lat' dir='ltr'><strong>vinculum</strong></span> <span class='ocrx_word' id='word_1_237' title='bbox 1684 2183 1897 2234; x_wconf 72' lang='lat' dir='ltr'><strong>nostrae</strong></span> <span class='ocrx_word' id='word_1_238' title='bbox 1945 2172 2364 2268; x_wconf 72' lang='lat' dir='ltr'><strong>communionis</strong></span> <span class='ocrx_word' id='word_1_239' title='bbox 2412 2192 2542 2232; x_wconf 89' lang='lat' dir='ltr'><strong>cum</strong></span> <span class='ocrx_word' id='word_1_240' title='bbox 2567 2172 2736 2266; x_wconf 69' lang='lat' dir='ltr'><strong>‚D‘?⁰·</strong></span> 
     </span>
     <span class='ocr_line' id='line_1_24' title="bbox 331 2250 2753 2413; baseline 0.002 -25"><span class='ocrx_word' id='word_1_241' title='bbox 331 2250 2753 2413; x_wconf 50' lang='lat' dir='ltr'><strong>fflnxss‘zfflffssffifffflzffi”ssffizrffi{3⁶2522⁸{¹3.5.¹‡13135.ff⁶²“‘53:³²⁶ss</strong></span> 
     </span>
     <span class='ocr_line' id='line_1_25' title="bbox 331 2412 2735 2489; baseline 0 -19"><span class='ocrx_word' id='word_1_242' title='bbox 331 2417 481 2486; x_wconf 83' lang='lat' dir='ltr'><strong>test3</strong></span> <span class='ocrx_word' id='word_1_243' title='bbox 530 2412 594 2471; x_wconf 89' lang='lat' dir='ltr'><strong>Si</strong></span> <span class='ocrx_word' id='word_1_244' title='bbox 621 2413 892 2474; x_wconf 88' lang='lat' dir='ltr'><strong>nimirum</strong></span> <span class='ocrx_word' id='word_1_245' title='bbox 918 2434 1171 2475; x_wconf 82' lang='lat' dir='ltr'><strong>amorem</strong></span> <span class='ocrx_word' id='word_1_246' title='bbox 1198 2414 1516 2474; x_wconf 84' lang='lat' dir='ltr'><strong>ferventem</strong></span> <span class='ocrx_word' id='word_1_247' title='bbox 1546 2413 1762 2473; x_wconf 87' lang='lat' dir='ltr'><strong>Christi</strong></span> <span class='ocrx_word' id='word_1_248' title='bbox 1789 2413 1850 2471; x_wconf 91' lang='lat' dir='ltr'><strong>in</strong></span> <span class='ocrx_word' id='word_1_249' title='bbox 1876 2413 2046 2473; x_wconf 90' lang='lat' dir='ltr'><strong>nobis</strong></span> <span class='ocrx_word' id='word_1_250' title='bbox 2073 2413 2307 2489; x_wconf 82' lang='lat' dir='ltr'><strong>excitat,</strong></span> <span class='ocrx_word' id='word_1_251' title='bbox 2400 2421 2519 2472; x_wconf 90' lang='lat' dir='ltr'><strong>ant.</strong></span> <span class='ocrx_word' id='word_1_252' title='bbox 2547 2432 2607 2472; x_wconf 79' lang='lat' dir='ltr'><strong>v,</strong></span> <span class='ocrx_word' id='word_1_253' title='bbox 2641 2414 2735 2487; x_wconf 92' lang='grc'>10,</span> 
     </span>
     <span class='ocr_line' id='line_1_26' title="bbox 339 2492 2733 2571; baseline 0.001 -22"><span class='ocrx_word' id='word_1_254' title='bbox 339 2492 430 2566; x_wconf 95' lang='grc'>16,</span> <span class='ocrx_word' id='word_1_255' title='bbox 465 2492 615 2551; x_wconf 88' lang='lat' dir='ltr'><strong>Phil.</strong></span> <span class='ocrx_word' id='word_1_256' title='bbox 646 2492 727 2553; x_wconf 91' lang='lat' dir='ltr'><strong>iii.</strong></span> <span class='ocrx_word' id='word_1_257' title='bbox 758 2496 814 2569; x_wconf 88' lang='lat'><strong>8,</strong></span> <span class='ocrx_word' id='word_1_258' title='bbox 844 2494 1061 2555; x_wconf 79' lang='lat' dir='ltr'><strong>Johan.</strong></span> <span class='ocrx_word' id='word_1_259' title='bbox 1091 2494 1130 2554; x_wconf 88' lang='lat' dir='ltr'><strong>i.</strong></span> <span class='ocrx_word' id='word_1_260' title='bbox 1166 2497 1258 2571; x_wconf 83' lang='lat'><strong>14,</strong></span> <span class='ocrx_word' id='word_1_261' title='bbox 1289 2502 1350 2553; x_wconf 90' lang='lat' dir='ltr'><strong>et</strong></span> <span class='ocrx_word' id='word_1_262' title='bbox 1381 2494 1506 2552; x_wconf 85' lang='lat' dir='ltr'><strong>xxi.</strong></span> <span class='ocrx_word' id='word_1_263' title='bbox 1540 2496 1633 2569; x_wconf 88' lang='lat'><strong>15,</strong></span> <span class='ocrx_word' id='word_1_264' title='bbox 1665 2502 1725 2553; x_wconf 92' lang='lat' dir='ltr'><strong>et</strong></span> <span class='ocrx_word' id='word_1_265' title='bbox 1750 2493 2088 2553; x_wconf 69' lang='lat' dir='ltr'><strong>desiderium</strong></span> <span class='ocrx_word' id='word_1_266' title='bbox 2126 2492 2336 2552; x_wconf 89' lang='lat' dir='ltr'><strong>ardens</strong></span> <span class='ocrx_word' id='word_1_267' title='bbox 2376 2512 2447 2552; x_wconf 90' lang='lat' dir='ltr'><strong>eo</strong></span> <span class='ocrx_word' id='word_1_268' title='bbox 2487 2492 2733 2568; x_wconf 83' lang='lat' dir='ltr'><strong>fruendi,</strong></span> 
     </span>
     <span class='ocr_line' id='line_1_27' title="bbox 333 2571 2737 2651; baseline 0 -22"><span class='ocrx_word' id='word_1_269' title='bbox 333 2571 547 2632; x_wconf 87' lang='lat' dir='ltr'><strong>Psalm.</strong></span> <span class='ocrx_word' id='word_1_270' title='bbox 576 2572 702 2632; x_wconf 89' lang='lat' dir='ltr'><strong>xlii.</strong></span> <span class='ocrx_word' id='word_1_271' title='bbox 736 2577 787 2650; x_wconf 93' lang='lat'><strong>1,</strong></span> <span class='ocrx_word' id='word_1_272' title='bbox 819 2582 878 2635; x_wconf 89' lang='lat' dir='ltr'><strong>et</strong></span> <span class='ocrx_word' id='word_1_273' title='bbox 902 2574 1135 2634; x_wconf 82' lang='lat' dir='ltr'><strong>lxxxiv.</strong></span> <span class='ocrx_word' id='word_1_274' title='bbox 1170 2578 1222 2650; x_wconf 90' lang='lat'><strong>1,</strong></span> <span class='ocrx_word' id='word_1_275' title='bbox 1253 2579 1310 2651; x_wconf 91' lang='grc'><strong>2,</strong></span> <span class='ocrx_word' id='word_1_276' title='bbox 1343 2574 1493 2633; x_wconf 89' lang='lat' dir='ltr'><strong>Phil.</strong></span> <span class='ocrx_word' id='word_1_277' title='bbox 1524 2572 1562 2636; x_wconf 88' lang='lat' dir='ltr'><strong>i.</strong></span> <span class='ocrx_word' id='word_1_278' title='bbox 1593 2576 1671 2634; x_wconf 89' lang='grc'>23</span> <span class='ocrx_word' id='word_1_279' title='bbox 1696 2595 1713 2651; x_wconf 85' lang='grc'><strong>;</strong></span> <span class='ocrx_word' id='word_1_280' title='bbox 1756 2581 1817 2633; x_wconf 93' lang='lat' dir='ltr'><strong>et</strong></span> <span class='ocrx_word' id='word_1_281' title='bbox 1840 2574 2252 2651; x_wconf 71' lang='lat' dir='ltr'><strong>separativum</strong></span> <span class='ocrx_word' id='word_1_282' title='bbox 2278 2592 2314 2633; x_wconf 88' lang='lat' dir='ltr'><strong>a</strong></span> <span class='ocrx_word' id='word_1_283' title='bbox 2339 2572 2514 2634; x_wconf 88' lang='lat' dir='ltr'><strong>rebus</strong></span> <span class='ocrx_word' id='word_1_284' title='bbox 2554 2573 2737 2633; x_wconf 90' lang='lat' dir='ltr'><strong>omni·</strong></span> 
     </span>
     <span class='ocr_line' id='line_1_28' title="bbox 329 2650 2735 2733; baseline 0 -22"><span class='ocrx_word' id='word_1_285' title='bbox 329 2650 441 2712; x_wconf 90' lang='lat' dir='ltr'><strong>bus</strong></span> <span class='ocrx_word' id='word_1_286' title='bbox 467 2653 711 2713; x_wconf 85' lang='lat' dir='ltr'><strong>terrenis</strong></span> <span class='ocrx_word' id='word_1_287' title='bbox 739 2663 799 2714; x_wconf 88' lang='lat' dir='ltr'><strong>et</strong></span> <span class='ocrx_word' id='word_1_288' title='bbox 825 2656 1170 2732; x_wconf 85' lang='lat' dir='ltr'><strong>carnalibus,</strong></span> <span class='ocrx_word' id='word_1_289' title='bbox 1199 2674 1330 2733; x_wconf 80' lang='lat' dir='ltr'><strong>quae</strong></span> <span class='ocrx_word' id='word_1_290' title='bbox 1357 2655 1631 2715; x_wconf 89' lang='lat' dir='ltr'><strong>unionem</strong></span> <span class='ocrx_word' id='word_1_291' title='bbox 1664 2662 1917 2714; x_wconf 86' lang='lat' dir='ltr'><strong>nostram</strong></span> <span class='ocrx_word' id='word_1_292' title='bbox 1962 2674 2095 2714; x_wconf 87' lang='lat' dir='ltr'><strong>eum</strong></span> <span class='ocrx_word' id='word_1_293' title='bbox 2124 2653 2356 2714; x_wconf 89' lang='lat' dir='ltr'><strong>Christo</strong></span> <span class='ocrx_word' id='word_1_294' title='bbox 2396 2653 2735 2732; x_wconf 89' lang='lat' dir='ltr'><strong>impediunt,</strong></span> 
     </span>
     <span class='ocr_line' id='line_1_29' title="bbox 331 2732 2731 2812; baseline -0 -21"><span class='ocrx_word' id='word_1_295' title='bbox 331 2732 520 2809; x_wconf 85' lang='lat' dir='ltr'><strong>qualis</strong></span> <span class='ocrx_word' id='word_1_296' title='bbox 547 2741 637 2792; x_wconf 90' lang='lat' dir='ltr'><strong>est</strong></span> <span class='ocrx_word' id='word_1_297' title='bbox 662 2754 829 2794; x_wconf 82' lang='lat' dir='ltr'><strong>amor</strong></span> <span class='ocrx_word' id='word_1_298' title='bbox 844 2736 1071 2812; x_wconf 79' lang='lat' dir='ltr'><strong>peccati</strong></span> <span class='ocrx_word' id='word_1_299' title='bbox 1094 2744 1153 2795; x_wconf 90' lang='lat' dir='ltr'><strong>et</strong></span> <span class='ocrx_word' id='word_1_300' title='bbox 1178 2736 1390 2810; x_wconf 75' lang='lat' dir='ltr'><strong>mundi,</strong></span> <span class='ocrx_word' id='word_1_301' title='bbox 1436 2734 1619 2794; x_wconf 87' lang='lat' dir='ltr'><strong>Hose.</strong></span> <span class='ocrx_word' id='word_1_302' title='bbox 1648 2735 1731 2795; x_wconf 81' lang='lat' dir='ltr'><strong>iv.</strong></span> <span class='ocrx_word' id='word_1_303' title='bbox 1775 2737 1830 2810; x_wconf 89' lang='lat'><strong>8,</strong></span> <span class='ocrx_word' id='word_1_304' title='bbox 1877 2734 2046 2793; x_wconf 86' lang='lat' dir='ltr'><strong>Rom.</strong></span> <span class='ocrx_word' id='word_1_305' title='bbox 2089 2734 2170 2794; x_wconf 85' lang='lat' dir='ltr'><strong>vi.</strong></span> <span class='ocrx_word' id='word_1_306' title='bbox 2213 2738 2270 2810; x_wconf 83' lang='lat'><strong>2,</strong></span> <span class='ocrx_word' id='word_1_307' title='bbox 2316 2735 2487 2793; x_wconf 80' lang='lat' dir='ltr'><strong>Matt.</strong></span> <span class='ocrx_word' id='word_1_308' title='bbox 2530 2753 2590 2792; x_wconf 86' lang='lat' dir='ltr'><strong>x.</strong></span> <span class='ocrx_word' id='word_1_309' title='bbox 2635 2736 2731 2810; x_wconf 80' lang='lat'><strong>37,</strong></span> 
     </span>
     <span class='ocr_line' id='line_1_30' title="bbox 336 2812 2739 2893; baseline 0 -23"><span class='ocrx_word' id='word_1_310' title='bbox 336 2814 367 2869; x_wconf 93' lang='lat'><strong>1</strong></span> <span class='ocrx_word' id='word_1_311' title='bbox 399 2812 539 2872; x_wconf 87' lang='lat' dir='ltr'><strong>Joh.</strong></span> <span class='ocrx_word' id='word_1_312' title='bbox 569 2812 630 2871; x_wconf 88' lang='lat' dir='ltr'><strong>ii.</strong></span> <span class='ocrx_word' id='word_1_313' title='bbox 664 2817 756 2890; x_wconf 87' lang='lat'><strong>15,</strong></span> <span class='ocrx_word' id='word_1_314' title='bbox 792 2818 883 2891; x_wconf 89' lang='grc'><strong>16,</strong></span> <span class='ocrx_word' id='word_1_315' title='bbox 913 2815 1082 2875; x_wconf 80' lang='lat' dir='ltr'><strong>JacO.</strong></span> <span class='ocrx_word' id='word_1_316' title='bbox 1112 2814 1192 2875; x_wconf 83' lang='lat' dir='ltr'><strong>iv.</strong></span> <span class='ocrx_word' id='word_1_317' title='bbox 1230 2819 1288 2892; x_wconf 82' lang='lat'><strong>4,</strong></span> <span class='ocrx_word' id='word_1_318' title='bbox 1329 2814 1511 2893; x_wconf 88' lang='lat' dir='ltr'><strong>(unde</strong></span> <span class='ocrx_word' id='word_1_319' title='bbox 1541 2815 1835 2875; x_wconf 86' lang='lat' dir='ltr'><strong>Mercator</strong></span> <span class='ocrx_word' id='word_1_320' title='bbox 1862 2814 2255 2893; x_wconf 84' lang='lat' dir='ltr'><strong>Evangelicus</strong></span> <span class='ocrx_word' id='word_1_321' title='bbox 2303 2814 2496 2873; x_wconf 88' lang='lat' dir='ltr'><strong>omnia</strong></span> <span class='ocrx_word' id='word_1_322' title='bbox 2535 2812 2739 2872; x_wconf 86' lang='lat' dir='ltr'><strong>vendit</strong></span> 
     </span>
     <span class='ocr_line' id='line_1_31' title="bbox 330 2893 2737 2973; baseline 0.001 -24"><span class='ocrx_word' id='word_1_323' title='bbox 330 2911 435 2969; x_wconf 89' lang='lat' dir='ltr'><strong>pro</strong></span> <span class='ocrx_word' id='word_1_324' title='bbox 462 2893 675 2952; x_wconf 91' lang='lat' dir='ltr'><strong>unione</strong></span> <span class='ocrx_word' id='word_1_325' title='bbox 704 2894 817 2953; x_wconf 89' lang='lat' dir='ltr'><strong>isto</strong></span> <span class='ocrx_word' id='word_1_326' title='bbox 843 2895 1287 2973; x_wconf 88' lang='lat' dir='ltr'><strong>preciosissimo,</strong></span> <span class='ocrx_word' id='word_1_327' title='bbox 1319 2896 1489 2955; x_wconf 86' lang='lat' dir='ltr'><strong>Matt.</strong></span> <span class='ocrx_word' id='word_1_328' title='bbox 1522 2895 1647 2954; x_wconf 87' lang='lat' dir='ltr'><strong>xiii.</strong></span> <span class='ocrx_word' id='word_1_329' title='bbox 1677 2897 1754 2955; x_wconf 88' lang='grc'><strong>46</strong></span> <span class='ocrx_word' id='word_1_330' title='bbox 1779 2916 1796 2971; x_wconf 76' lang='lat'>3</span> <span class='ocrx_word' id='word_1_331' title='bbox 1855 2895 2056 2954; x_wconf 87' lang='lat' dir='ltr'><strong>Moses</strong></span> <span class='ocrx_word' id='word_1_332' title='bbox 2085 2893 2372 2953; x_wconf 86' lang='lat' dir='ltr'><strong>thesauris</strong></span> <span class='ocrx_word' id='word_1_333' title='bbox 2405 2900 2465 2953; x_wconf 88' lang='lat' dir='ltr'><strong>et</strong></span> <span class='ocrx_word' id='word_1_334' title='bbox 2503 2893 2737 2952; x_wconf 89' lang='lat' dir='ltr'><strong>honori·</strong></span> 
     </span>
     <span class='ocr_line' id='line_1_32' title="bbox 336 2971 2739 3068; baseline 0 -38"><span class='ocrx_word' id='word_1_335' title='bbox 336 2971 446 3031; x_wconf 90' lang='lat' dir='ltr'><strong>bus</strong></span> <span class='ocrx_word' id='word_1_336' title='bbox 473 2973 849 3068; x_wconf 81' lang='lat' dir='ltr'><strong>AEgyptiacis</strong></span> <span class='ocrx_word' id='word_1_337' title='bbox 879 2976 1109 3052; x_wconf 76' lang='lat' dir='ltr'><strong>praefert</strong></span> <span class='ocrx_word' id='word_1_338' title='bbox 1135 2975 1509 3053; x_wconf 88' lang='lat' dir='ltr'><strong>opprobrium</strong></span> <span class='ocrx_word' id='word_1_339' title='bbox 1537 2974 1770 3050; x_wconf 86' lang='lat' dir='ltr'><strong>Christi,</strong></span> <span class='ocrx_word' id='word_1_340' title='bbox 1817 2973 2000 3033; x_wconf 88' lang='lat' dir='ltr'><strong>Hebr.</strong></span> <span class='ocrx_word' id='word_1_341' title='bbox 2030 2974 2114 3033; x_wconf 85' lang='lat' dir='ltr'><strong>xi.</strong></span> <span class='ocrx_word' id='word_1_342' title='bbox 2144 2976 2241 3049; x_wconf 95' lang='grc'><strong>25,</strong></span> <span class='ocrx_word' id='word_1_343' title='bbox 2273 2976 2350 3033; x_wconf 89' lang='grc'>26</span> <span class='ocrx_word' id='word_1_344' title='bbox 2374 2996 2390 3051; x_wconf 85' lang='grc'><strong>;</strong></span> <span class='ocrx_word' id='word_1_345' title='bbox 2450 2972 2739 3050; x_wconf 86' lang='lat' dir='ltr'><strong>Discipuli</strong></span> 
     </span>
     <span class='ocr_line' id='line_1_33' title="bbox 331 3052 2738 3132; baseline 0 -22"><span class='ocrx_word' id='word_1_346' title='bbox 331 3052 525 3112; x_wconf 88' lang='lat' dir='ltr'><strong>omnia</strong></span> <span class='ocrx_word' id='word_1_347' title='bbox 551 3053 899 3132; x_wconf 88' lang='lat' dir='ltr'><strong>rehnquunt,</strong></span> <span class='ocrx_word' id='word_1_348' title='bbox 938 3063 1004 3114; x_wconf 89' lang='lat' dir='ltr'><strong>ut</strong></span> <span class='ocrx_word' id='word_1_349' title='bbox 1033 3055 1325 3115; x_wconf 89' lang='lat' dir='ltr'><strong>Christum</strong></span> <span class='ocrx_word' id='word_1_350' title='bbox 1367 3063 1698 3132; x_wconf 85' lang='lat' dir='ltr'><strong>sequantur,</strong></span> <span class='ocrx_word' id='word_1_351' title='bbox 1744 3054 1957 3113; x_wconf 83' lang='lat' dir='ltr'><strong>Matth.</strong></span> <span class='ocrx_word' id='word_1_352' title='bbox 1987 3053 2113 3112; x_wconf 86' lang='lat' dir='ltr'><strong>xix.</strong></span> <span class='ocrx_word' id='word_1_353' title='bbox 2143 3057 2219 3112; x_wconf 87' lang='grc'>27</span> <span class='ocrx_word' id='word_1_354' title='bbox 2252 3053 2296 3132; x_wconf 84' lang='lat'><strong>;)</strong></span> <span class='ocrx_word' id='word_1_355' title='bbox 2362 3054 2738 3129; x_wconf 71' lang='lat' dir='ltr'><strong>Proemmptio</strong></span> 
     </span>
     <span class='ocr_line' id='line_1_34' title="bbox 329 3131 2737 3212; baseline 0 -22"><span class='ocrx_word' id='word_1_356' title='bbox 329 3132 573 3209; x_wconf 80' lang='lat' dir='ltr'><strong>propriae</strong></span> <span class='ocrx_word' id='word_1_357' title='bbox 592 3133 854 3211; x_wconf 69' lang='lat' dir='ltr'><strong>justitiae,</strong></span> <span class='ocrx_word' id='word_1_358' title='bbox 884 3135 1024 3212; x_wconf 88' lang='lat' dir='ltr'><strong>quia</strong></span> <span class='ocrx_word' id='word_1_359' title='bbox 1047 3137 1083 3168; x_wconf 79' lang='lat'><strong>‘⁴</strong></span> <span class='ocrx_word' id='word_1_360' title='bbox 1112 3133 1242 3193; x_wconf 87' lang='lat' dir='ltr'><strong>sani</strong></span> <span class='ocrx_word' id='word_1_361' title='bbox 1267 3153 1387 3194; x_wconf 90' lang='lat' dir='ltr'><strong>non</strong></span> <span class='ocrx_word' id='word_1_362' title='bbox 1413 3154 1560 3212; x_wconf 89' lang='lat' dir='ltr'><strong>opus</strong></span> <span class='ocrx_word' id='word_1_363' title='bbox 1586 3133 1805 3192; x_wconf 87' lang='lat' dir='ltr'><strong>habent</strong></span> <span class='ocrx_word' id='word_1_364' title='bbox 1832 3132 2075 3207; x_wconf 84' lang='lat' dir='ltr'><strong>medice,</strong></span> <span class='ocrx_word' id='word_1_365' title='bbox 2107 3131 2212 3191; x_wconf 90' lang='lat' dir='ltr'><strong>sed</strong></span> <span class='ocrx_word' id='word_1_366' title='bbox 2238 3132 2437 3208; x_wconf 77' lang='lat' dir='ltr'><strong>aegri,&#39;’</strong></span> <span class='ocrx_word' id='word_1_367' title='bbox 2462 3140 2521 3191; x_wconf 90' lang='lat' dir='ltr'><strong>et</strong></span> <span class='ocrx_word' id='word_1_368' title='bbox 2543 3131 2737 3191; x_wconf 88' lang='lat' dir='ltr'><strong>Chris-</strong></span> 
     </span>
     <span class='ocr_line' id='line_1_35' title="bbox 330 3211 2736 3293; baseline 0 -22"><span class='ocrx_word' id='word_1_369' title='bbox 330 3220 426 3271; x_wconf 86' lang='lat' dir='ltr'><strong>tus</strong></span> <span class='ocrx_word' id='word_1_370' title='bbox 456 3215 493 3245; x_wconf 88' lang='lat'>“</span> <span class='ocrx_word' id='word_1_371' title='bbox 521 3232 637 3272; x_wconf 92' lang='lat' dir='ltr'><strong>non</strong></span> <span class='ocrx_word' id='word_1_372' title='bbox 666 3214 827 3274; x_wconf 83' lang='lat' dir='ltr'><strong>venit</strong></span> <span class='ocrx_word' id='word_1_373' title='bbox 854 3234 1063 3274; x_wconf 79' lang='lat' dir='ltr'><strong>vocare</strong></span> <span class='ocrx_word' id='word_1_374' title='bbox 1082 3213 1293 3293; x_wconf 89' lang='lat' dir='ltr'><strong>justos,</strong></span> <span class='ocrx_word' id='word_1_375' title='bbox 1325 3212 1431 3273; x_wconf 88' lang='lat' dir='ltr'><strong>sed</strong></span> <span class='ocrx_word' id='word_1_376' title='bbox 1456 3221 1788 3291; x_wconf 87' lang='lat' dir='ltr'><strong>peccatores</strong></span> <span class='ocrx_word' id='word_1_377' title='bbox 1815 3211 2374 3289; x_wconf 55' lang='lat' dir='ltr'><strong>ad‘poenitentiamf’</strong></span> <span class='ocrx_word' id='word_1_378' title='bbox 2411 3211 2624 3270; x_wconf 86' lang='lat' dir='ltr'><strong>Matth.</strong></span> <span class='ocrx_word' id='word_1_379' title='bbox 2653 3211 2736 3271; x_wconf 84' lang='lat' dir='ltr'><strong>ix.</strong></span> 
     </span>
     <span class='ocr_line' id='line_1_36' title="bbox 337 3291 2742 3387; baseline 0 -38"><span class='ocrx_word' id='word_1_380' title='bbox 337 3294 429 3367; x_wconf 90' lang='grc'><strong>12,</strong></span> <span class='ocrx_word' id='word_1_381' title='bbox 491 3295 564 3352; x_wconf 90' lang='grc'><strong>13</strong></span> <span class='ocrx_word' id='word_1_382' title='bbox 589 3315 604 3369; x_wconf 85' lang='grc'>;</span> <span class='ocrx_word' id='word_1_383' title='bbox 668 3295 1062 3371; x_wconf 71' lang='grc' dir='ltr'><strong>Ιηονεάιιὶἱιαε,</strong></span> <span class='ocrx_word' id='word_1_384' title='bbox 1122 3294 1536 3387; x_wconf 65' lang='lat' dir='ltr'><strong>impoenitentia,</strong></span> <span class='ocrx_word' id='word_1_385' title='bbox 1593 3301 1654 3353; x_wconf 92' lang='lat' dir='ltr'><strong>et</strong></span> <span class='ocrx_word' id='word_1_386' title='bbox 1706 3292 1821 3351; x_wconf 83' lang='lat' dir='ltr'><strong>alia</strong></span> <span class='ocrx_word' id='word_1_387' title='bbox 1861 3291 1923 3351; x_wconf 90' lang='lat' dir='ltr'><strong>id</strong></span> <span class='ocrx_word' id='word_1_388' title='bbox 1946 3310 2149 3385; x_wconf 37' lang='lat' dir='ltr'><strong>&#39;’g-enus</strong></span> <span class='ocrx_word' id='word_1_389' title='bbox 2189 3298 2427 3369; x_wconf 85' lang='lat' dir='ltr'><strong>peccata</strong></span> <span class='ocrx_word' id='word_1_390' title='bbox 2468 3299 2528 3384; x_wconf 74' lang='lat' dir='ltr'><strong>et</strong></span> <span class='ocrx_word' id='word_1_391' title='bbox 2566 3310 2742 3385; x_wconf 70' lang='lat' dir='ltr'><strong>opera</strong></span> 
     </span>
     <span class='ocr_line' id='line_1_37' title="bbox 331 3370 2741 3530; baseline -0 -19"><span class='ocrx_word' id='word_1_392' title='bbox 331 3370 2741 3530; x_wconf 47' lang='lat' dir='ltr'><strong>3232&amp;ss“msamiffifflffa..¹}2;·;;1{¹¹;.‡;.ssflznoei‘ssffffxaess</strong></span> 
     </span>
     <span class='ocr_line' id='line_1_38' title="bbox 324 3531 2739 3612; baseline 0 -22"><span class='ocrx_word' id='word_1_393' title='bbox 324 3531 477 3609; x_wconf 87' lang='lat' dir='ltr'><strong>hinc,</strong></span> <span class='ocrx_word' id='word_1_394' title='bbox 507 3553 543 3591; x_wconf 88' lang='lat' dir='ltr'><strong>a</strong></span> <span class='ocrx_word' id='word_1_395' title='bbox 569 3542 733 3612; x_wconf 86' lang='lat' dir='ltr'><strong>parte</strong></span> <span class='ocrx_word' id='word_1_396' title='bbox 754 3535 985 3611; x_wconf 90' lang='lat' dir='ltr'><strong>Christi,</strong></span> <span class='ocrx_word' id='word_1_397' title='bbox 1014 3555 1234 3594; x_wconf 71' lang='lat' dir='ltr'><strong>sensum</strong></span> <span class='ocrx_word' id='word_1_398' title='bbox 1260 3534 1472 3594; x_wconf 87' lang='lat' dir='ltr'><strong>amoris</strong></span> <span class='ocrx_word' id='word_1_399' title='bbox 1499 3534 1627 3611; x_wconf 89' lang='lat' dir='ltr'><strong>ejus</strong></span> <span class='ocrx_word' id='word_1_400' title='bbox 1653 3554 1757 3612; x_wconf 89' lang='lat' dir='ltr'><strong>per</strong></span> <span class='ocrx_word' id='word_1_401' title='bbox 1783 3532 2211 3592; x_wconf 74' lang='lat' dir='ltr'><strong>consolationem</strong></span> <span class='ocrx_word' id='word_1_402' title='bbox 2240 3531 2490 3609; x_wconf 86' lang='lat' dir='ltr'><strong>Spiritus</strong></span> <span class='ocrx_word' id='word_1_403' title='bbox 2521 3531 2739 3606; x_wconf 87' lang='lat' dir='ltr'><strong>Sancti,</strong></span> 
     </span>
     <span class='ocr_line' id='line_1_39' title="bbox 329 3611 2738 3693; baseline 0.001 -22"><span class='ocrx_word' id='word_1_404' title='bbox 329 3611 432 3689; x_wconf 92' lang='lat' dir='ltr'><strong>qui</strong></span> <span class='ocrx_word' id='word_1_405' title='bbox 459 3613 821 3691; x_wconf 87' lang='lat' dir='ltr'><strong>obsignando</strong></span> <span class='ocrx_word' id='word_1_406' title='bbox 849 3615 1218 3693; x_wconf 87' lang='lat' dir='ltr'><strong>adoptionem</strong></span> <span class='ocrx_word' id='word_1_407' title='bbox 1247 3622 1503 3674; x_wconf 87' lang='lat' dir='ltr'><strong>nostram</strong></span> <span class='ocrx_word' id='word_1_408' title='bbox 1530 3613 1592 3672; x_wconf 92' lang='lat' dir='ltr'><strong>in</strong></span> <span class='ocrx_word' id='word_1_409' title='bbox 1632 3612 1904 3673; x_wconf 89' lang='lat' dir='ltr'><strong>cordibus</strong></span> <span class='ocrx_word' id='word_1_410' title='bbox 1944 3612 2175 3688; x_wconf 88' lang='lat' dir='ltr'><strong>nostris,</strong></span> <span class='ocrx_word' id='word_1_411' title='bbox 2220 3612 2389 3672; x_wconf 93' lang='lat' dir='ltr'><strong>nobis</strong></span> <span class='ocrx_word' id='word_1_412' title='bbox 2429 3613 2738 3690; x_wconf 85' lang='lat' dir='ltr'><strong>persuadet</strong></span> 
     </span>
     <span class='ocr_line' id='line_1_40' title="bbox 328 3692 2743 3771; baseline 0 -20"><span class='ocrx_word' id='word_1_413' title='bbox 328 3711 437 3751; x_wconf 91' lang='lat' dir='ltr'><strong>nos</strong></span> <span class='ocrx_word' id='word_1_414' title='bbox 464 3712 592 3752; x_wconf 89' lang='lat' dir='ltr'><strong>esse</strong></span> <span class='ocrx_word' id='word_1_415' title='bbox 621 3694 806 3753; x_wconf 87' lang='lat' dir='ltr'><strong>Filios</strong></span> <span class='ocrx_word' id='word_1_416' title='bbox 836 3695 965 3771; x_wconf 88' lang='lat' dir='ltr'><strong>Dei,</strong></span> <span class='ocrx_word' id='word_1_417' title='bbox 995 3694 1260 3754; x_wconf 72' lang='lat' dir='ltr'><strong>haeredes</strong></span> <span class='ocrx_word' id='word_1_418' title='bbox 1290 3694 1420 3771; x_wconf 87' lang='lat' dir='ltr'><strong>Dei,</strong></span> <span class='ocrx_word' id='word_1_419' title='bbox 1450 3703 1510 3754; x_wconf 89' lang='lat' dir='ltr'><strong>et</strong></span> <span class='ocrx_word' id='word_1_420' title='bbox 1537 3693 1868 3752; x_wconf 70' lang='lat' dir='ltr'><strong>cohaeredes</strong></span> <span class='ocrx_word' id='word_1_421' title='bbox 1898 3692 2129 3768; x_wconf 89' lang='lat' dir='ltr'><strong>Christi,</strong></span> <span class='ocrx_word' id='word_1_422' title='bbox 2154 3692 2448 3752; x_wconf 89' lang='lat' dir='ltr'><strong>Christum</strong></span> <span class='ocrx_word' id='word_1_423' title='bbox 2476 3693 2743 3752; x_wconf 83' lang='lat' dir='ltr'><strong>habitare</strong></span> 
     </span>
     <span class='ocr_line' id='line_1_41' title="bbox 328 3772 2738 3911; baseline 0 -81"><span class='ocrx_word' id='word_1_424' title='bbox 328 3772 391 3830; x_wconf 90' lang='lat' dir='ltr'><strong>in</strong></span> <span class='ocrx_word' id='word_1_425' title='bbox 417 3773 604 3848; x_wconf 89' lang='lat' dir='ltr'><strong>nobis,</strong></span> <span class='ocrx_word' id='word_1_426' title='bbox 634 3782 693 3833; x_wconf 90' lang='lat' dir='ltr'><strong>et</strong></span> <span class='ocrx_word' id='word_1_427' title='bbox 719 3774 934 3835; x_wconf 84' lang='lat' dir='ltr'><strong>factum</strong></span> <span class='ocrx_word' id='word_1_428' title='bbox 956 3795 1084 3834; x_wconf 90' lang='lat' dir='ltr'><strong>esse</strong></span> <span class='ocrx_word' id='word_1_429' title='bbox 1111 3782 1391 3851; x_wconf 88' lang='lat' dir='ltr'><strong>nostrum,</strong></span> <span class='ocrx_word' id='word_1_430' title='bbox 1425 3774 1592 3833; x_wconf 88' lang='lat' dir='ltr'><strong>Rom.</strong></span> <span class='ocrx_word' id='word_1_431' title='bbox 1615 3773 1738 3832; x_wconf 86' lang='lat' dir='ltr'><strong>viii.</strong></span> <span class='ocrx_word' id='word_1_432' title='bbox 1773 3775 1865 3849; x_wconf 83' lang='lat'><strong>15,</strong></span> <span class='ocrx_word' id='word_1_433' title='bbox 1890 3775 1983 3847; x_wconf 83' lang='lat'><strong>16,</strong></span> <span class='ocrx_word' id='word_1_434' title='bbox 2012 3774 2042 3831; x_wconf 91' lang='lat'><strong>1</strong></span> <span class='ocrx_word' id='word_1_435' title='bbox 2068 3772 2210 3832; x_wconf 86' lang='lat' dir='ltr'><strong>Joh.</strong></span> <span class='ocrx_word' id='word_1_436' title='bbox 2239 3773 2322 3832; x_wconf 90' lang='lat' dir='ltr'><strong>iii.</strong></span> <span class='ocrx_word' id='word_1_437' title='bbox 2353 3775 2431 3830; x_wconf 88' lang='grc'><strong>24</strong></span> <span class='ocrx_word' id='word_1_438' title='bbox 2454 3794 2470 3849; x_wconf 89' lang='lat'>;</span> <span class='ocrx_word' id='word_1_439' title='bbox 2493 3781 2738 3911; x_wconf 52' lang='lat' dir='ltr'><strong>ttdiane</strong></span> 
     </span>
     <span class='ocr_line' id='line_1_42' title="bbox 330 3851 2743 3929; baseline -0 -19"><span class='ocrx_word' id='word_1_440' title='bbox 330 3852 514 3911; x_wconf 87' lang='lat' dir='ltr'><strong>nostri</strong></span> <span class='ocrx_word' id='word_1_441' title='bbox 542 3873 682 3912; x_wconf 83' lang='lat' dir='ltr'><strong>vero</strong></span> <span class='ocrx_word' id='word_1_442' title='bbox 710 3874 1032 3914; x_wconf 73' lang='lat' dir='ltr'><strong>consensum</strong></span> <span class='ocrx_word' id='word_1_443' title='bbox 1056 3862 1325 3914; x_wconf 91' lang='lat' dir='ltr'><strong>mutuum</strong></span> <span class='ocrx_word' id='word_1_444' title='bbox 1351 3854 1562 3913; x_wconf 91' lang='lat' dir='ltr'><strong>amoris</strong></span> <span class='ocrx_word' id='word_1_445' title='bbox 1589 3852 1790 3928; x_wconf 90' lang='lat' dir='ltr'><strong>nostri,</strong></span> <span class='ocrx_word' id='word_1_446' title='bbox 1820 3872 1924 3929; x_wconf 90' lang='lat' dir='ltr'><strong>per</strong></span> <span class='ocrx_word' id='word_1_447' title='bbox 1950 3851 2422 3911; x_wconf 86' lang='lat' dir='ltr'><strong>sanctificationis</strong></span> <span class='ocrx_word' id='word_1_448' title='bbox 2463 3870 2494 3910; x_wconf 91' lang='lat' dir='ltr'><strong>s</strong></span> <span class='ocrx_word' id='word_1_449' title='bbox 2602 3851 2743 3927; x_wconf 79' lang='lat' dir='ltr'><strong>&#39;um,</strong></span> 
     </span>
     <span class='ocr_line' id='line_1_43' title="bbox 328 3929 2737 4010; baseline -0.001 -19"><span class='ocrx_word' id='word_1_450' title='bbox 328 3950 445 4009; x_wconf 91' lang='lat' dir='ltr'><strong>quo</strong></span> <span class='ocrx_word' id='word_1_451' title='bbox 471 3941 538 3991; x_wconf 90' lang='lat' dir='ltr'><strong>ut</strong></span> <span class='ocrx_word' id='word_1_452' title='bbox 556 3932 820 3994; x_wconf 89' lang='lat' dir='ltr'><strong>Christus</strong></span> <span class='ocrx_word' id='word_1_453' title='bbox 847 3954 954 3994; x_wconf 93' lang='lat' dir='ltr'><strong>nos</strong></span> <span class='ocrx_word' id='word_1_454' title='bbox 980 3943 1153 4010; x_wconf 89' lang='lat' dir='ltr'><strong>amat,</strong></span> <span class='ocrx_word' id='word_1_455' title='bbox 1183 3953 1443 3994; x_wconf 88' lang='lat' dir='ltr'><strong>amamus</strong></span> <span class='ocrx_word' id='word_1_456' title='bbox 1471 3952 1603 3993; x_wconf 91' lang='lat' dir='ltr'><strong>eum</strong></span> <span class='ocrx_word' id='word_1_457' title='bbox 1624 3932 1902 4006; x_wconf 83' lang='lat' dir='ltr'><strong>vicissim,</strong></span> <span class='ocrx_word' id='word_1_458' title='bbox 1926 3939 1994 3991; x_wconf 91' lang='lat' dir='ltr'><strong>ut</strong></span> <span class='ocrx_word' id='word_1_459' title='bbox 2021 3950 2083 3990; x_wconf 90' lang='lat' dir='ltr'><strong>se</strong></span> <span class='ocrx_word' id='word_1_460' title='bbox 2105 3931 2207 3990; x_wconf 91' lang='lat' dir='ltr'><strong>dat</strong></span> <span class='ocrx_word' id='word_1_461' title='bbox 2231 3929 2418 4005; x_wconf 91' lang='lat' dir='ltr'><strong>nobis,</strong></span> <span class='ocrx_word' id='word_1_462' title='bbox 2447 3950 2556 3989; x_wconf 92' lang='lat' dir='ltr'><strong>nos</strong></span> <span class='ocrx_word' id='word_1_463' title='bbox 2583 3939 2737 3991; x_wconf 88' lang='lat' dir='ltr'><strong>totos</strong></span> 
     </span>
     <span class='ocr_line' id='line_1_44' title="bbox 326 4008 2738 4088; baseline -0.001 -18"><span class='ocrx_word' id='word_1_464' title='bbox 326 4011 415 4069; x_wconf 90' lang='lat' dir='ltr'><strong>illi</strong></span> <span class='ocrx_word' id='word_1_465' title='bbox 442 4011 666 4088; x_wconf 88' lang='lat' dir='ltr'><strong>damus,</strong></span> <span class='ocrx_word' id='word_1_466' title='bbox 695 4024 762 4074; x_wconf 89' lang='lat' dir='ltr'><strong>ut</strong></span> <span class='ocrx_word' id='word_1_467' title='bbox 788 4034 906 4073; x_wconf 88' lang='lat' dir='ltr'><strong>non</strong></span> <span class='ocrx_word' id='word_1_468' title='bbox 934 4034 1025 4072; x_wconf 87' lang='lat' dir='ltr'><strong>am</strong></span> <span class='ocrx_word' id='word_1_469' title='bbox 1067 4015 1182 4073; x_wconf 89' lang='lat' dir='ltr'><strong>lius</strong></span> <span class='ocrx_word' id='word_1_470' title='bbox 1209 4014 1478 4073; x_wconf 82' lang='lat' dir='ltr'><strong>vivamus</strong></span> <span class='ocrx_word' id='word_1_471' title='bbox 1516 4012 1703 4088; x_wconf 89' lang='lat' dir='ltr'><strong>nobis,</strong></span> <span class='ocrx_word' id='word_1_472' title='bbox 1748 4010 1853 4071; x_wconf 89' lang='lat' dir='ltr'><strong>sed</strong></span> <span class='ocrx_word' id='word_1_473' title='bbox 1892 4010 1955 4069; x_wconf 89' lang='lat' dir='ltr'><strong>in</strong></span> <span class='ocrx_word' id='word_1_474' title='bbox 1993 4009 2109 4070; x_wconf 86' lang='lat' dir='ltr'><strong>fide</strong></span> <span class='ocrx_word' id='word_1_475' title='bbox 2154 4010 2293 4073; x_wconf 85' lang='lat' dir='ltr'><strong>Filii</strong></span> <span class='ocrx_word' id='word_1_476' title='bbox 2335 4008 2449 4069; x_wconf 87' lang='lat' dir='ltr'><strong>Dei</strong></span> <span class='ocrx_word' id='word_1_477' title='bbox 2488 4008 2590 4087; x_wconf 89' lang='lat' dir='ltr'><strong>qui</strong></span> <span class='ocrx_word' id='word_1_478' title='bbox 2629 4029 2738 4069; x_wconf 87' lang='lat' dir='ltr'><strong>nos</strong></span> 
     </span>
     <span class='ocr_line' id='line_1_45' title="bbox 327 4087 2737 4172; baseline -0.001 -22"><span class='ocrx_word' id='word_1_479' title='bbox 327 4090 552 4169; x_wconf 80' lang='lat' dir='ltr'><strong>dilexit,</strong></span> <span class='ocrx_word' id='word_1_480' title='bbox 593 4100 652 4153; x_wconf 88' lang='lat' dir='ltr'><strong>et</strong></span> <span class='ocrx_word' id='word_1_481' title='bbox 707 4094 960 4172; x_wconf 88' lang='lat' dir='ltr'><strong>seipsum</strong></span> <span class='ocrx_word' id='word_1_482' title='bbox 1055 4093 1178 4153; x_wconf 89' lang='lat' dir='ltr'><strong>edit</strong></span> <span class='ocrx_word' id='word_1_483' title='bbox 1223 4113 1328 4171; x_wconf 92' lang='lat' dir='ltr'><strong>pro</strong></span> <span class='ocrx_word' id='word_1_484' title='bbox 1375 4092 1562 4168; x_wconf 91' lang='lat' dir='ltr'><strong>nobis,</strong></span> <span class='ocrx_word' id='word_1_485' title='bbox 1617 4092 1751 4152; x_wconf 85' lang='lat' dir='ltr'><strong>Gal.</strong></span> <span class='ocrx_word' id='word_1_486' title='bbox 1801 4090 1861 4150; x_wconf 91' lang='lat' dir='ltr'><strong>ii.</strong></span> <span class='ocrx_word' id='word_1_487' title='bbox 1915 4092 2011 4165; x_wconf 90' lang='grc'>20,</span> <span class='ocrx_word' id='word_1_488' title='bbox 2059 4094 2096 4148; x_wconf 88' lang='grc'>2</span> <span class='ocrx_word' id='word_1_489' title='bbox 2149 4088 2280 4149; x_wconf 90' lang='lat' dir='ltr'><strong>Cor.</strong></span> <span class='ocrx_word' id='word_1_490' title='bbox 2329 4107 2388 4148; x_wconf 86' lang='lat' dir='ltr'><strong>v.</strong></span> <span class='ocrx_word' id='word_1_491' title='bbox 2436 4087 2530 4164; x_wconf 86' lang='lat'><strong>15,</strong></span> <span class='ocrx_word' id='word_1_492' title='bbox 2580 4090 2737 4166; x_wconf 90' lang='lat' dir='ltr'><strong>quod</strong></span> 
     </span>
     <span class='ocr_line' id='line_1_46' title="bbox 331 4170 2738 4266; baseline -0.001 -36"><span class='ocrx_word' id='word_1_493' title='bbox 331 4172 557 4266; x_wconf 72' lang='lat' dir='ltr'><strong>Sponsa</strong></span> <span class='ocrx_word' id='word_1_494' title='bbox 577 4174 871 4266; x_wconf 82' lang='lat' dir='ltr'><strong>pathetice</strong></span> <span class='ocrx_word' id='word_1_495' title='bbox 899 4173 1191 4249; x_wconf 85' lang='lat' dir='ltr'><strong>describit,</strong></span> <span class='ocrx_word' id='word_1_496' title='bbox 1223 4174 1389 4233; x_wconf 86' lang='lat' dir='ltr'><strong>Cant.</strong></span> <span class='ocrx_word' id='word_1_497' title='bbox 1419 4173 1479 4232; x_wconf 88' lang='lat' dir='ltr'><strong>ii.</strong></span> <span class='ocrx_word' id='word_1_498' title='bbox 1514 4175 1607 4248; x_wconf 83' lang='lat'><strong>16,</strong></span> <span class='ocrx_word' id='word_1_499' title='bbox 1655 4175 1691 4207; x_wconf 90' lang='lat'><strong>“</strong></span> <span class='ocrx_word' id='word_1_500' title='bbox 1720 4170 1966 4230; x_wconf 87' lang='lat' dir='ltr'><strong>Amicus</strong></span> <span class='ocrx_word' id='word_1_501' title='bbox 1993 4188 2158 4229; x_wconf 87' lang='lat' dir='ltr'><strong>meus</strong></span> <span class='ocrx_word' id='word_1_502' title='bbox 2185 4177 2276 4228; x_wconf 87' lang='lat' dir='ltr'><strong>est</strong></span> <span class='ocrx_word' id='word_1_503' title='bbox 2301 4187 2483 4245; x_wconf 88' lang='lat' dir='ltr'><strong>meus,</strong></span> <span class='ocrx_word' id='word_1_504' title='bbox 2527 4177 2587 4228; x_wconf 88' lang='lat' dir='ltr'><strong>et</strong></span> <span class='ocrx_word' id='word_1_505' title='bbox 2626 4188 2738 4247; x_wconf 87' lang='lat' dir='ltr'><strong>ego</strong></span> 
     </span>
     <span class='ocr_line' id='line_1_47' title="bbox 327 4271 2740 4408; baseline -0 -18"><span class='ocrx_word' id='word_1_506' title='bbox 327 4271 722 4393; x_wconf 39' lang='lat' dir='ltr'><strong>sunffissiuffit</strong></span> <span class='ocrx_word' id='word_1_507' title='bbox 747 4341 942 4393; x_wconf 89' lang='lat' dir='ltr'><strong>autem</strong></span> <span class='ocrx_word' id='word_1_508' title='bbox 970 4353 1262 4394; x_wconf 26' lang='lat' dir='ltr'><strong>comen-suar</strong></span> <span class='ocrx_word' id='word_1_509' title='bbox 1290 4333 1399 4392; x_wconf 89' lang='lat' dir='ltr'><strong>iste</strong></span> <span class='ocrx_word' id='word_1_510' title='bbox 1438 4331 1515 4392; x_wconf 88' lang='lat' dir='ltr'><strong>sit</strong></span> <span class='ocrx_word' id='word_1_511' title='bbox 1542 4351 1733 4408; x_wconf 84' lang='lat' dir='ltr'><strong>verus,</strong></span> <span class='ocrx_word' id='word_1_512' title='bbox 1783 4350 1901 4390; x_wconf 90' lang='lat' dir='ltr'><strong>non</strong></span> <span class='ocrx_word' id='word_1_513' title='bbox 1937 4329 2114 4391; x_wconf 90' lang='lat' dir='ltr'><strong>debet</strong></span> <span class='ocrx_word' id='word_1_514' title='bbox 2155 4348 2284 4388; x_wconf 90' lang='lat' dir='ltr'><strong>esse</strong></span> <span class='ocrx_word' id='word_1_515' title='bbox 2312 4347 2625 4388; x_wconf 87' lang='lat' dir='ltr'><strong>consensus</strong></span> <span class='ocrx_word' id='word_1_516' title='bbox 2670 4331 2740 4389; x_wconf 80' lang='lat' dir='ltr'><strong>de</strong></span> 
     </span>
     <span class='ocr_line' id='line_1_48' title="bbox 309 4407 2736 4492; baseline -0.001 -22"><span class='ocrx_word' id='word_1_517' title='bbox 309 4414 536 4489; x_wconf 64' lang='lat' dir='ltr'><strong>stature,</strong></span> <span class='ocrx_word' id='word_1_518' title='bbox 567 4413 758 4491; x_wconf 89' lang='lat' dir='ltr'><strong>qualis</strong></span> <span class='ocrx_word' id='word_1_519' title='bbox 786 4423 877 4474; x_wconf 89' lang='lat' dir='ltr'><strong>est</strong></span> <span class='ocrx_word' id='word_1_520' title='bbox 904 4434 1103 4475; x_wconf 88' lang='lat' dir='ltr'><strong>eorum</strong></span> <span class='ocrx_word' id='word_1_521' title='bbox 1131 4414 1232 4492; x_wconf 90' lang='lat' dir='ltr'><strong>qui</strong></span> <span class='ocrx_word' id='word_1_522' title='bbox 1259 4412 1696 4473; x_wconf 86' lang='lat' dir='ltr'><strong>conversionem</strong></span> <span class='ocrx_word' id='word_1_523' title='bbox 1727 4430 1891 4469; x_wconf 91' lang='lat' dir='ltr'><strong>suam</strong></span> <span class='ocrx_word' id='word_1_524' title='bbox 1918 4409 2179 4488; x_wconf 88' lang='lat' dir='ltr'><strong>quotidie</strong></span> <span class='ocrx_word' id='word_1_525' title='bbox 2206 4407 2497 4483; x_wconf 87' lang='lat' dir='ltr'><strong>differunt,</strong></span> <span class='ocrx_word' id='word_1_526' title='bbox 2532 4408 2637 4467; x_wconf 87' lang='lat' dir='ltr'><strong>sed</strong></span> <span class='ocrx_word' id='word_1_527' title='bbox 2664 4409 2736 4469; x_wconf 91' lang='lat' dir='ltr'><strong>de</strong></span> 
     </span>
     <span class='ocr_line' id='line_1_49' title="bbox 316 4489 2734 4568; baseline -0.001 -17"><span class='ocrx_word' id='word_1_528' title='bbox 316 4491 604 4568; x_wconf 69' lang='lat' dir='ltr'><strong>praese‘riti,</strong></span> <span class='ocrx_word' id='word_1_529' title='bbox 636 4502 704 4553; x_wconf 92' lang='lat' dir='ltr'><strong>ut</strong></span> <span class='ocrx_word' id='word_1_530' title='bbox 731 4494 782 4554; x_wconf 90' lang='lat' dir='ltr'><strong>si</strong></span> <span class='ocrx_word' id='word_1_531' title='bbox 808 4494 982 4554; x_wconf 84' lang='lat' dir='ltr'><strong>hodie</strong></span> <span class='ocrx_word' id='word_1_532' title='bbox 1009 4514 1215 4554; x_wconf 84' lang='lat' dir='ltr'><strong>vocem</strong></span> <span class='ocrx_word' id='word_1_533' title='bbox 1237 4492 1451 4553; x_wconf 88' lang='lat' dir='ltr'><strong>Christi</strong></span> <span class='ocrx_word' id='word_1_534' title='bbox 1480 4491 1799 4565; x_wconf 87' lang='lat' dir='ltr'><strong>audiamus,</strong></span> <span class='ocrx_word' id='word_1_535' title='bbox 1823 4510 1940 4551; x_wconf 92' lang='lat' dir='ltr'><strong>non</strong></span> <span class='ocrx_word' id='word_1_536' title='bbox 1968 4489 2304 4548; x_wconf 88' lang='lat' dir='ltr'><strong>induremus</strong></span> <span class='ocrx_word' id='word_1_537' title='bbox 2331 4507 2431 4548; x_wconf 89' lang='lat' dir='ltr'><strong>cor</strong></span> <span class='ocrx_word' id='word_1_538' title='bbox 2456 4496 2734 4567; x_wconf 87' lang='lat' dir='ltr'><strong>nostrum,</strong></span> 
     </span>
     <span class='ocr_line' id='line_1_50' title="bbox 329 4568 2737 4652; baseline 0 -22"><span class='ocrx_word' id='word_1_539' title='bbox 329 4571 433 4630; x_wconf 90' lang='lat' dir='ltr'><strong>sed</strong></span> <span class='ocrx_word' id='word_1_540' title='bbox 460 4573 708 4650; x_wconf 88' lang='lat' dir='ltr'><strong>gratiam</strong></span> <span class='ocrx_word' id='word_1_541' title='bbox 736 4574 990 4634; x_wconf 88' lang='lat' dir='ltr'><strong>oblatam</strong></span> <span class='ocrx_word' id='word_1_542' title='bbox 1018 4574 1396 4651; x_wconf 86' lang='lat' dir='ltr'><strong>recipiamus;</strong></span> <span class='ocrx_word' id='word_1_543' title='bbox 1441 4572 1496 4631; x_wconf 90' lang='lat' dir='ltr'>N</span> <span class='ocrx_word' id='word_1_544' title='bbox 1499 4591 1574 4631; x_wconf 90' lang='lat' dir='ltr'><strong>on</strong></span> <span class='ocrx_word' id='word_1_545' title='bbox 1602 4571 1941 4647; x_wconf 58' lang='lat' dir='ltr'><strong>datinquem</strong></span> <span class='ocrx_word' id='word_1_546' title='bbox 1969 4568 2262 4630; x_wconf 89' lang='lat' dir='ltr'><strong>Christum</strong></span> <span class='ocrx_word' id='word_1_547' title='bbox 2293 4568 2737 4652; x_wconf 77' lang='lat' dir='ltr'><strong>Redemptorem</strong></span> 
     </span>
     <span class='ocr_line' id='line_1_51' title="bbox 328 4649 2743 4734; baseline 0 -24"><span class='ocrx_word' id='word_1_548' title='bbox 328 4661 388 4710; x_wconf 91' lang='lat' dir='ltr'><strong>et</strong></span> <span class='ocrx_word' id='word_1_549' title='bbox 420 4652 751 4731; x_wconf 87' lang='lat' dir='ltr'><strong>Dominum,</strong></span> <span class='ocrx_word' id='word_1_550' title='bbox 783 4654 1010 4714; x_wconf 90' lang='lat' dir='ltr'><strong>Vadem</strong></span> <span class='ocrx_word' id='word_1_551' title='bbox 1039 4662 1098 4715; x_wconf 89' lang='lat' dir='ltr'><strong>et</strong></span> <span class='ocrx_word' id='word_1_552' title='bbox 1127 4654 1333 4734; x_wconf 88' lang='lat' dir='ltr'><strong>Caput,</strong></span> <span class='ocrx_word' id='word_1_553' title='bbox 1363 4651 1643 4713; x_wconf 86' lang='lat' dir='ltr'><strong>beneficia</strong></span> <span class='ocrx_word' id='word_1_554' title='bbox 1671 4660 1729 4710; x_wconf 89' lang='lat' dir='ltr'><strong>et</strong></span> <span class='ocrx_word' id='word_1_555' title='bbox 1756 4650 1958 4727; x_wconf 84' lang='lat' dir='ltr'><strong>officia,</strong></span> <span class='ocrx_word' id='word_1_556' title='bbox 1989 4659 2053 4709; x_wconf 90' lang='lat' dir='ltr'><strong>ut</strong></span> <span class='ocrx_word' id='word_1_557' title='bbox 2082 4649 2147 4708; x_wconf 82' lang='lat' dir='ltr'><strong>fit</strong></span> <span class='ocrx_word' id='word_1_558' title='bbox 2182 4650 2258 4709; x_wconf 89' lang='lat' dir='ltr'><strong>ab</strong></span> <span class='ocrx_word' id='word_1_559' title='bbox 2286 4649 2358 4708; x_wconf 90' lang='lat' dir='ltr'><strong>iis</strong></span> <span class='ocrx_word' id='word_1_560' title='bbox 2399 4649 2500 4728; x_wconf 90' lang='lat' dir='ltr'><strong>qui</strong></span> <span class='ocrx_word' id='word_1_561' title='bbox 2530 4649 2743 4722; x_wconf 78' lang='lat' dir='ltr'><strong>Christi</strong></span> 
     </span>
    </p>
   </div>
  </div>
 </body>
</html>
