3221 5200
506 326 583 384 56
1398 346 1581 389 Locus
1610 347 1970 389 unnecmus
2554 322 2833 405 [QuAEsT.
2867 342 2930 383 x.

509 483 881 562 temporibus,
932 492 993 544 et
1029 485 1395 563 potissimum
1436 487 1589 548 circa
1630 489 1888 549 seculum
1929 489 1986 564 8,
2029 487 2092 546 in
2135 485 2646 547 Pseudo-Nicaena
2691 482 2944 564 Synodo

510 564 620 648 sub
650 564 836 640 Irene,
867 564 1059 625 cultus
1085 566 1197 627 iste
1225 567 1480 627 sancitus
1515 575 1624 628 est.

1458 802 1848 880 QUAEs‘mo
1890 803 1976 864 x.

512 958 608 1016 An
639 958 835 1019 Cultus
863 968 1095 1038 tantum,
1125 961 1333 1023 Annon
1361 964 1526 1023 etiam
1540 965 1823 1039 formatio
1844 973 2045 1022 ctusus
2071 962 2394 1039 Imayz’num
2421 961 2865 1039 Reliqiosarum
2886 961 2948 1019 in

596 1040 729 1098 locis
755 1041 948 1116 sacris,
969 1052 1261 1119 praecepto
1280 1046 1521 1103 secundo
1540 1044 1612 1102 ait
1629 1044 1980 1120 prohibitus!
2022 1042 2206 1118 Affir.‚
2233 1050 2432 1100 contra
2455 1042 2861 1101 Lutheranos.

597 1197 648 1256 1.
694 1197 1052 1259 Praecedenti
1081 1200 1409 1276 Quaestione
1454 1212 1647 1263 actum
1691 1210 1781 1262 est
1824 1202 1896 1261 de
1937 1202 2257 1279 Imaqiuum
2299 1201 2468 1261 Cultu
2484 1225 2508 1274 ,·
2550 1200 2733 1259 Nunc
2786 1199 2945 1258 ulte·

514 1276 636 1335 rius
676 1276 1080 1353 inquirendum
1124 1291 1385 1359 superest
1424 1281 1498 1341 de
1540 1302 1736 1341 earum
1773 1283 1907 1356 Usu,
1952 1280 2050 1339 An
2092 1289 2377 1359 praecepto
2419 1281 2492 1339 de
2534 1280 2945 1358 Imaginibus,

516 1364 726 1433 praeter
752 1355 1165 1435 adorationem,
1189 1362 1362 1420 etiam
1391 1362 1517 1439 ipsa
1544 1361 1765 1420 factura
1792 1381 1988 1420 earum
2011 1361 2087 1420 sit
2113 1360 2446 1438 prohibita?
2489 1360 2609 1419 Ubi
2630 1380 2735 1418 res
2765 1359 2948 1418 nobis

518 1435 644 1511 erit,
674 1454 791 1494 non
818 1437 993 1496 modo
1020 1458 1152 1498 cum
1173 1440 1509 1518 Pontificiis,
1542 1441 1646 1500 sed
1674 1441 1846 1499 etiam
1876 1461 2006 1500 cum
2032 1439 2513 1516 Lutheranis,qui
2538 1439 2684 1499 licet
2707 1440 2946 1499 cultum

519 1514 851 1590 Imaginum
878 1526 1216 1578 aversentur
1236 1527 1295 1579 et
1315 1519 1604 1595 damnent,
1631 1529 1696 1579 ut
1718 1520 1982 1579 illicitum
2005 1527 2064 1579 et
2091 1519 2580 1597 superstitiosum;
2612 1522 2948 1577 duna-uffan

518 1612 623 1653 seu
653 1594 982 1672 Imaginum
1011 1597 1482 1674 efformationem,
1521 1607 1580 1658 et
1605 1619 1777 1659 usum
1804 1600 1865 1657 in
1889 1600 2037 1658 locis
2067 1599 2246 1658 sacris
2273 1606 2548 1675 tanquam
2575 1599 2943 1675 legitimum,

519 1673 571 1732 si
598 1693 714 1732 non
743 1673 817 1731 ad
865 1674 1102 1754 cultum,
1135 1678 1339 1738 saltem
1368 1679 1444 1737 ad
1469 1679 1772 1738 historiam
1800 1688 1858 1738 et
1885 1699 2075 1739 rerum
2104 1687 2397 1756 gestarum
2427 1680 2774 1737 memoriam
2804 1698 2943 1756 pro-

516 1772 776 1831 pugnare
804 1763 1101 1816 conantur.

1164 1835 1249 1896 11.
1294 1836 1426 1896 Non
1454 1834 1748 1915 quaeritur,
1794 1836 1895 1896 An
1916 1857 2118 1897 omnes
2143 1837 2205 1895 in
2231 1835 2568 1896 universum
2611 1838 2943 1914 cujuscun-

581 1897 941 2001 S“tt}gn‘}‚¹}⁸⁸*
1042 1936 1155 1993 que
1184 1916 1300 1975 sint
1329 1917 1556 1994 generis
1583 1918 1884 1994 imagines,
1916 1918 2090 1976 etiam
2117 1917 2179 1975 in
2204 1936 2315 1975 usu
2338 1916 2498 1975 civili
2525 1925 2584 1975 et
2610 1916 2947 1976 oeeonomi-

1042 2015 1128 2070 00,
1159 2014 1194 2053 a
1224 1996 1352 2054 Deo
1378 1996 1809 2072 prohibeantur,
1840 1997 2007 2072 quasi
2035 2017 2128 2055 ars
2157 2000 2418 2059 rammi»
2445 2004 2503 2056 et
2530 1996 2781 2074 picturae
2814 2017 2943 2055 om-

521 2095 627 2135 nes
654 2094 817 2151 aeque
845 2093 914 2133 ac
955 2074 1263 2152 sculpturae
1292 2074 1736 2134 damnarentur:
1780 2076 2059 2149 Quamvis
2101 2076 2253 2134 enim
2295 2076 2591 2134 nonnullis
2617 2076 2942 2150 Veterum,

521 2163 641 2214 tam
687 2154 1027 2214 Judaeorum
1076 2173 1250 2231 quam
1300 2153 1773 2231 Christianorum,
1823 2156 1934 2214 hoc
1980 2156 2171 2213 visum
2202 2155 2310 2232 sit;
2369 2163 2435 2214 ut
2480 2175 2555 2214 ex
2606 2155 2944 2214 Clementis
3006 2224 3018 2237 ·

523 2233 929 2309 Alexandrini,
962 2232 1321 2309 Tertulliani,
1366 2239 1427 2294 et
1452 2233 1696 2293 aliorum
1738 2235 1916 2292 variis
1954 2235 2101 2293 locis
2129 2244 2390 2293 constare
2417 2243 2626 2313 potest,
2669 2236 2779 2311 qui
2812 2255 2940 2293 om-

523 2332 656 2372 nem
687 2312 1014 2389 Imaginum
1043 2332 1213 2373 usum
1241 2312 1503 2373 absolute
1544 2313 1913 2373 interdictum
1943 2315 2271 2389 censebant,
2316 2334 2432 2392 quo
2457 2313 2699 2373 'facilius
2730 2315 2942 2373 Chris-

523 2392 713 2452 tianos
738 2392 813 2451 ab
841 2391 1128 2453 horrenda
1155 2391 1476 2451 Gentilium
1504 2392 1868 2454 Idolomania
1913 2394 2348 2470 abstraherent;
2396 2394 2702 2470 Pei-peram
2732 2402 2944 2453 tamen

522 2471 636 2531 hoc
665 2472 863 2547 statui,
890 2471 987 2530 vel
1016 2471 1139 2531 sola
1166 2471 1550 2531 Tabernaculi
1578 2481 1638 2533 et
1664 2473 1892 2550 Templi
1920 2482 2208 2533 structura
2234 2472 2439 2531 docere
2469 2481 2676 2550 potest,
2721 2475 2789 2531 in
2819 2492 2945 2550 quo

523 2552 701 2612 variae
728 2552 930 2629 figurae
959 2550 1431 2627 Cherubinorum,
1461 2551 1655 2628 boum,
1700 2561 1758 2612 et
1785 2551 2028 2612 aliarum
2055 2570 2243 2611 rerum
2285 2550 2499 2610 affabre
2540 2553 2861 2614 elaboratae
2908 2572 2946 2609 a

522 2632 725 2709 peritis
754 2630 1070 2692 artificibus
1109 2630 1473 2707 videbantur,
1517 2632 1728 2707 quibus
1759 2631 1920 2690 Deus
1947 2630 2022 2690 ad
2051 2630 2112 2688 id
2150 2639 2400 2689 mentem
2443 2631 2748 2693 indiderat.
2843 2634 2944 2690 Ita

525 2730 644 2768 non
671 2709 1010 2768 damnamus
1040 2709 1334 2788 Imagines
1369 2711 1660 2769 historicas
1687 2730 1877 2769 rerum
1905 2717 2215 2786 gestarum,
2258 2709 2355 2768 vel
2384 2710 2658 2768 Virorum
2685 2729 2942 2789 magno·-

526 2809 675 2864 rum,
704 2789 800 2848 vel
826 2789 1167 2865 symbolicas,
1207 2790 1419 2869 quibus
1445 2789 1690 2849 virtutes
1731 2796 1790 2848 et
1816 2788 1961 2847 vitia
1987 2795 2483 2865 repraesentantur,
2514 2788 2611 2845 vel
2640 2794 2945 2865 politica-⁹,

529 2890 659 2947 quae
687 2869 935 2928 monetis
962 2868 1384 2947 imprimuntur.
1470 2868 1588 2929 Sed
1614 2869 1711 2929 hic
1751 2868 1944 2944 agitur
1983 2867 2056 2927 de
2096 2868 2440 2943 Imaqim'bus
2478 2869 2659 2926 sacris
2699 2879 2752 2926 et
2794 2872 2943 2928 reli-

524 2949 711 3029 92'031'8,
742 2968 873 3027 quae
898 2947 975 3007 ad
998 2949 1273 3026 pietatem
1301 2946 1668 3008 excitandam
1694 2945 1915 3024 aliquid
1942 2946 2200 3008 conferre
2227 2946 2647 3005 existimantur.

613 3028 737 3088 III.
778 3028 912 3088 Non
937 3029 1232 3106 quaeritur,
1276 3027 1375 3086 An
1400 3027 1574 3088 liceat
1615 3035 1906 3089 creaturas
1943 3027 2272 3105 depingere,
2315 3035 2375 3085 et
2401 3046 2590 3085 rerum
2633 3033 2942 3103 gestarum

530 3108 802 3170 historias
840 3108 1112 3186 penicillo
1140 3108 1501 3182 adumbrare,
1524 3107 1644 3170 ,vel
1671 3115 1908 3168 omatus
1950 3107 2153 3185 gratia,
2197 3106 2294 3165 vel
2335 3105 2737 3166 oblectationis
2766 3128 2939 3185 ergo,
3009 3165 3018 3172 ,

531 3189 629 3250 vel
655 3189 831 3249 etiam
857 3188 934 3248 ad
980 3188 1401 3248 institutionem
1443 3196 1504 3249 et
1541 3207 1735 3250 rerum
1774 3187 2191 3266 praeteritarum
2230 3186 2556 3262 μνημὸσυκυε
2602 3186 2733 3246 Hoc
2774 3188 2940 3245 enim

532 3288 703 3328 nemo
743 3276 1004 3328 nostrum
1043 3276 1261 3344 negat:
1306 3267 1424 3326 Sed
1464 3265 1565 3325 An
1604 3267 1778 3328 liceat
1820 3267 2006 3327 Deum
2043 3267 2232 3343 ipsum
2280 3276 2339 3325 et
2381 3266 2679 3325 Trinitatis
2722 3266 2935 3325 Perso-

533 3367 641 3406 nas
686 3347 938 3422 imagine
982 3347 1177 3423 aliqua
1216 3354 1662 3420 repraesentare3
1726 3346 1777 3403 si
1823 3364 1941 3403 non
1996 3364 2100 3421 per
2146 3343 2534 3403 immediatam
2590 3352 2648 3404 et
2706 3346 2937 3423 propri-

534 3445 629 3484 am
670 3422 1103 3483 similitudinem
1166 3421 1241 3480 ad
1281 3422 1714 3498 exprimendam
1775 3422 2086 3497 perfectam
2139 3422 2450 3499 imaginem
2512 3432 2732 3483 naturae
2797 3424 2933 3499 Dei,

534 3501 693 3579 quod
750 3499 1039 3558 Pontificii
1092 3498 1218 3556 fieri
1271 3518 1387 3557 non
1448 3518 1620 3575 posse
1674 3499 1963 3560 fatenturz
2026 3501 2228 3559 saltem
2284 3521 2387 3578 per
2438 3504 2782 3580 analogiam,
2830 3523 2939 3563 seu

533 3578 954 3656 metaphoricae
994 3585 1054 3638 et
1093 3577 1369 3654 mysticas
1410 3577 1895 3655 significationes3
1941 3578 2109 3653 Quod
2158 3579 2498 3640 Adversarii
2534 3583 2755 3660 volunt,
2806 3584 2942 3642 Nos

534 3678 608 3718 ne
745 3677 833 3717 us.

610 3678 744 3798 {³7¹¹}
775 3737 831 3797 N
833 3756 909 3796 on
952 3735 1228 3813 quaeritur
1271 3735 1537 3816 denique,
1583 3737 1686 3796 An
1727 3737 2020 3815 Imagines
2068 3738 2341 3799 Virorum
2394 3740 2733 3800 Sanctorum
2775 3739 2940 3800 domi

537 3818 750 3878 habere
776 3818 949 3876 liceat
975 3815 1052 3875 ad
1076 3816 1230 3894 piam
1252 3835 1448 3877 eorum
1470 3817 1941 3894 recordationem,
1962 3827 2021 3878 et
2040 3819 2376 3878 imitationis
2404 3821 2766 3898 exemplum;
2815 3820 2937 3880 Sed

539 3899 642 3957 An
668 3899 729 3957 in
756 3897 902 3956 locis
929 3897 1125 3971 sacris,
1154 3905 1296 3974 puta
1322 3897 1579 3974 Templis
1606 3907 1667 3957 et
1695 3897 1990 3974 Oratoriis,
2022 3899 2303 3959 collocare
2332 3919 2430 3959 eas
2472 3899 2558 3958 fas
2587 3900 2679 3976 sit,
2711 3920 2827 3959 non
2857 3899 2937 3958 ad

537 3978 758 4040 cultum
785 3986 844 4039 et
863 3977 1309 4052 venerationem,
1330 3977 1433 4037 sed
1453 3977 1528 4035 ad
1544 3978 2137 4037 commonefaciendos
2155 3978 2374 4053 fideleS,
2405 3987 2463 4037 et
2483 3978 2718 4038 ciendos
2735 3999 2936 4039 eorum

539 4058 797 4134 affectus,
839 4078 943 4136 per
981 4075 1170 4116 rerum
1212 4057 1628 4134 praeteritarum
1669 4058 2018 4133 memoriam,
2061 4057 2219 4136 quod
2254 4058 2568 4117 Lutherani
2609 4078 2740 4117 cum
2784 4060 2935 4118 Con-

538 4138 674 4199 cilio
702 4136 1170 4198 Francofurtensi
1199 4145 1492 4213 statuunt;
1538 4137 1662 4196 Nos
1687 4157 1985 4215 negamus.

542 4267 619 4314 Im
1184 4216 1262 4276 V.
1307 4216 1585 4276 Rationes
1629 4226 1778 4292 sunt,
1836 4221 1887 4276 1.
1932 4216 2082 4291 Quia
2123 4216 2284 4274 Deus
2313 4235 2582 4294 expresse
2607 4216 2721 4275 hoc
2747 4217 2937 4276 vetuit

622 4270 860 4372 Ἣξῗζξω
882 4284 1023 4373 ¹¹2⁰,ss
1062 4305 1349 4374 praecepto
1378 4295 1649 4371 secunde,
1673 4296 1774 4354 ubi
1794 4294 1909 4355 duo
1936 4294 2328 4373 prohibentur,
2353 4304 2475 4353 tum
2487 4299 2689 4370 facere
2716 4297 2931 4373 Imagi-

541 4440 585 4486 ι.
654 4387 933 4487 yma.
954 4455 1025 4487 ω
1063 4376 1958 4514 Ψιξῑξιῗοῆῑῗζὲξῶἓψ
1984 4377 2164 4512 {3353
2179 4374 2935 4514 ..220523013221223222

571 4498 726 4542 ⁰u⁰d⁰
744 4500 998 4547 Exodau.
1066 4473 1914 4611 conanturgxexprimereflrlio}
1944 4474 2176 4608 qautem,
2224 4534 2435 4610 quibus
2474 4534 2570 4592 vel
2628 4534 2789 4593 Deus
2836 4532 2933 4592 vel

546 4609 743 4670 Sancti
786 4608 844 4667 in
886 4612 1336 4689 apparitionibus
1378 4621 1874 4690 repraesentantur.
1960 4612 2107 4671 Nam
2148 4611 2259 4670 l1oc
2306 4612 2511 4671 salsum
2556 4632 2680 4672 esse
2721 4613 2934 4671 exinde
