3221 5200
536 346 653 404 378
1336 360 1518 409 Locus
1548 359 1808 400 necinus
1836 359 2129 407 Qusa'rus.
2578 338 2836 422 [Quzasr.
2868 361 2952 401 xi.

539 524 711 579 super
739 524 887 576 eum,
919 503 962 561 J
966 503 1152 560 ehova
1182 501 1316 560 fecit
1344 510 1408 560 ut
1436 502 1497 560 in
1525 522 1656 561 eum
1700 503 2014 560 incurreret
2058 501 2391 577 iniquitaS,’'
2435 500 2514 559 id.
2544 521 2716 578 poena
2744 502 2956 579 iniqui·

532 585 669 642 tatis
692 584 947 641 omnium
976 590 1252 656 nostrum,
1291 591 1350 640 et
1390 602 1510 640 ver.
1548 582 1638 655 10,
1675 585 1709 614 ‘⁴
1731 592 2034 659 postquam
2062 582 2317 657 posuerit
2345 581 2592 639 animam
2624 602 2786 641 suam
2815 590 2957 639 :vs

533 663 830 722 victimam
859 682 963 739 pro
985 664 1280 739 pcccat0,'’
1313 661 1420 721 Sne.
1507 661 1649 736 Quae
1672 662 1864 719 omnia
1883 661 2330 720 satisfactionem
2354 662 2660 737 importare
2682 682 2758 720 ex
2776 663 2958 721 variis

536 744 845 820 colligitur,
884 748 934 800 1.
961 743 1055 799 Ex
1084 742 1278 818 phrasi
1297 744 1582 818 portandi
1594 752 1852 818 peccata,
1884 741 2151 817 quamvis
2180 741 2333 799 enim
2354 768 2409 799 το
2387 745 2590 815 ferre
2619 751 2676 800 et
2689 751 2956 818 portare,

536 824 847 899 aliquando
876 843 979 900 per
1006 824 1450 897 metonymicam
1493 822 1926 881 translationem
1968 830 2214 897 ponatur
2254 842 2358 898 pro
2400 822 2621 879 auferre
2650 832 2708 880 et
2737 822 2954 880 condo·

536 924 671 962 nare
728 913 794 962 ut
838 902 1027 961 Exod.
1072 903 1280 959 xxxiv.
1326 906 1380 977 7,
1426 911 1484 961 et
1527 902 1699 960 Num.
1743 902 1864 958 xiv.
1915 905 2006 976 18,
2055 902 2187 960 Non
2230 902 2488 995 sequitur
2528 922 2597 959 eo
2642 922 2818 961 sensu
2858 898 2956 961 hic

534 984 789 1060 phrasim
819 984 989 1041 istam
1021 982 1355 1040 sumendam
1380 1002 1544 1058 esse3
1589 983 1705 1040 imo
1723 982 1974 1039 rationes
1997 990 2132 1039 sunt
2159 981 2517 1057 gravissimae
2545 991 2779 1059 propter
2806 1002 2957 1058 quas

536 1084 653 1121 non
683 1064 960 1122 debemus
989 1061 1255 1120 recedere
1284 1083 1318 1120 a
1345 1028 1617 1139 prima'ria
1645 1070 1704 1121 et
1731 1061 2109 1120 usitatissima
2149 1061 2587 1138 significatione,
2635 1063 2958 1120 seeundum

539 1164 712 1219 quam
757 1144 879 1219 ipse
914 1142 1157 1200 Socinus
1199 1142 1463 1219 agnoscit
1494 1142 1756 1201 Praelect.
1788 1161 1912 1217 cap.
1959 1146 2054 1215 21,
2078 1151 2318 1216 peccata
2351 1152 2594 1217 portare
2629 1142 2796 1200 idem
2825 1162 2956 1201 esse

537 1223 693 1299 quod
714 1231 1076 1299 peccatorum
1095 1242 1296 1298 poenas
1316 1225 1500 1296 serre,
1533 1223 1669 1298 quia
1710 1242 1824 1279 non
1854 1231 2076 1280 tantum
2105 1221 2354 1279 occurrit
2381 1222 2621 1280 verbum
2650 1237 2768 1285 Νὲη
2796 1222 2958 1298 quod

536 1304 611 1362 ad
641 1303 958 1380 simplicem
1001 1302 1348 1360 ablationem
1397 1302 1620 1394 peccati
1663 1302 1971 1378 aliquando
2012 1301 2270 1376 refertur,
2316 1301 2419 1360 sed
2447 1310 2505 1360 et
2531 1302 2774 1360 verbum
2802 1306 2952 1375 ἤιε,

537 1383 692 1460 quod
722 1384 911 1442 oneris
939 1382 1192 1475 impositi
1223 1383 1601 1459 gestationem
1643 1391 1700 1440 et
1742 1381 2154 1458 bajulationem
2184 1347 2362 1456 no’tat,
2394 1390 2451 1440 et
2473 1382 2557 1440 sic
2586 1382 2738 1440 clare
2765 1401 2954 1459 poenae

536 1464 809 1521 lationem
839 1464 1044 1520 innuit.
1106 1467 1161 1520 2.
1195 1464 1288 1519 Ex
1318 1465 1481 1519 modo
1500 1464 1797 1537 portandi,
1829 1462 1930 1537 qui
1971 1461 2314 1521 describitur
2354 1482 2457 1538 per
2498 1462 2850 1520 attritionem
2894 1470 2955 1520 et

538 1544 1013 1616 vulnerationem,
1045 1562 1165 1600 ver.
1196 1545 1251 1617 5,
1285 1545 1339 1615 6,
1372 1552 1430 1600 et
1451 1543 1836 1617 conjectionem
1867 1543 1924 1599 2⁵72
1952 1562 2091 1615 eum,
2112 1541 2267 1618 quod
2298 1542 2411 1599 dici
2455 1561 2572 1599 non
2599 1551 2811 1619 posset,
2836 1542 2953 1599 nisi

537 1643 768 1717 poenam
796 1624 1017 1700 peccati
1045 1623 1103 1679 in
1134 1642 1194 1680 se
1226 1622 1607 1699 suscepisset;
1657 1623 1805 1679 Item
1835 1621 1990 1698 quod
2012 1622 2223 1680 dicitur
2249 1621 2403 1714 apud
2435 1622 2670 1680 Petrum
2686 1632 2956 1698 portasse

537 1705 595 1762 in
624 1724 860 1779 corpore
886 1724 986 1761 suo
1013 1723 1184 1778 super
1212 1704 1437 1778 lignum,
1470 1702 1691 1761 scilicet
1718 1723 1820 1795 per
1848 1722 2032 1794 poenae
2061 1702 2505 1778 perpessionem.
2579 1705 2634 1760 3.
2670 1703 2724 1759 A
2750 1702 2945 1777 simili,

539 1784 676 1861 quia
704 1804 772 1842 eo
800 1784 972 1841 modo
1001 1792 1260 1859 portasse
1289 1783 1514 1857 dicitur,
1551 1803 1666 1859 quo
1709 1783 1764 1841 V
1772 1783 1978 1841 ictimae
2020 1790 2256 1858 peccata
2297 1782 2619 1858 portabant,
2666 1782 2954 1859 siquidem

539 1864 801 1942 posuisse
845 1863 1095 1921 animam
1136 1882 1297 1920 suam
1326 1871 1462 1919 ἓν*
1492 1862 1788 1921 victimam
1831 1883 1934 1938 pro
1977 1871 2231 1939 peccatO,
2279 1882 2400 1920 ver.
2450 1865 2540 1937 10,
2587 1862 2808 1921 scilicet
2849 1882 2957 1939 per

539 1945 740 2002 mortis
795 1943 1221 2020 perpessionem
1251 1951 1308 2001 et
1338 1943 1636 2018 sanguinis
1671 1942 1952 2000 fusionem
1996 1943 2123 1999 loco
2168 1952 2555 2018 peccatorum.
2638 1946 2696 1999 4.
2743 1941 2955 2001 Omnia

535 2045 664 2101 quae
694 2044 888 2082 veram
914 2022 1361 2081 satisfactionem
1383 2022 1641 2081 indicant
1668 2023 1761 2080 hic
1791 2032 2095 2080 occurrunt
2118 2045 2131 2081 :
2166 2024 2357 2081 Causa
2386 2022 2680 2097 tmpulsiva
2701 2030 2760 2080 et
2781 2023 2952 2081 meri·

538 2106 703 2178 toria,
735 2114 972 2181 peccata
999 2103 1266 2160 nimirum
1297 2111 1507 2176 nostra,
1539 2123 1657 2160 non
1687 2123 1805 2175 sua,
1838 2102 2067 2161 attritus
2090 2111 2178 2161 est
2206 2123 2241 2159 a
2269 2102 2688 2161 defectionibus
2715 2103 2949 2177 nostriS,

534 2206 655 2243 ver.
687 2189 742 2258 4,
776 2189 828 2258 5,
862 2187 916 2260 6,
962 2192 1019 2241 et
1053 2204 1356 2259 poenarum
1386 2185 1537 2258 latio,
1570 2183 1706 2259 quia
1735 2183 1963 2240 dolores
1991 2190 2218 2240 nostros
2261 2184 2529 2258 portavit,
2561 2203 2682 2240 ver.
2714 2186 2786 2259 43
2834 2183 2957 2241 Dei

518 2266 732 2341 judicis
758 2264 1067 2340 imputatzb,
1099 2264 1332 2322 Jehova
1374 2262 1509 2321 fecit
1553 2264 1615 2320 in
1664 2284 1795 2322 eum
1838 2263 2125 2320 incurrere
2167 2263 2501 2338 iniquitates
2530 2263 2786 2320 omnium
2814 2283 2951 2321 nos·

535 2355 704 2419 trum,
754 2365 873 2403 ver.
906 2348 940 2403 6
967 2366 980 2419 ;
1037 2345 1251 2403 Christi
1294 2344 1468 2402 Vadis
1514 2344 1838 2402 voluntaria
1879 2344 2165 2418 susceptiO,
2213 2343 2349 2419 quia
2396 2342 2641 2400 afflictus
2686 2343 2794 2401 fuit
2840 2362 2950 2401 nec

535 2425 757 2503 aperuit
785 2446 850 2484 os
881 2444 1064 2498 suum,
1098 2422 1224 2498 δὶα,
1250 2444 1369 2482 ver.
1395 2426 1430 2483 8
1452 2446 1466 2499 ;
1490 2421 1725 2482 Peccata·
1749 2424 2014 2498 eoepialzb,
2060 2431 2118 2480 et
2146 2422 2323 2481 debiti
2354 2422 2526 2499 plena
2554 2423 2783 2493 solutiO,
2812 2422 2954 2498 quia

535 2507 783 2563 animam
826 2504 1019 2581 posuit
1060 2524 1162 2580 pro
1206 2504 1434 2578 delicto,
1467 2513 1525 2562 et
1567 2524 1641 2561 ex
1676 2504 1899 2580 judicio
1942 2511 2001 2561 et
2042 2503 2425 2560 coarctatione
2468 2511 2798 2580 assumptus
2839 2511 2948 2577 est,

536 2607 656 2645 ver.
683 2591 737 2660 8,
774 2588 866 2643 10.
952 2584 1237 2657 Quorsum
1266 2604 1405 2642 vero
1434 2584 1546 2642 ista
1574 2584 1766 2642 omnia
1795 2583 2135 2656 dicerentur,
2196 2582 2245 2640 si
2273 2582 2566 2660 patientiae
2600 2592 2659 2642 et
2700 2582 2949 2642 charita·

536 2667 610 2725 tis
640 2664 970 2741 exemplum
1012 2672 1236 2721 tantum
1274 2663 1441 2721 nobis
1469 2664 1530 2720 in
1558 2683 1628 2721 eo
1657 2663 2012 2739 praebuisset,
2058 2684 2171 2721 non
2201 2683 2339 2722 vero
2370 2663 2778 2724 satisfactionis
2820 2684 2950 2741 pre·

533 2747 676 2804 tium
695 2748 723 2801 ⁹?

619 2825 738 2881 XI.
785 2823 949 2881 Licet
971 2841 1126 2896 ver0,
1161 2821 1370 2879 Matth.
1401 2821 1522 2879 viii.
1551 2825 1644 2896 17,
1672 2821 1978 2881 Oraculum
2014 2823 2182 2881 Isaiae
2207 2823 2505 2900 impletum
2524 2823 2749 2881 dicatur
2768 2843 2949 2900 quum

536 2904 799 2963 Christus
826 2903 1057 2961 morbos
1103 2921 1405 2978 corporeos
1455 2902 1711 2974 sanabat,
1744 2922 1886 2978 quos
1937 2919 2052 2961 n'on
2103 2904 2335 2978 ferebat,
2370 2904 2471 2962 scd
2500 2903 2794 2962 auferebat
2823 2912 2945 2961 tan·

536 2994 675 3060 tum,
730 2985 861 3042 Non
891 2983 1149 3060 sequitur
1193 2981 1344 3040 idem
1375 2991 1432 3040 et
1473 2981 1544 3040 de
1574 2982 1789 3041 morbis
1832 2983 2007 3041 animi
2053 3003 2153 3042 scu
2183 2983 2434 3058 peccatis
2463 2982 2767 3042 dicendum
2799 3004 2947 3059 esse,

535 3065 672 3142 quia
699 3065 811 3123 alia
859 3075 947 3123 est
975 3064 1120 3122 ratio
1169 3071 1559 3139 utrorumque.
1646 3063 1791 3120 Nam
1824 3064 1895 3121 ad
1927 3064 2153 3122 illorum
2186 3064 2539 3122 sanationem
2568 3083 2684 3121 non
2712 3084 2949 3122 necesse

536 3156 658 3205 erat
702 3146 990 3205 Christum
1022 3145 1208 3222 ipsum
1240 3151 1535 3220 aegrotare,
1568 3143 1693 3201 sola
1736 3143 1946 3202 Christi
1979 3144 2233 3219 potentia
2260 3144 2696 3220 postulabatur,
2683 3165 2695 3179 ·
2742 3144 2844 3202 scd
2874 3144 2950 3202 ad

535 3227 677 3285 istos
706 3226 988 3285 curandos
1009 3225 1449 3301 requirebatur
1433 3244 1668 3301 1nsuper
1702 3224 1947 3300 justitia,
1980 3223 2179 3282 debuit
2207 3244 2306 3281 eos
2335 3225 2493 3301 prius
2521 3225 2684 3296 ferre,
2710 3232 2767 3282 ct
2795 3224 2853 3282 in
2887 3244 2948 3283 se

534 3308 804 3385 recipere,
835 3317 899 3364 ut
928 3326 1027 3364 eos
1056 3326 1090 3362 a
1119 3305 1285 3363 nobis
1308 3304 1572 3362 auferret.
1621 3304 1792 3363 Unde
1817 3304 2109 3361 inducitur
2138 3324 2171 3359 a
2203 3304 2492 3381 Propheta
2520 3314 2583 3364 ut
2610 3305 2949 3364 vulneratus

536 3396 594 3445 ct
622 3387 868 3457 attrituS,
900 3384 1056 3461 quod
1112 3385 1186 3441 ad
1215 3385 1568 3442 sanationem
1621 3384 1947 3441 morborum
1982 3384 2236 3459 corporis
2265 3403 2381 3443 non
2411 3405 2642 3443 necesse
2672 3393 2811 3460 erat,
2845 3384 2948 3443 sed

525 3473 749 3522 tantum
768 3464 842 3521 ad
870 3465 1199 3521 morborum
1228 3464 1403 3520 animi
1431 3464 1723 3521 lationem.
1771 3464 1964 3539 Atque
1987 3465 2122 3521 hinc
2146 3483 2259 3520 non
2282 3464 2512 3523 difficile
2533 3474 2621 3523 est
2649 3465 2941 3542 colligere,

532 3544 671 3620 quid
702 3544 1019 3618 respexerit
1046 3543 1292 3617 Spiritus
1325 3543 1614 3600 Sanctus
1600 3565 1658 3600 ιιι
1690 3544 1797 3602 hoc
1824 3545 2085 3618 macule,
2113 3552 2169 3602 et
2181 3546 2478 3638 quomodo
2501 3546 2800 3622 impletum
2830 3545 2946 3603 dici

532 3623 732 3699 possit,
766 3642 940 3698 quum
967 3623 1197 3680 morbos
1219 3622 1471 3698 corporis
1494 3624 1751 3682 curabat.
1799 3625 2082 3683 Nimirum
2101 3624 2223 3700 agit
2244 3625 2513 3701 primario
2543 3636 2600 3683 et
2629 3625 2843 3684 directe
2873 3626 2946 3684 de

532 3703 910 3779 languoribus
959 3711 1016 3760 et
1063 3702 1279 3760 morbis
1322 3702 1716 3778 spiritualibus
1757 3725 1857 3763 seu
1906 3705 2174 3781 peccatis,
2226 3725 2470 3781 quorum
2498 3726 2683 3783 poenae
2715 3706 2944 3764 Christo

533 3784 765 3842 fuerunt
793 3782 1091 3858 impositae,
1124 3791 1188 3841 ut
1216 3803 1312 3840 eas
1340 3783 1523 3842 lueret
1544 3783 1672 3842 loco
1702 3795 1940 3858 nostr03
1986 3785 2087 3843 scd
2115 3785 2252 3861 quia
2273 3785 2457 3843 morbi
2488 3786 2742 3863 corporei
2772 3786 2944 3863 perti·

531 3874 672 3923 nent
699 3865 772 3922 ad
795 3883 994 3958 poen-as
1022 3872 1404 3940 peccatorum,
1438 3865 1777 3923 secundario
1807 3876 1864 3924 ct
1887 3865 2256 3924 subordinate
2285 3866 2397 3924 ad
2384 3887 2539 3943 ipsos
2568 3867 2741 3924 etiam
2784 3886 2945 3944 spec-

530 3945 695 4019 tavit,
743 3945 879 4022 quia
914 3945 1014 4022 jus
1060 3945 1312 4002 habebat
1355 3965 1453 4002 eos
1499 3946 1758 4002 sanandi.
1846 3946 2050 4022 Itaque
2095 3945 2250 4021 quod
2302 3947 2591 4023 Propheta
2632 3947 2903 4005 dixerat
2887 3967 2946 4003 m

531 4046 741 4102 genere
771 4026 842 4083 de
871 4026 1227 4102 quibuslibet
1248 4026 1479 4098 morbis»,
1506 4023 1714 4084 Petrus
1743 4025 1817 4082 ad
1839 4027 2070 4083 morbos
2099 4026 2273 4083 animi
2304 4026 2363 4084 in
2393 4026 2599 4104 specie,
2634 4027 2946 4085 Matthaeus

532 4107 785 4182 applicat
829 4105 903 4163 ad
952 4107 1183 4164 morbos
1233 4106 1502 4182 corporiS,
1537 4105 1636 4162 ubi
1685 4125 1799 4162 non
1850 4106 2125 4179 excludit,
2158 4106 2259 4163 sed
2290 4106 2533 4164 includit
2560 4107 2752 4183 potius
2781 4128 2944 4176 cura·

530 4187 745 4244 tionem
775 4186 1101 4243 morborum
1125 4186 1317 4261 animi,
1370 4195 1434 4244 ut
1480 4186 1707 4243 sublata
1736 4205 1908 4243 causa
1957 4186 2222 4245 effectum
2253 4187 2377 4245 tolli
2407 4187 2778 4261 demonstret,
2809 4187 2945 4263 quia

532 4266 644 4323 ista
673 4285 733 4323 se
765 4266 1010 4323 invicem
1041 4275 1280 4342 ponunt,
1327 4266 1511 4322 morbi
1561 4265 1736 4323 animi
1790 4275 1919 4341 post
1965 4286 2025 4324 se
2056 4268 2291 4325 trahunt
2318 4267 2551 4324 morbos
2580 4268 2853 4344 corporis,
2883 4276 2946 4325 at

530 4345 715 4402 morbi
754 4346 1009 4420 corporis
1058 4355 1387 4421 supponunt
1436 4345 1668 4403 morbos
1714 4347 1907 4404 animi.
1975 4347 2066 4404 Ita
2115 4347 2378 4405 Christus
2423 4356 2696 4423 utrosque
2742 4347 2946 4405 tulisse

528 4424 754 4499 dicitur,
788 4425 890 4482 sed
919 4425 1302 4482 diversimode
1327 4446 1428 4501 pro
1458 4426 1689 4484 diversa
1710 4435 1914 4484 natura
1943 4427 2206 4503 subiecti,
2229 4428 2358 4485 illos
2378 4427 2610 4503 quidem
2634 4427 2946 4485 auferendo

528 4513 753 4562 tantum
802 4525 904 4579 per
948 4505 1276 4577 efficaciam,
1328 4525 1443 4563 non
1491 4506 1723 4563 ferendo
1774 4526 1875 4581 per
1918 4508 2242 4582 passionem
2274 4529 2287 4582 ;
2351 4507 2453 4564 scd
2504 4508 2645 4566 istos
2700 4519 2945 4583 utroque

531 4582 720 4654 mod0,
753 4592 811 4642 et
839 4584 1072 4642 ferendo
1122 4593 1180 4642 ct
1208 4584 1536 4644 auferendO.
1623 4586 1744 4644 Nec
1776 4586 1824 4642 si
1876 4587 2190 4646 Matthaeus
2220 4588 2360 4646 dicit
2390 4587 2680 4646 Christum
2711 4608 2946 4646 sanasse

533 4661 764 4718 morbos
821 4664 1092 4738 corporiS,
1150 4673 1215 4722 ut
1272 4665 1603 4740 impleretur
1661 4666 1964 4742 Prophetae
2023 4667 2376 4725 Vaticinium
2409 4689 2423 4741 ;
2496 4667 2629 4726 inde
2686 4667 2947 4744 legitime
