3221 5200
459 313 576 370 286
1268 325 1450 365 Locus
1479 322 1740 366 nscnms
1769 325 2035 368 rannus.
2446 307 2701 389 [QnAEs‘r.
2743 330 2870 371 vm.

456 468 751 527 distinctio
794 465 1302 525 communicationis
1342 467 1599 524 mediatae
1628 476 1681 524 et
1706 467 2055 541 immediatae,
2100 485 2217 544 qua
2257 486 2456 525 omnes
2494 471 2873 546 proprietates

455 548 669 607 divinae
711 548 981 606 dicuntur
1022 545 1254 622 quidem
1299 547 1731 605 communicatae
1774 547 2022 606 mediate
2064 547 2126 604 in
2166 548 2466 624 hypostasi
2524 554 2689 621 Λόγου
2741 572 2869 628 quae

456 628 877 687 communicata
904 635 992 685 est
1022 626 1209 701 Carni,
1233 626 1335 684 sed
1358 626 1684 684 immediate
1709 636 1931 685 tantum
1950 626 2232 703 quaedam.
2320 628 2469 701 Quia
2488 642 2868 707 praeterquam

454 709 612 784 quod
641 709 821 785 gratis
849 707 1089 783 fingitur
1117 707 1557 764 communicatio
1587 707 1845 764 formalis
1871 707 2203 784 hypostasis
2232 706 2382 765 facta
2426 709 2613 784 Carni,
2648 721 2710 769 ut
2737 732 2867 788 pos-

454 797 549 846 tea
570 788 923 865 probabitur,
955 806 1070 843 uon
1099 786 1291 862 agitur
1319 786 1390 844 de
1414 787 1929 844 communicatione
1959 786 2225 862 mediata,
2258 787 2360 845 sed
2389 788 2736 866 immediata,
2768 812 2870 868 per

454 888 628 944 quam
669 868 1048 945 proprietates
1090 886 1289 924 omnes
1332 866 1545 924 divinae
1588 867 1660 924 de
1701 876 1907 925 natura
1947 867 2199 924 humana
2225 866 2524 943 praedicari
2553 870 2765 930 debent
2794 892 2869 929 ex

451 948 554 1006 illa
595 947 919 1025 hypothesi,
952 946 1087 1022 quia
1127 966 1231 1022 par
1273 966 1399 1004 esse
1441 946 1615 1004 debet
1656 947 1912 1004 omnium
1953 947 2365 1024 proprietatum
2405 948 2556 1007 iuter
2597 970 2659 1007 se
2700 951 2863 1008 ratio.

454 1028 668 1087 Fateor
709 1026 990 1102 distingui
1033 1026 1092 1082 in
1133 1025 1640 1084 communicabiles
1674 1035 1732 1084 et
1766 1026 2351 1100 incommunicabileS,
2400 1027 2503 1085 sed
2547 1038 2747 1087 notum
2777 1040 2865 1089 est

450 1109 562 1166 hoe
590 1107 839 1183 intelligi
868 1126 983 1164 non
1006 1105 1335 1180 formaliter,
1368 1126 1483 1183 quo
1513 1126 1688 1165 sensu
1716 1115 1851 1165 sunt
1879 1126 2078 1165 omnes
2107 1126 2182 1165 ex
2226 1127 2390 1184 aequo
2417 1107 2863 1168 incommunica-

453 1188 617 1262 biles,
651 1187 755 1245 sed
783 1186 1082 1262 analogice
1105 1194 1347 1244 tantum.

451 1309 482 1352 4
527 1305 654 1355 Quia
675 1306 935 1363 proprietas
1058 1265 1211 1323 XII.
1258 1265 1491 1339 QuartO,
1526 1265 1675 1339 Quia
1717 1266 1765 1324 si
1793 1274 2026 1343 propter
2054 1265 2344 1324 Unionem
2372 1268 2750 1345 proprietates
2780 1269 2864 1327 di-

486 1339 586 1409 ’ωε
619 1363 791 1407 Carnis
835 1378 933 1406 non
978 1345 1130 1402 vinae
1159 1346 1594 1403 communicatae
1625 1354 1760 1405 sunt
1790 1346 1978 1421 Carni,
2005 1347 2164 1422 Ergo
2194 1346 2450 1404 vicissim
2485 1349 2863 1425 proprietates

511 1423 877 1466 ⁰0¹¹¹¹¹¹¹¹¹¹i⁰⁸ssae
975 1425 1177 1482 Carnis
1220 1425 1542 1483 debuerunt
1584 1426 1993 1484 communicari
2041 1436 2189 1502 Λογᾳ
2226 1427 2363 1502 quia
2410 1428 2546 1486 unio
2590 1437 2678 1487 cst
2720 1430 2861 1487 reci-

509 1491 620 1528 ⁸¹²¹¹t
638 1489 783 1542 ‘¹⁰7⁹'
973 1525 1163 1581 proca,
1196 1504 1351 1581 quod
1379 1514 1572 1562 tamen
1601 1506 1806 1564 nolunt
1835 1506 2154 1565 admittere.
2243 1507 2296 1563 N
2300 1527 2363 1564 ec
2382 1507 2677 1566 distinctio
2696 1518 2860 1567 natu-

452 1603 531 1640 rae
560 1585 907 1643 assumentis
937 1593 995 1643 et
1023 1593 1334 1661 assumptae
1364 1585 1496 1643 huic
1534 1585 1901 1643 incommodo
1940 1585 2157 1643 mederi
2194 1595 2402 1662 potest.
2434 1588 2581 1662 Quia
2610 1609 2863 1647 eommu-

451 1663 757 1722 nicationis
799 1664 1104 1741 reciprocae
1147 1664 1601 1740 fundamentum,
1633 1685 1749 1723 non
1778 1674 1866 1723 est
1892 1666 2228 1748 assumptio,
2262 1667 2364 1725 sed
2394 1667 2518 1744 ipsa
2546 1668 2702 1742 uni0‚
2734 1690 2862 1745 quae

452 1743 601 1803 sicut
666 1745 957 1821 reciproca
998 1753 1102 1818 est,
1133 1764 1267 1801 nam
1310 1755 1374 1803 ut
1416 1745 1616 1802 divina
1656 1753 1876 1803 naturae
1918 1747 2202 1820 humanae,
2248 1747 2330 1804 ita
2371 1748 2621 1806 humana
2649 1748 2863 1807 divinae

449 1824 614 1883 unita
641 1833 729 1882 est
753 1846 766 1900 ;
811 1825 892 1883 ita
934 1844 1162 1902 quoque
1205 1825 1554 1901 reciprocam
1584 1826 2178 1900 communicationem,
2210 1846 2328 1884 non
2355 1827 2415 1884 in
2444 1837 2709 1886 concreto
2738 1839 2861 1887 tan-

450 1914 591 1979 tum,
625 1905 728 1963 sed
757 1913 814 1962 et
842 1905 902 1962 in
931 1906 1219 1963 abstracto
1248 1906 1526 1981 exigeret.
1614 1906 1734 1963 Nec
1774 1905 2083 1963 discrimen
2111 1906 2228 1982 peti
2258 1916 2449 1982 potest
2487 1927 2561 1964 ex
2590 1928 2676 1982 e0,
2708 1909 2864 1985 quod

451 1994 657 2043 natura
686 1985 936 2042 humana
964 1984 1196 2062 quidem
1227 1984 1451 2060 eguerit
1480 1986 1995 2044 communicatione
2024 1986 2264 2044 istarum
2293 1988 2722 2063 proprietatum,
2745 2009 2863 2046 non

448 2084 588 2122 vero
632 2076 837 2122 natura
878 2064 1094 2122 divina.
1140 2064 1286 2137 Quia
1314 2077 1516 2122 natura
1538 2066 1788 2124 humana
1810 2066 2040 2142 quidem
2085 2067 2246 2142 eguit
2274 2066 2506 2125 dotibus
2534 2069 2763 2126 eximiis
2792 2068 2866 2126 ad

449 2145 840 2220 peragendum
897 2164 1041 2221 opus
1092 2165 1292 2220 suum;
1345 2144 1448 2202 sed
1474 2165 1591 2202 non
1621 2146 2064 2238 proprietatibus
2111 2146 2237 2220 Dei,
2270 2167 2399 2223 quae
2444 2147 2864 2207 destruxissent

449 2225 643 2301 potius
664 2233 927 2283 naturam
958 2225 1264 2282 humanam
1295 2233 1352 2283 et
1381 2224 1438 2281 in
1470 2226 1760 2284 Deitatem
1790 2226 2309 2284 transformassent.

449 2342 638 2392 5.Quia
658 2347 722 2387 sic
744 2347 940 2387 daretur
1064 2304 1253 2363 XIII.
1300 2304 1530 2379 QuintO,
1568 2306 1628 2364 Si
1672 2305 1843 2364 datur
1869 2306 2038 2364 realis
2080 2307 2521 2364 communicatio
2549 2311 2862 2384 proprieta-

512 2379 802 2446 naturarum
834 2416 940 2445 con·
984 2394 1106 2443 tum
1155 2384 1216 2441 in
1266 2385 1574 2460 abstractO,
1608 2385 1839 2444 dabitur
1867 2387 2039 2444 etiam
2068 2396 2397 2444 naturarum
2443 2388 2768 2463 exaequatio
2806 2397 2864 2446 et

510 2461 652 2504 fusio.
975 2464 1250 2538 confusi0‚
1283 2465 1382 2541 qui
1412 2485 1568 2522 error
1594 2465 1816 2542 pridem
1846 2466 1903 2523 in
1936 2467 2199 2542 Eutyche
2230 2467 2533 2525 damnatus
2562 2476 2666 2527 est.
2701 2469 2860 2526 ‚Con-

451 2546 750 2624 sequentia
779 2553 938 2622 patet
967 2564 1040 2602 ex
1071 2545 1288 2602 ratione
1319 2544 1690 2619 confusionis,
1742 2566 1871 2623 quae
1902 2546 1982 2621 fit,
2015 2566 2192 2623 quum
2221 2567 2312 2605 res
2342 2547 2488 2624 duae,
2520 2548 2617 2606 vel
2645 2548 2858 2625 plureS,

452 2646 765 2702 earumque·
780 2625 1156 2702 proprietates
1185 2625 1695 2699 communicantur,
1728 2627 1837 2684 hoc
1860 2635 1963 2700 est,
1989 2647 2320 2686 communes
2338 2627 2499 2686 fiunt.
2548 2629 2667 2687 Nec
2690 2630 2863 2706 juvat

453 2725 726 2782 reponere
757 2724 874 2761 non
920 2703 1046 2761 fieri
1076 2704 1551 2779 exaequationem,
1585 2705 1721 2781 quia
1771 2714 1974 2763 natura
2002 2707 2252 2763 humana
2280 2707 2341 2765 id
2368 2728 2485 2765 non
2513 2709 2687 2767 habet
2716 2730 2750 2767 a
2779 2730 2857 2785 se,

453 2794 518 2843 ut
547 2786 621 2842 sit
650 2785 1075 2859 omnipraesens.
1122 2783 1270 2856 Quia
1299 2791 1362 2841 ut
1405 2784 1626 2860 aliquid
1675 2805 1802 2842 cum
1843 2785 1956 2842 alio
1986 2795 2335 2862 exsequetur,
2366 2807 2480 2845 non
2511 2809 2745 2847 necesse
2774 2799 2862 2848 est

452 2865 514 2922 id
542 2885 615 2922 ex
647 2884 707 2921 se
737 2872 794 2921 et
821 2884 924 2939 per
951 2883 1012 2920 se
1041 2882 1157 2919 non
1208 2883 1333 2920 esse
1363 2864 1583 2939 :equale
1614 2864 1667 2921 ei
1696 2885 1963 2941 >quocum
1992 2874 2344 2942 exaequatur,
2377 2878 2435 2925 et
2464 2868 2654 2945 inepte
2684 2890 2861 2946 oppo-

451 2945 606 3002 nitur
635 2942 1075 3001 communicatio
1121 2944 1508 3020 exaequationi
1557 2953 1616 3002 et
1665 2945 2002 3020 confusioni,
2034 2965 2162 3022 quae
2193 2945 2316 3004 sine
2346 2950 2861 3009 communicatione

450 3025 574 3083 fieri
602 3044 718 3082 non
747 3032 953 3101 potest.
1001 3023 1122 3081 Nec
1167 3044 1419 3100 unquam
1469 3025 1748 3100 auditum,
1781 3045 1849 3083 ea
1891 3045 2019 3101 quae
2040 3026 2164 3102 jam
2195 3034 2328 3085 sunt
2356 3038 2675 3106 exaequata,
2708 3050 2859 3088 exae-

451 3105 632 3183 quari,
665 3106 761 3162 vel
806 3125 935 3181 quae
986 3113 1118 3162 sunt
1163 3105 1416 3178 confusa,
1448 3105 1741 3164 confundi.
1808 3106 1927 3163 Nee
1954 3106 2206 3182 Eutychi
2245 3128 2498 3184 unquam
2529 3110 2857 3185 impactum,

451 3185 608 3263 quod
630 3185 1047 3244 existimaverit
1071 3185 1313 3242 Carnem
1344 3185 1560 3244 Christi
1587 3185 1796 3244 factam
1816 3185 1991 3244 fuisse
2015 3186 2269 3244 divinam
2299 3208 2333 3245 a
2355 3208 2415 3245 se
2446 3196 2504 3246 et
2531 3209 2604 3246 ex
2635 3210 2712 3261 se,
2745 3189 2861 3246 imo

451 3287 523 3325 ne
555 3266 699 3324 illud
730 3265 964 3342 quidem
994 3265 1236 3340 cogitari
1264 3274 1454 3341 potest
1499 3266 1571 3322 ab
1601 3266 1673 3323 iis
1722 3266 1821 3343 qui
1852 3275 1985 3324 sunt
2013 3267 2231 3324 ratione
2261 3267 2484 3343 praediti
2509 3289 2523 3342 ;
2569 3269 2859 3342 quomodo

451 3347 603 3405 enim
632 3346 914 3422 potuisset
941 3343 1062 3401 ficri
1092 3344 1306 3416 divina,
1339 3345 1387 3400 si
1417 3365 1491 3401 ex
1521 3365 1582 3402 se
1612 3345 1810 3402 divina
1831 3346 1953 3421 jam
1984 3345 2184 3404 fuisset
2204 3350 2233 3403 Ρ

1055 3422 1234 3479 XIV.
1283 3424 1480 3497 Sexte,
1533 3424 1595 3480 Si
1649 3424 1803 3482 Unio
1847 3423 1998 3482 facta
2047 3433 2133 3482 est
2175 3422 2471 3481 inconfuse
2501 3432 2558 3480 et
2587 3422 2763 3479 salvis
2792 3442 2859 3481 ac

975 3499 1262 3557 distinctis
1303 3502 1669 3559 manentibus
1712 3502 1931 3559 naturis
1960 3502 2116 3578 ipsis,
2162 3522 2469 3576 earumque
2498 3502 2857 3578 proprietati-

974 3579 1099 3651 bus,
1132 3587 1196 3636 ut
1245 3590 1568 3654 agnoscunt
1616 3581 1946 3654 Lutherani,
1999 3600 2112 3638 non
2141 3592 2332 3658 potest
2361 3581 2419 3637 in
2458 3602 2525 3639 ea
2553 3582 2703 3640 sacta
2732 3603 2858 3642 esse

450 3656 890 3716 communicatio
937 3658 1367 3733 proprietatum.
1415 3659 1562 3716 Nam
1613 3659 1769 3736 quod
1814 3660 2283 3735 communicatur,
2331 3681 2445 3718 non
2496 3672 2687 3721 manet
2728 3684 2858 3740 pro·

447 3738 654 3815 prium.
703 3737 822 3794 Nec
851 3736 967 3795 dici
993 3745 1183 3814 potest
1211 3736 1512 3797 distinctas
1560 3759 1790 3797 manere
1830 3758 2054 3816 semper
2080 3741 2456 3818 proprietates
2485 3743 2621 3819 quia
2649 3743 2858 3803 diviui-

448 3818 553 3877 tati
583 3816 708 3883 ἰδίως
737 3826 795 3875 et
823 3837 924 3895 per
967 3827 1230 3875 naturam
1282 3819 1651 3894 conveniunt,
1697 3819 2039 3878 humanitati
2089 3841 2228 3879 vero
2272 3842 2375 3899 per
2402 3824 2665 3899 gratiam.
2712 3826 2860 3899 Quia

446 3899 861 3975 qualiscunque
911 3897 987 3956 sit
1035 3897 1238 3955 modus
1286 3898 1555 3975 habendi,
1607 3900 1812 3958 volunt
1855 3920 1952 3958 eas
1981 3920 2116 3958 vere
2159 3911 2217 3959 et
2244 3903 2474 3961 realiter
2516 3905 2797 3981 possideri
2825 3927 2860 3963 a

447 3989 650 4037 natura
678 3980 944 4053 humana,
975 3987 1040 4037 ut
1069 3976 1140 4036 de
1190 3998 1258 4035 ea
1295 3977 1552 4056 legitime
1600 3980 1902 4057 praedicari
1950 3981 2188 4058 possint,
2221 3992 2393 4060 atque
2422 3984 2566 4044 adeo
2595 4005 2709 4043 non
2737 4005 2856 4043 rna-

447 4080 583 4119 nere
612 4059 858 4137 amplius
887 4058 1145 4136 proprias
1175 4058 1339 4135 Λᾶγρ.

1054 4139 1198 4198 XV.
1249 4138 1524 4217 Septim0‚
1579 4139 1793 4198 Contra
1833 4141 2357 4217 Omm'praesentiam
2409 4143 2694 4201 Humanae
2738 4144 2855 4201 Na-

972 4227 1114 4278 turae
1146 4219 1356 4278 Christi
1388 4220 1469 4278 sic
1499 4220 1861 4298 disputamus
1886 4244 1901 4280 z
1949 4223 1999 4279 1.
2046 4222 2152 4279 Cui
2180 4242 2296 4280 non
2326 4232 2412 4280 est
2440 4222 2857 4281 communicata

969 4300 1447 4375 omnipraesentia,
1505 4320 1613 4358 nec
1668 4301 1729 4357 in
1777 4310 1929 4359 statu
1972 4301 2413 4375 Exinanitionis,
2459 4321 2563 4359 nec
2613 4302 2672 4358 in
2702 4311 2855 4362 statu

448 4375 850 4448 Exaltationis,
883 4376 969 4435 illi
997 4399 1112 4436 non
1142 4388 1230 4438 est
1258 4380 1518 4438 absolute
1542 4381 1977 4455 communicata,
2010 4381 2144 4457 quia
2186 4380 2300 4439 duo
2329 4389 2548 4439 tantum
2579 4391 2713 4441 sunt
2742 4391 2851 4441 sta-

447 4465 540 4515 tus
571 4456 783 4513 Christi
834 4455 1188 4515 Mediatoris.
1236 4459 1319 4517 At
1369 4460 1428 4515 in
1456 4468 1660 4518 neutra
1701 4460 2121 4518 communicata
2150 4470 2276 4519 est:
2322 4461 2449 4517 Non
2482 4461 2540 4517 in
2570 4463 2855 4522 Exinanz’·

445 4538 605 4610 tione,
638 4537 772 4611 quia
804 4536 1188 4614 Evangelium
1220 4546 1461 4596 testatur
1490 4559 1620 4597 eum
1660 4560 1774 4597 non
1824 4539 1998 4598 fuisse
2046 4541 2275 4617 ubique,
2309 4541 2410 4598 sed
2438 4542 2608 4600 modo
2640 4544 2695 4600 in
2726 4545 2852 4619 hoe,

446 4614 617 4671 modo
666 4616 726 4671 in
754 4615 854 4672 illo
902 4617 1048 4691 loeo,
1101 4626 1158 4675 et
1204 4618 1275 4674 de
1321 4619 1448 4676 loco
1497 4619 1776 4677 inlocum
1820 4620 2111 4695 transisse,
2144 4620 2282 4680 Joh.
2324 4620 2401 4679 vi.
2433 4626 2527 4697 24,
2560 4632 2618 4681 et
2647 4624 2726 4682 xi.
2763 4628 2852 4699 15,

478 3489 523 3533 6.
570 3489 644 3532 Ex
673 3488 931 3544 hypothesi

530 3546 932 3589 Lutheranorum.

444 4198 489 4244 7.
526 4199 930 4257 omniproesentia

504 4258 833 4315 impugnatur.
