3221 5200
253 418 484 467 Qua-:siu
514 398 632 480 tv.]
1254 417 1333 457 ns
1364 417 1516 457 nnus
1545 417 1667 458 nm.
2599 407 2675 462 27

258 560 468 637 ceptis.
550 564 607 618 2.
638 560 733 618 Ex
760 566 925 638 parte
968 560 1209 634 suln'ecti,
1241 558 1400 636 quod
1443 558 1687 618 consilia
1727 558 1803 617 ad
1847 569 2068 620 certum
2112 567 2338 621 tantum
2380 560 2678 621 hominum

181 669 187 675 ·
259 640 525 699 ordinem
553 640 893 717 pertineant,
924 648 1214 717 praecepta
1238 658 1378 698 vero
1405 638 1482 697 ad
1523 659 1726 698 omnes
1769 640 1831 697 in
1857 640 2213 700 universum.
2296 644 2354 701 3.
2386 642 2481 699 Ex
2517 651 2681 718 parte

246 724 484 796 sormoe,
514 739 614 779 seu
642 718 1085 794 observationis,
1115 738 1246 795 quae
1286 718 1348 777 in
1388 719 1648 778 consiliis
1688 720 2005 797 arbitraria,
2035 721 2097 778 in
2139 722 2443 800 praecptis
2487 730 2680 780 autem

262 799 590 859 necessaria
614 801 709 860 sit.
791 803 852 857 4.
896 800 994 857 Ex
1034 808 1196 876 parte
1222 799 1364 878 finis
1406 808 1467 858 et
1508 802 1748 875 effectus,
1779 799 1937 877 quod
1979 801 2171 879 majus
2211 810 2272 860 et
2312 801 2681 894 praestantius

260 880 580 958 praemium,
611 888 754 959 puta
776 880 1063 953 aureolas,
1094 887 1155 938 et
1195 878 1585 938 sublimiorem
1617 879 1910 940 felicitatis
1938 881 2183 959 gradum
2212 881 2526 956 obtineant,
2597 901 2678 940 τω

260 969 680 1038 praeceptomm
708 959 1130 1019 observatione.
1216 959 1381 1018 Licet
1407 979 1547 1018 vero
1589 959 1663 1018 de
1704 980 1943 1020 numero
1984 981 2101 1020 non
2129 962 2508 1036 consentiant,
2539 901 2678 1020 (ξω

263 1040 365 1098 alii
408 1041 594 1118 plura,
637 1041 738 1099 alii
777 1040 1051 1117 pauciora
1092 1057 1222 1097 esse
1250 1038 1494 1114 volunt3
1537 1039 1677 1097 Tria
1717 1048 1912 1098 tamen
1954 1041 2243 1118 praecipua
2286 1049 2437 1117 sunt,
2469 1041 2681 1118 quibus

262 1121 644 1179 monasticam
670 1120 852 1179 vitam
881 1127 1300 1196 superstruunt,
1336 1119 1708 1196 Continentia,
1747 1122 2070 1180 obedientia
2098 1130 2156 1180 et
2184 1123 2523 1197 Paupertas,
2554 1122 2680 1196 qui-

262 1200 377 1258 bus
417 1199 770 1278 respondent
812 1198 925 1258 tria
965 1206 1103 1258 vota
1132 1198 1438 1257 Monachis
1478 1199 1766 1277 imposita,
1795 1201 2159 1260 Continentia
2195 1212 2503 1277 per-petua,
2542 1203 2680 1261 obe-

263 1281 489 1339 dientiae
515 1280 814 1358 reqularis,
846 1289 900 1338 et
923 1279 1257 1349 voluntaria
1282 1279 1670 1355 Paupertatis.

873 1359 960 1417 11.
1025 1358 1349 1418 Orthodoxi
1397 1378 1538 1419 vero
1585 1379 1703 1418 non
1751 1368 1970 1437 negant
2017 1359 2142 1419 dari
2192 1380 2369 1438 opera
2415 1359 2679 1438 quaedam

328 1419 737 1466 Orthodoxorum.
792 1438 1121 1515 adiaphora,
1153 1458 1283 1516 quse
1326 1439 1612 1516 cu‘usque
1639 1438 1878 1498 arbitrio
1993 1441 2333 1500 rmittuntur
2375 1440 2436 1498 in
2487 1440 2680 1519 Scrip-

265 1519 431 1593 turis,
461 1527 523 1578 et
548 1538 793 1596 quorum
821 1527 1087 1594 respectu
1115 1517 1357 1578 consilia
1492 1518 1505 1532 ‘
1551 1528 1795 1596 possunt
1835 1520 1896 1578 in
1984 1519 2124 1579 erbo
2154 1520 2284 1596 Dei,
2316 1540 2445 1597 quse
2474 1539 2509 1578 a
2535 1540 2679 1598 prae·

268 1599 452 1675 ceptis
478 1598 807 1658 necessario
835 1598 1213 1657 observandis
1240 1618 1357 1658 non
1376 1600 1528 1658 male
1550 1598 2022 1676 distinguuntur:
2064 1600 2233 1677 quale
2263 1608 2353 1659 est
2373 1600 2679 1659 consilium

271 1678 441 1736 Pauli
469 1678 540 1737 de
579 1677 860 1738 elocanda
886 1678 984 1738 vel
1024 1698 1143 1738 non
1182 1679 1462 1737 elocanda
1488 1679 1735 1757 virgine,
1772 1682 1799 1737 l
1835 1679 1965 1738 Cor.
1996 1680 2096 1737 vii.
2126 1683 2222 1754 26,
2255 1683 2351 1755 36,
2383 1690 2441 1738 et
2469 1680 2541 1738 de
2570 1700 2680 1740 usu

266 1758 391 1815 vini
438 1767 702 1835 respectu
743 1758 1051 1833 Timothei,
1087 1761 1115 1815 1
1148 1758 1299 1817 Tim.
1328 1779 1386 1817 v.
1422 1762 1514 1833 14,
1560 1759 1665 1817 sed
1705 1778 1835 1836 quae
1877 1759 2018 1817 talia
2058 1759 2190 1835 sint,
2222 1768 2287 1817 ut
2329 1778 2434 1835 per
2461 1779 2522 1817 se
2555 1759 2682 1817 Deo

266 1845 436 1915 grata
462 1858 578 1896 non
606 1838 740 1913 sint,
771 1857 878 1897 nec
903 1857 1136 1915 poenam
1162 1837 1341 1896 ullam
1370 1840 1654 1916 neglecta,
1686 1859 1793 1897 nec
1821 1837 2129 1897 observata
2168 1837 2467 1915 praemium
2496 1839 2681 1896 ullum

264 1926 613 1977 mereantur.
702 1917 819 1976 Sed
863 1926 1083 1994 negant
1129 1917 1255 1975 dari
1302 1917 1443 1976 talia
1485 1918 1730 1978 consilia
1778 1917 1932 1977 circa
1977 1918 2254 1978 moralia:
2301 1926 2502 1995 utpote
2550 1938 2681 1996 qua)

268 1998 481 2057 cadant
509 1998 617 2056 sub
642 2006 995 2076 praeceptum
1011 1998 1251 2135 ‘proprie
1280 1996 1515 2073 dictum,
1547 2017 1664 2056 non
1695 1998 1803 2058 sub
1832 1998 2155 2057 consilium.
2240 1998 2467 2058 Rursus
2495 1997 2682 2081 fatens

268 2086 365 2136 tur
405 2077 639 2136 diversa
679 2085 968 2155 praecepta
1052 2078 1137 2135 ari
1181 2096 1370 2154 posse,
1422 2078 1537 2136 alia
1582 2078 1942 2153 universalia,
1994 2097 2124 2154 quae
2172 2097 2372 2136 omnes
2421 2076 2683 2136 homines

270 2158 396 2217 sine
445 2157 787 2234 exceptione
833 2156 1110 2233 obligent,
1159 2165 1226 2215 ut
1279 2166 1630 2236 praeceptum
1686 2157 1916 2216 amandi
1961 2157 2151 2216 Deum
2200 2165 2260 2216 et
2310 2156 2678 2233 Proximum5

272 2238 415 2295 Alia
440 2238 723 2313 specialia,
754 2256 883 2314 quae
911 2236 1083 2295 certis
1110 2236 1372 2313 personis
1398 2237 1460 2294 in
1483 2245 1641 2296 certo
1663 2245 1817 2296 statu
1837 2246 1897 2295 et
1917 2237 2055 2295 vitae
2077 2256 2288 2314 genere
2310 2236 2680 2312 conveniunt,
2705 2292 2710 2293 ff

272 2317 472 2393 qualia
498 2324 630 2376 sunt
667 2317 855 2376 officia
883 2316 1281 2393 Magistratus,
1314 2315 1522 2390 Patris,
1553 2315 1702 2391 Viri,
1733 2325 1793 2375 et
1821 2316 2064 2393 similia;
2114 2316 2252 2374 Alia
2267 2318 2522 2394 pn‘vata,
2553 2336 2684 2394 quaa

274 2396 540 2473 personis
565 2395 905 2473 quibusdam
927 2395 1321 2473 singularibus
1349 2396 1738 2472 imponuntur,
1770 2396 1940 2473 quale
1969 2396 2079 2455 fuit
2105 2406 2456 2474 praeceptum
2484 2397 2684 2455 datum

277 2476 336 2533 N
338 2476 522 2534 oacho
549 2496 735 2535 arcam
776 2475 1113 2551 fabricandi,
1144 2483 1204 2534 et
1231 2474 1568 2534 Abrahamo
1609 2475 1852 2535 tollendi
1892 2475 2094 2535 filium.
2180 2476 2298 2535 Sed
2324 2484 2543 2553 negant
2568 2476 2691 2535 ulla

271 2575 347 2616 ex
378 2556 506 2616 istis
535 2557 643 2616 sub
670 2555 975 2616 consilium
1004 2555 1226 2631 cadere,
1259 2574 1390 2615 cum
1420 2574 1693 2635 expresse
1721 2554 2084 2617 mandentur.

879 2637 999 2695 ΙΙΙ.
1043 2635 1301 2711 Quoestio
1328 2655 1468 2714 ergo
1496 2656 1565 2696 eo
1592 2636 1745 2695 redit
1769 2659 1783 2696 z
1827 2636 1926 2694 An
1954 2637 2016 2694 in
2046 2636 2373 2714 Evangelio
2414 2636 2677 2696 additum

799 2716 876 2776 sit
904 2716 1141 2794 aliquid,
1172 2736 1290 2775 non
1316 2736 1420 2793 per
1445 2717 1680 2775 modum
1710 2717 2000 2794 praecepti,
2032 2716 2136 2780 sed
2163 2737 2265 2795 per
2284 2716 2519 2776 modum
2549 2737 2685 2777 con·

800 2795 933 2870 silii,
963 2816 1081 2854 non
1108 2795 1262 2854 circa
1288 2796 1620 2874 adiaphora,
1653 2796 1755 2856 sed
1797 2796 1953 2855 circa
1977 2797 2235 2872 moralia,
2265 2817 2382 2857 non
2420 2807 2686 2875 respectu

272 2875 546 2951 omnium,
578 2876 682 2935 sed
723 2875 1082 2952 quorundam
1110 2884 1352 2950 tantum,
1395 2896 1512 2934 non
1546 2877 1621 2934 ad
1655 2876 2062 2954 perfectionem
2102 2885 2325 2936 tantum
2370 2877 2685 2936 Christian·

270 2955 418 3032 ismi,
466 2955 571 3014 sed
612 2955 687 3014 ad
727 2955 1123 3032 perfectiorem
1151 2955 1437 3032 quendam
1468 2964 1681 3015 statum
1711 2955 2105 3030 obtinendum,
2137 2963 2195 3015 et
2223 2957 2427 3016 merita
2455 2976 2685 3034 supere-

272 3036 590 3112 rogationis
619 3034 981 3094 stabilienda.
1065 3033 1375 3094 Affirmant
1401 3034 1761 3108 Adversarii,
1794 3035 1917 3094 Nos
1943 3055 2243 3113 negamus.

279 3147 430 3194 Nun·
457 3150 564 3194 dari
606 3151 759 3195 consi-
884 3115 994 3175 IV.
1038 3116 1319 3174 Rationes
1345 3122 1513 3190 sunt,
1548 3117 1601 3171 1.
1635 3114 1783 3187 Quia
1822 3114 2046 3172 nullum
2087 3114 2258 3172 datur
2285 3133 2431 3191 opus
2471 3114 2686 3173 morale

335 3208 760 3325 &lanula-angelica
798 3192 1032 3333 borggm,
1063 3194 1377 3332 quoddnpn
1408 3193 1880 3330 {ontineatutrmiln
1903 3191 2329 3330 Legefinorali,t
2341 3202 2519 3328 atquel
2542 3193 2688 3329 adgo

275 3351 630 3411 solutissima
657 3292 1235 3413 omniqsurectiptgldigis
1257 3294 1322 3412 zt
1347 3291 1747 3430 ῗθῆἔέἒιξιῗιξ,
1785 3359 1844 3411 et
1866 3290 2690 3429 ,nsffimpgffilpesmrzffieztaad

273 3432 684 3509 perfectionem
713 3434 986 3492 moralem
1024 3433 1277 3492 hominis
1306 3433 1700 3510 cujuscunque
1731 3432 1808 3491 sit
1835 3430 2068 3509 graduS,
2096 3430 2256 3507 quod
2283 3451 2399 3490 non
2427 3431 2686 3490 includa-

272 3522 368 3570 tur
407 3511 469 3569 in
511 3531 706 3570 amore
738 3511 847 3571 Dei
889 3523 949 3572 et
988 3513 1257 3591 proximi.
1320 3516 1378 3571 2.
1423 3511 1572 3586 Quia
1614 3510 1890 3590 quicquid
1926 3511 2081 3570 cadit
2126 3511 2234 3569 sub
2278 3511 2583 3570 consilium
2627 3511 2689 3570 in

272 3591 448 3650 rebus
476 3591 808 3666 moralibus,
840 3592 996 3652 cadit
1023 3593 1195 3651 etiam
1221 3591 1329 3651 sub
1350 3599 1733 3668 pracceptum3
1779 3591 1930 3650 Nam
1951 3589 2109 3668 quod
2138 3591 2298 3649 Deus
2320 3592 2586 3668 consulit,
2619 3611 2689 3650 eo

271 3672 400 3748 ipso
443 3671 723 3747 imperat:
769 3671 942 3732 Unde
973 3672 1210 3731 Prover.
1254 3672 1292 3730 i.
1334 3674 1429 3746 30,
1464 3672 1606 3729 Luc.
1636 3670 1738 3729 vii.
1770 3672 1866 3745 30,
1899 3669 2036 3729 Act.
2065 3691 2168 3728 xx.
2199 3675 2295 3744 2⁷,
2329 3670 2572 3748 Apocal.
2604 3672 2685 3730 iii.

277 3754 369 3826 18,
401 3751 691 3808 consilium
730 3770 835 3828 pro
875 3752 1149 3811 mandato
1189 3751 1439 3828 ponitur.
1504 3753 1560 3808 3.
1604 3749 1754 3823 Quia
1781 3749 2057 3826 quicquid
2099 3750 2173 3807 ad
2213 3750 2464 3808 hominis
2493 3751 2686 3809 Chris-

273 3830 416 3888 tiani
443 3829 855 3906 perfectionem
882 3830 1038 3907 facit,
1068 3850 1187 3889 non
1217 3829 1490 3888 suadetur
1516 3836 1759 3904 taum,
1790 3830 1889 3887 vel
1916 3828 2363 3902 commendatur,
2397 3829 2498 3887 sed
2527 3849 2687 3886 man-

270 3908 446 3967 datur
471 3928 509 3966 a
536 3909 784 3984 Christe,
815 3912 1011 3969 Estote
1027 3911 1284 3987 perfecti,
1314 3918 1378 3968 ut
1401 3910 1582 3967 Pater
1605 3917 1786 3967 vester
1812 3917 1892 3966 est
1920 3912 2226 3984 perfectus,
2258 3908 2471 3966 Matth.
2498 3928 2557 3965 v,
2588 3910 2685 3967 48.

270 3993 329 4046 4.
377 3987 528 4063 Quia
567 4007 699 4064 quse
743 4009 851 4065 pro
890 3989 1151 4048 consiliis
1194 3987 1568 4064 Evangelio-is
1610 3987 2013 4062 obtruduntur,
2057 3987 2154 4045 vcl
2199 3986 2259 4042 in
2301 3986 2499 4044 Verbo
2542 4005 2687 4062 prae-

272 4077 442 4144 cepta
487 4075 639 4141 sunt,
671 4069 861 4144 qualis
903 4076 992 4128 est
1029 4069 1264 4128 dilectio
1306 4067 1541 4141 inimici,
1587 4067 1801 4124 Matth.
1830 4087 1888 4124 v.
1919 4070 2032 4140 443
2080 4067 2248 4123 Rom.
2278 4065 2382 4123 xii.
2414 4068 2526 4139 203
2574 4065 2685 4123 Pa·
2724 4109 2737 4121 .

269 4147 477 4205 tientia
504 4146 747 4223 injurioe,
775 4147 986 4207 Matth.
1009 4168 1067 4207 v.
1092 4151 1204 4223 39;
1239 4147 1505 4222 Castitas,
1520 4145 1619 4205 vel
1647 4145 1820 4204 etiam
1844 4145 2179 4220 Coelibatus,
2212 4145 2263 4203 si
2291 4144 2443 4203 adsit
2471 4143 2686 4202 donum

267 4226 662 4301 continentioe,
714 4236 775 4285 et
810 4246 886 4286 ex
928 4227 1123 4304 aliqua
1165 4246 1339 4286 causa
1380 4226 1720 4303 requiratur,
1756 4228 1786 4283 1
1821 4224 2078 4283 Corinth.
2109 4225 2190 4282 ix.
2221 4227 2296 4297 53
2341 4223 2688 4282 Voluntaria

274 4306 595 4383 Paupertas
636 4315 871 4383 propter
899 4307 1189 4367 Christum
1220 4314 1280 4365 et
1308 4305 1715 4382 Evangelium,
1759 4303 1901 4362 Luc.
1931 4304 2054 4362 xiv.
2087 4306 2197 4378 33;
2244 4302 2388 4360 Mat.
2419 4302 2541 4361 xvi.
2572 4307 2686 4364 24:

270 4385 386 4444 Vel
415 4393 586 4444 extra
613 4384 873 4444 Verbum
902 4387 1235 4463 excogitata
1262 4394 1397 4445 sunt
1435 4385 1508 4443 ab
1551 4383 1917 4459 hominibus3
1961 4392 2020 4442 et
2056 4403 2172 4441 non
2201 4382 2372 4439 aliam
2409 4382 2691 4442 rationem

266 4465 483 4523 habere
512 4473 775 4542 possunt,
806 4484 979 4541 quam
1007 4466 1199 4525 cultus
1227 4464 1576 4539 voluntarii;
1621 4469 1687 4522 ut
1720 4464 2046 4524 obedientia
2087 4462 2384 4539 requlartb,
2428 4482 2558 4539 quae
2599 4483 2687 4522 re-

268 4553 496 4623 pugnat
534 4544 811 4619 libertati,
842 4544 903 4602 in
931 4564 1046 4621 qua
1086 4564 1194 4604 nos
1238 4543 1506 4603 Christus
1533 4543 1851 4617 constituit,
1885 4541 2079 4600 Galat.
2109 4562 2167 4600 v.
2203 4544 2253 4615 l,
2285 4550 2343 4601 et
2371 4543 2688 4601 secundum

267 4644 444 4700 quam
473 4643 591 4682 non
614 4623 895 4683 debemus
915 4624 1163 4701 amplius
1172 4625 1317 4703 fier-1
1338 4623 1488 4682 servi
1511 4623 1810 4698 hominum,
1839 4625 1870 4679 1
1897 4622 2026 4680 Cor.
2050 4621 2151 4681 vii.
2175 4625 2251 4680 23
2277 4642 2292 4698 3
2339 4623 2693 4682 Continentia

261 4713 567 4781 perpetua,
598 4702 739 4780 quia
778 4712 1025 4765 testatur
1066 4704 1331 4763 Christus
1373 4702 1518 4761 illud
1567 4702 1784 4762 donum
1832 4721 1948 4759 non
1989 4719 2116 4762 esse
2157 4701 2433 4780 cujusvis,
2480 4701 2691 4764 Matth.

337 2702 508 2749 Status
531 2702 698 2752 Qua!-

446 2762 613 2806 tionis.
