3221 5200
466 305 582 360 344
1276 314 1455 356 Locus
1484 315 1743 357 nscmus
1771 315 2060 365 omarus.
2534 297 2791 382 [Qufflsr.
2822 318 2882 360 v.

548 460 799 520 XVIII.
845 460 1002 517 Loca
1028 458 1168 518 Job.
1202 477 1256 514 v.
1292 461 1342 532 1,
1375 467 1431 515 et
1461 458 1584 516 xix.
1643 462 1739 533 21,
1790 468 1848 518 et
1897 460 2107 518 xxxiii.
2154 464 2249 536 23,
2302 460 2494 520 Exod.
2544 462 2734 520 xxxii.
2788 465 2882 537 13,

467 543 642 600 Zach.
674 541 710 599 i.
745 545 837 615 12,
870 541 1058 615 Apoc.
1091 538 1210 596 viii.
1262 541 1316 611 3,
1370 537 1514 595 Tob.
1567 538 1691 612 xii„
1715 560 1844 616 quae
1867 540 1960 598 hic
1983 539 2297 600 afferuntur
2319 562 2421 618 pro
2461 542 2883 601 Intercessione

470 625 828 695 Sanctorum,
890 619 1042 677 Vide
1072 618 1333 675 discussa
1358 617 1494 676 Loc.
1525 639 1582 675 v.
1613 619 1684 676 de
1716 621 1980 697 Angelis,
2015 623 2083 696 Q.
2114 623 2195 680 ix.
2226 630 2283 680 et
2314 622 2450 680 Loc.
2475 623 2535 681 ii.
2566 622 2635 697 Q.
2668 628 2722 682 7.

549 702 738 760 XIX.
783 700 966 760 Aliud
984 709 1072 758 est
1093 718 1254 756 orare
1273 699 1331 754 in
1355 719 1565 774 genere
1584 720 1687 776 pro
1707 701 1986 775 Ecclesia,
2035 702 2213 760 Aliud
2238 723 2341 779 pro
2364 703 2626 779 singuliS.
2673 703 2884 777 Quam-

465 783 557 840 vis
590 782 788 842 Sancti
816 788 1045 841 orarent
1071 779 1130 836 in
1176 798 1388 855 genere
1434 799 1539 855 pro
1586 780 1850 839 Ecclesia
1897 782 2199 857 militante,
2246 803 2419 859 quam
2465 784 2656 843 sciunt
2698 784 2887 841 adhuc

465 864 650 941 premi
676 864 749 921 ab
782 859 1167 929 Adversariis,
1200 870 1258 917 et
1285 859 1498 936 exponi
1528 860 1705 917 variis
1724 863 2151 936 certaminibuS,
2185 863 2232 920 N
2239 884 2312 921 on
2335 871 2672 938 sequeretur
2692 863 2887 922 statim

466 945 563 1002 vel
591 964 752 1003 orare
779 962 883 1020 pro
913 939 1174 1016 singulis,
1205 960 1447 1016 quorum
1476 942 1849 1000 necessitates
1878 952 1936 1000 et
1962 963 2161 1019 preces
2188 964 2304 1001 non
2332 952 2559 1018 norunt,
2618 945 2713 1002 vel
2761 963 2890 1002 esse

466 1024 722 1101 ipsorum
751 1021 1122 1094 MediatoreS,
1153 1020 1253 1097 qui
1280 1029 1339 1078 ct
1365 1020 1634 1097 precibus
1661 1029 1720 1080 et
1747 1022 1966 1081 meritis
1995 1023 2114 1082 suis
2142 1025 2388 1100 gratiam
2418 1024 2532 1082 Dei
2578 1024 2695 1082 illis
2740 1023 2887 1083 obti-

467 1113 660 1162 neant.

549 1183 704 1242 XX.
749 1182 960 1257 Locus,
990 1185 1025 1240 2
1059 1181 1321 1240 Maccab.
1352 1200 1476 1258 cap.
1506 1201 1607 1240 xv.
1636 1201 1758 1240 ver.
1807 1185 1897 1257 14,
1942 1182 2043 1241 ubi
2090 1185 2134 1242 J
2139 1184 2284 1243 udas
2330 1184 2542 1243 dicitur
2581 1184 2798 1243 vidisse
2827 1184 2889 1242 in

468 1264 692 1323 visione
721 1262 926 1322 Oniam
960 1261 1298 1321 Pontificem
1326 1270 1385 1319 et
1412 1261 1454 1320 J
1458 1261 1746 1337 eremium,
1779 1263 1878 1339 qui
1901 1263 2025 1340 jam
2054 1263 2331 1337 obierant,
2364 1275 2592 1323 orantes
2634 1284 2738 1341 pro
2786 1285 2885 1342 po—

467 1345 605 1422 pulo
633 1346 675 1404 J
682 1342 993 1418 udaeorum,
1037 1362 1152 1402 non
1182 1350 1373 1418 potest
1412 1342 1622 1418 juvare
1671 1341 2075 1402 Adversarios.
2125 1348 2177 1401 1.
2242 1344 2390 1417 Quia
2439 1344 2616 1402 Liber
2663 1345 2771 1403 iste
2800 1351 2890 1402 est

474 1424 882 1502 ApocryphuS‚
914 1432 972 1481 et
1014 1421 1226 1481 fabulis
1275 1420 1535 1495 refertus,
1587 1422 1833 1480 testibus
1863 1423 2004 1499 ipsis
2055 1424 2391 1496 l’ontifieiis,
2442 1434 2501 1481 et
2549 1424 2889 1483 nominatim

470 1504 705 1564 Gelasio
738 1505 914 1580 Papa,
946 1503 1097 1561 Dist.
1121 1522 1222 1559 xv.
1244 1500 1478 1575 Canon.,
1504 1502 1719 1559 Sancta
1739 1505 2023 1576 Romana,
2043 1503 2144 1561 ubi
2161 1503 2414 1562 admittit
2436 1504 2621 1562 solum
2639 1503 2888 1580 primum

468 1585 750 1659 Maccab.,
771 1593 829 1643 et
846 1583 1032 1660 rejicit
1059 1581 1391 1641 secundum.
1424 1585 1478 1638 2.
1513 1581 1703 1640 Locus
1714 1583 1919 1657 probat
1940 1590 2161 1642 tantum
2184 1603 2345 1642 orare
2372 1585 2615 1642 Sanctos
2635 1583 2695 1641 in
2716 1604 2891 1659 gene·

467 1685 546 1740 re,
579 1686 695 1723 non
724 1663 1021 1741 sigillatim
1051 1664 1126 1721 ad
1154 1662 1387 1720 modum
1419 1661 1825 1720 Mediatorum.
1871 1667 1926 1723 3.
1960 1663 2249 1721 Pontificii
2277 1664 2388 1740 ipsi
2438 1664 2642 1722 volunt
2687 1664 2891 1722 Patres

469 1755 601 1804 ante
630 1755 871 1804 mortem
903 1744 1115 1802 Christi
1144 1741 1321 1801 fuisse
1350 1741 1538 1800 adhuc
1566 1741 1627 1799 in
1659 1741 1865 1800 Limbo
1893 1742 2160 1802 exclusos
2190 1763 2223 1800 a
2252 1743 2396 1803 facie
2426 1744 2555 1819 Dei,
2607 1764 2747 1821 ergo
2775 1763 2892 1802 non

467 1826 707 1885 idoneos
735 1826 809 1883 ad
838 1824 1115 1883 orandum
1145 1844 1249 1899 pro
1277 1822 1424 1880 aliie.

551 1907 741 1964 XXI.
790 1907 1027 1966 Clamor
1054 1904 1393 1976 animarum,
1425 1922 1550 1979 quae
1575 1904 1821 1961 sumsuh
1845 1903 2055 1978 Alteri,
2078 1904 2267 1981 Apoc.
2298 1905 2376 1964 vi.
2402 1907 2457 1981 9,
2493 1907 2585 1980 10,
2618 1924 2733 1963 non
2763 1924 2887 1981 per·

467 1987 615 2046 tinet
641 1987 718 2045 ad
748 1985 1226 2045 Intercessionem
1269 2004 1372 2061 pro
1417 1982 1564 2055 aliis,
1597 1983 1701 2041 sed
1730 1984 1804 2041 ad
1832 2003 2034 2060 preces
2063 2004 2166 2061 pro
2197 1985 2423 2062 seipsis.
2509 1986 2643 2043 Non
2667 1985 2884 2058 dicunt,

470 2067 659 2141 Quare
688 2087 805 2126 non
834 2067 1046 2125 liberas
1076 2065 1277 2123 fratres
1308 2073 1535 2122 nostros
1561 2066 1590 2121 Ρ
1619 2063 1738 2138 sed,
1776 2065 1975 2132 Quare
2003 2085 2114 2122 non
2132 2066 2387 2124 vindicas
2413 2066 2741 2141 sanquinem
2762 2085 2880 2124 nos·

475 2158 623 2206 trum
647 2151 675 2207 3
760 2148 880 2205 Nec
927 2145 1154 2223 proprie
1183 2145 1356 2203 debet
1385 2144 1650 2219 intelligi,
1694 2164 1826 2202 cum
1872 2144 2192 2204 animarum
2238 2166 2355 2205 non
2384 2146 2459 2205 sit
2487 2147 2751 2219 clamare,
2785 2145 2887 2203 sed

475 2228 803 2305 allegorice,
834 2237 899 2286 ut
928 2236 1159 2285 notetur
1186 2224 1535 2284 desiderium
1565 2225 1810 2284 extremi
1832 2224 2039 2302 judicii
2062 2234 2119 2283 et
2141 2226 2591 2300 resurrectionis,
2612 2236 2678 2285 ut
2704 2225 2891 2283 voluit

473 2308 749 2367 Ambros.
783 2316 841 2367 et
871 2308 1044 2365 Bern.
1081 2307 1263 2365 Serm.
1295 2309 1349 2380 3,
1388 2305 1448 2363 in
1480 2305 1656 2363 Festo
1686 2305 1941 2363 omnium
1988 2305 2348 2380 Sanctorum,
2379 2306 2477 2365 vel
2504 2306 2890 2364 manifestatio

471 2389 750 2466 nequitiae
780 2398 1153 2464 tyrannorum
1187 2407 1221 2443 a
1277 2385 1404 2443 Deo
1445 2385 1652 2443 merito
1696 2385 2020 2462 puniendae,
2072 2394 2130 2444 et
2178 2386 2521 2446 innocentiae
2568 2388 2892 2463 Martyrum

474 2469 861 2546 praemiandae,
894 2478 957 2527 ut
987 2467 1124 2525 alibi
1154 2486 1272 2524 vox
1303 2464 1602 2540 sanguinis
1647 2465 1855 2523 Abelis
1897 2465 2142 2524 clamare
2187 2465 2398 2527 dicitur
2425 2467 2496 2524 dc
2526 2476 2692 2540 terra,
2741 2467 2889 2525 Gen.

475 2550 575 2623 iv„
609 2551 745 2626 quia
774 2568 927 2607 mors
956 2557 1015 2606 et
1043 2545 1232 2604 caedes
1262 2545 1585 2621 Martyrum
1630 2564 1856 2622 semper
1904 2564 2103 2603 recens
2137 2565 2327 2604 coram
2361 2546 2504 2621 Dec,
2531 2546 2775 2625 justitiae
2804 2546 2891 2604 di·

479 2629 634 2687 vinae
664 2629 979 2687 vindictam
1012 2626 1254 2701 flagitat,
1285 2633 1351 2683 ut
1381 2624 1648 2700 Lyranus
1677 2624 1964 2682 observat.

556 2709 781 2765 XXII.
827 2705 884 2764 A
907 2705 1175 2782 precibus
1196 2703 1412 2762 mutuis
1438 2703 1774 2775 viventium,
1806 2703 1881 2761 ad
1912 2722 2107 2779 preces
2138 2703 2539 2763 defunctorum
2560 2725 2665 2782 pro
2688 2706 2890 2764 viven-

476 2788 633 2847 tibus
661 2807 778 2845 non
805 2787 964 2844 valet
993 2786 1239 2860 Conseq.
1324 2782 1473 2857 Quia
1500 2782 1651 2840 inter
1680 2782 1810 2841 illos
1839 2782 2008 2841 datur
2035 2792 2235 2842 mutua
2264 2784 2575 2843 officiorum
2606 2794 2666 2844 et
2693 2805 2889 2844 neces-

475 2869 709 2927 sitatum
729 2865 1071 2938 communiO,
1097 2863 1248 2922 inter
1274 2872 1531 2920 mortuos
1550 2872 1608 2921 et
1636 2862 1902 2922 viventes
1930 2862 2109 2922 nulla.
2197 2865 2325 2923 111ae
2346 2865 2405 2923 in
2432 2866 2728 2943 Scriptura
2749 2887 2891 2943 prae-

475 2948 770 3025 cipiuntur
813 2954 872 3006 et
919 2945 1265 3019 laudantur;
1311 2942 1415 3002 sed
1452 2942 1577 3001 istae
1625 2962 2007 3020 nequaquam.
2093 2943 2215 3003 Nec
2259 2946 2534 3023 perfectio
2578 2947 2891 3021 charitatiS,

477 3049 593 3107 qua
624 3027 821 3088 Sancti
850 3026 1049 3087 donati
1078 3035 1228 3102 sunt,
1260 3024 1398 3084 facit
1425 3032 1491 3084 ut
1518 3033 1685 3083 orent
1712 3023 2012 3103 sigillatim
2041 3044 2146 3106 pro
2175 3027 2360 3103 nobis,
2391 3026 2528 3104 quia
2556 3026 2616 3085 id
2644 3048 2759 3085 non
2788 3027 2899 3088 fert

478 3110 607 3189 ejus
630 3110 764 3168 vitae
795 3108 1067 3170 conditio,

1436 3351 1825 3426 QUAEsTIO
1869 3352 1945 3409 v.

1221 3528 1298 3566 m:
1340 3528 1595 3567 'rurrmcr
1640 3528 1873 3567 omen»
1914 3527 2166 3566 cnms'rr.

770 3670 892 3729 Cur
923 3669 1177 3728 Chr-istm
1204 3666 1497 3726 hlediator
1524 3667 1736 3743 tripleae
1761 3669 1974 3725 Munus
1998 3667 2269 3725 sustinere
2296 3667 2546 3725 debuerit
2573 3668 2601 3724 ‚¹

492 3871 533 3922 Q
578 3873 623 3916 ‘d
704 3874 739 3915 ‚t
783 3871 833 3916 Μ
1095 3828 1146 3887 Ι.
1191 3828 1409 3887 Munus
1439 3826 1653 3886 Christi
1682 3826 1828 3884 nihil
1864 3827 2021 3885 aliud
2065 3837 2169 3901 est,
2215 3846 2385 3904 quam
2431 3826 2712 3886 Mediatio
2756 3828 2904 3886 inter

542 3885 969 3977 ffiedifftorrulllms
1014 3910 1202 3969 Deum
1232 3917 1292 3968 et
1317 3906 1597 3981 homines,
1619 3907 1694 3965 ad
1721 3928 1892 3984 quam
1922 3906 2309 3985 peragendam
2338 3907 2551 3966 missus
2579 3928 2614 3965 a
2644 3908 2813 3967 Patre
2844 3909 2901 3965 in

542 3989 730 4037 Christi
753 3990 771 4033 3
1014 3990 1312 4065 mundum,
1343 3998 1403 4048 et
1429 4008 1533 4066 per
1558 3988 1835 4065 Spiritum
1863 3989 2137 4047 Sanctum
2155 3996 2365 4046 unctus
2393 3987 2519 4046 fuit.
2604 3988 2899 4065 Complec-

484 4069 626 4128 titur
664 4088 831 4127 omne
861 4068 918 4127 id
947 4071 1105 4149 quod
1147 4071 1411 4129 Christus
1453 4089 1527 4127 ex
1570 4087 1676 4126 sua
1719 4068 1999 4127 Missione
2028 4079 2086 4128 et
2114 4068 2434 4127 Vocatione
2477 4067 2677 4127 debuit
2718 4068 2902 4126 facere

487 4169 627 4243 erga
656 4150 851 4243 Deum·
874 4150 1172 4288 oflt'lensum,
1204 4160 1263 4211 et
1283 4149 1544 4209 homines
1574 4147 1948 4225 offendenteS,
1981 4149 2096 4207 illis
2124 4148 2579 4224 reconciliandis,
2611 4156 2669 4206 et
2698 4149 2902 4207 iterum

488 4249 547 4286 m
795 4249 830 4286 n
891 4250 927 4286 n
1026 4278 1040 4292 .

489 4239 726 4393 utet-,oze
754 4251 1021 4392 1:⁸43„oe
1091 4312 1176 4369 II.
1221 4309 1519 4370 Institutio
1547 4309 1715 4369 istius
1746 4309 2007 4367 Muneris
2034 4311 2220 4368 tribus
2241 4308 2600 4386 potissimum
2631 4308 2907 4385 gradibus

577 4361 871 4476 ‘lutetiae
1000 4391 1339 4451 absolvitur.
1373 4391 1421 4450 1.
1466 4391 1964 4449 Praedestinatione
1995 4389 2225 4463 Christi,
2258 4394 2313 4449 2.
2360 4389 2507 4465 Ejus
2538 4390 2822 4461 Missiom,
2848 4392 2905 4448 3.

522 4471 560 4509 ¹·
593 4463 907 4511 Praedestma-
1014 4472 1328 4532 Vocatione.
1376 4471 1604 4529 Primus
1626 4470 1840 4548 gradus
1862 4478 1951 4529 est
1974 4470 2030 4526 in
2055 4481 2269 4529 aeterna
2285 4469 2622 4527 Mediator-12⁹
2644 4468 2906 4526 Proedes-

685 4525 817 4578 u⁰¹²³
1000 4553 1281 4626 tinctione,
1325 4571 1429 4629 per
1469 4571 1642 4629 quam
1681 4552 1836 4608 Deus
1868 4550 2081 4607 Filium
2114 4569 2280 4609 suum
2311 4550 2371 4607 in
2397 4548 2776 4608 Mediatorem
2816 4569 2907 4609 se-
