3221 5200
529 357 645 416 348
1341 370 1524 412 Locus
1554 369 1813 411 nscums
1841 367 2131 417 Quas-rus.
2573 343 2821 425 [qums-r.
2852 362 2938 401 vr.

523 518 726 575 Altare
786 513 1131 588 SacerdotiS,
1189 513 1249 571 in
1299 533 1414 590 quo
1460 533 1521 571 se
1575 512 1638 570 in
1677 511 1974 570 victimam
2006 511 2132 568 Deo
2155 507 2381 582 obtulit,
2413 515 2502 566 est
2529 506 2702 564 etiam
2731 504 2941 562 Schola

523 598 840 672 Prophetae,
872 595 932 652 in
960 615 1075 671 qua
1103 613 1210 651 nos
1258 593 1428 653 docet
1455 593 1792 670 mysterium
1844 591 2065 663 salutis,
2095 589 2250 648 unde
2280 587 2667 664 Evangelium
2697 592 2942 643 vocatur

525 677 788 735 Verbum
818 676 1036 750 Crucis,
1084 675 1162 734 Et
1207 676 1541 750 Trophoeum
1587 673 1777 749 Reqis,
1822 672 1882 730 in
1911 691 2026 748 qua
2054 670 2177 729 scil.
2208 667 2587 746 triumphavit
2614 667 2686 724 de
2717 663 2939 722 Princi-

523 757 757 835 patibus
785 764 844 815 et
867 755 1277 829 Potestatibus,
1304 755 1426 813 Col.
1447 754 1507 813 ii.
1544 757 1635 811 15.
1720 753 2095 829 Evanqelium
2122 760 2203 809 est
2227 752 2355 808 Lex
2402 749 2717 823 Prophetoe,
2765 745 2844 837 Is.
2876 743 2937 801 ii.

524 843 580 911 2,
607 841 661 913 3,
693 839 988 913 Sceptrum
1014 836 1204 912 Reqis,
1238 835 1394 893 Psal.
1423 855 1517 895 cx.
1542 839 1596 908 2,
1635 833 1877 893 Gladius
1898 833 2234 906 Sacerdotis,
2260 850 2375 908 quo
2401 836 2665 907 penetrat
2701 825 2775 884 ad
2804 833 2942 883 inti·

524 938 649 976 mas
676 917 868 976 cordis
895 916 1230 989 divisiones,
1264 915 1417 974 Heb.
1448 915 1528 973 iv.
1563 918 1655 988 12,
1686 923 1745 972 et
1775 913 1996 987 Altare,
2028 912 2122 970 eui
2150 910 2367 988 imponi
2395 909 2568 967 debet
2596 905 2942 965 sacrificium

525 998 662 1056 fidei
711 1006 941 1056 nostrae.
987 996 1081 1055 Ita
1130 995 1396 1072 Spiritus,
1428 995 1530 1072 qui
1576 1003 1643 1053 ut
1695 994 1961 1071 Spiritus,
2013 992 2322 1070 Sapientiae
2367 999 2457 1048 est
2510 987 2749 1047 effectus
2795 986 2941 1043 Pro·

521 1079 751 1156 phetiae,
782 1086 846 1135 ut
878 1076 1127 1153 Spiritus
1154 1076 1566 1134 consolationis
1592 1083 1684 1134 est
1710 1074 1931 1134 fructus
1976 1072 2313 1147 Sacerdotii,
2359 1078 2426 1130 ut
2476 1069 2726 1147 Spiritus
2768 1066 2941 1125 robo—

521 1159 601 1215 ris
631 1165 689 1216 et
716 1156 917 1236 gloriae
946 1165 1034 1215 est
1066 1155 1245 1233 Regis
1273 1156 1508 1215 donum.

1448 1393 1838 1470 QUAEs‘mo
1900 1393 2015 1453 v1.

519 1557 614 1613 An
645 1554 899 1615 Christus
927 1564 1126 1631 raptus
1135 1554 1322 1628 fixerit
1347 1555 1405 1613 in
1436 1554 1651 1613 Caelum
1686 1562 1817 1613 ante
1864 1554 2180 1612 inchoatum
2212 1553 2501 1628 publicum
2540 1546 2941 1624 MIm'stcv-t‘um,

1006 1645 1069 1693 ut
1095 1636 1171 1693 ibi
1193 1655 1232 1694 a
1261 1639 1434 1692 Patre
1463 1637 1759 1693 doceretur
1777 1637 1806 1693 P
1848 1633 1997 1710 Neg.
2022 1656 2037 1710 ;
2068 1642 2269 1691 contra
2297 1632 2485 1690 Socin.

552 1837 728 1883 Status
801 1835 974 1886 Quaes-
1130 1795 1179 1853 Ι.
1227 1793 1526 1853 Sententia
1574 1792 2032 1867 Socinianorum,
2062 1801 2128 1851 ut
2172 1812 2298 1851 eam
2328 1789 2624 1868 explicant
2655 1788 2945 1848 Smalcius

666 1897 831 1942 tionis.
1045 1875 1117 1933 de
1150 1875 1468 1933 Divinitate
1525 1873 1759 1947 Christi,
1818 1893 1942 1950 cap.
1990 1873 2069 1931 iv.
2103 1871 2369 1932 Ostorod.
2414 1869 2608 1929 Instit.
2639 1890 2784 1947 cap.,
2819 1869 2942 1927 xvi.

1047 1956 1280 2015 Catech.
1308 1954 1494 2013 Rako,
1515 1955 1587 2013 de
1612 1954 1957 2032 Prophetico
1980 1952 2194 2011 Christi
2225 1953 2483 2024 Munere,
2508 1959 2614 2025 est,
2648 1950 2945 2009 Christum

519 2049 719 2118 utpote
769 2037 987 2096 nudum
1037 2037 1347 2110 hominem,
1396 2035 1560 2093 initio
1610 2034 1812 2092 rudem
1862 2042 1920 2092 et
1965 2033 2231 2110 ignarum
2260 2032 2435 2091 fuisse
2465 2030 2623 2088 illius
2644 2030 2941 2117 doctrinaeg,

520 2140 694 2198 quam
723 2119 1089 2197 promulgare
1120 2115 1439 2174 ministerio
1470 2135 1574 2174 suo
1603 2114 1680 2172 ad
1708 2114 2006 2172 hominum
2036 2113 2281 2172 salutem
2310 2111 2578 2171 debebat.
2666 2111 2808 2169 ldeo
2836 2129 2939 2167 an·

520 2221 628 2259 nos
648 2202 772 2277 jam
802 2199 1040 2275 triginta
1069 2207 1284 2269 natum,
1317 2205 1375 2255 et
1402 2215 1437 2253 a
1457 2196 1500 2254 J
1504 2196 1729 2254 ohanne
1759 2194 2130 2270 baptizatum,
2163 2193 2496 2270 pruisquam
2529 2191 2744 2250 Munus
2772 2209 2941 2249 suum
2978 2207 2987 2210 ·

519 2281 752 2359 publice
798 2279 1206 2356 auspicaretur,
1240 2296 1477 2353 corpore
1496 2276 1554 2334 in
1582 2275 1793 2334 coelum
1824 2273 2165 2333 subvectum
2193 2273 2388 2347 fuisse,
2421 2271 2503 2329 ibi
2530 2271 2944 2349 perfectissime

519 2362 593 2420 de
626 2362 737 2419 Dei
765 2361 1063 2419 voluntate
1093 2358 1166 2416 ab
1191 2358 1315 2434 ipso
1348 2357 1473 2415 Deo
1502 2376 1630 2415 esse
1653 2355 1940 2429 edoctum,
1971 2364 2031 2413 et
2048 2354 2131 2412 sic
2158 2354 2460 2412 remissum
2479 2351 2540 2409 in
2568 2361 2775 2411 terram
2806 2371 2943 2409 ean-

519 2441 652 2500 dem
681 2441 1002 2499 doctrinam
1024 2438 1356 2496 hominibus
1384 2437 1553 2513 plene
1583 2446 1642 2495 et
1670 2434 2019 2495 sufficienter
2046 2454 2312 2492 enarrare
2340 2432 2602 2510 coepisse.
2687 2432 2943 2508 Tempus

519 2522 689 2579 istius
718 2531 933 2598 raptus,
967 2518 1076 2577 etsi
1105 2537 1221 2575 non
1263 2516 1479 2575 audent
1507 2516 1745 2593 praecise
1773 2514 2029 2588 definire,
2055 2523 2261 2590 putant
2282 2523 2475 2572 tamen
2502 2511 2717 2590 optime
2744 2510 2946 2570 referri

519 2622 689 2679 posse
718 2602 793 2659 ad
821 2619 1037 2658 moram
1063 2597 1237 2671 illam,
1270 2617 1440 2674 quam
1472 2596 1737 2655 Christus
1759 2595 1998 2673 jejunus
2027 2594 2149 2671 egit
2190 2594 2249 2653 in
2292 2594 2520 2653 deserto
2565 2613 2668 2670 per
2694 2592 2941 2671 quadra·

521 2682 684 2758 ginta
730 2681 854 2738 dies
899 2688 957 2737 et
1006 2686 1223 2735 noctes.
1313 2678 1534 2752 Scopus
1583 2696 1784 2734 eorum
1826 2684 1915 2733 est
1943 2675 2175 2733 eludere
2209 2675 2338 2733 loca
2370 2675 2698 2752 Scripturae,
2730 2673 2945 2751 quibus

518 2761 830 2838 probamus
861 2758 1151 2816 Christum
1181 2755 1357 2814 fuisse
1386 2764 1695 2831 antequam
1717 2763 2050 2813 nasceretur
2066 2775 2141 2813 ex
2170 2754 2433 2832 Virgine,
2459 2763 2760 2831 propterea
2787 2754 2946 2830 quod

520 2840 746 2898 dicatur
766 2860 801 2896 a
832 2840 1002 2896 Patre
1032 2835 1284 2894 exivisse
1315 2844 1373 2893 et
1401 2834 1770 2893 descendisse
1800 2834 1872 2893 de
1901 2834 2068 2892 coelo.

604 2920 688 2979 II.
734 2916 1058 2979 Orthodoxi
1089 2916 1342 2991 Raptum
1371 2914 1525 2973 hunc
1548 2915 1764 2973 Christi
1792 2915 1852 2972 in
1881 2914 2090 2972 coelum
2109 2923 2383 2991 tanquam
2405 2934 2561 2973 mere
2577 2914 2861 2989 fictitium,
2887 2923 2946 2973 et

518 3001 783 3079 nuspiam
814 3000 871 3057 in
907 2997 1202 3074 Scriptura
1229 2994 1504 3054 traditum
1534 2996 1818 3073 rejiciunt,
1851 3005 1909 3053 et
1936 3015 2052 3053 non
2100 2994 2276 3054 alium
2328 2995 2668 3053 descensum
2696 2994 2768 3053 de
2799 2996 2946 3053 coelo

518 3089 842 3158 agnoscunt
871 3081 929 3137 in
957 3077 1162 3136 diebus
1193 3075 1395 3135 Carnis
1425 3097 1562 3152 suae,
1593 3096 1766 3153 quam
1796 3075 2247 3153 metaphoricum
2277 3074 2490 3134 factum
2538 3096 2641 3153 per
2672 3075 2943 3133 Incarna-

520 3162 737 3222 tionem
766 3162 911 3220 e‘us.

519 3281 762 3327 Probatur
792 3182 998 3327 ssenoen-
1122 3238 1243 3296 111.
1289 3238 1567 3296 Rationes
1624 3245 1786 3296 sunt:
1858 3235 2070 3310 Prim0,
2102 3236 2392 3295 Silentium
2433 3236 2762 3311 Scriptum,
2814 3254 2944 3312 quae

578 3342 649 3386 tin
666 3340 968 3386 orthodoxa.
1039 3318 1257 3377 nullam
1314 3318 1489 3394 hujus
1545 3328 1745 3393 raptus
1788 3318 2135 3375 mentionem
2185 3315 2361 3376 facit:
2404 3316 2666 3375 meminit
2710 3316 2943 3393 quidem

1045 3398 1399 3456 ascensionis
1427 3396 1598 3455 unius
1647 3397 1707 3454 in
1753 3396 1979 3470 coelum,
2031 3406 2090 3455 et
2144 3396 2440 3473 ingressus
2484 3398 2546 3455 in
2596 3396 2940 3472 Sacrarium,

521 3486 823 3555 postquam
845 3477 1180 3551 resurrexit,
1199 3477 1352 3535 Heb.
1374 3476 1453 3534 ix.
1474 3480 1564 3549 12,
1598 3476 1701 3534 sed
1729 3476 1984 3550 alterius,
1999 3496 2105 3535 nec
2123 3476 2259 3535 vola
2286 3497 2394 3536 nec
2410 3477 2724 3553 vestigium
2748 3495 2944 3534 occur-

520 3557 612 3614 rit.
646 3557 802 3614 Loca
829 3556 983 3614 enim
1012 3576 1141 3633 quoe
1159 3557 1271 3613 huc
1296 3556 1601 3614 trahuntur
1623 3556 1737 3614 alio
1759 3556 2043 3631 pertinere
2065 3565 2268 3633 postea
2285 3557 2639 3617 ostendetur.
2664 3557 2942 3631 Quaenam

519 3656 659 3694 vero
689 3636 901 3694 silentii
933 3636 1099 3694 istius
1127 3656 1302 3693 causa
1328 3655 1454 3694 esse
1483 3635 1688 3711 potuit,
1720 3636 1769 3693 si
1797 3656 1998 3694 revera
2025 3637 2285 3714 contigit,
2306 3658 2436 3696 cum
2458 3638 2568 3696 hoc
2597 3657 2713 3695 non
2740 3656 2943 3715 parum

521 3716 733 3774 faceret
762 3715 834 3772 ad
865 3715 1378 3773 commendandam
1408 3716 1623 3772 Christi
1652 3715 1968 3773 doctrinam
1990 3719 2018 3774 P
2061 3717 2176 3775 Cur
2202 3717 2395 3794 potius
2416 3719 2678 3776 meminit
2694 3717 2943 3776 subduc-

521 3797 696 3856 tionis
727 3796 941 3855 Christi
969 3816 1003 3853 a
1031 3797 1340 3854 Tentatore
1370 3795 1428 3853 in
1457 3795 1752 3854 excelsum
1783 3805 2054 3870 montem,
2085 3817 2257 3873 quam
2286 3807 2484 3875 raptus
2502 3799 2630 3875 ejus
2651 3799 2711 3856 in
2734 3797 2943 3856 coelum

521 3878 594 3936 ab
616 3878 739 3954 ipso
761 3878 920 3935 Deo?
963 3877 1084 3935 Nec
1113 3877 1206 3935 hic
1236 3876 1542 3934 dicendum
1568 3876 1978 3952 Evangelistas
2007 3897 2122 3935 non
2153 3897 2498 3936 memorasse
2520 3888 2746 3955 raptum
2769 3878 2944 3936 istum

522 3959 659 4036 quia
687 3959 836 4015 clam
866 3957 1052 4016 factus
1081 3967 1169 4016 est
1198 3968 1381 4016 etnon
1394 3956 1600 4033 palam,
1634 3957 1742 4033 ipsi
1756 3967 1949 4015 autem
1969 3966 2288 4016 memorent
2316 3978 2385 4016 ea
2404 3958 2829 4035 quae*viderunt
2850 3957 2943 4015 vel

520 4039 901 4112 audiverunt3
928 4038 1075 4112 Quia
1104 4039 1186 4096 sic
1215 4037 1507 4095 reticenda
1535 4037 1707 4095 etiam
1739 4048 1893 4095 esset
1913 4038 2255 4096 resurrectio
2274 4038 2505 4112 Christi,
2532 4059 2662 4116 quae
2685 4039 2835 4097 facta
2855 4048 2946 4097 est

519 4120 747 4177 nemine
776 4128 1057 4195 praesente
1079 4119 1190 4176 nisi
1219 4117 1574 4189 custodibus,
1606 4137 1714 4175 nec
1747 4118 2060 4176 Matthaeus
2109 4118 2670 4195 transfigurationem
2712 4137 2944 4177 narrare

517 4200 816 4277 potuisset,
849 4200 1014 4274 cujus
1045 4199 1165 4275 ipse
1191 4199 1440 4262 αὐτόπτης
1462 4218 1576 4255 non
1605 4207 1746 4256 erat.
1794 4197 2012 4256 Referri
2042 4217 2181 4274 ergo
2209 4198 2533 4259 debuerunt
2579 4220 2695 4258 non
2726 4197 2944 4276 simpli-

519 4282 663 4339 citer
689 4299 817 4355 quae
848 4278 1112 4337 viderant
1139 4279 1247 4354 ipsi
1278 4290 1336 4337 et
1363 4278 1721 4349 audiverant,
1755 4277 1856 4335 sed
1885 4297 2013 4353 quae
2042 4298 2076 4333 a
2109 4278 2323 4354 Spiritu
2358 4280 2416 4337 S.
2441 4279 2583 4356 ipsis
2604 4278 2942 4339 revelaban-

520 4369 615 4419 tur
643 4359 712 4416 de
743 4358 925 4435 gestis
954 4359 1185 4432 Christi,
1218 4380 1346 4435 quae
1377 4359 1667 4417 faciebant
1695 4356 1770 4415 ad
1798 4356 2218 4420 institutionem
2263 4359 2541 4418 fidelium.

606 4439 712 4495 IV.
762 4438 1045 4512 Secundo,
1061 4438 1325 4497 Christus
1355 4459 1468 4495 non
1499 4438 1662 4513 eguit
1689 4438 1798 4495 hoc
1828 4445 1993 4513 raptu
2012 4438 2086 4495 ad
2104 4440 2491 4515 cognitionem
2515 4438 2940 4516 mysteriorum,

523 4519 645 4577 Nec
668 4518 982 4576 secundum
1012 4529 1274 4576 naturam
1306 4519 1579 4589 divinam,
1612 4518 1749 4593 quia
1791 4527 1914 4576 erat
1940 4517 2100 4589 Λόγος
2134 4520 2337 4594 Patris,
2370 4521 2509 4579 Joh.
2542 4522 2579 4579 i.
2610 4524 2660 4595 1,
2690 4520 2792 4597 qui
2820 4530 2945 4580 erat

519 4599 579 4655 in
610 4599 740 4654 sinu
769 4599 911 4673 ejus,
943 4598 1157 4674 quique
1185 4598 1316 4656 ideo
1346 4599 1538 4656 omnia
1566 4599 1696 4674 ejus
1723 4617 1932 4656 arcana
1961 4609 2260 4675 perspecta
2289 4600 2556 4674 habebat,
2584 4601 2706 4659 Nec
2736 4620 2942 4659 secun-

521 4677 658 4734 dum
686 4685 950 4735 naturam
988 4678 1316 4754 humanam,
1349 4677 1485 4753 quia
1505 4678 1682 4754 juxta
1730 4698 1858 4737 eam
1899 4679 2123 4756 accepit
2171 4680 2446 4757 Spiritum
2500 4682 2623 4740 sine
2673 4699 2944 4739 mensura
