<?xml version="1.0" encoding="UTF-8"?>
<!DOCTYPE html PUBLIC "-//W3C//DTD XHTML 1.0 Transitional//EN"
    "http://www.w3.org/TR/xhtml1/DTD/xhtml1-transitional.dtd">
<html xmlns="http://www.w3.org/1999/xhtml" xml:lang="en" lang="en">
 <head>
  <title>
</title>
<meta http-equiv="Content-Type" content="text/html;charset=utf-8" />
  <meta name='ocr-system' content='tesseract 3.04.00' />
  <meta name='ocr-capabilities' content='ocr_page ocr_carea ocr_par ocr_line ocrx_word'/>
</head>
<body>
  <div class='ocr_page' id='page_1' title='image "./institutiotheol01turrgoog_0073.png"; bbox 0 0 3221 5200; ppageno 0'>
   <div class='ocr_carea' id='block_1_1' title="bbox 239 362 2667 444">
    <p class='ocr_par' dir='ltr' id='par_1_1' title="bbox 239 362 2667 444">
     <span class='ocr_line' id='line_1_1' title="bbox 239 362 2667 444; baseline 0 -17"><span class='ocrx_word' id='word_1_1' title='bbox 239 385 469 436; x_wconf 68' lang='lat' dir='ltr'><strong>ocAEs&#39;r.</strong></span> <span class='ocrx_word' id='word_1_2' title='bbox 500 362 665 444; x_wconf 60' lang='lat' dir='ltr'><strong>vua]</strong></span> <span class='ocrx_word' id='word_1_3' title='bbox 1277 382 1357 423; x_wconf 75' lang='lat' dir='ltr'><strong>ns</strong></span> <span class='ocrx_word' id='word_1_4' title='bbox 1385 383 1538 423; x_wconf 64' lang='lat' dir='ltr'><strong>asoa</strong></span> <span class='ocrx_word' id='word_1_5' title='bbox 1570 383 1690 425; x_wconf 77' lang='lat' dir='ltr'><strong>om.</strong></span> <span class='ocrx_word' id='word_1_6' title='bbox 2591 373 2667 429; x_wconf 85' lang='lat'><strong>45</strong></span> 
     </span>
    </p>
   </div>
   <div class='ocr_carea' id='block_1_2' title="bbox 241 504 2672 782">
    <p class='ocr_par' dir='ltr' id='par_1_2' title="bbox 241 504 2672 782">
     <span class='ocr_line' id='line_1_2' title="bbox 241 504 2672 606; baseline 0.002 -20"><span class='ocrx_word' id='word_1_7' title='bbox 241 526 570 599; x_wconf 77' lang='lat' dir='ltr'><strong>duleuticae,</strong></span> <span class='ocrx_word' id='word_1_8' title='bbox 601 523 888 581; x_wconf 74' lang='lat' dir='ltr'><strong>absolutae</strong></span> <span class='ocrx_word' id='word_1_9' title='bbox 929 532 988 581; x_wconf 88' lang='lat' dir='ltr'><strong>et</strong></span> <span class='ocrx_word' id='word_1_10' title='bbox 1033 523 1293 583; x_wconf 74' lang='lat' dir='ltr'><strong>relativae</strong></span> <span class='ocrx_word' id='word_1_11' title='bbox 1338 523 1720 583; x_wconf 85' lang='lat' dir='ltr'><strong>differentiam</strong></span> <span class='ocrx_word' id='word_1_12' title='bbox 1749 543 1867 584; x_wconf 89' lang='lat' dir='ltr'><strong>non</strong></span> <span class='ocrx_word' id='word_1_13' title='bbox 1894 504 2175 603; x_wconf 82' lang='lat' dir='ltr'><strong>agnoscit,</strong></span> <span class='ocrx_word' id='word_1_14' title='bbox 2208 527 2311 586; x_wconf 86' lang='lat' dir='ltr'><strong>sed</strong></span> <span class='ocrx_word' id='word_1_15' title='bbox 2339 528 2672 606; x_wconf 86' lang='lat' dir='ltr'><strong>religiosam</strong></span> 
     </span>
     <span class='ocr_line' id='line_1_3' title="bbox 245 602 2672 685; baseline 0 -18"><span class='ocrx_word' id='word_1_16' title='bbox 245 606 640 667; x_wconf 85' lang='lat' dir='ltr'><strong>adorationem</strong></span> <span class='ocrx_word' id='word_1_17' title='bbox 668 602 1010 680; x_wconf 89' lang='lat' dir='ltr'><strong>simpliciter</strong></span> <span class='ocrx_word' id='word_1_18' title='bbox 1037 604 1146 662; x_wconf 89' lang='lat' dir='ltr'><strong>soli</strong></span> <span class='ocrx_word' id='word_1_19' title='bbox 1190 604 1317 663; x_wconf 90' lang='lat' dir='ltr'><strong>Deo</strong></span> <span class='ocrx_word' id='word_1_20' title='bbox 1343 604 1623 663; x_wconf 85' lang='lat' dir='ltr'><strong>vindicat.</strong></span> <span class='ocrx_word' id='word_1_21' title='bbox 1709 605 1832 664; x_wconf 87' lang='lat' dir='ltr'><strong>Nec</strong></span> <span class='ocrx_word' id='word_1_22' title='bbox 1863 605 2024 665; x_wconf 91' lang='lat' dir='ltr'><strong>Deus</strong></span> <span class='ocrx_word' id='word_1_23' title='bbox 2064 607 2379 667; x_wconf 84' lang='lat' dir='ltr'><strong>seeundum</strong></span> <span class='ocrx_word' id='word_1_24' title='bbox 2409 609 2672 685; x_wconf 85' lang='lat' dir='ltr'><strong>ingenio-</strong></span> 
     </span>
     <span class='ocr_line' id='line_1_4' title="bbox 249 683 2670 782; baseline 0.003 -42"><span class='ocrx_word' id='word_1_25' title='bbox 249 706 352 746; x_wconf 69' lang='lat' dir='ltr'><strong>sas</strong></span> <span class='ocrx_word' id='word_1_26' title='bbox 378 686 509 744; x_wconf 73' lang='lat' dir='ltr'><strong>illas</strong></span> <span class='ocrx_word' id='word_1_27' title='bbox 536 684 637 747; x_wconf 84' lang='lat' dir='ltr'><strong>sed</strong></span> <span class='ocrx_word' id='word_1_28' title='bbox 678 703 863 741; x_wconf 84' lang='lat' dir='ltr'><strong>vanas</strong></span> <span class='ocrx_word' id='word_1_29' title='bbox 902 683 1271 760; x_wconf 62' lang='lat' dir='ltr'><strong>praecisiones</strong></span> <span class='ocrx_word' id='word_1_30' title='bbox 1313 692 1372 742; x_wconf 89' lang='lat' dir='ltr'><strong>et</strong></span> <span class='ocrx_word' id='word_1_31' title='bbox 1413 684 1764 744; x_wconf 88' lang='lat' dir='ltr'><strong>intentiones</strong></span> <span class='ocrx_word' id='word_1_32' title='bbox 1803 685 2102 745; x_wconf 89' lang='lat' dir='ltr'><strong>hominum</strong></span> <span class='ocrx_word' id='word_1_33' title='bbox 2151 689 2670 782; x_wconf 73' lang='lat' dir='ltr'><strong>praevaricantium,</strong></span> 
     </span>
    </p>
   </div>
   <div class='ocr_carea' id='block_1_3' title="bbox 246 763 2688 3003">
    <p class='ocr_par' dir='ltr' id='par_1_3' title="bbox 246 763 2688 3003">
     <span class='ocr_line' id='line_1_5' title="bbox 248 763 2672 846; baseline 0.001 -22"><span class='ocrx_word' id='word_1_34' title='bbox 248 785 400 844; x_wconf 84' lang='lat' dir='ltr'><strong>quas</strong></span> <span class='ocrx_word' id='word_1_35' title='bbox 441 764 575 823; x_wconf 77' lang='lat' dir='ltr'><strong>vilis</strong></span> <span class='ocrx_word' id='word_1_36' title='bbox 617 764 885 840; x_wconf 78' lang='lat' dir='ltr'>popellus</span> <span class='ocrx_word' id='word_1_37' title='bbox 932 764 1178 841; x_wconf 78' lang='lat' dir='ltr'>ignorat,</span> <span class='ocrx_word' id='word_1_38' title='bbox 1223 763 1593 841; x_wconf 86' lang='lat' dir='ltr'><strong>judicaturus</strong></span> <span class='ocrx_word' id='word_1_39' title='bbox 1642 772 1748 840; x_wconf 75' lang='lat' dir='ltr'><strong>est,</strong></span> <span class='ocrx_word' id='word_1_40' title='bbox 1796 765 1902 824; x_wconf 85' lang='lat' dir='ltr'><strong>sed</strong></span> <span class='ocrx_word' id='word_1_41' title='bbox 1943 767 2260 826; x_wconf 88' lang='lat' dir='ltr'><strong>secundum</strong></span> <span class='ocrx_word' id='word_1_42' title='bbox 2305 768 2567 846; x_wconf 88' lang='lat' dir='ltr'><strong>regulam</strong></span> <span class='ocrx_word' id='word_1_43' title='bbox 2612 788 2672 826; x_wconf 88' lang='lat' dir='ltr'><strong>m</strong></span> 
     </span>
     <span class='ocr_line' id='line_1_6' title="bbox 249 843 888 922; baseline -0.003 -18"><span class='ocrx_word' id='word_1_44' title='bbox 249 845 450 904; x_wconf 86' lang='lat' dir='ltr'><strong>Verbo</strong></span> <span class='ocrx_word' id='word_1_45' title='bbox 474 843 888 922; x_wconf 65' lang='lat' dir='ltr'><strong>praescriptam.</strong></span> 
     </span>
     <span class='ocr_line' id='line_1_7' title="bbox 457 922 2674 1005; baseline 0.003 -25"><span class='ocrx_word' id='word_1_46' title='bbox 457 989 469 1001; x_wconf 94' lang='lat'><strong>.</strong></span> <span class='ocrx_word' id='word_1_47' title='bbox 697 988 709 1000; x_wconf 93' lang='lat'><strong>.</strong></span> <span class='ocrx_word' id='word_1_48' title='bbox 859 923 972 981; x_wconf 90' lang='lat' dir='ltr'><strong>VI.</strong></span> <span class='ocrx_word' id='word_1_49' title='bbox 1015 927 1072 981; x_wconf 84' lang='lat'><strong>4.</strong></span> <span class='ocrx_word' id='word_1_50' title='bbox 1118 922 1325 981; x_wconf 87' lang='lat' dir='ltr'><strong>Cultus</strong></span> <span class='ocrx_word' id='word_1_51' title='bbox 1351 922 1451 982; x_wconf 89' lang='lat' dir='ltr'><strong>ille</strong></span> <span class='ocrx_word' id='word_1_52' title='bbox 1480 923 1637 982; x_wconf 87' lang='lat' dir='ltr'><strong>mille</strong></span> <span class='ocrx_word' id='word_1_53' title='bbox 1665 923 1968 984; x_wconf 85' lang='lat' dir='ltr'><strong>fraudibus</strong></span> <span class='ocrx_word' id='word_1_54' title='bbox 1994 934 2053 985; x_wconf 85' lang='lat' dir='ltr'><strong>et</strong></span> <span class='ocrx_word' id='word_1_55' title='bbox 2081 927 2417 1005; x_wconf 79' lang='lat' dir='ltr'>imposturis</span> <span class='ocrx_word' id='word_1_56' title='bbox 2452 935 2541 987; x_wconf 89' lang='lat' dir='ltr'><strong>est</strong></span> <span class='ocrx_word' id='word_1_57' title='bbox 2569 927 2674 986; x_wconf 88' lang='lat' dir='ltr'><strong>ob-</strong></span> 
     </span>
     <span class='ocr_line' id='line_1_8' title="bbox 246 989 2675 1095; baseline 0.001 -33"><span class='ocrx_word' id='word_1_58' title='bbox 246 992 290 1035; x_wconf 79' lang='lat'><strong>4.</strong></span> <span class='ocrx_word' id='word_1_59' title='bbox 321 989 737 1095; x_wconf 49' lang='lat' dir='ltr'><strong>Eanffiffijf&#39;m</strong></span> <span class='ocrx_word' id='word_1_60' title='bbox 779 1002 1024 1078; x_wconf 84' lang='lat' dir='ltr'><strong>noxius3</strong></span> <span class='ocrx_word' id='word_1_61' title='bbox 1056 1002 1195 1061; x_wconf 87' lang='lat' dir='ltr'><strong>dum</strong></span> <span class='ocrx_word' id='word_1_62' title='bbox 1223 1022 1328 1079; x_wconf 89' lang='lat' dir='ltr'><strong>pro</strong></span> <span class='ocrx_word' id='word_1_63' title='bbox 1355 1003 1513 1062; x_wconf 82' lang='lat' dir='ltr'><strong>veris</strong></span> <span class='ocrx_word' id='word_1_64' title='bbox 1536 1005 1798 1081; x_wconf 88' lang='lat' dir='ltr'><strong>reliquiis</strong></span> <span class='ocrx_word' id='word_1_65' title='bbox 1827 1005 2039 1065; x_wconf 77' lang='lat' dir='ltr'><strong>Christi</strong></span> <span class='ocrx_word' id='word_1_66' title='bbox 2059 1016 2117 1066; x_wconf 87' lang='lat' dir='ltr'><strong>et</strong></span> <span class='ocrx_word' id='word_1_67' title='bbox 2148 1008 2488 1067; x_wconf 83' lang='lat' dir='ltr'><strong>Sanctorum</strong></span> <span class='ocrx_word' id='word_1_68' title='bbox 2516 1007 2675 1066; x_wconf 90' lang='lat' dir='ltr'><strong>mille</strong></span> 
     </span>
     <span class='ocr_line' id='line_1_9' title="bbox 778 1081 2676 1164; baseline 0.001 -22"><span class='ocrx_word' id='word_1_69' title='bbox 778 1082 1159 1160; x_wconf 82' lang='lat' dir='ltr'><strong>supposititiae</strong></span> <span class='ocrx_word' id='word_1_70' title='bbox 1175 1091 1234 1141; x_wconf 89' lang='lat' dir='ltr'><strong>et</strong></span> <span class='ocrx_word' id='word_1_71' title='bbox 1250 1081 1590 1142; x_wconf 73' lang='lat' dir='ltr'><strong>adulterinae</strong></span> <span class='ocrx_word' id='word_1_72' title='bbox 1607 1084 2011 1160; x_wconf 82' lang='lat' dir='ltr'><strong>obtruduntur,</strong></span> <span class='ocrx_word' id='word_1_73' title='bbox 2028 1095 2086 1145; x_wconf 89' lang='lat' dir='ltr'><strong>et</strong></span> <span class='ocrx_word' id='word_1_74' title='bbox 2104 1106 2344 1164; x_wconf 85' lang='lat' dir='ltr'><strong>corpora</strong></span> <span class='ocrx_word' id='word_1_75' title='bbox 2363 1087 2676 1146; x_wconf 87' lang='lat' dir='ltr'><strong>multorum</strong></span> 
     </span>
     <span class='ocr_line' id='line_1_10' title="bbox 249 1163 2674 1244; baseline -0.001 -17"><span class='ocrx_word' id='word_1_76' title='bbox 249 1168 524 1227; x_wconf 84' lang='lat' dir='ltr'><strong>coluntur</strong></span> <span class='ocrx_word' id='word_1_77' title='bbox 550 1166 613 1223; x_wconf 91' lang='lat' dir='ltr'><strong>in</strong></span> <span class='ocrx_word' id='word_1_78' title='bbox 639 1173 808 1239; x_wconf 78' lang='lat' dir='ltr'><strong>terra,</strong></span> <span class='ocrx_word' id='word_1_79' title='bbox 833 1182 1078 1241; x_wconf 90' lang='lat' dir='ltr'><strong>quorum</strong></span> <span class='ocrx_word' id='word_1_80' title='bbox 1106 1163 1311 1221; x_wconf 69' lang='lat' dir='ltr'><strong>animus</strong></span> <span class='ocrx_word' id='word_1_81' title='bbox 1339 1172 1681 1241; x_wconf 76' lang='lat' dir='ltr'><strong>torquentur</strong></span> <span class='ocrx_word' id='word_1_82' title='bbox 1707 1163 1768 1222; x_wconf 91' lang='lat' dir='ltr'><strong>in</strong></span> <span class='ocrx_word' id='word_1_83' title='bbox 1796 1164 2035 1239; x_wconf 78' lang='lat' dir='ltr'><strong>inferno,</strong></span> <span class='ocrx_word' id='word_1_84' title='bbox 2066 1176 2131 1225; x_wconf 91' lang='lat' dir='ltr'><strong>ut</strong></span> <span class='ocrx_word' id='word_1_85' title='bbox 2158 1167 2388 1226; x_wconf 76' lang='lat' dir='ltr'><strong>dicebat</strong></span> <span class='ocrx_word' id='word_1_86' title='bbox 2417 1166 2674 1244; x_wconf 77' lang='lat' dir='ltr'><strong>August.</strong></span> 
     </span>
     <span class='ocr_line' id='line_1_11' title="bbox 254 1241 2676 1324; baseline -0.001 -18"><span class='ocrx_word' id='word_1_87' title='bbox 254 1247 609 1324; x_wconf 80' lang='lat' dir='ltr'><strong>Exemplum</strong></span> <span class='ocrx_word' id='word_1_88' title='bbox 638 1253 802 1303; x_wconf 82' lang='lat' dir='ltr'><strong>extat</strong></span> <span class='ocrx_word' id='word_1_89' title='bbox 828 1241 982 1321; x_wconf 86' lang='lat' dir='ltr'><strong>apud</strong></span> <span class='ocrx_word' id='word_1_90' title='bbox 1015 1243 1327 1317; x_wconf 76' lang='lat' dir='ltr'><strong>Socratem,</strong></span> <span class='ocrx_word' id='word_1_91' title='bbox 1358 1243 1459 1302; x_wconf 92' lang='lat' dir='ltr'><strong>lib.</strong></span> <span class='ocrx_word' id='word_1_92' title='bbox 1490 1243 1590 1301; x_wconf 79' lang='lat' dir='ltr'><strong>vii.</strong></span> <span class='ocrx_word' id='word_1_93' title='bbox 1622 1264 1671 1304; x_wconf 92' lang='lat' dir='ltr'><strong>c.</strong></span> <span class='ocrx_word' id='word_1_94' title='bbox 1707 1246 1798 1318; x_wconf 82' lang='lat'><strong>14,</strong></span> <span class='ocrx_word' id='word_1_95' title='bbox 1830 1243 1904 1302; x_wconf 91' lang='lat' dir='ltr'><strong>de</strong></span> <span class='ocrx_word' id='word_1_96' title='bbox 1932 1244 2246 1304; x_wconf 87' lang='lat' dir='ltr'><strong>Ammonio</strong></span> <span class='ocrx_word' id='word_1_97' title='bbox 2273 1246 2523 1323; x_wconf 87' lang='lat' dir='ltr'><strong>quodam</strong></span> <span class='ocrx_word' id='word_1_98' title='bbox 2554 1266 2676 1304; x_wconf 90' lang='lat' dir='ltr'><strong>mo-</strong></span> 
     </span>
     <span class='ocr_line' id='line_1_12' title="bbox 248 1322 2676 1402; baseline 0 -17"><span class='ocrx_word' id='word_1_99' title='bbox 248 1328 439 1385; x_wconf 87' lang='lat' dir='ltr'><strong>nacho</strong></span> <span class='ocrx_word' id='word_1_100' title='bbox 487 1334 548 1385; x_wconf 88' lang='lat' dir='ltr'><strong>et</strong></span> <span class='ocrx_word' id='word_1_101' title='bbox 594 1325 834 1399; x_wconf 86' lang='lat' dir='ltr'><strong>latrone,</strong></span> <span class='ocrx_word' id='word_1_102' title='bbox 881 1323 981 1400; x_wconf 92' lang='lat' dir='ltr'><strong>qui</strong></span> <span class='ocrx_word' id='word_1_103' title='bbox 1010 1322 1111 1383; x_wconf 89' lang='lat' dir='ltr'><strong>diu</strong></span> <span class='ocrx_word' id='word_1_104' title='bbox 1138 1341 1244 1399; x_wconf 88' lang='lat' dir='ltr'><strong>pro</strong></span> <span class='ocrx_word' id='word_1_105' title='bbox 1289 1324 1504 1382; x_wconf 82' lang='lat' dir='ltr'><strong>Sancto</strong></span> <span class='ocrx_word' id='word_1_106' title='bbox 1542 1322 1734 1382; x_wconf 87' lang='lat' dir='ltr'><strong>cultus</strong></span> <span class='ocrx_word' id='word_1_107' title='bbox 1763 1333 1869 1383; x_wconf 88' lang='lat' dir='ltr'><strong>est.</strong></span> <span class='ocrx_word' id='word_1_108' title='bbox 1941 1326 2187 1402; x_wconf 87' lang='lat' dir='ltr'><strong>Gregor.</strong></span> <span class='ocrx_word' id='word_1_109' title='bbox 2217 1326 2432 1384; x_wconf 81' lang='lat' dir='ltr'><strong>Turon.</strong></span> <span class='ocrx_word' id='word_1_110' title='bbox 2460 1325 2563 1384; x_wconf 85' lang='lat' dir='ltr'><strong>lib.</strong></span> <span class='ocrx_word' id='word_1_111' title='bbox 2593 1326 2676 1386; x_wconf 86' lang='lat' dir='ltr'><strong>ix.</strong></span> 
     </span>
     <span class='ocr_line' id='line_1_13' title="bbox 251 1402 2674 1485; baseline -0.001 -19"><span class='ocrx_word' id='word_1_112' title='bbox 251 1408 391 1466; x_wconf 84' lang='lat' dir='ltr'><strong>hist.</strong></span> <span class='ocrx_word' id='word_1_113' title='bbox 420 1426 546 1485; x_wconf 81' lang='lat' dir='ltr'><strong>cap.</strong></span> <span class='ocrx_word' id='word_1_114' title='bbox 578 1408 634 1480; x_wconf 83' lang='lat'><strong>6,</strong></span> <span class='ocrx_word' id='word_1_115' title='bbox 663 1411 910 1463; x_wconf 79' lang='lat' dir='ltr'><strong>testatur</strong></span> <span class='ocrx_word' id='word_1_116' title='bbox 952 1404 988 1436; x_wconf 76' lang='lat'><strong>‘⁴</strong></span> <span class='ocrx_word' id='word_1_117' title='bbox 1016 1402 1078 1460; x_wconf 90' lang='lat' dir='ltr'><strong>in</strong></span> <span class='ocrx_word' id='word_1_118' title='bbox 1111 1402 1307 1461; x_wconf 85' lang='lat' dir='ltr'><strong>Sancti</strong></span> <span class='ocrx_word' id='word_1_119' title='bbox 1336 1403 1638 1480; x_wconf 83' lang='lat' dir='ltr'><strong>cujusdam</strong></span> <span class='ocrx_word' id='word_1_120' title='bbox 1667 1404 1903 1481; x_wconf 86' lang='lat' dir='ltr'><strong>capsula</strong></span> <span class='ocrx_word' id='word_1_121' title='bbox 1930 1404 2198 1464; x_wconf 81' lang='lat' dir='ltr'><strong>inventas</strong></span> <span class='ocrx_word' id='word_1_122' title='bbox 2226 1406 2403 1464; x_wconf 87' lang='lat' dir='ltr'><strong>fuisse</strong></span> <span class='ocrx_word' id='word_1_123' title='bbox 2431 1404 2674 1480; x_wconf 87' lang='lat' dir='ltr'><strong>radices,</strong></span> 
     </span>
     <span class='ocr_line' id='line_1_14' title="bbox 253 1481 2679 1562; baseline -0 -17"><span class='ocrx_word' id='word_1_124' title='bbox 253 1487 461 1545; x_wconf 72' lang='lat' dir='ltr'><strong>dentes</strong></span> <span class='ocrx_word' id='word_1_125' title='bbox 488 1486 678 1562; x_wconf 70' lang='lat' dir='ltr'><strong>talpae,</strong></span> <span class='ocrx_word' id='word_1_126' title='bbox 702 1503 837 1542; x_wconf 85' lang='lat' dir='ltr'><strong>ossa</strong></span> <span class='ocrx_word' id='word_1_127' title='bbox 863 1481 1129 1558; x_wconf 88' lang='lat' dir='ltr'><strong>murium,</strong></span> <span class='ocrx_word' id='word_1_128' title='bbox 1161 1491 1221 1542; x_wconf 90' lang='lat' dir='ltr'><strong>et</strong></span> <span class='ocrx_word' id='word_1_129' title='bbox 1240 1483 1504 1559; x_wconf 85' lang='lat' dir='ltr'><strong>vulpium</strong></span> <span class='ocrx_word' id='word_1_130' title='bbox 1531 1503 1758 1561; x_wconf 85' lang='lat' dir='ltr'><strong>ungues</strong></span> <span class='ocrx_word' id='word_1_131' title='bbox 1780 1484 2103 1544; x_wconf 71' lang='lat' dir='ltr'><strong>conditos.’&#39;</strong></span> <span class='ocrx_word' id='word_1_132' title='bbox 2187 1485 2393 1562; x_wconf 68' lang='lat' dir='ltr'><strong>&#39;I&#39;iguri</strong></span> <span class='ocrx_word' id='word_1_133' title='bbox 2420 1485 2480 1542; x_wconf 91' lang='lat' dir='ltr'><strong>in</strong></span> <span class='ocrx_word' id='word_1_134' title='bbox 2508 1485 2679 1544; x_wconf 86' lang='lat' dir='ltr'><strong>theca</strong></span> 
     </span>
     <span class='ocr_line' id='line_1_15' title="bbox 254 1562 2675 1645; baseline -0.001 -19"><span class='ocrx_word' id='word_1_135' title='bbox 254 1565 691 1645; x_wconf 84' lang='lat' dir='ltr'><strong>pretiosissima,</strong></span> <span class='ocrx_word' id='word_1_136' title='bbox 723 1563 784 1620; x_wconf 91' lang='lat' dir='ltr'><strong>in</strong></span> <span class='ocrx_word' id='word_1_137' title='bbox 813 1582 928 1639; x_wconf 84' lang='lat' dir='ltr'><strong>qua</strong></span> <span class='ocrx_word' id='word_1_138' title='bbox 957 1562 1242 1639; x_wconf 80' lang='lat' dir='ltr'><strong>Reliquiae</strong></span> <span class='ocrx_word' id='word_1_139' title='bbox 1275 1563 1402 1622; x_wconf 75' lang='lat' dir='ltr'><strong>S.S.</strong></span> <span class='ocrx_word' id='word_1_140' title='bbox 1435 1563 1652 1624; x_wconf 88' lang='lat' dir='ltr'><strong>Felicis</strong></span> <span class='ocrx_word' id='word_1_141' title='bbox 1689 1572 1749 1623; x_wconf 88' lang='lat' dir='ltr'><strong>et</strong></span> <span class='ocrx_word' id='word_1_142' title='bbox 1778 1564 1867 1622; x_wconf 84' lang='lat' dir='ltr'><strong>Re</strong></span> <span class='ocrx_word' id='word_1_143' title='bbox 1972 1585 2021 1625; x_wconf 67' lang='grc' dir='ltr'>ω</span> <span class='ocrx_word' id='word_1_144' title='bbox 2053 1565 2378 1644; x_wconf 76' lang='lat' dir='ltr'><strong>Martyrum</strong></span> <span class='ocrx_word' id='word_1_145' title='bbox 2407 1585 2468 1623; x_wconf 90' lang='lat' dir='ltr'><strong>re</strong></span> <span class='ocrx_word' id='word_1_146' title='bbox 2579 1564 2675 1623; x_wconf 71' lang='lat' dir='ltr'><strong>itae</strong></span> 
     </span>
     <span class='ocr_line' id='line_1_16' title="bbox 255 1584 2676 1721; baseline -0.002 -15"><span class='ocrx_word' id='word_1_147' title='bbox 255 1645 654 1717; x_wconf 73' lang='lat' dir='ltr'><strong>credebantur,</strong></span> <span class='ocrx_word' id='word_1_148' title='bbox 702 1643 955 1701; x_wconf 67' lang='lat' dir='ltr'><strong>inventa</strong></span> <span class='ocrx_word' id='word_1_149' title='bbox 984 1651 1135 1715; x_wconf 89' lang='lat' dir='ltr'><strong>sunt,</strong></span> <span class='ocrx_word' id='word_1_150' title='bbox 1187 1661 1318 1701; x_wconf 86' lang='lat' dir='ltr'><strong>eum</strong></span> <span class='ocrx_word' id='word_1_151' title='bbox 1363 1643 1681 1719; x_wconf 83' lang='lat' dir='ltr'><strong>aperiretur</strong></span> <span class='ocrx_word' id='word_1_152' title='bbox 1708 1643 1768 1701; x_wconf 90' lang='lat' dir='ltr'><strong>in</strong></span> <span class='ocrx_word' id='word_1_153' title='bbox 1795 1663 1858 1702; x_wconf 90' lang='lat' dir='ltr'><strong>re</strong></span> <span class='ocrx_word' id='word_1_154' title='bbox 1881 1645 2216 1720; x_wconf 85' lang='lat' dir='ltr'><strong>ormatione,</strong></span> <span class='ocrx_word' id='word_1_155' title='bbox 2247 1584 2676 1721; x_wconf 46' lang='lat' dir='ltr'><strong>partiouiffali-</strong></span> 
     </span>
     <span class='ocr_line' id='line_1_17' title="bbox 254 1721 2680 1805; baseline -0.002 -19"><span class='ocrx_word' id='word_1_156' title='bbox 254 1735 401 1805; x_wconf 86' lang='lat' dir='ltr'><strong>quot</strong></span> <span class='ocrx_word' id='word_1_157' title='bbox 426 1726 500 1784; x_wconf 86' lang='lat' dir='ltr'><strong>de</strong></span> <span class='ocrx_word' id='word_1_158' title='bbox 537 1725 717 1783; x_wconf 84' lang='lat' dir='ltr'><strong>latere</strong></span> <span class='ocrx_word' id='word_1_159' title='bbox 745 1721 953 1796; x_wconf 82' lang='lat' dir='ltr'><strong>coctili,</strong></span> <span class='ocrx_word' id='word_1_160' title='bbox 984 1722 1276 1781; x_wconf 84' lang='lat' dir='ltr'><strong>funiculus</strong></span> <span class='ocrx_word' id='word_1_161' title='bbox 1316 1722 1455 1781; x_wconf 89' lang='lat' dir='ltr'><strong>item</strong></span> <span class='ocrx_word' id='word_1_162' title='bbox 1488 1727 1561 1781; x_wconf 78' lang='lat'><strong>12</strong></span> <span class='ocrx_word' id='word_1_163' title='bbox 1591 1724 1915 1782; x_wconf 87' lang='lat' dir='ltr'><strong>cubitorum</strong></span> <span class='ocrx_word' id='word_1_164' title='bbox 1942 1723 2173 1802; x_wconf 89' lang='lat' dir='ltr'><strong>longus,</strong></span> <span class='ocrx_word' id='word_1_165' title='bbox 2204 1732 2263 1783; x_wconf 85' lang='lat' dir='ltr'><strong>et</strong></span> <span class='ocrx_word' id='word_1_166' title='bbox 2310 1733 2486 1783; x_wconf 75' lang='lat' dir='ltr'><strong>costae</strong></span> <span class='ocrx_word' id='word_1_167' title='bbox 2533 1742 2680 1781; x_wconf 90' lang='lat' dir='ltr'><strong>non-</strong></span> 
     </span>
     <span class='ocr_line' id='line_1_18' title="bbox 255 1801 2679 1881; baseline -0.002 -15"><span class='ocrx_word' id='word_1_168' title='bbox 255 1807 435 1866; x_wconf 71' lang='lat' dir='ltr'><strong>nullae</strong></span> <span class='ocrx_word' id='word_1_169' title='bbox 461 1804 593 1864; x_wconf 87' lang='lat' dir='ltr'><strong>felis</strong></span> <span class='ocrx_word' id='word_1_170' title='bbox 640 1811 743 1863; x_wconf 81' lang='lat' dir='ltr'><strong>sut</strong></span> <span class='ocrx_word' id='word_1_171' title='bbox 789 1801 993 1860; x_wconf 85' lang='lat' dir='ltr'><strong>similis</strong></span> <span class='ocrx_word' id='word_1_172' title='bbox 1021 1802 1303 1876; x_wconf 79' lang='lat' dir='ltr'><strong>animalis,</strong></span> <span class='ocrx_word' id='word_1_173' title='bbox 1348 1811 1409 1862; x_wconf 87' lang='lat' dir='ltr'><strong>et</strong></span> <span class='ocrx_word' id='word_1_174' title='bbox 1434 1803 1580 1861; x_wconf 82' lang='lat' dir='ltr'>nihil</span> <span class='ocrx_word' id='word_1_175' title='bbox 1607 1812 1902 1881; x_wconf 81' lang='lat' dir='ltr'><strong>praeterea.</strong></span> <span class='ocrx_word' id='word_1_176' title='bbox 1987 1804 2119 1862; x_wconf 89' lang='lat' dir='ltr'><strong>Non</strong></span> <span class='ocrx_word' id='word_1_177' title='bbox 2149 1803 2431 1862; x_wconf 88' lang='lat' dir='ltr'><strong>absimilis</strong></span> <span class='ocrx_word' id='word_1_178' title='bbox 2458 1801 2679 1861; x_wconf 80' lang='lat' dir='ltr'><strong>fraudis</strong></span> 
     </span>
     <span class='ocr_line' id='line_1_19' title="bbox 259 1881 2682 1961; baseline -0.002 -15"><span class='ocrx_word' id='word_1_179' title='bbox 259 1888 506 1947; x_wconf 81' lang='lat' dir='ltr'><strong>Geneva</strong></span> <span class='ocrx_word' id='word_1_180' title='bbox 530 1892 730 1943; x_wconf 81' lang='lat' dir='ltr'><strong>nostra</strong></span> <span class='ocrx_word' id='word_1_181' title='bbox 755 1882 930 1941; x_wconf 83' lang='lat' dir='ltr'><strong>fldem</strong></span> <span class='ocrx_word' id='word_1_182' title='bbox 957 1881 1145 1940; x_wconf 83' lang='lat' dir='ltr'><strong>facere</strong></span> <span class='ocrx_word' id='word_1_183' title='bbox 1171 1890 1380 1961; x_wconf 83' lang='lat' dir='ltr'><strong>potest,</strong></span> <span class='ocrx_word' id='word_1_184' title='bbox 1424 1899 1555 1959; x_wconf 65' lang='lat' dir='ltr'><strong>quas</strong></span> <span class='ocrx_word' id='word_1_185' title='bbox 1598 1902 1730 1941; x_wconf 88' lang='lat' dir='ltr'><strong>cum</strong></span> <span class='ocrx_word' id='word_1_186' title='bbox 1772 1892 1905 1942; x_wconf 88' lang='lat' dir='ltr'><strong>ante</strong></span> <span class='ocrx_word' id='word_1_187' title='bbox 1947 1883 2411 1942; x_wconf 83' lang='lat' dir='ltr'><strong>reformationem</strong></span> <span class='ocrx_word' id='word_1_188' title='bbox 2453 1882 2682 1941; x_wconf 86' lang='lat' dir='ltr'><strong>duabus</strong></span> 
     </span>
     <span class='ocr_line' id='line_1_20' title="bbox 256 1961 2681 2045; baseline -0.002 -20"><span class='ocrx_word' id='word_1_189' title='bbox 256 1966 546 2045; x_wconf 76' lang='lat' dir='ltr'><strong>praecipue</strong></span> <span class='ocrx_word' id='word_1_190' title='bbox 588 1961 852 2040; x_wconf 84' lang='lat' dir='ltr'><strong>reliquiis</strong></span> <span class='ocrx_word' id='word_1_191' title='bbox 893 1962 1251 2038; x_wconf 84' lang='lat' dir='ltr'><strong>gloriaretur,</strong></span> <span class='ocrx_word' id='word_1_192' title='bbox 1283 1963 1518 2021; x_wconf 82' lang='lat' dir='ltr'><strong>cerebro</strong></span> <span class='ocrx_word' id='word_1_193' title='bbox 1550 1963 1724 2038; x_wconf 88' lang='lat' dir='ltr'><strong>Petri,</strong></span> <span class='ocrx_word' id='word_1_194' title='bbox 1757 1971 1815 2022; x_wconf 86' lang='lat' dir='ltr'><strong>et</strong></span> <span class='ocrx_word' id='word_1_195' title='bbox 1843 1963 2080 2022; x_wconf 79' lang='lat' dir='ltr'><strong>brachio</strong></span> <span class='ocrx_word' id='word_1_196' title='bbox 2121 1963 2382 2038; x_wconf 79' lang='lat' dir='ltr'><strong>Antonii,</strong></span> <span class='ocrx_word' id='word_1_197' title='bbox 2414 1961 2681 2041; x_wconf 82' lang='lat' dir='ltr'><strong>apparuit</strong></span> 
     </span>
     <span class='ocr_line' id='line_1_21' title="bbox 256 2041 2678 2124; baseline -0.002 -19"><span class='ocrx_word' id='word_1_198' title='bbox 256 2055 463 2124; x_wconf 79' lang='lat' dir='ltr'><strong>postea</strong></span> <span class='ocrx_word' id='word_1_199' title='bbox 487 2043 775 2122; x_wconf 80' lang='lat' dir='ltr'><strong>pumicem</strong></span> <span class='ocrx_word' id='word_1_200' title='bbox 804 2060 930 2100; x_wconf 89' lang='lat' dir='ltr'><strong>esse</strong></span> <span class='ocrx_word' id='word_1_201' title='bbox 957 2041 1114 2118; x_wconf 88' lang='lat' dir='ltr'><strong>quod</strong></span> <span class='ocrx_word' id='word_1_202' title='bbox 1141 2041 1437 2100; x_wconf 84' lang='lat' dir='ltr'><strong>cerebrum</strong></span> <span class='ocrx_word' id='word_1_203' title='bbox 1463 2042 1622 2101; x_wconf 84' lang='lat' dir='ltr'><strong>Petri</strong></span> <span class='ocrx_word' id='word_1_204' title='bbox 1641 2042 2066 2119; x_wconf 79' lang='lat' dir='ltr'><strong>perhibebatur,</strong></span> <span class='ocrx_word' id='word_1_205' title='bbox 2091 2052 2151 2103; x_wconf 88' lang='lat' dir='ltr'><strong>et</strong></span> <span class='ocrx_word' id='word_1_206' title='bbox 2172 2042 2469 2102; x_wconf 77' lang='lat' dir='ltr'><strong>brachium</strong></span> <span class='ocrx_word' id='word_1_207' title='bbox 2490 2041 2678 2100; x_wconf 87' lang='lat' dir='ltr'><strong>Anto·-</strong></span> 
     </span>
     <span class='ocr_line' id='line_1_22' title="bbox 257 2120 2679 2199; baseline -0.003 -14"><span class='ocrx_word' id='word_1_208' title='bbox 257 2127 342 2184; x_wconf 88' lang='lat' dir='ltr'><strong>nii</strong></span> <span class='ocrx_word' id='word_1_209' title='bbox 362 2145 492 2184; x_wconf 84' lang='lat' dir='ltr'><strong>esse</strong></span> <span class='ocrx_word' id='word_1_210' title='bbox 510 2123 685 2183; x_wconf 86' lang='lat' dir='ltr'><strong>Cervi</strong></span> <span class='ocrx_word' id='word_1_211' title='bbox 703 2122 938 2197; x_wconf 85' lang='lat' dir='ltr'><strong>inguen.</strong></span> <span class='ocrx_word' id='word_1_212' title='bbox 983 2120 1320 2195; x_wconf 71' lang='lat' dir='ltr'><strong>Cassander,</strong></span> <span class='ocrx_word' id='word_1_213' title='bbox 1347 2122 1644 2181; x_wconf 83' lang='lat' dir='ltr'><strong>Consulta.</strong></span> <span class='ocrx_word' id='word_1_214' title='bbox 1664 2142 1788 2199; x_wconf 83' lang='lat' dir='ltr'><strong>cap.</strong></span> <span class='ocrx_word' id='word_1_215' title='bbox 1808 2122 1882 2180; x_wconf 85' lang='lat' dir='ltr'><strong>de</strong></span> <span class='ocrx_word' id='word_1_216' title='bbox 1899 2124 2269 2182; x_wconf 80' lang='lat' dir='ltr'><strong>veneratione</strong></span> <span class='ocrx_word' id='word_1_217' title='bbox 2287 2121 2679 2198; x_wconf 88' lang='lat' dir='ltr'><strong>reliquiarum,</strong></span> 
     </span>
     <span class='ocr_line' id='line_1_23' title="bbox 258 2200 2679 2279; baseline -0.002 -16"><span class='ocrx_word' id='word_1_218' title='bbox 258 2225 381 2263; x_wconf 85' lang='lat' dir='ltr'><strong>non</strong></span> <span class='ocrx_word' id='word_1_219' title='bbox 409 2204 682 2262; x_wconf 80' lang='lat' dir='ltr'><strong>diffitetur</strong></span> <span class='ocrx_word' id='word_1_220' title='bbox 726 2205 763 2235; x_wconf 86' lang='lat'><strong>“</strong></span> <span class='ocrx_word' id='word_1_221' title='bbox 791 2200 1049 2260; x_wconf 62' lang='lat' dir='ltr'><strong>avaritia</strong></span> <span class='ocrx_word' id='word_1_222' title='bbox 1077 2220 1253 2259; x_wconf 84' lang='lat' dir='ltr'><strong>causa</strong></span> <span class='ocrx_word' id='word_1_223' title='bbox 1278 2201 1355 2258; x_wconf 85' lang='lat' dir='ltr'><strong>ad</strong></span> <span class='ocrx_word' id='word_1_224' title='bbox 1398 2201 1718 2279; x_wconf 76' lang='lat' dir='ltr'><strong>simplicem</strong></span> <span class='ocrx_word' id='word_1_225' title='bbox 1746 2202 2040 2279; x_wconf 88' lang='lat' dir='ltr'><strong>popellum</strong></span> <span class='ocrx_word' id='word_1_226' title='bbox 2068 2201 2456 2276; x_wconf 80' lang='lat' dir='ltr'><strong>alliciendum,</strong></span> <span class='ocrx_word' id='word_1_227' title='bbox 2502 2200 2679 2259; x_wconf 83' lang='lat' dir='ltr'><strong>falsas</strong></span> 
     </span>
     <span class='ocr_line' id='line_1_24' title="bbox 260 2280 2674 2361; baseline -0.001 -18"><span class='ocrx_word' id='word_1_228' title='bbox 260 2284 545 2361; x_wconf 82' lang='lat' dir='ltr'><strong>reliquias</strong></span> <span class='ocrx_word' id='word_1_229' title='bbox 570 2281 893 2360; x_wconf 77' lang='lat' dir='ltr'><strong>suppositas</strong></span> <span class='ocrx_word' id='word_1_230' title='bbox 920 2299 1064 2354; x_wconf 89' lang='lat' dir='ltr'><strong>esse,</strong></span> <span class='ocrx_word' id='word_1_231' title='bbox 1086 2289 1146 2340; x_wconf 88' lang='lat' dir='ltr'><strong>et</strong></span> <span class='ocrx_word' id='word_1_232' title='bbox 1170 2280 1307 2338; x_wconf 88' lang='lat' dir='ltr'><strong>fieta</strong></span> <span class='ocrx_word' id='word_1_233' title='bbox 1327 2280 1606 2339; x_wconf 84' lang='lat' dir='ltr'><strong>miracula</strong></span> <span class='ocrx_word' id='word_1_234' title='bbox 1632 2281 1944 2358; x_wconf 63' lang='lat' dir='ltr'><strong>praedicata</strong></span> <span class='ocrx_word' id='word_1_235' title='bbox 1971 2290 2031 2340; x_wconf 80' lang='lat' dir='ltr'><strong>et</strong></span> <span class='ocrx_word' id='word_1_236' title='bbox 2058 2282 2129 2340; x_wconf 88' lang='lat' dir='ltr'><strong>iis</strong></span> <span class='ocrx_word' id='word_1_237' title='bbox 2157 2281 2448 2339; x_wconf 79' lang='lat' dir='ltr'><strong>miraculis</strong></span> <span class='ocrx_word' id='word_1_238' title='bbox 2475 2280 2674 2340; x_wconf 81' lang='lat' dir='ltr'><strong>alitam</strong></span> 
     </span>
     <span class='ocr_line' id='line_1_25' title="bbox 265 2358 2682 2441; baseline -0.002 -17"><span class='ocrx_word' id='word_1_239' title='bbox 265 2362 789 2441; x_wconf 83' lang='lat' dir='ltr'><strong>superstitionem,’¹</strong></span> <span class='ocrx_word' id='word_1_240' title='bbox 822 2358 931 2419; x_wconf 54' lang='lat' dir='ltr'><strong>&amp;a</strong></span> <span class='ocrx_word' id='word_1_241' title='bbox 1015 2359 1187 2434; x_wconf 88' lang='lat' dir='ltr'><strong>Quod</strong></span> <span class='ocrx_word' id='word_1_242' title='bbox 1214 2359 1265 2418; x_wconf 89' lang='lat' dir='ltr'><strong>si</strong></span> <span class='ocrx_word' id='word_1_243' title='bbox 1291 2359 1439 2418; x_wconf 80' lang='lat' dir='ltr'><strong>tales</strong></span> <span class='ocrx_word' id='word_1_244' title='bbox 1466 2360 1699 2419; x_wconf 67' lang='lat' dir='ltr'><strong>fraudes</strong></span> <span class='ocrx_word' id='word_1_245' title='bbox 1725 2379 2024 2420; x_wconf 88' lang='lat' dir='ltr'><strong>recensere</strong></span> <span class='ocrx_word' id='word_1_246' title='bbox 2050 2362 2350 2434; x_wconf 82' lang='lat' dir='ltr'><strong>vellemus,</strong></span> <span class='ocrx_word' id='word_1_247' title='bbox 2382 2361 2682 2418; x_wconf 85' lang='lat' dir='ltr'><strong>innumera</strong></span> 
     </span>
     <span class='ocr_line' id='line_1_26' title="bbox 262 2439 2681 2523; baseline -0.002 -20"><span class='ocrx_word' id='word_1_248' title='bbox 262 2444 486 2523; x_wconf 80' lang='lat' dir='ltr'><strong>passim</strong></span> <span class='ocrx_word' id='word_1_249' title='bbox 516 2460 705 2501; x_wconf 86' lang='lat' dir='ltr'><strong>eorum</strong></span> <span class='ocrx_word' id='word_1_250' title='bbox 733 2440 1002 2517; x_wconf 85' lang='lat' dir='ltr'><strong>exempla</strong></span> <span class='ocrx_word' id='word_1_251' title='bbox 1027 2447 1409 2514; x_wconf 87' lang='lat' dir='ltr'><strong>occurrerent,</strong></span> <span class='ocrx_word' id='word_1_252' title='bbox 1454 2439 1666 2516; x_wconf 90' lang='lat' dir='ltr'><strong>quibus</strong></span> <span class='ocrx_word' id='word_1_253' title='bbox 1692 2440 1915 2517; x_wconf 86' lang='lat' dir='ltr'><strong>liquido</strong></span> <span class='ocrx_word' id='word_1_254' title='bbox 1943 2450 2233 2500; x_wconf 85' lang='lat' dir='ltr'><strong>constaret</strong></span> <span class='ocrx_word' id='word_1_255' title='bbox 2260 2449 2476 2518; x_wconf 85' lang='lat' dir='ltr'><strong>quanta</strong></span> <span class='ocrx_word' id='word_1_256' title='bbox 2502 2440 2681 2497; x_wconf 85' lang='lat' dir='ltr'><strong>licen-</strong></span> 
     </span>
     <span class='ocr_line' id='line_1_27' title="bbox 261 2518 2681 2597; baseline -0.003 -12"><span class='ocrx_word' id='word_1_257' title='bbox 261 2524 347 2585; x_wconf 82' lang='lat' dir='ltr'><strong>tia</strong></span> <span class='ocrx_word' id='word_1_258' title='bbox 378 2523 582 2583; x_wconf 84' lang='lat' dir='ltr'><strong>Clerus</strong></span> <span class='ocrx_word' id='word_1_259' title='bbox 608 2522 830 2579; x_wconf 78' lang='lat' dir='ltr'><strong>miserae</strong></span> <span class='ocrx_word' id='word_1_260' title='bbox 857 2518 1174 2597; x_wconf 75' lang='lat' dir='ltr'><strong>plebeculae</strong></span> <span class='ocrx_word' id='word_1_261' title='bbox 1214 2518 1509 2578; x_wconf 74' lang='lat' dir='ltr'><strong>fascinatas</strong></span> <span class='ocrx_word' id='word_1_262' title='bbox 1536 2520 1776 2579; x_wconf 83' lang='lat' dir='ltr'><strong>insultet</strong></span> <span class='ocrx_word' id='word_1_263' title='bbox 1803 2529 1861 2579; x_wconf 90' lang='lat' dir='ltr'><strong>et</strong></span> <span class='ocrx_word' id='word_1_264' title='bbox 1902 2520 2147 2597; x_wconf 82' lang='lat' dir='ltr'><strong>illudat3</strong></span> <span class='ocrx_word' id='word_1_265' title='bbox 2191 2521 2306 2578; x_wconf 93' lang='lat' dir='ltr'><strong>imo</strong></span> <span class='ocrx_word' id='word_1_266' title='bbox 2345 2518 2681 2581; x_wconf 81' lang='lat' dir='ltr'><strong>incredibile</strong></span> 
     </span>
     <span class='ocr_line' id='line_1_28' title="bbox 257 2597 2686 2683; baseline -0.002 -20"><span class='ocrx_word' id='word_1_267' title='bbox 257 2623 503 2683; x_wconf 84' lang='lat' dir='ltr'><strong>prorsus</strong></span> <span class='ocrx_word' id='word_1_268' title='bbox 546 2602 842 2660; x_wconf 78' lang='lat' dir='ltr'><strong>videretur</strong></span> <span class='ocrx_word' id='word_1_269' title='bbox 867 2600 986 2659; x_wconf 80' lang='lat' dir='ltr'><strong>tam</strong></span> <span class='ocrx_word' id='word_1_270' title='bbox 1032 2619 1226 2658; x_wconf 85' lang='lat' dir='ltr'><strong>crassa</strong></span> <span class='ocrx_word' id='word_1_271' title='bbox 1265 2599 1583 2677; x_wconf 83' lang='lat' dir='ltr'><strong>impostura</strong></span> <span class='ocrx_word' id='word_1_272' title='bbox 1630 2609 1690 2659; x_wconf 85' lang='lat' dir='ltr'><strong>et</strong></span> <span class='ocrx_word' id='word_1_273' title='bbox 1733 2609 1850 2659; x_wconf 87' lang='lat' dir='ltr'><strong>tam</strong></span> <span class='ocrx_word' id='word_1_274' title='bbox 1880 2597 2151 2661; x_wconf 82' lang='lat' dir='ltr'><strong>diuturna</strong></span> <span class='ocrx_word' id='word_1_275' title='bbox 2179 2600 2477 2660; x_wconf 89' lang='lat' dir='ltr'><strong>seductum</strong></span> <span class='ocrx_word' id='word_1_276' title='bbox 2506 2598 2686 2659; x_wconf 88' lang='lat' dir='ltr'><strong>fuisse</strong></span> 
     </span>
     <span class='ocr_line' id='line_1_29' title="bbox 262 2679 2685 2758; baseline -0.002 -14"><span class='ocrx_word' id='word_1_277' title='bbox 262 2684 564 2758; x_wconf 84' lang='lat' dir='ltr'><strong>mundum,</strong></span> <span class='ocrx_word' id='word_1_278' title='bbox 594 2682 709 2740; x_wconf 89' lang='lat' dir='ltr'><strong>nisi</strong></span> <span class='ocrx_word' id='word_1_279' title='bbox 754 2700 849 2739; x_wconf 89' lang='lat' dir='ltr'><strong>res</strong></span> <span class='ocrx_word' id='word_1_280' title='bbox 895 2680 1023 2757; x_wconf 89' lang='lat' dir='ltr'><strong>ipsa</strong></span> <span class='ocrx_word' id='word_1_281' title='bbox 1059 2679 1351 2738; x_wconf 81' lang='lat' dir='ltr'><strong>clamaret.</strong></span> <span class='ocrx_word' id='word_1_282' title='bbox 1434 2680 1589 2739; x_wconf 86' lang='lat' dir='ltr'><strong>Vide</strong></span> <span class='ocrx_word' id='word_1_283' title='bbox 1622 2681 1934 2756; x_wconf 65' lang='lat' dir='ltr'><strong>Calvirmm,</strong></span> <span class='ocrx_word' id='word_1_284' title='bbox 1978 2681 2393 2741; x_wconf 85' lang='lat' dir='ltr'><strong>Admonitione</strong></span> <span class='ocrx_word' id='word_1_285' title='bbox 2421 2679 2495 2739; x_wconf 89' lang='lat' dir='ltr'><strong>de</strong></span> <span class='ocrx_word' id='word_1_286' title='bbox 2525 2679 2685 2739; x_wconf 86' lang='lat' dir='ltr'><strong>Reli-</strong></span> 
     </span>
     <span class='ocr_line' id='line_1_30' title="bbox 261 2758 2686 2843; baseline -0.002 -20"><span class='ocrx_word' id='word_1_287' title='bbox 261 2765 433 2843; x_wconf 86' lang='lat' dir='ltr'><strong>quiis‚</strong></span> <span class='ocrx_word' id='word_1_288' title='bbox 485 2772 547 2823; x_wconf 84' lang='lat' dir='ltr'><strong>et</strong></span> <span class='ocrx_word' id='word_1_289' title='bbox 588 2761 949 2838; x_wconf 61' lang='lat' dir='ltr'><strong>Hospim’cm„</strong></span> <span class='ocrx_word' id='word_1_290' title='bbox 994 2759 1067 2818; x_wconf 87' lang='lat' dir='ltr'><strong>de</strong></span> <span class='ocrx_word' id='word_1_291' title='bbox 1118 2758 1355 2836; x_wconf 85' lang='lat' dir='ltr'><strong>Origine</strong></span> <span class='ocrx_word' id='word_1_292' title='bbox 1387 2760 1805 2838; x_wconf 84' lang='lat' dir='ltr'><strong>Reliquiarum.</strong></span> <span class='ocrx_word' id='word_1_293' title='bbox 1890 2761 2186 2840; x_wconf 85' lang='lat' dir='ltr'><strong>Quotquot</strong></span> <span class='ocrx_word' id='word_1_294' title='bbox 2231 2781 2370 2838; x_wconf 85' lang='lat' dir='ltr'><strong>ergo</strong></span> <span class='ocrx_word' id='word_1_295' title='bbox 2411 2760 2686 2837; x_wconf 74' lang='lat' dir='ltr'><strong>reliquias</strong></span> 
     </span>
     <span class='ocr_line' id='line_1_31' title="bbox 264 2839 2684 2922; baseline -0.002 -18"><span class='ocrx_word' id='word_1_296' title='bbox 264 2845 480 2918; x_wconf 88' lang='lat' dir='ltr'><strong>colunt,</strong></span> <span class='ocrx_word' id='word_1_297' title='bbox 506 2842 708 2914; x_wconf 81' lang='lat' dir='ltr'><strong>colunt</strong></span> <span class='ocrx_word' id='word_1_298' title='bbox 728 2839 886 2918; x_wconf 90' lang='lat' dir='ltr'><strong>quod</strong></span> <span class='ocrx_word' id='word_1_299' title='bbox 906 2840 1210 2916; x_wconf 79' lang='lat' dir='ltr'><strong>ignorant3</strong></span> <span class='ocrx_word' id='word_1_300' title='bbox 1253 2858 1389 2897; x_wconf 86' lang='lat' dir='ltr'><strong>nam</strong></span> <span class='ocrx_word' id='word_1_301' title='bbox 1414 2848 1548 2922; x_wconf 86' lang='lat' dir='ltr'><strong>post</strong></span> <span class='ocrx_word' id='word_1_302' title='bbox 1573 2848 1662 2899; x_wconf 84' lang='lat' dir='ltr'><strong>tot</strong></span> <span class='ocrx_word' id='word_1_303' title='bbox 1688 2841 1921 2900; x_wconf 81' lang='lat' dir='ltr'><strong>fraudes</strong></span> <span class='ocrx_word' id='word_1_304' title='bbox 1948 2852 2008 2901; x_wconf 89' lang='lat' dir='ltr'><strong>et</strong></span> <span class='ocrx_word' id='word_1_305' title='bbox 2034 2843 2381 2920; x_wconf 76' lang='lat' dir='ltr'><strong>imposturas</strong></span> <span class='ocrx_word' id='word_1_306' title='bbox 2409 2841 2684 2916; x_wconf 85' lang='lat' dir='ltr'><strong>detectas,</strong></span> 
     </span>
     <span class='ocr_line' id='line_1_32' title="bbox 263 2919 2688 3003; baseline -0.002 -19"><span class='ocrx_word' id='word_1_307' title='bbox 263 2945 393 3003; x_wconf 79' lang='lat' dir='ltr'><strong>quae</strong></span> <span class='ocrx_word' id='word_1_308' title='bbox 442 2922 735 2983; x_wconf 72' lang='lat' dir='ltr'><strong>certitudo.</strong></span> <span class='ocrx_word' id='word_1_309' title='bbox 777 2928 969 2998; x_wconf 77' lang='lat' dir='ltr'><strong>potest</strong></span> <span class='ocrx_word' id='word_1_310' title='bbox 1009 2919 1152 2995; x_wconf 85' lang='lat' dir='ltr'><strong>dari,</strong></span> <span class='ocrx_word' id='word_1_311' title='bbox 1201 2919 1475 2997; x_wconf 84' lang='lat' dir='ltr'><strong>reliquias</strong></span> <span class='ocrx_word' id='word_1_312' title='bbox 1517 2939 1647 2980; x_wconf 88' lang='lat' dir='ltr'><strong>esse</strong></span> <span class='ocrx_word' id='word_1_313' title='bbox 1675 2941 1872 2980; x_wconf 87' lang='lat' dir='ltr'><strong>eorum</strong></span> <span class='ocrx_word' id='word_1_314' title='bbox 1905 2921 2245 2983; x_wconf 82' lang='lat' dir='ltr'><strong>Sanctorum</strong></span> <span class='ocrx_word' id='word_1_315' title='bbox 2274 2940 2518 2999; x_wconf 88' lang='lat' dir='ltr'><strong>quorum</strong></span> <span class='ocrx_word' id='word_1_316' title='bbox 2560 2939 2688 2979; x_wconf 86' lang='lat' dir='ltr'><strong>esse</strong></span> 
     </span>
    </p>
   </div>
   <div class='ocr_carea' id='block_1_4' title="bbox 257 3005 2702 4676">
    <p class='ocr_par' dir='ltr' id='par_1_4' title="bbox 257 3005 2702 4676">
     <span class='ocr_line' id='line_1_33' title="bbox 267 3005 603 3064; baseline -0.006 0"><span class='ocrx_word' id='word_1_317' title='bbox 267 3005 555 3064; x_wconf 67' lang='lat' dir='ltr'><strong>&#39;actantur</strong></span> <span class='ocrx_word' id='word_1_318' title='bbox 573 3005 603 3062; x_wconf 70' lang='grc' dir='ltr'><em>Ῥ</em></span> 
     </span>
     <span class='ocr_line' id='line_1_34' title="bbox 257 3026 2687 3162; baseline -0.001 -24"><span class='ocrx_word' id='word_1_319' title='bbox 257 3026 283 3083; x_wconf 86' lang='lat' dir='ltr'>J</span> <span class='ocrx_word' id='word_1_320' title='bbox 482 3150 495 3162; x_wconf 38' lang='lat'>⁸</span> <span class='ocrx_word' id='word_1_321' title='bbox 660 3147 670 3158; x_wconf 37' lang='grc' dir='ltr'>ι</span> <span class='ocrx_word' id='word_1_322' title='bbox 876 3079 1025 3138; x_wconf 84' lang='lat' dir='ltr'><strong>VII.</strong></span> <span class='ocrx_word' id='word_1_323' title='bbox 1069 3081 1125 3140; x_wconf 83' lang='lat'><strong>5.</strong></span> <span class='ocrx_word' id='word_1_324' title='bbox 1169 3077 1612 3159; x_wconf 51' lang='lat' dir='ltr'><strong>Araba-cognate&amp;</strong></span> <span class='ocrx_word' id='word_1_325' title='bbox 1650 3080 1851 3156; x_wconf 86' lang='lat' dir='ltr'><strong>primis</strong></span> <span class='ocrx_word' id='word_1_326' title='bbox 1881 3079 2304 3138; x_wconf 81' lang='lat' dir='ltr'><strong>Christianismi</strong></span> <span class='ocrx_word' id='word_1_327' title='bbox 2347 3078 2556 3137; x_wconf 87' lang='lat' dir='ltr'><strong>seculis</strong></span> <span class='ocrx_word' id='word_1_328' title='bbox 2598 3078 2687 3155; x_wconf 91' lang='lat' dir='ltr'><strong>ig-</strong></span> 
     </span>
     <span class='ocr_line' id='line_1_35' title="bbox 267 3150 2690 3298; baseline -0.002 0"><span class='ocrx_word' id='word_1_329' title='bbox 267 3150 465 3254; x_wconf 51' lang='grc'><strong>53555</strong></span> <span class='ocrx_word' id='word_1_330' title='bbox 482 3151 757 3253; x_wconf 55' lang='lat' dir='ltr'><strong>ssffl</strong></span> <span class='ocrx_word' id='word_1_331' title='bbox 798 3158 2690 3298; x_wconf 49' lang='lat' dir='ltr'><strong>23‘332231322022231122‘332.ffi20³2.051530.ffl5“yff53</strong></span> 
     </span>
     <span class='ocr_line' id='line_1_36' title="bbox 273 3256 2689 3397; baseline -0.003 -17"><span class='ocrx_word' id='word_1_332' title='bbox 273 3340 393 3380; x_wconf 90' lang='lat' dir='ltr'><strong>non</strong></span> <span class='ocrx_word' id='word_1_333' title='bbox 438 3328 604 3380; x_wconf 87' lang='lat' dir='ltr'><strong>erant</strong></span> <span class='ocrx_word' id='word_1_334' title='bbox 629 3317 855 3393; x_wconf 79' lang='lat' dir='ltr'><strong>facturi,</strong></span> <span class='ocrx_word' id='word_1_335' title='bbox 901 3319 952 3377; x_wconf 90' lang='lat' dir='ltr'><strong>si</strong></span> <span class='ocrx_word' id='word_1_336' title='bbox 999 3338 1070 3377; x_wconf 84' lang='lat' dir='ltr'><strong>ea</strong></span> <span class='ocrx_word' id='word_1_337' title='bbox 1103 3258 1471 3397; x_wconf 54' lang='lat' dir='ltr'><strong>putavissleliit</strong></span> <span class='ocrx_word' id='word_1_338' title='bbox 1499 3258 1809 3392; x_wconf 77' lang='lat' dir='ltr'><strong>adorangda,</strong></span> <span class='ocrx_word' id='word_1_339' title='bbox 1842 3325 1908 3376; x_wconf 84' lang='lat' dir='ltr'><strong>ut</strong></span> <span class='ocrx_word' id='word_1_340' title='bbox 1949 3316 2023 3375; x_wconf 86' lang='lat' dir='ltr'><strong>ab</strong></span> <span class='ocrx_word' id='word_1_341' title='bbox 2053 3257 2318 3375; x_wconf 57' lang='lat' dir='ltr'><strong>Ectlziesia</strong></span> <span class='ocrx_word' id='word_1_342' title='bbox 2350 3256 2689 3394; x_wconf 61' lang='lat' dir='ltr'><strong>Smyrnlensi</strong></span> 
     </span>
     <span class='ocr_line' id='line_1_37' title="bbox 273 3395 2692 3476; baseline -0.002 -16"><span class='ocrx_word' id='word_1_343' title='bbox 273 3402 491 3460; x_wconf 81' lang='lat' dir='ltr'><strong>factum</strong></span> <span class='ocrx_word' id='word_1_344' title='bbox 535 3406 786 3459; x_wconf 86' lang='lat' dir='ltr'><strong>testatur</strong></span> <span class='ocrx_word' id='word_1_345' title='bbox 813 3399 1120 3472; x_wconf 87' lang='lat' dir='ltr'><strong>Eusebius,</strong></span> <span class='ocrx_word' id='word_1_346' title='bbox 1163 3399 1264 3457; x_wconf 90' lang='lat' dir='ltr'><strong>lib.</strong></span> <span class='ocrx_word' id='word_1_347' title='bbox 1294 3399 1374 3456; x_wconf 83' lang='lat' dir='ltr'><strong>iv.</strong></span> <span class='ocrx_word' id='word_1_348' title='bbox 1417 3417 1543 3476; x_wconf 81' lang='lat' dir='ltr'><strong>cap.</strong></span> <span class='ocrx_word' id='word_1_349' title='bbox 1598 3399 1689 3473; x_wconf 85' lang='lat'><strong>15,</strong></span> <span class='ocrx_word' id='word_1_350' title='bbox 1736 3397 1809 3456; x_wconf 82' lang='lat' dir='ltr'><strong>de</strong></span> <span class='ocrx_word' id='word_1_351' title='bbox 1854 3396 2084 3458; x_wconf 85' lang='lat' dir='ltr'><strong>ossibus</strong></span> <span class='ocrx_word' id='word_1_352' title='bbox 2131 3396 2475 3475; x_wconf 79' lang='lat' dir='ltr'><strong>Polycarpi3</strong></span> <span class='ocrx_word' id='word_1_353' title='bbox 2523 3395 2692 3470; x_wconf 87' lang='lat' dir='ltr'><strong>Quod</strong></span> 
     </span>
     <span class='ocr_line' id='line_1_38' title="bbox 272 3476 2691 3555; baseline -0.002 -15"><span class='ocrx_word' id='word_1_354' title='bbox 272 3481 411 3540; x_wconf 84' lang='lat' dir='ltr'><strong>talis</strong></span> <span class='ocrx_word' id='word_1_355' title='bbox 452 3480 648 3540; x_wconf 79' lang='lat' dir='ltr'><strong>cultus</strong></span> <span class='ocrx_word' id='word_1_356' title='bbox 687 3477 973 3555; x_wconf 84' lang='lat' dir='ltr'><strong>Reliquiis</strong></span> <span class='ocrx_word' id='word_1_357' title='bbox 1014 3478 1193 3537; x_wconf 88' lang='lat' dir='ltr'><strong>delati</strong></span> <span class='ocrx_word' id='word_1_358' title='bbox 1220 3478 1382 3536; x_wconf 89' lang='lat' dir='ltr'><strong>nulla</strong></span> <span class='ocrx_word' id='word_1_359' title='bbox 1408 3478 1469 3535; x_wconf 90' lang='lat' dir='ltr'><strong>in</strong></span> <span class='ocrx_word' id='word_1_360' title='bbox 1506 3478 2030 3537; x_wconf 82' lang='lat' dir='ltr'><strong>vetustissimorum</strong></span> <span class='ocrx_word' id='word_1_361' title='bbox 2058 3476 2487 3554; x_wconf 85' lang='lat' dir='ltr'><strong>Theologorum</strong></span> <span class='ocrx_word' id='word_1_362' title='bbox 2527 3477 2691 3535; x_wconf 89' lang='lat' dir='ltr'><strong>libris</strong></span> 
     </span>
     <span class='ocr_line' id='line_1_39' title="bbox 272 3557 2692 3636; baseline -0.002 -15"><span class='ocrx_word' id='word_1_363' title='bbox 272 3561 492 3620; x_wconf 85' lang='lat' dir='ltr'><strong>mentio</strong></span> <span class='ocrx_word' id='word_1_364' title='bbox 522 3567 803 3634; x_wconf 79' lang='lat' dir='ltr'><strong>occurrat,</strong></span> <span class='ocrx_word' id='word_1_365' title='bbox 833 3558 937 3617; x_wconf 88' lang='lat' dir='ltr'><strong>ubi</strong></span> <span class='ocrx_word' id='word_1_366' title='bbox 974 3577 1093 3616; x_wconf 80' lang='lat' dir='ltr'><strong>non</strong></span> <span class='ocrx_word' id='word_1_367' title='bbox 1124 3558 1296 3617; x_wconf 86' lang='lat' dir='ltr'><strong>modo</strong></span> <span class='ocrx_word' id='word_1_368' title='bbox 1326 3567 1662 3636; x_wconf 81' lang='lat' dir='ltr'><strong>opportune,</strong></span> <span class='ocrx_word' id='word_1_369' title='bbox 1695 3557 1798 3617; x_wconf 87' lang='lat' dir='ltr'><strong>sed</strong></span> <span class='ocrx_word' id='word_1_370' title='bbox 1827 3578 1974 3635; x_wconf 85' lang='lat' dir='ltr'><strong>pene</strong></span> <span class='ocrx_word' id='word_1_371' title='bbox 2014 3557 2187 3618; x_wconf 85' lang='lat' dir='ltr'><strong>etiam</strong></span> <span class='ocrx_word' id='word_1_372' title='bbox 2226 3558 2553 3617; x_wconf 88' lang='lat' dir='ltr'><strong>necessario</strong></span> <span class='ocrx_word' id='word_1_373' title='bbox 2579 3557 2692 3616; x_wconf 90' lang='lat' dir='ltr'><strong>hoc</strong></span> 
     </span>
     <span class='ocr_line' id='line_1_40' title="bbox 276 3638 2690 3716; baseline -0.002 -15"><span class='ocrx_word' id='word_1_374' title='bbox 276 3641 589 3701; x_wconf 84' lang='lat' dir='ltr'><strong>dicendum</strong></span> <span class='ocrx_word' id='word_1_375' title='bbox 619 3647 780 3714; x_wconf 83' lang='lat' dir='ltr'><strong>crat3</strong></span> <span class='ocrx_word' id='word_1_376' title='bbox 840 3638 1009 3713; x_wconf 81' lang='lat' dir='ltr'><strong>Quod</strong></span> <span class='ocrx_word' id='word_1_377' title='bbox 1040 3638 1263 3716; x_wconf 88' lang='lat' dir='ltr'><strong>Pagani</strong></span> <span class='ocrx_word' id='word_1_378' title='bbox 1289 3638 1504 3696; x_wconf 79' lang='lat' dir='ltr'><strong>nostris</strong></span> <span class='ocrx_word' id='word_1_379' title='bbox 1541 3647 1675 3697; x_wconf 81' lang='lat' dir='ltr'><strong>ante</strong></span> <span class='ocrx_word' id='word_1_380' title='bbox 1705 3641 1828 3697; x_wconf 84' lang='lat'><strong>300</strong></span> <span class='ocrx_word' id='word_1_381' title='bbox 1853 3657 2035 3696; x_wconf 83' lang='lat' dir='ltr'><strong>annos</strong></span> <span class='ocrx_word' id='word_1_382' title='bbox 2077 3638 2252 3697; x_wconf 88' lang='lat' dir='ltr'><strong>talem</strong></span> <span class='ocrx_word' id='word_1_383' title='bbox 2281 3639 2501 3698; x_wconf 87' lang='lat' dir='ltr'><strong>cultum</strong></span> <span class='ocrx_word' id='word_1_384' title='bbox 2543 3657 2690 3697; x_wconf 91' lang='lat' dir='ltr'><strong>nun·</strong></span> 
     </span>
     <span class='ocr_line' id='line_1_41' title="bbox 277 3717 2691 3800; baseline -0.002 -19"><span class='ocrx_word' id='word_1_385' title='bbox 277 3742 454 3800; x_wconf 81' lang='lat' dir='ltr'><strong>quam</strong></span> <span class='ocrx_word' id='word_1_386' title='bbox 482 3718 823 3797; x_wconf 79' lang='lat' dir='ltr'><strong>objecerint,</strong></span> <span class='ocrx_word' id='word_1_387' title='bbox 854 3718 1012 3795; x_wconf 88' lang='lat' dir='ltr'><strong>quod</strong></span> <span class='ocrx_word' id='word_1_388' title='bbox 1049 3717 1310 3777; x_wconf 80' lang='lat' dir='ltr'><strong>fecerunt</strong></span> <span class='ocrx_word' id='word_1_389' title='bbox 1335 3727 1576 3795; x_wconf 87' lang='lat' dir='ltr'><strong>postea;</strong></span> <span class='ocrx_word' id='word_1_390' title='bbox 1624 3717 1794 3792; x_wconf 82' lang='lat' dir='ltr'><strong>Quod</strong></span> <span class='ocrx_word' id='word_1_391' title='bbox 1819 3718 2167 3795; x_wconf 80' lang='lat' dir='ltr'><strong>reliquiaria,</strong></span> <span class='ocrx_word' id='word_1_392' title='bbox 2198 3738 2327 3795; x_wconf 82' lang='lat' dir='ltr'><strong>quae</strong></span> <span class='ocrx_word' id='word_1_393' title='bbox 2354 3738 2509 3777; x_wconf 88' lang='lat' dir='ltr'><strong>nune</strong></span> <span class='ocrx_word' id='word_1_394' title='bbox 2548 3718 2691 3776; x_wconf 88' lang='lat' dir='ltr'><strong>assi·</strong></span> 
     </span>
     <span class='ocr_line' id='line_1_42' title="bbox 280 3797 2693 3875; baseline -0.002 -15"><span class='ocrx_word' id='word_1_395' title='bbox 280 3802 396 3860; x_wconf 87' lang='lat' dir='ltr'><strong>due</strong></span> <span class='ocrx_word' id='word_1_396' title='bbox 422 3801 593 3859; x_wconf 78' lang='lat' dir='ltr'><strong>velut</strong></span> <span class='ocrx_word' id='word_1_397' title='bbox 618 3818 780 3857; x_wconf 85' lang='lat' dir='ltr'><strong>arma</strong></span> <span class='ocrx_word' id='word_1_398' title='bbox 808 3807 867 3858; x_wconf 88' lang='lat' dir='ltr'><strong>et</strong></span> <span class='ocrx_word' id='word_1_399' title='bbox 914 3797 1183 3875; x_wconf 81' lang='lat' dir='ltr'><strong>praesidia</strong></span> <span class='ocrx_word' id='word_1_400' title='bbox 1211 3806 1513 3874; x_wconf 79' lang='lat' dir='ltr'><strong>gestantur</strong></span> <span class='ocrx_word' id='word_1_401' title='bbox 1539 3818 1575 3855; x_wconf 92' lang='lat' dir='ltr'><strong>a</strong></span> <span class='ocrx_word' id='word_1_402' title='bbox 1610 3797 1906 3873; x_wconf 83' lang='lat' dir='ltr'><strong>Romanis,</strong></span> <span class='ocrx_word' id='word_1_403' title='bbox 1937 3797 2138 3875; x_wconf 83' lang='lat' dir='ltr'><strong>ignota</strong></span> <span class='ocrx_word' id='word_1_404' title='bbox 2166 3807 2304 3856; x_wconf 86' lang='lat' dir='ltr'><strong>tunc</strong></span> <span class='ocrx_word' id='word_1_405' title='bbox 2333 3799 2562 3873; x_wconf 89' lang='lat' dir='ltr'><strong>penitus</strong></span> <span class='ocrx_word' id='word_1_406' title='bbox 2604 3816 2693 3856; x_wconf 89' lang='lat' dir='ltr'><strong>es-</strong></span> 
     </span>
     <span class='ocr_line' id='line_1_43' title="bbox 279 3874 2692 3955; baseline -0.004 -15"><span class='ocrx_word' id='word_1_407' title='bbox 279 3891 431 3940; x_wconf 86' lang='lat' dir='ltr'><strong>sent.</strong></span> <span class='ocrx_word' id='word_1_408' title='bbox 475 3882 573 3938; x_wconf 83' lang='lat' dir='ltr'><strong>Ex</strong></span> <span class='ocrx_word' id='word_1_409' title='bbox 600 3879 695 3937; x_wconf 87' lang='lat' dir='ltr'><strong>his</strong></span> <span class='ocrx_word' id='word_1_410' title='bbox 723 3898 864 3937; x_wconf 79' lang='lat' dir='ltr'><strong>vero</strong></span> <span class='ocrx_word' id='word_1_411' title='bbox 892 3887 951 3936; x_wconf 89' lang='lat' dir='ltr'><strong>et</strong></span> <span class='ocrx_word' id='word_1_412' title='bbox 976 3878 1108 3937; x_wconf 88' lang='lat' dir='ltr'><strong>aliis</strong></span> <span class='ocrx_word' id='word_1_413' title='bbox 1136 3878 1336 3937; x_wconf 87' lang='lat' dir='ltr'><strong>multis</strong></span> <span class='ocrx_word' id='word_1_414' title='bbox 1364 3876 1610 3955; x_wconf 84' lang='lat' dir='ltr'><strong>idgenus</strong></span> <span class='ocrx_word' id='word_1_415' title='bbox 1639 3878 2012 3954; x_wconf 84' lang='lat' dir='ltr'><strong>argumentis,</strong></span> <span class='ocrx_word' id='word_1_416' title='bbox 2044 3896 2174 3954; x_wconf 79' lang='lat' dir='ltr'><strong>quae</strong></span> <span class='ocrx_word' id='word_1_417' title='bbox 2216 3877 2460 3934; x_wconf 83' lang='lat' dir='ltr'><strong>collecta</strong></span> <span class='ocrx_word' id='word_1_418' title='bbox 2486 3874 2692 3932; x_wconf 82' lang='lat' dir='ltr'><strong>viden-</strong></span> 
     </span>
     <span class='ocr_line' id='line_1_44' title="bbox 279 3954 2692 4038; baseline -0.004 -18"><span class='ocrx_word' id='word_1_419' title='bbox 279 3970 379 4020; x_wconf 83' lang='lat' dir='ltr'><strong>tur</strong></span> <span class='ocrx_word' id='word_1_420' title='bbox 404 3960 564 4038; x_wconf 83' lang='lat' dir='ltr'><strong>apud</strong></span> <span class='ocrx_word' id='word_1_421' title='bbox 592 3958 852 4018; x_wconf 87' lang='lat' dir='ltr'><strong>Celeber.</strong></span> <span class='ocrx_word' id='word_1_422' title='bbox 885 3958 1190 4032; x_wconf 76' lang='lat' dir='ltr'><strong>Dallaeum,</strong></span> <span class='ocrx_word' id='word_1_423' title='bbox 1221 3958 1321 4016; x_wconf 90' lang='lat' dir='ltr'><strong>lib.</strong></span> <span class='ocrx_word' id='word_1_424' title='bbox 1352 3958 1431 4016; x_wconf 81' lang='lat' dir='ltr'><strong>iv,</strong></span> <span class='ocrx_word' id='word_1_425' title='bbox 1463 3957 1535 4016; x_wconf 87' lang='lat' dir='ltr'><strong>de</strong></span> <span class='ocrx_word' id='word_1_426' title='bbox 1578 3956 1837 4034; x_wconf 88' lang='lat' dir='ltr'><strong>religiosi</strong></span> <span class='ocrx_word' id='word_1_427' title='bbox 1865 3957 2057 4016; x_wconf 85' lang='lat' dir='ltr'><strong>cultus</strong></span> <span class='ocrx_word' id='word_1_428' title='bbox 2090 3957 2334 4033; x_wconf 84' lang='lat' dir='ltr'><strong>objectO,</strong></span> <span class='ocrx_word' id='word_1_429' title='bbox 2366 3956 2495 4013; x_wconf 90' lang='lat' dir='ltr'><strong>luce</strong></span> <span class='ocrx_word' id='word_1_430' title='bbox 2523 3954 2692 4012; x_wconf 89' lang='lat' dir='ltr'><strong>meri·</strong></span> 
     </span>
     <span class='ocr_line' id='line_1_45' title="bbox 281 4034 2697 4115; baseline -0.004 -15"><span class='ocrx_word' id='word_1_431' title='bbox 281 4041 459 4100; x_wconf 81' lang='lat' dir='ltr'><strong>diana</strong></span> <span class='ocrx_word' id='word_1_432' title='bbox 486 4039 700 4099; x_wconf 86' lang='lat' dir='ltr'><strong>clarius</strong></span> <span class='ocrx_word' id='word_1_433' title='bbox 727 4037 928 4113; x_wconf 86' lang='lat' dir='ltr'><strong>liquet,</strong></span> <span class='ocrx_word' id='word_1_434' title='bbox 949 4037 1212 4114; x_wconf 87' lang='lat' dir='ltr'><strong>ignotum</strong></span> <span class='ocrx_word' id='word_1_435' title='bbox 1229 4037 1460 4115; x_wconf 86' lang='lat' dir='ltr'><strong>penitus</strong></span> <span class='ocrx_word' id='word_1_436' title='bbox 1488 4046 1547 4096; x_wconf 86' lang='lat' dir='ltr'><strong>et</strong></span> <span class='ocrx_word' id='word_1_437' title='bbox 1567 4036 1891 4096; x_wconf 80' lang='lat' dir='ltr'><strong>inauditum</strong></span> <span class='ocrx_word' id='word_1_438' title='bbox 1913 4036 2090 4096; x_wconf 75' lang='lat' dir='ltr'><strong>fuisse</strong></span> <span class='ocrx_word' id='word_1_439' title='bbox 2152 4036 2312 4093; x_wconf 89' lang='lat' dir='ltr'><strong>rimis</strong></span> <span class='ocrx_word' id='word_1_440' title='bbox 2339 4035 2457 4092; x_wconf 83' lang='lat' dir='ltr'><strong>illis</strong></span> <span class='ocrx_word' id='word_1_441' title='bbox 2486 4034 2697 4092; x_wconf 81' lang='lat' dir='ltr'><strong>seculis</strong></span> 
     </span>
     <span class='ocr_line' id='line_1_46' title="bbox 280 4112 2696 4198; baseline -0.005 -16"><span class='ocrx_word' id='word_1_442' title='bbox 280 4120 662 4198; x_wconf 79' lang='lat' dir='ltr'><strong>reliquiarum</strong></span> <span class='ocrx_word' id='word_1_443' title='bbox 690 4118 927 4192; x_wconf 84' lang='lat' dir='ltr'><strong>cultum,</strong></span> <span class='ocrx_word' id='word_1_444' title='bbox 953 4126 1012 4176; x_wconf 88' lang='lat' dir='ltr'><strong>et</strong></span> <span class='ocrx_word' id='word_1_445' title='bbox 1040 4117 1417 4195; x_wconf 84' lang='lat' dir='ltr'><strong>sequentibus</strong></span> <span class='ocrx_word' id='word_1_446' title='bbox 1444 4117 1655 4176; x_wconf 80' lang='lat' dir='ltr'><strong>seculis</strong></span> <span class='ocrx_word' id='word_1_447' title='bbox 1683 4116 1915 4176; x_wconf 85' lang='lat' dir='ltr'><strong>demum</strong></span> <span class='ocrx_word' id='word_1_448' title='bbox 1944 4117 2004 4174; x_wconf 83' lang='lat' dir='ltr'><strong>in</strong></span> <span class='ocrx_word' id='word_1_449' title='bbox 2137 4124 2352 4190; x_wconf 71' lang='lat' dir='ltr'><strong>actual,</strong></span> <span class='ocrx_word' id='word_1_450' title='bbox 2385 4121 2443 4172; x_wconf 90' lang='lat' dir='ltr'><strong>et</strong></span> <span class='ocrx_word' id='word_1_451' title='bbox 2463 4112 2696 4190; x_wconf 83' lang='lat' dir='ltr'><strong>quidem</strong></span> 
     </span>
     <span class='ocr_line' id='line_1_47' title="bbox 283 4197 1097 4276; baseline -0.006 -15"><span class='ocrx_word' id='word_1_452' title='bbox 283 4199 618 4261; x_wconf 81' lang='lat' dir='ltr'><strong>successive</strong></span> <span class='ocrx_word' id='word_1_453' title='bbox 648 4207 707 4257; x_wconf 89' lang='lat' dir='ltr'><strong>et</strong></span> <span class='ocrx_word' id='word_1_454' title='bbox 733 4216 838 4276; x_wconf 88' lang='lat' dir='ltr'><strong>per</strong></span> <span class='ocrx_word' id='word_1_455' title='bbox 863 4197 1097 4275; x_wconf 84' lang='lat' dir='ltr'><strong>gradus.</strong></span> 
     </span>
     <span class='ocr_line' id='line_1_48' title="bbox 373 4274 2697 4359; baseline -0.002 -24"><span class='ocrx_word' id='word_1_456' title='bbox 373 4347 385 4359; x_wconf 93' lang='lat'><strong>.</strong></span> <span class='ocrx_word' id='word_1_457' title='bbox 668 4345 679 4357; x_wconf 89' lang='lat'><strong>.</strong></span> <span class='ocrx_word' id='word_1_458' title='bbox 897 4277 1079 4336; x_wconf 86' lang='lat' dir='ltr'>VIII.</span> <span class='ocrx_word' id='word_1_459' title='bbox 1125 4277 1320 4335; x_wconf 89' lang='lat' dir='ltr'><strong>Primo</strong></span> <span class='ocrx_word' id='word_1_460' title='bbox 1348 4276 1521 4354; x_wconf 80' lang='lat' dir='ltr'><strong>coepti</strong></span> <span class='ocrx_word' id='word_1_461' title='bbox 1551 4284 1687 4336; x_wconf 80' lang='lat' dir='ltr'><strong>sunt</strong></span> <span class='ocrx_word' id='word_1_462' title='bbox 1719 4275 1794 4334; x_wconf 79' lang='lat' dir='ltr'><strong>ad</strong></span> <span class='ocrx_word' id='word_1_463' title='bbox 1824 4275 2128 4353; x_wconf 86' lang='lat' dir='ltr'><strong>sepulchra</strong></span> <span class='ocrx_word' id='word_1_464' title='bbox 2155 4274 2482 4349; x_wconf 84' lang='lat' dir='ltr'><strong>Martyrum</strong></span> <span class='ocrx_word' id='word_1_465' title='bbox 2512 4279 2697 4331; x_wconf 83' lang='lat' dir='ltr'><strong>coetus</strong></span> 
     </span>
     <span class='ocr_line' id='line_1_49' title="bbox 287 4345 2694 4449; baseline -0.002 -34"><span class='ocrx_word' id='word_1_466' title='bbox 287 4345 775 4449; x_wconf 48' lang='lat' dir='ltr'><strong>Qssffitfflffl</strong></span> <span class='ocrx_word' id='word_1_467' title='bbox 808 4355 1205 4416; x_wconf 82' lang='lat' dir='ltr'><strong>Ecclesiastici</strong></span> <span class='ocrx_word' id='word_1_468' title='bbox 1252 4357 1553 4432; x_wconf 70' lang='lat' dir='ltr'><strong>celebrari,</strong></span> <span class='ocrx_word' id='word_1_469' title='bbox 1620 4365 1679 4414; x_wconf 91' lang='lat' dir='ltr'><strong>et</strong></span> <span class='ocrx_word' id='word_1_470' title='bbox 1727 4356 1961 4434; x_wconf 85' lang='lat' dir='ltr'><strong>quidem</strong></span> <span class='ocrx_word' id='word_1_471' title='bbox 2005 4355 2098 4413; x_wconf 87' lang='lat' dir='ltr'><strong>die</strong></span> <span class='ocrx_word' id='word_1_472' title='bbox 2142 4352 2430 4431; x_wconf 89' lang='lat' dir='ltr'><strong>passionis</strong></span> <span class='ocrx_word' id='word_1_473' title='bbox 2479 4371 2694 4428; x_wconf 86' lang='lat' dir='ltr'><strong>eorum,</strong></span> 
     </span>
     <span class='ocr_line' id='line_1_50' title="bbox 766 4432 2702 4514; baseline -0.002 -20"><span class='ocrx_word' id='word_1_474' title='bbox 766 4433 778 4444; x_wconf 83' lang='grc'><strong>”</strong></span> <span class='ocrx_word' id='word_1_475' title='bbox 817 4456 937 4496; x_wconf 88' lang='lat' dir='ltr'><strong>non</strong></span> <span class='ocrx_word' id='word_1_476' title='bbox 974 4436 1207 4514; x_wconf 86' lang='lat' dir='ltr'><strong>quidem</strong></span> <span class='ocrx_word' id='word_1_477' title='bbox 1235 4445 1470 4514; x_wconf 88' lang='lat' dir='ltr'><strong>propter</strong></span> <span class='ocrx_word' id='word_1_478' title='bbox 1496 4436 1716 4496; x_wconf 76' lang='lat' dir='ltr'><strong>cultum</strong></span> <span class='ocrx_word' id='word_1_479' title='bbox 1745 4445 1803 4496; x_wconf 86' lang='lat' dir='ltr'><strong>et</strong></span> <span class='ocrx_word' id='word_1_480' title='bbox 1846 4435 2268 4495; x_wconf 84' lang='lat' dir='ltr'><strong>invocationem</strong></span> <span class='ocrx_word' id='word_1_481' title='bbox 2297 4451 2511 4508; x_wconf 81' lang='lat' dir='ltr'><strong>eorum,</strong></span> <span class='ocrx_word' id='word_1_482' title='bbox 2544 4432 2702 4510; x_wconf 86' lang='lat' dir='ltr'><strong>quod</strong></span> 
     </span>
     <span class='ocr_line' id='line_1_51' title="bbox 285 4512 2699 4595; baseline -0.001 -20"><span class='ocrx_word' id='word_1_483' title='bbox 285 4517 556 4595; x_wconf 82' lang='lat' dir='ltr'><strong>Epistola</strong></span> <span class='ocrx_word' id='word_1_484' title='bbox 587 4517 1027 4595; x_wconf 72' lang='lat' dir='ltr'><strong>smyrnensium</strong></span> <span class='ocrx_word' id='word_1_485' title='bbox 1055 4535 1326 4593; x_wconf 86' lang='lat' dir='ltr'><strong>expresse</strong></span> <span class='ocrx_word' id='word_1_486' title='bbox 1353 4524 1546 4593; x_wconf 82' lang='lat' dir='ltr'><strong>negat,</strong></span> <span class='ocrx_word' id='word_1_487' title='bbox 1573 4516 1676 4574; x_wconf 88' lang='lat' dir='ltr'><strong>sed</strong></span> <span class='ocrx_word' id='word_1_488' title='bbox 1692 4519 1727 4550; x_wconf 76' lang='lat'><strong>‘⁴</strong></span> <span class='ocrx_word' id='word_1_489' title='bbox 1749 4525 1816 4575; x_wconf 86' lang='lat' dir='ltr'><strong>ut</strong></span> <span class='ocrx_word' id='word_1_490' title='bbox 1844 4513 2205 4592; x_wconf 88' lang='lat' dir='ltr'><strong>sequentium</strong></span> <span class='ocrx_word' id='word_1_491' title='bbox 2235 4512 2470 4588; x_wconf 84' lang='lat' dir='ltr'><strong>animi,&#39;&#39;</strong></span> <span class='ocrx_word' id='word_1_492' title='bbox 2493 4513 2699 4591; x_wconf 88' lang='lat' dir='ltr'><strong>inquit,</strong></span> 
     </span>
     <span class='ocr_line' id='line_1_52' title="bbox 289 4592 2700 4676; baseline -0.002 -20"><span class='ocrx_word' id='word_1_493' title='bbox 289 4597 409 4656; x_wconf 81' lang='lat' dir='ltr'><strong>“ad</strong></span> <span class='ocrx_word' id='word_1_494' title='bbox 423 4616 837 4675; x_wconf 82' lang='lat' dir='ltr'><strong>praeeessorum</strong></span> <span class='ocrx_word' id='word_1_495' title='bbox 857 4596 1013 4655; x_wconf 83' lang='lat' dir='ltr'><strong>viam</strong></span> <span class='ocrx_word' id='word_1_496' title='bbox 1031 4595 1315 4676; x_wconf 78' lang='lat' dir='ltr'><strong>exemplis</strong></span> <span class='ocrx_word' id='word_1_497' title='bbox 1338 4595 1665 4673; x_wconf 90' lang='lat' dir='ltr'><strong>insignibus</strong></span> <span class='ocrx_word' id='word_1_498' title='bbox 1684 4594 2092 4667; x_wconf 84' lang='lat' dir='ltr'><strong>suscitentur,&#39;’</strong></span> <span class='ocrx_word' id='word_1_499' title='bbox 2116 4592 2273 4671; x_wconf 91' lang='lat' dir='ltr'><strong>quod</strong></span> <span class='ocrx_word' id='word_1_500' title='bbox 2291 4592 2547 4652; x_wconf 85' lang='lat' dir='ltr'><strong>Basilius</strong></span> <span class='ocrx_word' id='word_1_501' title='bbox 2564 4612 2700 4651; x_wconf 90' lang='lat' dir='ltr'><strong>con-</strong></span> 
     </span>
    </p>
   </div>
   <div class='ocr_carea' id='block_1_5' title="bbox 285 4673 2697 4757">
    <p class='ocr_par' dir='ltr' id='par_1_5' title="bbox 285 4673 2697 4757">
     <span class='ocr_line' id='line_1_53' title="bbox 285 4673 2697 4757; baseline -0.004 -17"><span class='ocrx_word' id='word_1_502' title='bbox 285 4677 481 4740; x_wconf 67' lang='lat' dir='ltr'><strong>firmat</strong></span> <span class='ocrx_word' id='word_1_503' title='bbox 500 4678 563 4739; x_wconf 80' lang='lat' dir='ltr'><strong>in</strong></span> <span class='ocrx_word' id='word_1_504' title='bbox 582 4675 891 4754; x_wconf 77' lang='lat' dir='ltr'><strong>Ascetieis,</strong></span> <span class='ocrx_word' id='word_1_505' title='bbox 912 4695 1036 4757; x_wconf 83' lang='lat' dir='ltr'><strong>cap.</strong></span> <span class='ocrx_word' id='word_1_506' title='bbox 1056 4677 1158 4753; x_wconf 56' lang='grc' dir='ltr'><strong>τι,</strong></span> <span class='ocrx_word' id='word_1_507' title='bbox 1173 4684 1233 4735; x_wconf 83' lang='lat' dir='ltr'><strong>et</strong></span> <span class='ocrx_word' id='word_1_508' title='bbox 1249 4675 1425 4736; x_wconf 85' lang='lat' dir='ltr'><strong>homi.</strong></span> <span class='ocrx_word' id='word_1_509' title='bbox 1449 4679 1543 4735; x_wconf 88' lang='grc'><strong>19.</strong></span> <span class='ocrx_word' id='word_1_510' title='bbox 1585 4675 1745 4752; x_wconf 88' lang='lat' dir='ltr'><strong>Aug.</strong></span> <span class='ocrx_word' id='word_1_511' title='bbox 1766 4682 1918 4734; x_wconf 88' lang='lat' dir='ltr'><strong>cont.</strong></span> <span class='ocrx_word' id='word_1_512' title='bbox 1943 4675 2012 4734; x_wconf 88' lang='lat' dir='ltr'><strong>F.</strong></span> <span class='ocrx_word' id='word_1_513' title='bbox 2026 4674 2281 4734; x_wconf 83' lang='lat' dir='ltr'><strong>Manich.</strong></span> <span class='ocrx_word' id='word_1_514' title='bbox 2296 4674 2513 4751; x_wconf 89' lang='lat' dir='ltr'><strong>scribit,</strong></span> <span class='ocrx_word' id='word_1_515' title='bbox 2536 4675 2573 4707; x_wconf 78' lang='lat'><strong>‘⁴</strong></span> <span class='ocrx_word' id='word_1_516' title='bbox 2587 4673 2697 4730; x_wconf 91' lang='lat' dir='ltr'><strong>Po-</strong></span> 
     </span>
    </p>
   </div>
  </div>
 </body>
</html>
