3221 5200
265 368 485 418 quaes‘r.
516 344 631 427 va]
967 367 1044 406 nn
1074 368 1307 410 ori-1010
1334 369 1571 410 cums'm
1601 369 1993 410 nnuma-omo,
2580 354 2696 412 349

265 509 310 570 J
313 510 406 568 oh.
422 509 503 568 iii.
528 511 623 583 34,
638 528 754 585 quo
783 506 1135 569 sufficienter
1154 511 1471 570 instructus
1492 511 1601 570 fuit
1630 510 1704 569 ad
1723 530 1933 570 munus
1962 530 2147 585 suum,
2180 517 2239 569 et
2266 511 2521 569 thesauri
2547 512 2697 590 sapi-

267 590 438 649 entiae
461 599 520 648 et
548 588 947 664 intelligentiae
976 590 1036 648 in
1067 591 1191 668 ipso
1221 590 1451 650 suerunt
1463 591 1804 665 absconditi,
1820 591 1943 651 Col.
1975 591 2034 649 ii.
2055 595 2110 650 3.
2132 589 2516 649 Confirmatur
2536 613 2611 650 ex
2630 612 2700 652 eo

267 670 424 746 quod
452 690 594 747 puer
621 668 810 726 adhuc
839 667 1228 729 duodecennis
1256 672 1541 731 mirabilia
1568 672 1730 730 dedit
1759 672 2054 748 sapientiae
2084 691 2203 729 suae
2233 671 2564 748 specimina,
2596 672 2699 730 do-

266 770 404 808 cens
433 750 494 807 in
523 748 766 824 Templo
796 757 854 806 et
882 751 1183 828 disputans
1211 773 1342 810 cum
1375 752 1702 825 Pharisaeis,
1727 753 1868 810 Luc.
1891 751 1949 809 ii.
1969 755 2066 810 47.
2113 751 2190 809 Et
2212 752 2368 828 quod
2399 752 2457 809 in
2480 753 2697 830 baptis-

269 850 364 888 mo
391 840 524 888 ante
547 829 812 887 fictitium
842 831 1003 889 illum
1035 842 1262 908 raptum
1295 833 1466 890 Pater
1493 832 1722 890 coelitus
1752 841 1995 890 testatur
2024 851 2085 889 se
2114 831 2173 888 in
2202 852 2271 890 eo
2314 833 2697 909 acquiescere,

268 909 558 987 quomodo
627 917 820 966 autem
849 921 1045 988 posset
1073 912 1132 968 in
1155 932 1223 970 eo
1252 913 1634 989 acquiescere,
1666 912 1766 988 qui
1797 912 2153 970 voluntatem
2183 914 2311 989 ejus
2340 923 2699 989 perspectam

271 991 526 1049 nondum
558 989 842 1049 haberet?
884 991 1098 1065 TertiO,
1114 992 1162 1049 si
1188 992 1451 1050 Christus
1479 992 1837 1051 ascendisset
1858 993 1919 1048 in
1940 992 2151 1050 coelum
2169 1001 2301 1069 post
2324 992 2695 1070 baptismum3

273 1071 572 1148 Scriptura
598 1070 945 1146 praemittere
975 1071 1212 1131 deberet
1240 1074 1368 1149 ejus
1396 1092 1701 1131 ascensum
1732 1071 2051 1147 descensui,
2084 1092 2217 1129 cum
2239 1081 2440 1132 contra
2458 1074 2696 1133 descen-

271 1171 400 1210 sum
427 1150 740 1228 praemittat
769 1152 1053 1225 ascensui,
1087 1153 1238 1228 Eph.
1263 1153 1341 1210 iv.
1374 1155 1430 1210 9.

874 1233 951 1290 V.
998 1232 1183 1290 Aliud
1209 1242 1298 1290 est
1327 1232 1619 1291 Christum
1651 1231 1979 1291 ascendisse
2024 1233 2082 1289 in
2132 1231 2339 1290 coelum
2379 1234 2622 1309 proprie
2649 1244 2704 1292 et

331 1309 515 1380 Fontes
547 1306 690 1352 3⁰¹⁰·
794 1313 1046 1371 localiter
1066 1313 1287 1371 ratione
1315 1312 1707 1388 humanitatiS,
1762 1312 1945 1370 Aliud
1972 1314 2281 1371 ascendisse
2330 1315 2702 1389 metaphorice

396 1373 604 1428 nonum.
795 1402 850 1452 et
915 1393 1136 1468 mystice
1189 1413 1292 1469 per
1346 1393 1650 1452 sublimem
1735 1393 2138 1470 mysteriorum
2196 1393 2516 1452 coelestium
2563 1415 2701 1471 cog-

270 1472 566 1532 nitionem.
592 1473 855 1532 Christus
883 1493 1000 1531 non
1023 1472 1232 1531 dicitur
1250 1473 1577 1531 ascendisse
1606 1473 1889 1531 incoelum
1918 1473 2093 1550 priori
2122 1493 2312 1548 sensu,
2338 1475 2380 1532 J
2385 1475 2478 1533 oh.
2499 1474 2579 1533 iii.
2610 1479 2699 1548 13,

275 1555 311 1586 ‘⁴
332 1553 516 1612 Nemo
537 1553 869 1614 ascenditin
890 1554 1099 1613 coelum
1123 1553 1234 1610 nisi
1253 1554 1351 1611 ille
1379 1552 1479 1630 qui
1497 1553 1798 1611 descendit
1819 1553 1891 1611 de
1910 1553 2074 1628 coelo,
2112 1554 2296 1612 Filius
2324 1555 2574 1613 hominis
2603 1555 2705 1632 qui

272 1643 360 1691 est
382 1634 441 1690 in
490 1635 697 1710 coelo,'’
728 1633 865 1711 quia
893 1633 1046 1692 idem
1075 1633 1174 1710 qui
1203 1633 1479 1706 ascendit,
1510 1633 1878 1692 descendisse
1908 1633 2134 1708 dicitur,
2167 1642 2226 1693 et
2255 1635 2336 1692 sic
2365 1654 2481 1692 non
2510 1642 2707 1711 posset

272 1712 387 1770 dici
416 1733 540 1773 esse
570 1715 758 1774 adhuc
780 1715 840 1772 in
862 1712 1043 1789 coelo3
1089 1713 1192 1771 sed
1219 1714 1291 1772 de
1333 1733 1577 1772 ascensu
1620 1714 1884 1790 mystice,
1937 1723 2001 1773 ut
2047 1714 2355 1772 ascendere
2405 1715 2465 1772 in
2493 1714 2705 1773 coelum

273 1792 501 1867 dicitur,
526 1795 626 1871 qui
643 1815 850 1854 arcana
867 1794 1000 1853 coeli
1016 1802 1292 1871 penetrat,
1329 1794 1502 1852 Prov.
1533 1814 1680 1851 xxx.
1711 1797 1767 1869 4,
1798 1793 1933 1869 quia
1950 1803 2229 1869 quantum
2252 1793 2461 1852 coelum
2491 1814 2526 1851 a
2553 1802 2707 1852 terra

274 1872 468 1950 distat,
499 1884 721 1934 tantum
745 1874 988 1933 consilia
1015 1873 1214 1931 divina
1241 1874 1314 1932 ab
1344 1874 1628 1947 humanis,
1663 1874 1776 1931 Isa.
1806 1872 1888 1932 lv.
1920 1876 1974 1947 9,
2001 1874 2155 1950 quod
2178 1893 2354 1950 prope
2372 1893 2479 1932 nos
2498 1882 2587 1933 est
2603 1873 2705 1934 ob·

275 1953 436 2012 vium
448 1964 507 2014 et
525 1955 777 2032 planum,
799 1953 857 2011 id
877 1954 1211 2013 diciturnon
1226 1973 1350 2012 esse
1366 1954 1423 2011 in
1442 1953 1607 2029 eoelo,
1630 1963 1780 2012 uteo
1802 1953 1878 2011 sit
1896 1953 2338 2028 ascendendum,
2364 1954 2537 2012 Deut.
2561 1974 2709 2012 xxx,

280 2038 370 2109 12,
387 2033 560 2093 Rom.
590 2056 649 2094 x.
682 2038 737 2093 6.
785 2035 882 2093 Sic
911 2054 1116 2092 sensus
1143 2034 1253 2092 erit
1279 2035 1568 2092 neminem
1595 2053 1766 2092 nosse
1787 2053 1879 2091 res
1902 2033 2166 2092 coelestes
2184 2041 2242 2092 et
2259 2034 2552 2092 conscium
2582 2053 2709 2092 esse

276 2115 502 2172 consilii
530 2114 714 2172 divini
756 2122 965 2192 praeter
992 2134 1072 2188 se,
1103 2122 1162 2172 et
1190 2114 1367 2172 series
1397 2113 1676 2173 sermonis
1705 2133 1773 2171 eo
1793 2113 2091 2172 referenda
2112 2134 2237 2172 esse
2257 2113 2368 2172 ista
2404 2114 2585 2172 verba
2606 2113 2707 2172 do-

275 2203 384 2267 cet,
405 2195 541 2271 quia
559 2215 679 2253 ver.
703 2194 1052 2273 praecedenti
1073 2194 1146 2252 de
1175 2194 1527 2253 revelatione
1556 2193 1961 2269 mysteriorum
1990 2203 2204 2270 egerat,
2235 2194 2308 2252 Si
2331 2204 2559 2253 terrena
2587 2194 2716 2252 dixi

275 2275 423 2332 vobis
450 2284 504 2332 et
544 2296 656 2334 non
683 2276 924 2349 creditis,
955 2277 1231 2352 quomodo
1259 2275 1510 2349 credetis,
1541 2274 1593 2331 si
1618 2274 1803 2332 dicam
1850 2274 2087 2331 coelestia
2105 2276 2132 2331 ,²
2231 2274 2308 2332 Et
2334 2281 2401 2332 ut
2428 2275 2709 2333 rationem

278 2353 498 2430 reddat,
523 2374 627 2413 cur
647 2365 705 2414 et
734 2356 855 2432 ipse
884 2354 1141 2414 coelestia
1163 2355 1346 2431 possit
1374 2374 1478 2413 suo
1498 2354 1633 2430 jure
1661 2353 1883 2427 docere,
1915 2361 1973 2411 et
2000 2372 2169 2411 nemo
2198 2373 2267 2412 ea
2309 2374 2478 2413 nosse
2507 2355 2708 2432 possit,

277 2433 390 2491 nisi
437 2434 564 2511 ipso
609 2435 868 2510 docente,
900 2434 1080 2502 addit,
1131 2437 1316 2494 Nemo
1344 2433 1594 2492 ascendit
1613 2434 1671 2492 in
1692 2436 1903 2508 coelum,
1928 2434 2019 2506 ὅτ.
2066 2434 2349 2493 Caeterum
2380 2434 2537 2512 quod
2565 2435 2709 2492 Fili-

279 2535 349 2573 us
396 2515 648 2574 hominis
697 2515 908 2574 dicitur
974 2536 1101 2574 esse
1149 2515 1210 2573 in
1239 2515 1404 2589 coelo,
1435 2514 1545 2572 hoc
1574 2514 1646 2573 de
1678 2514 1933 2573 Persona
1959 2513 2020 2571 in
2049 2524 2333 2590 concretO,
2365 2535 2481 2573 non
2510 2515 2583 2574 de
2611 2535 2713 2573 na-

278 2604 409 2655 tura
436 2595 687 2655 humana
729 2596 787 2655 in
837 2596 1125 2656 abstracto
1171 2606 1260 2655 est
1288 2593 1748 2672 intelligendum.

360 2677 470 2736 VI.
516 2677 706 2753 Quum
763 2677 1026 2737 Christus
1081 2678 1294 2736 dicitur
1335 2675 1704 2735 descendisse
1749 2697 1780 2735 e
1830 2675 1994 2751 coelo,
2047 2684 2105 2734 et
2148 2676 2403 2735 exivisse
2452 2697 2487 2735 a
2539 2678 2710 2736 Patre

277 2756 419 2817 Joh.
463 2758 542 2817 vi.
587 2761 682 2833 38,
727 2766 786 2818 et
825 2758 949 2817 xvi.
992 2760 1089 2832 28,
1134 2758 1329 2835 agitur
1369 2757 1441 2816 de
1481 2755 1873 2835 metaphorico
1902 2757 2028 2834 ejus
2057 2756 2340 2815 descensu
2382 2778 2485 2834 per
2526 2759 2708 2816 mani-

277 2836 641 2898 festationem
668 2840 731 2897 in
758 2858 946 2912 carne,
976 2858 1095 2897 non
1120 2848 1187 2897 ut
1214 2846 1368 2897 esset
1394 2837 1494 2896 ubi
1523 2857 1639 2896 non
1668 2845 1792 2896 erat
1818 2837 1994 2914 prius,
2027 2837 2131 2895 sed
2156 2846 2222 2897 ut
2249 2837 2330 2896 ibi
2353 2846 2711 2915 operaretur;

285 2918 402 2976 Sed
429 2938 547 2976 non
575 2918 917 2995 supponitur
943 2919 1147 2976 localis
1175 2919 1303 2995 ejus
1332 2916 1649 2976 descensus
1671 2917 1987 2976 secundum
2016 2917 2451 2993 humanitatem,
2478 2939 2584 2977 nec
2606 2939 2712 2977 un-

280 3017 454 3073 quam
485 2998 750 3055 Cbristus
777 2997 990 3055 dicitur
1017 2997 1258 3055 rediisse
1288 3017 1319 3054 e
1348 2996 1512 3070 coe10,
1546 2996 1650 3054 sed
1678 2998 1908 3055 venisse
1937 3006 2179 3055 tantum.
2244 2996 2307 3053 N
2312 3018 2377 3055 ec
2427 2999 2477 3055 si
2524 2999 2712 3057 Filius

282 3076 534 3134 hominis
561 3076 773 3134 dicitur
800 3075 1110 3133 ascendere
1137 3085 1270 3152 post
1323 3075 1815 3149 resurrectionem,
1873 3076 1975 3132 ubi
2003 3085 2124 3133 erat
2150 3076 2311 3152 prius
2333 3077 2375 3134 J
2380 3078 2473 3135 oh.
2505 3078 2583 3135 vi.
2616 3082 2712 3151 62,

281 3157 392 3214 hoc
422 3154 863 3231 intelligendum
896 3153 1210 3213 secundum
1240 3154 1675 3229 humanitatem,
1709 3154 1812 3212 sed
1840 3153 2157 3212 secundum
2199 3154 2581 3229 divinitatem,
2612 3157 2714 3215 ubi

283 3244 416 3295 ante
446 3235 555 3295 fuit
582 3238 605 3293 ὃ
634 3234 811 3309 Λέγος,
843 3255 975 3293 cum
1005 3243 1158 3293 esset
1186 3260 1304 3315 ηις
1333 3237 1411 3290 τὶν
1435 3236 1544 3291 aaz,
1571 3234 1614 3292 J
1618 3234 1711 3291 oh.
1742 3233 1779 3291 i.
1816 3236 1868 3291 1.

365 3316 512 3375 VII.
558 3315 837 3390 Quamvis
866 3314 1130 3373 Christus
1158 3335 1227 3373 ea
1251 3315 1538 3391 loquatur,
1559 3333 1689 3389 quae
1710 3313 1951 3372 edoctus
1992 3320 2080 3371 est
2117 3332 2151 3370 a
2203 3313 2390 3388 Patre,
2426 3313 2471 3374 J
2473 3315 2566 3372 oh.
2591 3314 2714 3375 viii.

283 3399 362 3456 38
394 3396 531 3473 quia
558 3396 816 3474 loquitur
843 3416 973 3473 quae
1003 3395 1245 3472 audivit,
1277 3395 1320 3454 J
1325 3394 1418 3452 oh.
1469 3394 1549 3451 iii.
1598 3396 1694 3468 32,
1747 3402 1805 3453 et
1833 3392 1980 3451 nihil
2008 3391 2146 3451 facit
2173 3393 2331 3469 quod
2358 3414 2474 3452 non
2503 3394 2717 3454 viderit

286 3479 519 3538 Patrem
568 3485 916 3555 operantem,
968 3476 1011 3535 J
1015 3475 1109 3534 oh.
1165 3496 1223 3534 v.
1276 3477 1367 3547 19,
1399 3483 1463 3533 ut
1507 3474 1779 3533 innuatur
1824 3473 2039 3531 Filium
2088 3473 2286 3532 intime
2331 3475 2541 3534 habere
2586 3496 2715 3553 per-

283 3567 480 3637 specta
501 3558 694 3617 omnia
721 3579 895 3636 opera
925 3556 1148 3631 Patris3
1196 3556 1326 3614 Non
1356 3555 1616 3631 sequitur
1642 3563 1868 3632 raptum
1898 3553 2075 3613 fuisse
2120 3554 2180 3612 in
2225 3556 2452 3630 coelum,
2484 3564 2549 3615 ut
2576 3556 2717 3616 talia

283 3639 525 3713 audiret,
545 3639 639 3698 vel
661 3639 899 3713 videret,
925 3637 1063 3714 quia
1083 3637 1193 3695 hoc
1215 3635 1417 3694 habuit
1437 3655 1511 3693 ex
1533 3635 1737 3694 intima
1753 3635 2153 3694 communione
2175 3655 2305 3694 cum
2331 3636 2518 3711 Patre,
2544 3657 2715 3715 prop·

282 3728 372 3777 ter
399 3738 572 3795 quam
600 3719 812 3778 dicitur
837 3739 965 3778 esse
993 3718 1054 3776 in
1083 3718 1212 3776 sinu
1235 3716 1442 3790 Patris,
1463 3718 1505 3776 J
1509 3717 1603 3775 oh.
1635 3716 1673 3774 i.
1708 3718 1801 3791 18,
1834 3725 1892 3776 et
1913 3715 2049 3792 quia
2066 3716 2236 3774 estin
2265 3716 2395 3776 sinu
2417 3718 2561 3795 ejus,
2583 3739 2715 3778 eum

285 3798 456 3856 nobis
483 3799 756 3857 revelare.

369 3876 553 3934 VIII.
600 3876 762 3936 Licet
783 3878 1046 3937 Christus
1072 3898 1190 3936 non
1219 3876 1390 3936 fuerit
1416 3884 1615 3954 raptus
1643 3874 1703 3934 in
1731 3876 1958 3950 coelum,
2003 3895 2121 3933 non
2148 3883 2451 3952 propterea
2478 3895 2714 3935 censen-

287 3957 399 4016 dus
427 3964 518 4014 est
547 3956 712 4014 Mose
740 3965 799 4016 et
829 3958 1012 4016 Paulo
1040 3958 1292 4030 inferior,
1325 3956 1426 4033 qui
1454 3957 1515 4014 in
1546 3954 1758 4014 coelum
1788 3956 1938 4032 rapti
1966 3964 2117 4029 sunt,
2149 3962 2215 4013 ut
2242 3975 2276 4011 a
2326 3956 2454 4014 Deo
2483 3956 2711 4015 institu-

286 4043 539 4097 erentur.
587 4039 640 4094 l.
685 4036 834 4111 Quia
863 4037 971 4095 etsi
998 4057 1069 4095 eo
1097 4037 1244 4113 rapti
1275 4036 1536 4104 fuissent,
1568 4035 1834 4094 Christus
1862 4035 2036 4111 longe
2080 4035 2466 4111 praestantiori
2493 4037 2713 4095 ratione

283 4139 320 4177 a
349 4118 478 4176 Deo
506 4116 747 4175 edoctus
769 4126 873 4191 est,
904 4137 979 4174 ex
1008 4117 1068 4174 vi
1100 4116 1348 4176 Unionis
1375 4117 1775 4193 hypostaticae.
1806 4119 1862 4174 2.
1951 4114 2100 4189 Quia
2127 4113 2241 4171 alia
2269 4123 2358 4173 est
2401 4116 2547 4175 ratio
2580 4117 2711 4175 Ser-

283 4218 506 4273 vorum,
538 4206 598 4257 et
626 4196 881 4255 Domini.
944 4197 1042 4254 Illi
1070 4217 1215 4274 opus
1235 4197 1562 4255 habuerunt
1589 4196 1868 4273 singulari
1913 4204 1971 4253 et
1999 4193 2456 4254 extraordinaria
2484 4196 2712 4255 institu-

283 4279 440 4339 tione
462 4278 537 4336 ad
565 4299 634 4337 ea
661 4277 1064 4355 cognoscenda
1085 4298 1214 4354 quae
1243 4276 1605 4353 ignorabant.
1656 4275 1772 4335 Sed
1800 4275 2064 4334 Christus
2092 4294 2127 4332 a
2154 4284 2443 4333 momento
2472 4296 2714 4353 concep-

284 4358 459 4418 tionis
487 4368 697 4418 unctus
730 4358 948 4436 Spiritu
975 4358 1033 4416 S.
1065 4358 1396 4436 plenissime
1443 4357 1569 4415 haec
1625 4355 1828 4415 habuit
1881 4363 2198 4432 perspecta.
2257 4357 2312 4413 3.
2372 4356 2569 4414 Moses
2598 4377 2715 4415 non

286 4436 498 4497 dicitur
524 4439 585 4496 in
611 4440 823 4498 coelum
852 4449 1049 4516 raptus
1078 4438 1182 4496 sed
1211 4439 1272 4495 in
1299 4445 1571 4496 montem.
1629 4437 1846 4494 Paulus
1890 4435 2102 4494 dicitur
2149 4434 2381 4511 quidem
2426 4445 2626 4513 raptus
2654 4437 2714 4495 in

286 4517 520 4576 tertium
549 4520 775 4593 coelum,
808 4519 911 4578 sed
938 4539 1012 4577 an
1036 4518 1256 4596 spiritu,
1290 4538 1365 4576 an
1397 4536 1634 4595 corpore
1651 4526 1851 4594 raptus
1872 4516 2062 4592 fuerit,
2083 4514 2199 4574 dici
2219 4535 2335 4573 non
2356 4524 2564 4593 potest,
2590 4517 2716 4595 ipso

289 4597 473 4656 Paulo
501 4596 715 4658 fatente
745 4619 808 4659 se
835 4601 945 4658 hoc
973 4599 1258 4675 ignorare.
