3221 5200
319 360 541 408 Quaezs'r.
578 340 663 421 x.]
999 362 1073 399 ns
1120 362 1351 401 ori-imo
1393 362 1628 402 cnius‘ri
1675 359 2060 400 Msnmronlo.
2615 347 2726 404 371

314 502 582 572 humana,
615 521 742 578 quae
773 512 1077 577 pateretur,
1125 502 1339 578 divina,
1387 523 1517 580 quae
1566 503 1822 560 valorem
1851 510 1908 559 ct
1945 500 2190 578 pretium
2235 500 2599 578 passionibus
2627 504 2730 562 ad-

315 582 478 639 deret
508 581 812 639 infinitum.

401 662 590 718 XIII.
639 662 919 738 Denique,
947 682 1075 720 eum
1101 664 1408 721 substitutio
1433 662 1647 721 Christi
1670 662 1791 719 fieri
1812 660 2076 718 debuerit
2103 660 2232 718 loco
2262 671 2476 734 nostro,
2501 663 2732 738 justitia

314 742 444 817 ejus
473 741 919 798 demonstranda
960 752 1063 817 cst,
1108 753 1173 802 ut
1215 751 1438 802 constet
1482 764 1595 819 quo
1640 742 1699 799 in
1749 761 1903 814 casu,
1949 750 2006 799 et
2049 741 2258 816 quibus
2301 741 2730 802 conditionibus

316 821 537 898 positiS,
584 821 841 897 legitime
886 822 1017 879 talis
1061 823 1395 881 substitutio
1426 821 1749 880 innocentis
1777 841 1880 898 pro
1909 821 2250 879 nocentibus
2292 821 2416 879 fieri
2459 825 2726 899 potuerit,

315 900 471 977 quod
520 901 703 977 prima
753 902 937 959 fronte
988 922 1101 960 non
1142 902 1322 960 'modo
1364 902 1678 976 insolitum,
1705 901 1806 959 sed
1836 911 1892 959 et
1921 901 2201 977 injustum
2231 900 2477 959 videtur.
2566 903 2732 963 Licet

312 991 506 1039 autem
551 980 882 1039 substitutio
915 981 1039 1055 ista,
1073 1003 1201 1058 quae
1232 983 1290 1039 in
1318 982 1514 1041 debito
1543 981 1871 1059 pecuniario
1902 980 2144 1038 subinde
2174 980 2296 1038 fieri
2340 981 2504 1055 solet,
2542 983 2728 1042 rarius

313 1069 578 1118 occurrat
607 1062 664 1117 in
695 1061 890 1118 debito
920 1062 1149 1138 poenali,
1200 1063 1313 1120 imo
1353 1061 1665 1138 aliquando
1711 1060 2096 1137 prohibeatur,
2130 1068 2194 1117 ut
2238 1060 2393 1137 apud
2435 1061 2728 1121 Romanos

314 1140 717 1216 fidejussiones
746 1140 806 1198 in
834 1162 1003 1218 poena
1045 1141 1278 1219 capitali
1328 1142 1689 1214 vetabantur,
1736 1140 1871 1217 quia
1900 1160 2068 1198 nemo
2097 1150 2186 1198 est
2216 1140 2501 1199 Dominus
2550 1162 2726 1202 mem-

314 1220 549 1278 brorum
579 1240 828 1294 suorum,
862 1242 967 1280 nec
997 1223 1105 1280 hoc
1135 1222 1257 1280 fieri
1286 1231 1478 1299 potest
1506 1222 1630 1279 sine
1673 1221 1866 1297 aliquo
1913 1220 2269 1297 Reipublicae
2298 1220 2510 1280 damno
2536 1244 2549 1280 ε
2596 1223 2728 1282 Non

314 1300 572 1377 ignotam
598 1310 791 1358 tamen
811 1302 1074 1360 absolute
1107 1302 1370 1361 Ethnicis
1413 1301 1605 1372 fuisse,
1640 1300 1905 1375 exempla
1936 1300 2215 1358 Damonis
2237 1310 2295 1359 et
2328 1301 2554 1378 Pythiae
2584 1303 2724 1360 ami-

312 1401 528 1452 corum,
561 1399 802 1456 quorum
833 1381 977 1439 alter
1006 1402 1067 1439 se
1116 1402 1218 1459 pro
1263 1382 1442 1441 altero
1485 1381 1693 1439 vadem
1724 1381 1870 1439 stitit
1907 1380 2060 1456 apud
2091 1380 2437 1458 Dionysium
2467 1382 2525 1439 in
2556 1403 2728 1441 causa

314 1461 563 1536 capitali,
596 1470 654 1517 ct
685 1461 884 1533 Curtii,
920 1462 1109 1536 Codri,
1140 1463 1320 1537 Decii,
1353 1482 1413 1519 se
1444 1482 1547 1539 pro
1577 1460 1763 1537 patria
1790 1459 2218 1534 devoventium,
2253 1462 2393 1519 satis
2422 1470 2723 1539 testantur,

314 1548 378 1597 ut
411 1550 469 1598 et
490 1542 590 1616 jus
620 1541 1061 1598 occidendorum
1092 1542 1358 1600 obsidum
1388 1540 1821 1599 humanissimis
1850 1540 2079 1616 populis
2108 1541 2400 1614 usitatum,
2430 1542 2529 1600 ubi
2561 1542 2726 1600 I‘rin-

312 1620 527 1695 eipalcs
557 1641 590 1676 a
620 1621 915 1697 promissis
957 1621 1327 1680 deficiebant:
1370 1623 1467 1699 qui
1499 1621 1630 1679 ideo
1656 1618 1934 1696 ἀντίψυχα
1965 1619 2339 1680 dicebantur:
2386 1622 2512 1695 Quo
2543 1623 2723 1699 respi-

312 1701 471 1757 ciens
503 1700 736 1775 Paulus,
774 1702 940 1759 Rom.
987 1722 1041 1759 v,
1096 1706 1148 1775 7,
1191 1702 1331 1760 dicit
1372 1723 1486 1777 pro
1534 1703 1654 1760 viro
1702 1703 1841 1758 bono
1853 1704 2066 1774 forsan
2094 1700 2339 1775 aliquem
2369 1702 2518 1758 mori
2532 1722 2721 1777 posse.

317 1779 616 1857 Scriptura
643 1801 779 1838 sane
809 1801 934 1838 eam
965 1781 1211 1840 adstruit
1259 1802 1429 1858 saepe,
1471 1802 1584 1839 non
1626 1781 1797 1838 modo
1844 1801 1918 1838 ex
1965 1779 2341 1857 imputatione
2387 1782 2628 1857 peccati,
2663 1782 2722 1838 in

310 1880 427 1934 qua
455 1862 601 1919 alter
628 1860 863 1919 alterius
892 1881 1118 1937 poenam
1150 1862 1293 1919 ferre
1323 1862 1485 1932 solet,
1513 1861 1615 1918 sed
1645 1871 1702 1918 et
1731 1881 1802 1917 ex
1834 1860 2066 1936 publico
2085 1858 2493 1918 sacrificiorum
2515 1879 2641 1935 usu,
2664 1861 2723 1918 in

312 1960 427 2014 quo
451 1941 766 2016 peccatoris
794 1941 983 1998 locum
1017 1941 1208 1999 subire
1238 1941 1437 1998 debuit
1461 1941 1712 2013 victima,
1738 1949 1979 1997 mortem
2001 1959 2105 2015 pro
2135 1940 2259 2014 ipso
2288 1939 2517 2015 luitura,
2550 1960 2722 2016 quem

312 2019 371 2076 in
402 2021 573 2078 finem
596 2041 800 2080 manus
829 2021 998 2097 capiti
1032 2022 1155 2098 ejus
1185 2020 1642 2097 imponebantur,
1675 2029 1733 2077 et
1762 2019 1980 2095 peceati
2012 2018 2297 2077 confessio
2325 2018 2518 2077 fiebat.

396 2100 574 2158 XIV.
625 2100 741 2160 Sed
769 2109 832 2159 ut
864 2101 1195 2160 substitutio
1244 2101 1358 2159 ista
1403 2100 1660 2177 legitime
1703 2109 1761 2157 et
1798 2099 2016 2175 absque
2067 2099 2186 2156 ulla
2235 2098 2533 2174 injustitias
2583 2108 2722 2159 nota

308 2180 433 2237 fieri
489 2181 687 2257 possit,
746 2181 920 2238 variae
977 2180 1335 2238 conditiones
1391 2181 1449 2237 in
1499 2199 1772 2256 sponsore
1820 2179 2205 2255 requiruntur,
2237 2198 2366 2254 quae
2415 2198 2614 2237 omnes
2663 2181 2722 2237 in

311 2261 601 2319 Christum
632 2261 879 2337 perfecte
909 2270 1257 2337 competunt.
1350 2265 1399 2318 1.
1434 2259 1762 2318 Communio
1782 2267 2017 2332 naturae,
2044 2266 2106 2315 ut
2124 2268 2420 2333 peccatum
2446 2258 2716 2335 puniatur

309 2341 369 2396 in
398 2362 467 2399 ea
495 2352 699 2399 natura
728 2362 854 2417 quae
885 2361 981 2399 rea
1010 2350 1147 2414 erat,
1184 2339 1334 2398 Heb.
1368 2339 1425 2397 ii.
1453 2340 1544 2397 14.
1632 2344 1687 2396 2.
1736 2340 2044 2397 Censen-sus
2082 2339 2393 2413 voluntatis,
2425 2350 2489 2397 ut
2518 2348 2720 2415 sponte

309 2430 367 2478 et
397 2421 546 2479 ultro
576 2422 802 2478 nemine
833 2430 1074 2497 cogente
1106 2440 1250 2478 onus
1279 2420 1424 2477 illud
1453 2420 1511 2476 in
1547 2439 1608 2477 se
1649 2418 1902 2494 recipiat,
1955 2418 2105 2476 IIeb.
2137 2439 2197 2477 x.
2229 2420 2284 2492 9,
2319 2419 2519 2476 “Ecce
2549 2420 2720 2478 venio

310 2510 374 2557 ut
397 2500 602 2558 faciam
628 2502 983 2560 voluntatem
1008 2501 1224 2558 tuam.''
1312 2503 1365 2558 3.
1399 2502 1655 2557 Potestas
1676 2508 1729 2557 et
1747 2499 2046 2556 dominium
2081 2500 2449 2556 membrorum
2471 2519 2719 2573 suorum,

310 2589 373 2639 ut
403 2581 477 2642 sit
507 2582 596 2640 sui
620 2581 771 2659 juris
801 2581 898 2657 qui
930 2581 1000 2640 de
1031 2581 1221 2659 seipso
1251 2589 1500 2639 statuere
1530 2579 1730 2657 possit,
1762 2579 1804 2638 J
1810 2579 1902 2638 oh.
1933 2599 1993 2637 x.
2029 2582 2119 2652 18,
2155 2578 2388 2637 “Nemo
2418 2579 2571 2639 tollit
2599 2580 2721 2638 ani-

309 2681 457 2718 mam
499 2682 533 2719 a
574 2683 683 2736 me,
737 2662 839 2720 sed
882 2682 992 2739 ego
1043 2662 1268 2738 depono
1311 2682 1435 2719 cam
1466 2682 1568 2738 per
1595 2661 1896 2738 meipsum,
1941 2660 2346 2718 authoritatem
2377 2660 2563 2718 habeo
2592 2681 2718 2718 eam

308 2740 650 2818 deponendi,
710 2752 767 2801 ct
822 2764 947 2800 eam
1004 2763 1202 2800 rursus
1258 2741 1580 2800 sumendi.''
1667 2745 1723 2799 4.
1768 2740 2026 2798 Potentia
2074 2760 2275 2816 poenas
2323 2761 2511 2798 omnes
2565 2742 2719 2800 nobis

307 2822 517 2879 debitas
530 2824 779 2897 ferendi,
829 2833 879 2881 et
923 2823 1222 2897 auferendi
1248 2832 1362 2880 tam
1398 2843 1437 2879 a
1464 2842 1521 2879 se
1550 2843 1720 2898 quam
1764 2842 1803 2878 α
1833 2822 2001 2894 nobis,
2047 2821 2207 2893 aliae,
2251 2819 2299 2877 si
2345 2820 2586 2878 detineri
2617 2842 2716 2896 po·

306 2902 513 2960 tuisset
535 2923 568 2958 a
596 2912 794 2977 morte,
841 2903 1127 2960 neminem
1156 2902 1228 2959 ab
1258 2923 1326 2959 ea
1351 2902 1595 2960 liberare
1626 2901 1925 2976 potuisset.
2012 2899 2180 2973 Quod
2212 2900 2270 2957 in
2303 2901 2531 2958 Christo
2566 2903 2717 2959 θυιν-

306 2980 476 3057 θςόπᾳ
526 2980 700 3039 fuisse
747 3002 914 3038 nemo
944 2982 1204 3039 dubitare
1236 2990 1441 3057 potest.
1550 2985 1604 3038 5.
1651 2982 1932 3037 Sanctitas
1974 2989 2026 3036 et
2067 2979 2291 3054 puritas
2336 2980 2715 3055 immaculata,

305 3069 371 3117 ut
399 3059 558 3116 nullo
587 3070 821 3136 peccato
865 3061 1212 3135 inquinatuS,
1265 3079 1409 3134 opus
1439 3081 1553 3119 non
1581 3060 1820 3117 haberet
1858 3058 2060 3115 offerre
2104 3078 2208 3134 pro
2238 3058 2446 3133 seipse,
2481 3058 2583 3116 sed
2613 3081 2717 3136 pro

306 3139 473 3196 nobis
503 3147 743 3214 tantum,
778 3140 931 3196 Heb.
961 3139 1061 3196 vii.
1094 3141 1188 3212 25,
1221 3141 1316 3212 26,
1342 3142 1437 3196 27.

389 3218 532 3276 XV.
580 3218 692 3276 His
714 3218 917 3296 positis
947 3217 1390 3289 conditionibuS,
1436 3217 1714 3293 injustum
1744 3235 1860 3272 non
1889 3214 1998 3272 suit
2028 3214 2321 3272 Christum
2356 3215 2581 3290 justum
2614 3237 2716 3292 pro

304 3298 471 3356 nobis
500 3298 730 3375 injustis
779 3297 1067 3357 substitui.
1154 3297 1269 3355 Hic
1299 3296 1448 3354 enim
1479 3296 1639 3353 nulla
1668 3294 1817 3353 facta
1845 3303 1933 3353 est
1962 3294 2228 3370 cuiquam
2270 3294 2497 3370 injuria.
2587 3296 2714 3354 Non

304 3379 415 3454 ipsi
443 3379 681 3453 Clu-este,
715 3388 834 3437 tum
865 3379 1001 3456 quia
1029 3377 1231 3436 volens
1259 3377 1407 3435 hanc
1437 3395 1666 3453 poenam
1709 3375 1768 3432 in
1799 3395 1859 3432 se
1889 3374 2120 3450 recepit,
2148 3384 2266 3432 tum
2297 3374 2433 3451 quia
2462 3384 2712 3451 potesta·

304 3467 419 3517 tem
449 3459 652 3517 habuit
680 3459 752 3518 de
782 3480 843 3517 se
873 3457 1181 3532 statuendi,
1226 3465 1285 3515 et
1330 3457 1644 3534 potentiam
1696 3476 1820 3513 sese
1851 3475 1886 3512 a
1914 3454 2155 3512 mortuis
2183 3454 2495 3513 excitandi.
2581 3455 2713 3514 Non

305 3542 432 3598 Deo
459 3540 672 3612 Judici,
705 3539 841 3616 quia
866 3539 978 3598 hoc
1008 3538 1191 3596 voluit
1220 3546 1279 3595 et
1299 3537 1509 3613 jussit;
1557 3536 1652 3593 vel
1681 3537 1723 3595 J
1729 3534 1815 3594 uri
1845 3535 2027 3613 ipsius
2057 3534 2322 3610 naturali,
2356 3535 2448 3593 eui
2478 3545 2712 3595 cautum

303 3629 392 3678 est
419 3640 590 3697 poena
623 3619 947 3697 Sponsoris.
1035 3619 1165 3677 Non
1208 3618 1446 3693 Reipub.
1479 3617 1677 3674 mundi
1701 3636 1802 3693 per
1829 3625 2071 3674 mortem
2100 3614 2438 3691 innocentie,
2470 3636 2585 3693 qua
2612 3637 2712 3694 op-

302 3700 444 3759 timo
473 3701 600 3759 cive
629 3701 855 3777 privata
883 3700 992 3774 sitq
1040 3698 1302 3758 Christus
1344 3698 1496 3755 enim
1539 3717 1574 3754 a
1623 3706 1804 3755 morte
1846 3695 2122 3754 liberatus
2151 3696 2210 3753 in
2241 3704 2516 3754 aeternum
2546 3697 2714 3756 vivit.

304 3779 359 3835 N
362 3801 426 3837 ec
456 3799 556 3855 per
584 3780 763 3837 vitam
784 3781 1053 3852 Reorum,
1079 3779 1178 3856 qui
1208 3779 1267 3836 in
1298 3777 1606 3855 perniciem
1636 3776 1883 3853 Reipub.
1914 3776 2030 3834 sint
2059 3776 2412 3852 superstiteS,
2446 3776 2582 3852 quia
2609 3797 2712 3852 per

305 3858 597 3916 Christum
628 3868 1054 3932 convertuntur,
1104 3869 1161 3918 et
1206 3878 1371 3915 uovae
1404 3858 1548 3915 fiunt
1585 3857 1894 3915 Creaturae.
1981 3855 2111 3913 Non
2160 3855 2307 3930 Leqi
2351 3855 2570 3929 divinoe,
2619 3856 2712 3913 eui

302 3947 669 4015 prospectum
700 3947 787 3996 est
815 3939 1229 4015 perfectissima
1256 3937 1589 4013 impletione
1633 3937 1761 4012 ejus
1810 3956 1845 3992 a
1895 3934 2124 3992 Christo
2174 3933 2340 4009 facta,
2393 3942 2450 3992 et
2495 3933 2711 4010 duplici

302 4019 503 4076 unione
552 4027 747 4076 nostra
795 4038 925 4075 eum
976 4018 1221 4093 Christe,
1270 4017 1526 4076 naturali
1550 4023 1608 4074 et
1620 4015 1849 4088 sorensi
1894 4033 1994 4072 seu
2039 4013 2286 4089 mystica,
2317 4033 2419 4089 per
2447 4033 2617 4090 quam
2648 4023 2713 4074 ut

301 4119 479 4157 unum
511 4097 695 4156 factus
724 4107 811 4156 est
840 4098 1138 4156 nobiseum
1185 4108 1242 4157 et
1290 4117 1396 4155 nos
1441 4117 1569 4154 cum
1625 4095 1766 4171 ips0,
1798 4095 1878 4151 ita
1906 4093 2093 4169 potuit
2147 4104 2444 4169 peccatum
2475 4102 2533 4151 ct
2561 4095 2714 4152 mala

301 4188 499 4237 nostra
528 4178 585 4235 in
616 4199 676 4236 se
699 4178 967 4254 recipere,
1001 4186 1059 4235 et
1078 4178 1365 4253 justitiam
1394 4197 1462 4234 ae
1491 4177 1642 4234 bona
1686 4194 1789 4232 sua
1810 4174 1868 4230 in
1892 4193 1997 4231 nos
2039 4171 2318 4230 derivare.
2404 4173 2601 4249 Atque
2631 4174 2712 4232 ita

301 4278 407 4317 nec
453 4258 630 4335 Legis
673 4258 823 4316 facta
851 4268 939 4316 est
968 4257 1284 4332 abrogatio,
1330 4256 1425 4314 vel
1464 4254 1780 4330 derogatiO,
1829 4252 1932 4310 sed
1968 4252 2278 4331 explicatio
2319 4252 2438 4310 κατ’
2465 4253 2712 4312 imaum

301 4347 366 4396 nt
411 4338 568 4415 quod
613 4339 781 4396 nobis
831 4337 1148 4396 debebatur
1196 4357 1271 4395 ex
1317 4336 1509 4412 rigore
1554 4333 1722 4410 juriS,
1775 4331 1834 4389 id
1880 4352 1954 4389 ex
2005 4332 2238 4410 speciali
2284 4332 2397 4390 Dei
2435 4336 2623 4409 gratia
2653 4335 2711 4392 in

304 4419 597 4477 Christum
628 4417 1048 4476 transferretur.

386 4497 564 4555 XVI.
611 4498 789 4556 Hisce
820 4498 900 4556 ita
929 4495 1298 4574 praestructis,
1339 4503 1404 4553 ut
1453 4493 1526 4550 ad
1565 4491 1954 4566 Quaestionem
1996 4492 2344 4568 propositam
2397 4492 2708 4552 descenda-

300 4597 447 4650 muS,
482 4578 784 4652 Quaeritur,
822 4577 916 4634 An
946 4597 1180 4635 necesse
1224 4575 1395 4634 fuerit
1438 4574 1727 4632 Christum
1761 4592 1863 4650 pro
1893 4572 2061 4630 nobis
2091 4570 2437 4647 satisfacere,
2471 4582 2586 4631 tam
2611 4576 2707 4633 ab·

302 4658 489 4716 solute
518 4677 552 4714 a
580 4666 740 4734 parte
763 4657 1028 4733 justitiae,
1060 4677 1231 4734 quam
1274 4654 1647 4732 hypothetice
1692 4652 1750 4709 vi
1794 4652 2009 4710 decreti
2055 4653 2214 4711 Dei?
2297 4654 2397 4711 An
2426 4674 2582 4731 vero,
2617 4657 2713 4714 vel
