3221 5200
462 336 579 392 272
1309 347 1492 388 Locus
1521 348 1781 389 Dscmus
1809 349 2078 390 rennes.
2536 329 2793 412 [Qua-:sn
2824 353 2883 393 v.

461 493 552 569 sit,
586 512 716 551 cum
746 489 1009 549 Christus
1051 509 1178 548 eam
1206 488 1456 549 filiorum
1483 490 1673 568 gratia
1701 492 2032 569 susceperit,
2066 512 2171 551 nec
2205 491 2377 550 aliam
2411 512 2585 570 quam
2615 494 2884 554 omnibus

461 590 823 633 communem
846 569 1135 648 suscipere
1161 571 1430 648 potuerit.
2113 583 2119 588 ‘

457 693 487 737 4
535 691 662 742 Quin.
689 704 852 737 semen
876 690 944 734 Α,
1065 650 1212 709 VII.
1258 651 1514 728 Quart03
1581 651 1730 726 Quia
1781 655 1818 685 “
1840 673 2034 711 semen
2082 652 2338 711 Abrahae
2384 655 2714 732 assumpsit,
2766 676 2881 715 non

490 725 684 821 'brahae
736 763 945 806 auump-
987 731 1314 808 Angelos,”
1348 732 1502 791 Heb.
1531 732 1591 791 ii.
1638 736 1733 808 26,
1785 734 1887 792 ubi
1926 739 1982 792 τὶ
2024 735 2466 810 ἐπιλαμβάνεσθαι
2508 737 2735 812 proprie
2780 756 2878 813 ap-

519 816 619 863 mm
981 812 1332 889 prehendere
1364 821 1422 871 et
1449 832 1758 888 assumere,
1791 833 1894 872 seu
1937 815 2224 892 suscipere
2263 815 2569 893 significat,
2618 825 2677 875 et
2724 829 2877 875 recte

457 897 534 956 ad
561 894 1012 973 assumptionem
1033 902 1252 952 naturae
1275 892 1350 950 ad
1371 893 1649 952 unitatem
1675 893 1944 952 Personae
1971 894 2229 972 refertur,
2254 905 2319 954 ut
2342 915 2545 954 sensus
2567 896 2642 954 sit
2660 896 2876 955 Filium

460 979 573 1037 Dei
600 996 717 1035 non
746 974 1109 1051 Angelicam,
1142 972 1245 1031 sed
1265 973 1592 1048 humanam,
1626 982 1683 1032 et
1711 974 1945 1050 quidem
1974 975 2290 1034 secundum
2319 975 2771 1053 promissionem,
2799 998 2873 1035 ex

457 1059 713 1118 Abrahae
750 1054 1084 1132 posteritate
1117 1062 1389 1112 naturam
1431 1054 1849 1131 assumpsisse;
1895 1075 2067 1132 quem
2110 1056 2423 1132 genuinum
2469 1076 2701 1115 sensum
2746 1077 2873 1116 esse

457 1158 667 1216 scopus
697 1135 970 1213 Apostoli
1007 1142 1066 1193 et
1110 1133 1287 1192 series
1316 1134 1596 1192 sermonis
1640 1135 1929 1211 ostendit3
1975 1136 2069 1193 hic
2098 1137 2249 1194 enim
2292 1136 2539 1195 intendit
2569 1137 2872 1196 veritatem

456 1227 686 1296 naturai,
708 1218 973 1275 bumanae
998 1214 1212 1273 Christi
1235 1224 1292 1273 et
1336 1217 1591 1291 ἄμυνα-εἰη
1620 1215 1919 1274 nobiscum
1949 1217 2191 1294 probare
2232 1236 2334 1294 per
2374 1217 2870 1294 participationem

454 1299 643 1358 carnis
672 1307 729 1357 et
758 1293 1073 1373 sanguinis,
1104 1314 1233 1372 quae
1262 1297 1585 1354 necessaria
1614 1304 1736 1354 erat
1774 1296 2103 1355 omnimodo
2132 1296 2208 1355 ad
2251 1297 2726 1375 Redemptionem
2753 1321 2767 1374 3
2814 1307 2873 1358 ct

456 1380 609 1457 quia,
634 1398 753 1438 ver.
779 1380 869 1453 14,
898 1379 989 1451 15,
1010 1376 1238 1434 dixerat
1260 1377 1633 1454 participasse
1663 1397 1796 1434 eum
1818 1377 1975 1435 carni
1998 1387 2056 1436 et
2078 1378 2347 1455 sanguini
2369 1387 2433 1437 ut
2454 1399 2559 1437 nos
2580 1379 2867 1453 liberaret,

447 1462 571 1537 jam
602 1460 770 1518 docet
811 1456 1116 1536 quomodO,
1148 1464 1206 1514 et
1246 1457 1398 1515 unde
1438 1476 1668 1515 carnem
1718 1457 1876 1514 illam
1917 1458 2363 1535 participaverit,
2395 1458 2663 1517 nimirum
2706 1478 2867 1516 assu-

453 1540 662 1599 mendo
692 1558 888 1597 semen
930 1537 1202 1613 Abrahae,
1234 1536 1312 1595 id.
1342 1557 1458 1595 non
1486 1545 1750 1595 naturam
1780 1538 2088 1596 humanam
2118 1538 2177 1595 in
2200 1559 2426 1616 genere,
2452 1539 2554 1597 sed
2582 1538 2641 1596 in
2670 1538 2867 1615 singu·

451 1621 558 1680 lari
588 1628 848 1679 naturam
872 1639 948 1677 ex
978 1617 1313 1676 Abrahamo
1335 1616 1670 1694 derivatam,
1689 1619 1864 1695 juxta
1890 1618 2326 1696 promissionem
2356 1619 2442 1677 illi
2470 1619 2696 1678 factam.
2748 1619 2871 1677 Nec

451 1702 587 1760 huic
615 1698 1071 1777 interpretationi
1100 1697 1348 1774 obstant,
1380 1718 1509 1775 quae
1538 1719 1572 1756 a
1616 1699 1823 1757 Socino
1853 1707 1911 1756 et
1952 1699 2082 1757 aliis
2119 1698 2195 1756 ad
2222 1700 2342 1757 vim
2372 1701 2497 1777 ejus
2526 1699 2871 1758 eludendam

452 1782 784 1856 afferuntur,
835 1783 888 1838 1.
921 1781 958 1812 ‘⁶
980 1777 1136 1856 quod
1164 1777 1373 1855 Apost.
1404 1799 1518 1837 non
1539 1778 1689 1850 dixit
1707 1780 1980 1846 ἐπελάβετο
1998 1780 2056 1836 in
2073 1780 2379 1856 praeteritO,
2407 1780 2508 1838 sed
2532 1781 2871 1856 ἔπιλαμβαίη·

452 1889 539 1922 ται
570 1863 630 1921 in
672 1859 956 1940 praesenti,
1002 1879 1134 1917 cum
1176 1859 1585 1936 assumptionis
1607 1869 1827 1918 naturae
1859 1860 2009 1918 actio
2040 1861 2115 1917 sit
2142 1869 2558 1936 momentanea,
2589 1880 2707 1917 non
2734 1881 2869 1918 cou-

455 1945 615 2003 tinua
638 1944 693 2018 ;''
761 1942 910 2016 Quia
965 1959 1094 1998 cum
1144 1939 1280 1998 unio
1325 1940 1692 2017 hypostatica
1735 1951 2012 2017 perpetuo
2055 1939 2221 1998 duret
2264 1949 2322 1997 et
2363 1949 2751 2014 conservetur,
2812 1949 2871 1999 et

453 2022 815 2084 conservatio
865 2021 940 2080 sit
995 2020 1268 2078 continua
1315 2020 1577 2096 quaedam
1628 2021 1711 2078 rei
1760 2019 2078 2097 productio,
2130 2039 2245 2077 non
2294 2020 2444 2078 male
2492 2020 2553 2077 in
2601 2020 2872 2097 praesenti

452 2105 726 2182 loquitur.
812 2101 985 2159 Adde
1008 2100 1163 2177 quod
1193 2101 1455 2178 enallage
1482 2101 1783 2178 praesentis
1809 2119 1912 2177 pro
1941 2099 2230 2176 praeterito
2254 2100 2581 2177 frequenter
2601 2100 2867 2173 occurrit,

452 2185 705 2243 maxime
734 2183 792 2241 in
834 2181 1260 2240 narrationibus
1301 2201 1490 2240 rerum
1520 2190 1831 2259 gestarum,
1861 2189 1929 2240 ut
1954 2200 2046 2239 res
2074 2200 2190 2238 non
2219 2189 2335 2240 tam
2366 2190 2511 2255 acta,
2543 2200 2717 2258 quam
2746 2181 2871 2257 geri

454 2266 736 2325 videatur.
822 2267 878 2322 2.
926 2261 1152 2320 “Idem
1201 2261 1470 2338 probaret
1510 2282 1614 2339 per
1661 2262 1832 2337 idem,
1865 2261 2013 2320 Nam
2056 2261 2180 2320 fieri
2220 2261 2388 2320 nobis
2418 2260 2681 2336 similem,
2713 2260 2871 2337 quod

453 2347 728 2423 sequitur,
760 2344 914 2402 idem
943 2351 1032 2401 est
1059 2340 1215 2418 quod
1256 2361 1547 2401 assumere
1576 2351 1838 2401 naturam
1868 2351 2123 2402 nostram
2150 2364 2163 2403 ε
2211 2342 2328 2401 Sed
2356 2342 2534 2401 verba
2552 2341 2867 2419 sequentia,

461 2428 623 2485 Unde
644 2426 843 2500 debuit,
876 2443 992 2482 non
1022 2431 1139 2481 tam
1168 2421 1485 2481 illationem
1514 2423 1813 2482 continent
1841 2424 1913 2481 ab
1943 2443 2012 2482 eo
2041 2422 2198 2500 quod
2225 2423 2318 2481 hic
2361 2423 2650 2498 asseritur,
2695 2442 2869 2499 quam

453 2506 891 2565 affirmationem
917 2501 1278 2561 necessitatis
1305 2502 1463 2561 illius
1491 2502 1590 2576 rei,
1624 2523 1753 2581 quae
1783 2503 1863 2560 ibi
1891 2504 2182 2579 asseritur,
2214 2503 2289 2562 ob
2318 2502 2379 2561 id
2406 2503 2563 2580 quod
2592 2502 2867 2580 sequitur,

454 2597 518 2646 ut
541 2589 613 2646 sit
640 2587 921 2660 Pontifex,
954 2581 1062 2642 &c.
1127 2586 1183 2642 3.
1217 2585 1253 2616 “
1279 2582 1487 2641 Semen
1507 2581 1762 2641 Abrahae
1785 2591 1873 2642 est
1902 2584 2207 2644 collectiva
2235 2583 2467 2650 locuti0,
2499 2604 2629 2662 quse
2657 2583 2871 2642 multos

455 2667 693 2726 denotat
741 2664 1010 2723 nimirum
1058 2662 1375 2738 credentes,
1410 2665 1578 2720 Rom.
1637 2664 1715 2721 iv.
1753 2665 1842 2737 16,
1890 2663 2022 2722 Gal.
2052 2664 2133 2721 iii.
2178 2666 2311 2722 29.”
2401 2664 2516 2723 Sed
2560 2684 2755 2722 semen
2796 2664 2869 2723 de

455 2768 570 2806 uno
600 2743 1033 2804 individualiter
1059 2742 1232 2800 etiam
1276 2742 1502 2818 dicitur,
1534 2752 1600 2801 ut
1647 2763 1762 2801 non
1806 2744 2000 2817 semel,
2032 2752 2089 2801 ct
2130 2744 2224 2802 hic
2267 2744 2632 2821 peculiariter
2656 2744 2869 2804 intelli-

455 2826 710 2905 gendum
740 2844 866 2883 esse
895 2823 1063 2881 docet
1095 2822 1328 2899 Paulus,
1362 2823 1493 2882 Gal.
1525 2823 1605 2881 iii.
1644 2825 1736 2882 16.

539 2906 721 2965 VIII.
767 2910 838 2963 Τὸ
868 2902 1299 2979 mamertino-om
1339 2922 1455 2960 non
1483 2912 1675 2980 potest
1701 2903 1796 2962 hic
1825 2903 1897 2961 ad
1916 2903 2207 2962 auxilium
2237 2913 2296 2964 ct
2322 2903 2701 2981 patrocinium
2733 2906 2868 2966 sim—

458 2988 595 3065 plex
638 2986 854 3062 referri,
900 2985 1037 3063 quia
1076 2984 1320 3043 verbum
1362 2985 1471 3042 hoc
1512 2984 1780 3062 nuspiam
1823 2985 1932 3042 hoc
1975 3004 2148 3043 sensu
2191 2986 2455 3043 occurrit.
2542 2986 2664 3043 Nec
2706 2985 2869 3045 locus

457 3069 626 3129 Rom.
657 3088 758 3127 xv.
810 3072 864 3143 7,
908 3067 1023 3125 huc
1066 3065 1351 3142 pertinere
1407 3073 1631 3143 potest;
1679 3064 1828 3140 Quia
1855 3065 2013 3123 aliud
2058 3074 2147 3124 est
2190 3066 2593 3148 προσ-λαμβάνω
2621 3071 2681 3131 εἰς
2709 3063 2866 3142 δόξαν,

456 3149 616 3209 aliud
660 3148 1018 3218 ἐπιλαμβάνων
1045 3145 1263 3228 σπέςμα,
1308 3146 1429 3205 illic
1472 3146 1735 3205 Christus
1776 3145 1987 3204 dicitur
2026 3166 2317 3206 assumere
2359 3147 2419 3204 in
2461 3147 2722 3225 gloriam,
2767 3167 2872 3207 seu

454 3230 765 3308 participes
806 3230 992 3289 facere
1028 3227 1228 3305 gloriae
1258 3225 1526 3301 coelestis,
1559 3227 1653 3286 hic
1682 3246 1821 3286 vero
1850 3225 2007 3303 quod
2030 3236 2286 3286 assumat
2315 3248 2528 3303 semen,
2561 3247 2662 3286 seu
2691 3228 2867 3304 parti-

456 3331 592 3388 ceps
634 3310 735 3369 fiat
777 3310 965 3369 carnis
1006 3319 1066 3367 et
1107 3308 1425 3385 sanguinis.
1460 3312 1527 3380 2.
1605 3307 1705 3366 Ab
1748 3308 1856 3366 hac
1899 3306 2135 3380 ἔπιλῆψιι
2178 3307 2566 3367 excluduntur
2609 3307 2865 3385 Angeli3

456 3391 561 3450 sed
589 3411 624 3448 a
652 3411 788 3449 cura
811 3388 1026 3449 Christi
1054 3388 1275 3465 Capitis
1305 3387 1363 3444 in
1392 3407 1628 3446 munere
1658 3408 1762 3445 suo
1792 3388 2049 3464 exaltati,
2082 3409 2195 3447 non
2219 3388 2610 3448 excluduntur
2630 3388 2866 3466 Angeli,

457 3470 559 3547 qui
589 3469 866 3529 Ecclesiae
910 3468 1316 3544 triumphantis
1358 3467 1617 3525 membra
1659 3474 1810 3541 sunt,
1858 3468 2012 3526 Heb.
2056 3468 2158 3527 xii.
2203 3473 2300 3527 22.
2386 3472 2441 3527 3.
2488 3468 2751 3527 Christus
2780 3489 2866 3527 se·

456 3569 588 3608 men
617 3548 929 3626 assumpsit
947 3547 1005 3604 in
1034 3547 1219 3621 terris,
1251 3556 1315 3605 ut
1343 3546 1806 3607 antecedentium
1837 3555 1894 3606 et
1923 3549 2397 3625 consequentium
2426 3548 2659 3608 collatio
2680 3549 2867 3625 docet,

455 3649 597 3706 ergo
624 3648 741 3687 non
769 3629 1001 3687 demum
1031 3626 1088 3684 in
1113 3625 1292 3700 coelis,
1323 3634 1388 3684 ut
1415 3627 1636 3685 vellent
1664 3626 2024 3686 Adversarii.

453 3728 498 3774 5.
527 3729 605 3776 Ε,
647 3727 943 3788 Genealogia
1065 3707 1184 3766 IX.
1230 3706 1481 3782 Quint03
1540 3707 1689 3781 Quia
1742 3706 1914 3766 datur
1959 3706 2320 3786 Genealogia
2362 3709 2593 3785 Christi,
2639 3730 2714 3768 ex
2756 3729 2871 3788 qua

592 3787 809 3842 Christi;
980 3787 1258 3846 oriundus
1299 3786 1512 3845 dicitur
1552 3808 1586 3845 a
1633 3788 1903 3847 Patribus
1945 3788 2261 3848 secundum
2303 3810 2550 3866 carnem,
2589 3791 2800 3849 Matth.
2830 3790 2868 3849 i.

457 3869 598 3927 Luc.
641 3867 723 3927 iii.
769 3869 938 3928 Rom.
969 3869 1006 3927 i.
1040 3868 1094 3944 3,
1120 3867 1275 3945 quod
1317 3866 1462 3926 falso
1503 3868 1591 3926 illi
1634 3868 1997 3945 tribueretur,
2029 3868 2079 3927 si
2106 3869 2339 3929 aliunde
2367 3891 2539 3948 quam
2569 3891 2604 3929 a
2634 3872 2702 3930 B.
2736 3872 2867 3929 Vir-

435 3949 591 4028 ·gine
621 3949 809 4009 carnis
838 3949 1221 4009 substantiam
1252 3948 1609 4026 sumpsisset.

452 4067 498 4112 6.
530 4068 658 4118 Quia
684 4073 932 4128 peecatum
1059 4029 1144 4088 X.
1193 4030 1408 4105 Sext03
1456 4029 1522 4088 Si
1550 4030 1814 4089 Christus
1856 4030 2024 4089 nobis
2051 4051 2154 4108 per
2182 4032 2374 4090 omnia
2402 4031 2606 4090 similis
2633 4050 2751 4089 non
2781 4038 2871 4089 est

512 4129 658 4173 debet
690 4129 850 4183 puniri
882 4130 934 4174 in
975 4110 1162 4169 factus
1204 4110 1396 4189 quoad
1438 4108 1798 4171 identitatem
1842 4122 2079 4188 naturae,
2109 4132 2227 4170 non
2268 4113 2456 4190 potuit
2482 4131 2589 4170 nos
2616 4129 2752 4168 vere
2778 4129 2868 4168 re-

510 4191 693 4289 331²?
710 4201 819 4245 qum
832 4203 933 4243 pec·
976 4190 1209 4266 dimere,
1241 4211 1371 4249 cum
1413 4199 1715 4268 peccatum
1758 4192 1818 4251 in
1859 4193 2062 4251 eadem
2103 4202 2324 4268 natura,
2355 4192 2417 4249 in
2458 4210 2573 4267 qua
2601 4190 2865 4249 commis-

648 4275 659 4288 *
977 4291 1103 4330 sum
1134 4271 1259 4343 fuit,
1292 4272 1515 4348 expiari
1536 4272 1818 4331 debuerit.

483 4369 664 4416 Fontes
707 4371 905 4416 solutio·
1059 4352 1179 4409 XI.
1225 4351 1490 4410 Christus
1533 4353 1746 4412 dicitur
1772 4351 2053 4410 Dominus
2096 4371 2126 4409 e
2157 4352 2325 4425 Coele,
2376 4354 2403 4408 1
2453 4350 2581 4408 Cor.
2625 4370 2726 4408 xv.
2767 4353 2864 4426 47,

627 4444 758 4474 ”⁰¹¹¹-
977 4451 1092 4489 non
1110 4431 1333 4490 ratione
1353 4434 1607 4492 materiae
1627 4432 1897 4509 corporis,
1931 4431 2034 4489 sed
2062 4433 2283 4490 ratione
2320 4434 2369 4490 l.
2390 4450 2654 4508 personae
2681 4440 2866 4508 Aaron,

451 4517 513 4566 et
534 4516 754 4567 naturae
784 4509 1015 4587 divinae,
1049 4532 1178 4589 quae
1202 4531 1263 4570 se
1292 4513 1353 4569 in
1382 4533 1550 4571 carne
1598 4511 2011 4587 manifestavit,
2057 4516 2113 4569 2.
2148 4512 2352 4571 Causa·
2379 4511 2669 4588 efficientis,
2700 4512 2870 4571 nimi·

452 4607 580 4646 rum
602 4590 850 4664 Spiritzoe
877 4593 1087 4667 Sancti,
1133 4611 1210 4650 ex
1251 4611 1367 4668 quo
1409 4593 1738 4651 humanitas
1780 4601 2057 4668 concepta
2094 4602 2199 4665 est,
2245 4596 2301 4652 3.
2352 4593 2698 4653 Conditionis
2745 4594 2871 4653 vitae

458 4665 673 4726 Christi
712 4669 774 4727 in
814 4672 1000 4747 terris,
1033 4691 1162 4749 quae
1190 4691 1307 4730 non
1336 4681 1562 4732 terrena
1590 4681 1649 4733 et
1676 4671 1984 4749 mundana,
2017 4672 2119 4733 sed
2148 4673 2347 4735 divina
2374 4681 2434 4733 et
2462 4675 2715 4734 coelestis
2739 4673 2867 4749 fuit,
