3221 5200
269 406 493 455 QUAEST.
524 385 642 468 1x.]
1277 402 1356 444 m:
1386 403 1538 444 Laos
1566 405 1688 445 nm.
2584 393 2654 448 51

256 547 443 606 xxxii.
463 550 519 606 5.
572 547 626 606 N
630 568 697 607 ec
725 548 919 607 obstat
945 546 1101 625 quod
1127 547 1328 606 dicunt
1355 546 1577 606 Aaroni
1589 551 1700 621 sac
1727 548 1878 606 nobis
1900 550 2070 622 Deos,
2090 548 2227 626 quia
2254 557 2453 609 notum
2481 559 2570 608 est
2600 551 2658 607 in

261 628 555 704 Scriptura
584 648 737 706 saepe
767 628 951 705 signis
979 627 1209 686 nomina
1236 647 1427 686 rerum
1455 628 1905 704 significatarum
1933 628 2125 686 tribui.

344 707 459 765 XI.
506 707 680 767 Unde
721 716 883 785 patet
920 707 1067 765 nihil
1107 707 1318 767 habere
1348 706 1751 783 Adversarios,
1797 726 1912 783 quo
1954 728 2016 766 se
2057 708 2304 767 liberent
2343 728 2380 767 a
2420 708 2656 767 crimine

263 786 615 846 Idololatriae
642 788 761 846 illis
803 808 880 846 ex
908 788 1070 865 Lege
1110 787 1397 865 impacto;
1443 786 1613 861 Quod
1640 787 1777 845 dum
1807 787 2292 864 animadvertunt,
2334 808 2510 865 seque
2539 796 2655 848 tam

260 865 477 924 diserto
524 876 812 944 praecepto
854 868 1036 944 premi
1085 866 1357 944 sentiunt,
1402 867 1857 943 indignationem
1902 887 2062 926 suam
2103 877 2338 927 vertunt
2377 868 2439 925 in
2472 869 2656 946 ipsam

262 946 375 1003 Dei
405 946 637 1022 Legem,
670 947 954 1024 sacrilega
980 947 1237 1021 audacia,
1282 956 1342 1007 et
1368 946 1618 1005 facinore
1660 955 1830 1006 antea
1869 947 2145 1023 inaudito,
2176 949 2287 1007 hoc
2323 947 2658 1006 mandatum

254 1045 290 1082 e
318 1045 555 1083 numero
583 1026 935 1102 reliquorum
964 1026 1368 1104 expungendo,
1400 1046 1474 1084 ne
1516 1026 1658 1104 ipsis
1690 1027 1986 1104 negotium
2023 1028 2303 1105 facessat3
2348 1028 2398 1086 si
2426 1047 2544 1085 non
2581 1048 2657 1085 ex

256 1104 387 1181 ipsa
439 1106 748 1182 Scriptura,
794 1107 932 1183 quia
974 1108 1086 1165 hoc
1129 1126 1246 1165 non
1290 1107 1400 1165 fuit
1445 1106 1506 1164 in
1551 1107 1806 1183 ipsorum
1843 1115 2144 1182 potestate,
2203 1117 2263 1166 at
2302 1128 2377 1166 ex
2421 1107 2655 1183 Officiis,

257 1184 593 1260 BreviariiS,
615 1195 672 1243 et
696 1186 828 1243 aliis
854 1186 1117 1245 formulis
1145 1186 1322 1264 Legis
1350 1186 1579 1261 divinas,
1601 1206 1731 1263 qnae
1757 1185 2064 1246 traduntur
2082 1187 2312 1264 popule,
2337 1187 2494 1265 quod
2521 1206 2660 1246 sane

254 1264 616 1323 luculentum
644 1273 732 1324 est
760 1266 1078 1343 desperatas
1107 1285 1295 1325 causae
1323 1275 1749 1343 argumentum.

256 1381 743 1509 weaslieas:
790 1346 1084 1502 saffira
1091 1346 1404 1501 ἶθὲῃῗὲἕὼ
1432 1345 2225 1503 ἓὲἒθζὲζῆθῖθξὲἐὲἓᾈζ,
2241 1346 2662 1504 ¹322&ssssssss

368 1505 539 1545 “¹⁶⁰⁵-
785 1506 1021 1564 crimine
1052 1505 1401 1563 Idololatriae
1442 1503 1711 1580 liberari3
1771 1504 1920 1563 Nam
1961 1524 2037 1564 ex
2076 1524 2188 1565 usu
2229 1507 2558 1584 Scripturae,
2602 1514 2661 1564 et

266 1583 550 1642 Ecclesiae
576 1584 808 1660 veteris,
838 1584 1058 1643 idolum
1087 1594 1175 1643 est
1202 1585 1389 1643 omnis
1416 1584 1608 1660 imago
1639 1584 1935 1662 religionis
1963 1604 2137 1644 causa
2157 1585 2383 1663 efficta;
2431 1586 2492 1644 Is
2520 1606 2660 1663 ergo

258 1664 399 1722 colit
438 1663 612 1737 idola,
643 1664 744 1740 qui
787 1684 978 1722 coram
1026 1664 1375 1741 imaginibus
1416 1663 1752 1722 incurvatur
1791 1674 1854 1723 et
1876 1665 2217 1742 procumbit,
2266 1666 2380 1724 Isa.
2410 1665 2469 1723 ii.
2500 1667 2556 1739 8,
2603 1668 2658 1739 9,

255 1742 355 1800 vel
410 1764 509 1801 eas
556 1763 660 1820 per
713 1763 774 1801 se
820 1744 1080 1820 quolibet
1131 1743 1405 1820 religioso
1459 1743 1621 1802 cultu
1674 1745 1903 1820 proprie
1950 1744 2124 1817 dicte,
2173 1744 2273 1820 qui
2317 1764 2661 1821 quoeunque

261 1824 494 1881 nomine
525 1823 736 1897 veniat,
770 1824 879 1881 soli
922 1824 1048 1882 Deo
1077 1823 1335 1898 debetur,
1367 1822 1586 1881 adorat.
1672 1823 1800 1881 Imo
1827 1823 1928 1900 qui
1972 1823 2281 1899 Imagines,
2312 1843 2429 1881 non
2455 1842 2559 1900 per
2600 1842 2662 1881 se

255 1903 491 1978 quidem
521 1903 841 1979 coluerunt,
886 1903 991 1961 sed
1030 1904 1092 1960 in
1134 1902 1397 1980 Imnrgine
1429 1912 1885 1980 prototyporum,
1919 1901 2248 1961 Idololatrae
2281 1902 2567 1977 dicuntur,
2598 1912 2664 1962 ut

261 1981 540 2041 lsrafflitae
595 1983 657 2039 in
714 1982 873 2041 cultu
927 1982 1099 2041 vituli
1139 1984 1314 2058 aurei,
1376 1981 1565 2040 Exod.
1610 1982 1798 2040 xxxii.
1829 1986 1886 2056 4,
1917 1985 1971 2056 5,
2018 1991 2077 2041 et
2117 1983 2177 2039 in
2220 1982 2379 2040 cultu
2417 1983 2661 2040 duorum

258 2060 574 2120 vitulorum
602 2081 639 2119 a
665 2061 710 2121 J
712 2062 1018 2120 eroboamo
1046 2071 1366 2121 erectorum
1393 2061 1454 2119 in
1485 2062 1614 2119 Dan
1646 2071 1705 2121 et
1733 2061 1959 2136 Bethel,
1995 2065 2023 2119 1
2053 2062 2201 2138 Reg.
2232 2061 2333 2120 xii.
2364 2063 2461 2119 28.
2513 2061 2663 2119 Nam

255 2141 475 2199 cultum
506 2140 748 2199 Bahalis
789 2150 847 2200 et
886 2140 1160 2200 falsorum
1201 2142 1456 2217 Deorum
1482 2160 1586 2217 per
1623 2140 1908 2218 imagines
1945 2140 2226 2199 Achabus
2253 2150 2456 2218 postea
2483 2141 2660 2199 intro-

254 2218 441 2294 duxit,
472 2224 503 2277 l
539 2221 686 2296 Reg.
706 2221 827 2280 xvi.
858 2224 953 2294 32,
975 2225 1070 2295 23,
1102 2221 1201 2297 qui
1231 2220 1362 2279 ideo
1390 2220 1605 2277 malum
1636 2221 1842 2278 secisse
1870 2218 2081 2277 dicitur
2108 2220 2412 2295 plusquam
2442 2239 2658 2297 omnes,

255 2299 361 2374 qui
415 2299 642 2358 fuerant
693 2308 827 2358 ante
881 2300 1087 2376 ipsum.
1174 2299 1340 2357 Idem
1395 2297 1606 2356 dicitur
1661 2298 1733 2356 de
1775 2298 1943 2356 Idolo
2001 2299 2190 2374 Micae,
2234 2298 2278 2357 J
2283 2298 2377 2357 ud.
2419 2299 2562 2358 xvii.
2603 2303 2659 2376 3,

259 2377 424 2453 quod
451 2379 495 2436 J
500 2378 694 2436 ehovae
722 2378 830 2437 fuit
852 2379 1287 2452 sanctificatum,
1318 2386 1378 2435 et
1406 2376 1574 2453 cujus
1606 2376 1888 2436 Sacerdos
1916 2376 2261 2437 describitur
2288 2387 2352 2437 ut
2383 2379 2665 2438 Sacerdos

256 2457 533 2532 Jehovae,
565 2477 613 2514 c.
640 2458 781 2515 xvii.
811 2466 871 2516 et
901 2458 1069 2516 xviii.
1156 2458 1253 2516 Sic
1284 2456 1565 2530 Gentiles,
1596 2457 1865 2532 quamvis
1905 2477 2098 2515 coram
2129 2457 2491 2535 Imaginibus
2531 2478 2661 2535 pro-

254 2544 527 2614 totypum
581 2536 899 2614 adorarent,
949 2537 1133 2595 nihilo
1176 2536 1363 2595 secius
1410 2543 1686 2612 tanquam
1730 2535 2058 2595 Idololatrae
2092 2538 2253 2615 juste
2300 2537 2662 2598 damnantur.

252 2617 543 2693 Denique,
574 2636 692 2674 non
719 2627 910 2694 potest
949 2637 1066 2676 non
1094 2638 1220 2676 esse
1249 2615 1646 2675 idololatricus
1673 2617 1880 2692 cultus,
1901 2636 2018 2695 quo
2049 2618 2209 2676 Deus
2250 2617 2461 2676 colitur
2487 2619 2660 2677 modo

254 2716 373 2754 non
403 2696 622 2771 debito,
664 2697 769 2755 sed
795 2697 999 2755 illicito
1027 2706 1086 2755 et
1111 2697 1311 2756 vetito,
1358 2697 1598 2754 Frustra
1627 2696 1720 2754 hic
1748 2697 2046 2774 regeritur‚
2077 2716 2194 2755 non
2223 2698 2337 2755 coli
2367 2698 2665 2775 Imagines

251 2776 408 2853 ipsas
434 2796 543 2853 per
571 2795 651 2850 se,
683 2776 841 2852 quod
881 2786 1034 2835 esset
1074 2777 1514 2850 idololatricam,
1559 2775 1663 2834 sed
1691 2784 1916 2835 tantum
1951 2778 2131 2836 relate
2168 2776 2243 2835 ad
2271 2786 2661 2855 prototypum,

252 2856 351 2913 vel
379 2864 760 2932 prototypum
789 2857 847 2913 in
874 2856 1035 2933 ipsis.
1120 2857 1286 2930 Nam,
1315 2863 1698 2933 praeterquam
1726 2856 1883 2932 quod
1923 2876 2040 2914 non
2079 2857 2249 2934 pauci
2278 2877 2353 2915 ex
2390 2857 2532 2934 ipsis
2560 2878 2663 2916 vo-

251 2935 385 2993 lunt
400 2934 719 3011 imaginem
748 2936 931 3012 ipsam
960 2936 1187 3013 proprie
1215 2945 1274 2994 et
1292 2954 1396 3013 per
1423 2953 1486 2993 se
1507 2934 1638 3010 coli,
1662 2944 1728 2994 ut
1755 2934 1975 3011 aliquid
2003 2956 2246 3011 sacrum,
2271 2945 2330 2994 et
2359 2937 2666 2996 terminare

251 3014 447 3091 ipsum
490 3014 731 3089 cultum,
790 3024 849 3074 et
895 3036 1011 3074 non
1054 3016 1241 3074 solum
1282 3023 1347 3073 ut
1386 3014 1575 3072 vicem
1639 3015 1788 3091 gerit
1830 3015 2192 3091 exemplaris,
2237 3023 2304 3073 ut
2347 3016 2495 3073 Bell.
2538 3016 2665 3074 fuse

250 3093 423 3152 docet
464 3094 569 3152 lib.
610 3094 669 3152 ii.
700 3093 774 3152 de
806 3095 1051 3172 Imagin.
1097 3115 1147 3153 c.
1188 3097 1282 3169 20,
1316 3099 1429 3151 22:
1475 3093 1654 3169 Legis
1698 3093 1877 3151 verba
1924 3112 2152 3151 omnem
2198 3094 2416 3151 cultum
2447 3093 2663 3170 Imagi-

250 3192 408 3248 num,
440 3174 569 3232 sive
598 3174 925 3232 absolutum
956 3176 1078 3233 sive
1106 3174 1431 3247 relativum,
1464 3190 1737 3249 expresse
1758 3180 1975 3230 vetant.
2037 3172 2157 3230 Ubi
2183 3191 2322 3230 vero
2355 3172 2516 3230 Deus
2544 3172 2665 3229 cul-

252 3260 378 3310 tum
404 3253 594 3311 latriae
621 3255 1023 3330 respectivum,
1056 3256 1226 3331 cujus
1266 3253 1559 3329 objectum
1592 3250 1922 3327 proximum
1951 3250 2027 3308 sit
2057 3251 2347 3325 Creatura,
2380 3259 2666 3309 remotum

252 3350 397 3390 vero
458 3333 638 3406 Deus,
706 3333 958 3392 instituit
982 3338 1011 3392 P
1080 3333 1299 3391 Annon
1363 3331 1566 3389 eadem
1635 3329 2004 3388 distinctione
2061 3328 2200 3387 olim
2265 3330 2667 3390 moscholatris

252 3411 559 3485 Israelitis,
582 3411 840 3488 adeoque
865 3413 1117 3490 Paganis
1134 3412 1276 3490 ipsis
1304 3409 1690 3469 idololatriam
1720 3428 1882 3469 suam
1906 3409 2223 3468 incrustare
2249 3409 2508 3487 proclive
2525 3409 2666 3469 fuis·

247 3499 339 3548 set
356 3493 384 3548 ⁶?
415 3491 646 3550 Deinde
675 3492 726 3549 si
752 3491 921 3568 σχέσις
949 3492 1023 3550 ad
1051 3501 1422 3569 prototypum
1450 3489 1730 3549 eximeret
1756 3489 1830 3547 ab
1855 3489 2207 3548 Idololatriae
2229 3489 2484 3567 crimine,
2506 3491 2668 3550 nulla

246 3589 509 3646 unquam
538 3589 666 3629 esse
693 3581 890 3646 posset
917 3572 1241 3630 idololatria
1269 3572 1421 3629 circa
1456 3571 1752 3646 Imagines
1783 3569 2160 3646 Divinitatis;
2206 3570 2342 3646 quia
2383 3590 2501 3629 non
2528 3590 2665 3648 pos-

247 3657 387 3707 sunt
413 3649 532 3708 coli
558 3658 626 3708 ut
652 3649 951 3728 imagines,
984 3651 1107 3709 sine
1135 3651 1412 3710 relatione
1441 3649 1516 3707 ad
1542 3657 1914 3726 prototypum
1944 3648 2102 3726 quod
2129 3659 2562 3727 repraesentant.

243 3764 288 3809 ³
304 3766 748 3882 ,3523erss
785 3730 1093 3885 11233313121
1103 3730 1435 3885 ἶίἷέῗςνῗὲ
1463 3728 2210 3885 ¹?z‘1‘532332312522532353
2253 3730 2665 3867 §mm

303 3896 375 3935 ΒΘ,
416 3896 504 3926 ¹²0⁰
546 3887 746 3941 proptor
785 3888 901 3946 dici
942 3897 1166 3966 potest3
1212 3890 1344 3947 Non
1378 3855 1622 3964 propter·
1668 3908 1742 3963 se,
1775 3888 1911 3964 quia
1955 3896 2090 3946 sunt
2133 3854 2282 3944 in’fra
2323 3887 2665 3964 dignitatem

296 3940 572 3996 exemplat.
784 3968 1051 4043 hominis,
1092 3988 1221 4046 quae
1248 3988 1387 4027 cura
1411 3968 1709 4026 hominum
1749 3967 1896 4025 fiunt
1922 3975 1983 4026 et
2007 3973 2438 4041 conservantur,
2468 3974 2669 4042 utpote

241 4065 339 4104 res
367 4045 701 4104 inanimatae
728 4048 925 4105 manui
953 4056 1012 4106 et
1049 4048 1365 4124 phantasiae
1393 4047 1629 4105 artificis
1671 4047 1984 4123 subjectae:
2029 4045 2203 4105 Unde
2229 4045 2403 4104 toties
2432 4044 2666 4103 simula-

244 4125 521 4183 chrorum
571 4125 762 4184 cultus
810 4135 1057 4203 vetatur,
1111 4127 1207 4187 Ps.
1251 4147 1385 4185 cxv.
1428 4129 1484 4202 8,
1531 4126 1647 4184 Isa.
1677 4126 1758 4184 xl.
1795 4128 1886 4200 18,
1931 4125 2149 4184 Jerem.
2193 4145 2254 4184 x.
2303 4128 2393 4199 14,
2441 4124 2664 4183 Habac.

244 4203 306 4261 ii.
341 4207 439 4278 18,
476 4206 571 4276 19,
602 4205 740 4279 quia
766 4214 903 4264 sunt
929 4225 1075 4282 opus
1101 4226 1375 4265 manuum
1415 4206 1749 4264 hominum:
1793 4205 1925 4263 Non
1957 4214 2203 4281 propter
2229 4206 2538 4279 exemplar,
2570 4204 2667 4262 vel

244 4281 441 4341 Deum
470 4284 571 4341 vel
602 4284 879 4362 Sanctos;
925 4286 1076 4344 Nam
1119 4287 1279 4345 Deus
1319 4286 1382 4343 in
1412 4285 1693 4361 Imagine,
1724 4284 1785 4341 in
1824 4304 1941 4361 qua
1967 4302 2177 4341 nomen
2205 4302 2373 4342 suum
2399 4301 2517 4340 non
2564 4303 2667 4359 po-

242 4362 381 4434 suit,
403 4362 519 4419 coli
545 4381 665 4419 non
692 4363 837 4438 vult,
862 4374 921 4424 et
947 4366 1011 4422 in
1035 4366 1287 4443 imagine
1316 4364 1597 4423 materiali
1625 4383 1741 4421 non
1770 4372 1961 4440 potest
1986 4363 2418 4439 repraesentari;
2467 4363 2667 4424 Sancti

241 4458 388 4499 vero
414 4460 525 4499 nec
552 4461 657 4518 per
686 4461 764 4518 se,
794 4463 929 4580 1103:1
929 4444 1381 4582 iInVImagfflbuIs
1409 4443 1635 4537 colendi
1664 4452 1838 4582 suga
1898 4522 1913 4536 ο
2111 4520 2227 4579 itus
2248 4519 2357 4580 fuit
2385 4521 2399 4534 ο
2461 4522 2512 4580 E
2582 4523 2604 4581 l

242 4557 288 4600 ι’
302 4555 446 4659 ἓῆω
466 4560 746 4684 ιί-Ῑιὶιωῖῃπίίῗί
787 4603 874 4661 sia
929 4524 1256 4662 Chssiguisng
1289 4542 1790 4679 ’qulaltaugdrmpnrircnis
1836 4540 2108 4677 ἓωὲιᾚῖεέἲ
2147 4600 2316 4660 Patet
2357 4542 2442 4661 elai1
2487 4543 2665 4661 vtffis

301 4671 541 4719 Ecdeme.
786 4682 1133 4742 testimoniis
1162 4683 1399 4743 Patrum
1442 4683 1605 4741 illum
1635 4681 2114 4759 impugnantium,
2146 4682 2419 4759 Oriqemk,
2451 4682 2552 4741 lib.
2581 4682 2662 4739 iii.
