3221 5200
332 385 554 435 Quzns‘r.
576 365 671 445 11.]
1201 383 1276 421 οε
1321 379 1863 421 sance-nucarios&
2619 362 2733 416 613

333 525 557 584 Ibidem
582 524 804 600 Corpus
833 532 890 582 et
922 523 1171 600 Sanguis
1213 522 1560 581 exhibentur
1586 527 1652 579 ut
1680 519 1951 577 alimenta
1980 517 2114 575 vitae
2144 517 2472 594 spiritualis,
2518 535 2646 591 quae
2677 514 2736 570 in

331 604 781 664 sanctificatione
812 603 1089 675 consistit,
1127 606 1152 660 1
1184 603 1311 660 Cor.
1343 623 1400 659 x.
1437 605 1528 659 16.

414 684 603 740 XXI.
651 682 815 740 Licet
846 682 1064 740 Fidelis
1084 682 1434 758 justificatus
1474 678 1690 737 incidat
1737 678 1797 735 in
1843 676 2003 734 varia
2049 685 2300 753 peccata,
2353 683 2412 733 et
2460 694 2612 750 saepe
2658 673 2739 730 ita

332 764 550 841 gravia,
594 771 656 820 ut
700 761 786 818 illi
831 761 1299 820 sanctificationis
1343 778 1684 836 progressus
1732 757 1831 815 diu
1879 757 2339 832 interrumpatur,
2385 755 2501 811 imo
2530 753 2742 828 etipsa

334 863 449 900 non
487 862 689 918 parum
719 849 1010 914 atteratur,
1046 841 1176 897 Non
1221 840 1481 915 sequitur
1508 836 2018 895 sanctificationem
2049 836 2229 912 ipsam
2259 833 2460 891 divelli
2489 853 2524 890 a
2551 831 2738 890 Justi-

333 922 617 994 ficatione,
651 920 800 994 Quia
841 919 889 976 si
932 918 1308 977 sanctificatio
1339 918 1581 976 actualis
1609 916 1850 990 tollitur,
1882 935 1998 973 non
2027 923 2219 974 tamen
2273 911 2603 985 habitualis,
2636 930 2742 968 nec

335 1021 529 1060 semen
562 1001 671 1057 Dei
702 1018 953 1074 unquam
981 998 1250 1070 aufertur,
1296 997 1398 1056 sed
1441 1003 1634 1054 manet
1662 1015 1887 1071 semper
1915 996 1974 1051 in
2002 995 2185 1068 nobiS,
2235 997 2260 1051 1
2296 993 2435 1050 Joh.
2465 991 2545 1048 iii.
2578 992 2632 1064 9,
2677 996 2743 1047 ut

336 1101 508 1156 supra
536 1080 606 1137 de
640 1078 1075 1136 Perseverantia
1102 1077 1237 1134 fidei
1266 1076 1568 1153 probatum
1603 1083 1709 1133 est.
1796 1074 1907 1147 Qui
1952 1084 2152 1151 peccat
2196 1093 2311 1130 non
2360 1071 2483 1148 agit
2527 1077 2739 1141 sancte,

335 1160 439 1218 sed
480 1167 669 1235 potest
710 1167 901 1215 tamen
943 1157 1043 1233 qui
1086 1156 1404 1214 sanctitatis
1447 1164 1637 1213 aetum
1667 1172 1783 1210 non
1811 1154 2012 1227 exerit,
2055 1154 2265 1213 babere
2295 1149 2615 1209 sanctitatis
2642 1149 2742 1205 ha-

334 1240 518 1297 bitum
542 1239 600 1294 in
631 1257 692 1294 se
714 1245 1055 1310 manentem,
1087 1235 1224 1293 licet
1251 1234 1612 1292 debilitatum
1642 1240 1700 1290 et
1729 1230 2033 1290 infirmum.

418 1317 644 1374 XXII.
690 1315 873 1374 Aliud
903 1323 991 1373 est
1019 1315 1253 1391 purgari
1284 1335 1319 1371 a
1346 1313 1639 1371 veteribus
1668 1311 1919 1389 peccatis
1949 1311 2436 1369 sacramentaliter
2464 1318 2521 1367 et
2549 1306 2744 1367 condi·

339 1397 571 1470 tionate,
606 1395 791 1453 Aliud
818 1395 1008 1471 reipsa
1036 1403 1094 1452 et
1121 1394 1401 1452 absolute,
1488 1393 1585 1450 Illi
1615 1391 1685 1449 de
1715 1390 1927 1467 quibus
1955 1390 2209 1468 loquitur
2230 1391 2453 1459 PetruS,
2484 1394 2519 1447 2
2554 1389 2678 1445 Pet.
2709 1387 2745 1444 i.

340 1479 394 1551 9,
420 1475 649 1553 purgati
672 1483 835 1533 erant
852 1494 886 1531 a
904 1474 1155 1550 peccatis
1179 1473 1353 1550 priori
1377 1492 1566 1546 sensu,
1601 1471 1704 1530 sed
1732 1491 1846 1528 non
1866 1471 2184 1545 posteriori,
2210 1479 2442 1546 propter
2464 1468 2749 1527 defectum

339 1555 686 1616 conditionis
716 1554 1025 1630 requisitae,
1059 1554 1327 1612 nimirum
1354 1553 1507 1611 fidei.
1576 1553 1668 1610 lta
1709 1571 1814 1609 nce
1848 1550 2154 1625 justificati
2182 1550 2295 1607 dici
2335 1557 2614 1625 poterant,
2647 1565 2752 1603 nec

339 1656 475 1694 vere
506 1634 862 1693 sanctificati.

422 1715 574 1772 Vide
595 1714 759 1790 plura
777 1714 848 1771 de
871 1714 980 1770 hoc
1004 1721 1345 1789 argumento
1368 1712 1427 1769 in
1447 1708 1838 1787 sequentibus,
1871 1707 1970 1765 ubi
2000 1707 2071 1765 de
2100 1706 2439 1764 necessitate
2471 1706 2749 1760 bonorum

342 1793 593 1869 Operum
624 1800 843 1867 agetur.

1250 2024 1652 2094 QUAESTIO
1701 2024 1792 2084 II.

978 2199 1055 2237 m:
1086 2198 1493 2240 Pssnmcrlonn
1524 2199 2098 2240 sanc'rrrtcxmoms

344 2341 451 2397 An
483 2338 866 2412 &luctificatio
893 2338 969 2397 sit
1010 2339 1089 2396 ita
1125 2343 1381 2412 perfecta
1430 2340 1487 2395 in
1537 2339 1644 2395 luo
1693 2340 1827 2408 vita,
1858 2350 1924 2396 ut
1969 2338 2197 2395 Fideles
2247 2333 2458 2412 Leyem
2506 2334 2758 2390 absolute

780 2418 1013 2492 implere
1036 2419 1259 2493 possint
1280 2420 1307 2475 ‚²
1349 2415 1411 2473 N
1414 2435 1503 2490 eg.
1535 2426 1742 2475 contra
1771 2416 1990 2475 Pontis.
2022 2424 2082 2474 et
2110 2415 2306 2474 Socin.

431 2574 479 2632 Ι.
529 2575 693 2633 Inter
716 2575 1104 2646 QuaestioneS‚
1124 2595 1257 2649 quae
1281 2576 1355 2632 de
1380 2572 1852 2633 sanctificatione
1875 2573 2180 2649 agitantur
2202 2571 2354 2629 inter
2379 2568 2760 2629 Orthodoxos

347 2662 406 2710 et
438 2655 791 2728 Pelagianos
819 2662 1044 2710 veteres
1070 2661 1130 2710 et
1160 2655 1495 2723 hodiernos,
1526 2653 1663 2711 duae
1693 2661 1834 2711 sunt
1863 2651 2207 2724 Praecipuae,
2241 2650 2442 2707 Prima
2469 2667 2602 2722 quae
2632 2647 2763 2720 ejus

348 2732 644 2807 oriyinevn,
678 2733 892 2789 Altera
919 2751 1051 2807 quae
1081 2732 1211 2805 ejus
1245 2732 1654 2808 perfectionem
1684 2738 1925 2805 spectat.
2012 2729 2172 2796 Quia
2199 2747 2338 2784 vcro
2369 2729 2442 2783 dc
2482 2726 2591 2781 illa
2629 2725 2762 2782 fuse

347 2820 548 2867 actum
576 2818 679 2881 est,
705 2829 892 2884 quum
921 2812 995 2866 de
1018 2810 1348 2867 Vocatione
1374 2810 1615 2867 Efficaci
1642 2809 2094 2882 disputavimuS,
2121 2806 2212 2863 Ea
2253 2806 2448 2875 missa,
2473 2805 2551 2860 ad
2582 2803 2764 2860 aliam

347 2888 665 2961 pergimus,
698 2908 832 2962 quae
878 2906 1097 2961 magno
1126 2889 1357 2946 fervore
1402 2896 1463 2945 et
1501 2889 1635 2963 jam
1680 2888 1823 2945 olim
1871 2886 2098 2961 agitata
2140 2892 2246 2956 est,
2277 2892 2337 2941 et
2379 2900 2539 2939 nunc
2582 2881 2765 2937 etiam

348 2965 627 3038 agitatur.

943 3041 1033 3098 ΙΙ.
1066 3041 1297 3098 Notum
1321 3050 1410 3100 est
1436 3043 1589 3099 inter
1610 3044 1788 3115 plura
1808 3042 2015 3114 hydrae
2043 3039 2380 3112 Pelagianae
2403 3035 2628 3109 Capita,
2652 3036 2767 3090 hoc

865 3118 1044 3174 etiam
1074 3120 1377 3188 recenseri,
1405 3120 1584 3186 Quod
1614 3120 1717 3174 illc
1744 3119 1981 3174 fidelem
2010 3117 2072 3172 in
2101 3118 2212 3173 hac
2232 3117 2353 3171 vita
2381 3115 2507 3170 sine
2526 3118 2764 3186 peccato

866 3196 1064 3251 vivere
1092 3215 1259 3268 posse
1288 3198 1684 3265 contenderet,
1705 3196 1973 3268 adeoque
2001 3194 2255 3267 perfecte
2279 3193 2501 3264 Legem
2518 3190 2766 3262 implere

352 3289 540 3346 posse,
565 3269 699 3326 etin
725 3277 883 3328 statu
900 3272 1301 3346 impeccantiae
1321 3273 1617 3329 constitui.
1684 3271 1862 3329 Unde
1886 3272 1961 3327 ab
1985 3270 2356 3343 Hieronymo
2380 3267 2594 3341 saepius
2611 3287 2767 3341 prcc-

353 3351 576 3406 dicator
588 3348 966 3422 impeccantiae
981 3358 1240 3407 vocatur.
1258 3350 1660 3423 August-inus,
1675 3351 1876 3406 haeres
1891 3348 1986 3419 88,
1999 3350 2159 3404 hunc
2173 3347 2446 3404 Errorem
2458 3346 2542 3401 ita
2553 3345 2767 3401 descri-

352 3429 439 3484 bit
464 3449 478 3484 :
523 3434 555 3459 “
581 3425 655 3482 In
684 3426 745 3482 id
794 3429 973 3485 etiam
1000 3428 1464 3501 progrediuntur
1494 3427 1822 3502 Pelagiani,
1854 3434 1923 3483 ut
1950 3425 2151 3483 dicant
2178 3426 2361 3481 vitam
2383 3424 2687 3497 justorum
2706 3422 2765 3479 in

352 3507 466 3562 boc
488 3504 686 3562 seculo
710 3506 947 3562 nullum
971 3507 1186 3563 habere
1215 3513 1541 3579 peccatum,
1560 3513 1622 3562 et
1643 3524 1716 3561 ex
1733 3505 1826 3562 his
1844 3505 1904 3561 in
1923 3505 2036 3560 hac
2051 3502 2414 3560 mortalitate
2444 3499 2768 3557 Ecclesiam

356 3584 574 3642 Christi
602 3583 817 3656 perfici,
850 3592 916 3642 ut
944 3583 1019 3641 sit
1049 3583 1287 3641 omnino
1316 3584 1438 3639 sine
1467 3602 1618 3657 ruga
1645 3591 1705 3640 et
1745 3583 1870 3640 sine
1911 3582 2163 3652 macula,
2193 3581 2361 3656 quasi
2403 3597 2523 3635 non
2553 3578 2629 3635 sit
2659 3578 2771 3635 Ec-

355 3662 532 3719 clesia
562 3660 798 3732 Christi,
818 3682 952 3736 quae
977 3663 1037 3718 in
1058 3669 1185 3718 toto
1214 3663 1356 3718 orbe
1386 3663 1600 3719 clamat
1623 3663 1699 3718 ad
1731 3661 2075 3730 Dominum,
2102 3659 2348 3717 Dimitte
2378 3657 2547 3714 nobis
2570 3657 2772 3714 debita

355 3740 615 3796 nostra.’'
683 3739 794 3798 Cui
827 3740 1030 3798 Errori
1056 3740 1288 3797 fortiter
1309 3759 1368 3796 se
1398 3747 1805 3814 opposuerunt
1827 3738 2048 3809 Patres,
2072 3745 2132 3794 et
2160 3738 2312 3793 inter
2333 3736 2484 3792 alios
2505 3735 2769 3803 Hieron„

356 3816 540 3889 Epist.
561 3819 638 3872 ad
670 3818 947 3892 Ctesiph.‚
966 3825 1026 3875 et
1054 3818 1241 3875 tribus
1261 3818 1427 3875 libris
1449 3825 1654 3875 contra
1676 3816 2045 3890 PelagianOS,
2074 3815 2461 3888 AugustinuS‚
2492 3812 2594 3868 lib.
2613 3812 2672 3867 ii.
2697 3812 2772 3867 de

356 3902 731 3966 peccatorum
758 3896 984 3952 meritis
1012 3903 1072 3952 et
1100 3896 1460 3965 remissione,
1494 3895 1603 3969 Ep.
1636 3894 1730 3951 89.
1755 3895 1857 3950 lib.
1887 3894 2004 3949 xiv,
2036 3894 2111 3949 de
2142 3892 2204 3949 C.
2238 3892 2311 3947 D.
2343 3909 2468 3965 cap.
2500 3890 2554 3965 9,
2580 3896 2639 3945 et
2666 3889 2767 3945 lib.

357 3972 431 4027 de
458 3970 815 4043 perfectione
835 3973 1109 4044 justitiae,
1146 3972 1383 4028 Enchir.
1414 3992 1459 4028 c.
1492 3974 1585 4043 64,
1620 3979 1680 4028 et
1707 3970 1851 4027 alibi
1880 3969 2152 4042 pluribus
2179 3968 2240 4024 in
2269 3969 2430 4025 locis,

442 4046 571 4103 III.
617 4047 928 4105 Renovate
954 4056 1042 4105 est
1069 4050 1276 4104 eadem
1305 4049 1555 4123 quaestio
1583 4052 1698 4106 hoc
1728 4049 1929 4104 seculo
1958 4066 1994 4104 a
2021 4046 2085 4102 N
2088 4045 2544 4118 co-PelagianiS,
2567 4046 2773 4102 Ponti-

356 4125 521 4194 ficiis,
573 4125 917 4195 Socinianis,
948 4132 1007 4182 et
1053 4126 1481 4199 AnabaptistiS‚
1512 4128 1618 4201 qni
1665 4132 1735 4181 ut
1779 4124 1938 4182 viam
1982 4124 2093 4180 sibi
2135 4124 2397 4180 facerent
2440 4126 2517 4181 ad
2561 4123 2774 4179 merita.

359 4222 623 4278 operum,
656 4203 877 4276 Legem
905 4223 942 4260 a
970 4203 1186 4260 renatis
1213 4205 1469 4277 perfecte
1514 4203 1747 4278 impleri
1790 4221 1958 4275 posse
2001 4209 2345 4259 sanxerunt.
2433 4201 2595 4258 Hinc
2619 4200 2774 4257 inter

363 4282 706 4338 Pontificios
735 4281 891 4355 ipsos
919 4289 1213 4338 certamen
1243 4300 1418 4355 super
1446 4281 1559 4337 isto
1587 4280 1839 4337 articulo
1857 4297 1978 4335 non
2007 4281 2138 4337 leve
2166 4279 2488 4337 excitatum
2505 4287 2593 4336 est
2622 4279 2775 4335 inter

360 4359 401 4415 J
407 4360 732 4416 ansenistas
761 4366 819 4416 et
854 4358 895 4415 J
900 4359 1149 4430 esuitas;
1193 4359 1277 4416 ita
1304 4366 1374 4414 ut
1401 4376 1475 4414 ex
1502 4359 1768 4433 quinque
1789 4357 2030 4414 famosis
2052 4357 2093 4414 J
2098 4358 2324 4414 ansenii
2351 4356 2776 4431 Propositioni-

363 4438 474 4493 bus
501 4437 797 4494 damnatis
825 4438 900 4493 ab
932 4436 1283 4494 Innocentio
1316 4437 1391 4494 X.
1414 4438 1539 4493 haec
1566 4437 1747 4493 etiam
1768 4435 1987 4492 fuerit:
2033 4442 2068 4469 ‘⁴
2090 4435 2319 4509 Aliqua
2337 4435 2451 4492 Dei
2475 4435 2777 4508 Praecepta.

362 4515 704 4571 hominibus
742 4515 939 4588 justis,
986 4515 1324 4572 volentibus
1371 4522 1430 4571 et
1477 4515 1844 4585 conantibuS,
1886 4514 2213 4570 secundum
2258 4520 2576 4587 praesentes
2625 4531 2776 4587 quas

362 4592 585 4648 habent
614 4593 783 4662 vireS,
814 4602 953 4650 sunt
995 4592 1409 4667 impossibilia3
1456 4594 1622 4649 deest
1657 4593 1778 4649 illis
1822 4610 2057 4667 quoque
2086 4590 2294 4665 gratia,
2326 4610 2446 4665 qua
2473 4591 2778 4665 possibilia

360 4670 565 4725 fiant.''
649 4671 817 4727 Licet
844 4690 984 4728 vero
1013 4671 1302 4728 distinctis
1353 4670 1781 4743 quaestionibus
1829 4671 2012 4745 possit
2055 4669 2152 4743 agi
2197 4670 2271 4725 dc
2321 4670 2776 4743 Imperfectione

410 3100 558 3167 Origo
590 3098 761 3167 Quaes-

505 3164 667 3199 tionis.
