3221 5200
302 358 524 409 Quaesr.
555 338 710 420 xm]
1004 360 1081 398 ns
1111 359 1343 400 ori-*1010
1372 358 1608 400 emusrr
1638 358 2026 399 usnu‘romo.
2595 344 2712 402 423

299 498 629 557 conditione
657 498 793 557 fidei
821 506 880 557 et
907 500 1276 576 poenitentiae,
1321 519 1438 558 non
1465 507 1530 558 ut
1556 519 1753 558 verum
1794 507 2112 573 narratum,
2157 498 2316 575 quod
2359 499 2482 558 sive
2512 500 2710 559 creda-

299 588 411 653 tur,
443 579 566 636 sive
601 598 734 650 non,
779 599 981 637 verum
1022 599 1247 655 semper
1285 580 1377 653 sit,
1423 580 1526 637 sed
1566 586 1633 638 ut
1673 599 1865 637 verum
1903 579 2264 654 promtis-eum,
2316 579 2474 654 quod
2521 582 2711 656 posita

299 658 532 716 demum
561 658 907 733 conditione,
939 679 1140 717 verum
1169 679 1295 717 esse
1324 659 1788 734 deprehenditur,
1820 667 1885 717 ut
1913 658 2257 734 loquebatur
2285 658 2543 717 Camer0.
2616 661 2711 718 Ex

299 757 416 813 quo
445 737 678 812 quidem
708 739 967 814 sequitur
994 738 1119 795 dari
1147 758 1360 797 nexum
1400 738 1860 797 indissolubilem
1890 738 2040 795 inter
2067 737 2240 795 fidem
2269 746 2327 795 et
2356 738 2619 815 salutem,
2651 748 2711 798 et

298 818 376 874 ad
402 816 575 874 fidem
605 817 852 893 obligari
882 838 1098 893 omnes,
1129 819 1229 894 qui
1260 818 1488 876 Christo
1517 827 1575 877 et
1603 817 1901 875 beneficiis
1929 819 2057 893 ejus
2090 817 2261 893 potiri
2291 817 2490 893 velint,
2524 827 2582 876 et
2608 820 2709 896 qui

296 896 372 954 ad
403 896 694 954 Christum
724 906 1028 971 vocantur;
1061 897 1165 955 sed
1197 899 1384 955 Deum
1413 906 1627 955 aeterno
1656 906 1714 956 et
1742 896 2088 955 immutabili
2117 897 2348 954 decreto
2378 916 2482 955 suo
2514 898 2706 957 Chris·

295 984 419 1033 tum
469 976 736 1034 omnibus
784 977 1026 1035 Vocatis
1069 976 1388 1035 destinasse
1438 978 1498 1033 in
1551 977 1930 1050 salvatorem,
1983 976 2106 1034 sive
2156 976 2492 1051 intendisse,
2544 986 2609 1035 ut
2657 978 2709 1037 is

297 1064 479 1113 morte
499 1075 603 1113 sua
624 1056 890 1114 omnibus
908 1063 966 1114 et
988 1056 1234 1132 singulis
1255 1055 1585 1114 hominibus
1614 1056 1857 1114 salutem
1888 1065 2156 1113 aeternam
2187 1056 2525 1131 acquireret,
2550 1057 2711 1115 nulla

295 1135 515 1193 ratione
543 1144 736 1211 potest
762 1156 839 1193 ex
866 1136 974 1194 hac
1002 1136 1305 1194 vocatione
1347 1136 1563 1211 colligi.
1651 1135 1915 1194 Verbum
1964 1135 2117 1192 enim
2169 1135 2496 1211 Evangelii,
2549 1136 2708 1212 quod

296 1214 373 1272 ad
405 1215 656 1273 Vocatos
685 1216 969 1291 dirigitur,
1014 1235 1131 1274 non
1164 1216 1437 1292 exprimit
1477 1214 1661 1291 ipsius
1702 1215 1996 1273 decretum
2039 1222 2314 1272 aeternum
2345 1215 2416 1272 de
2446 1235 2705 1292 unoquo-

296 1313 409 1370 que
439 1294 811 1369 Vocatorum,
858 1296 1077 1353 scilicet
1103 1296 1259 1372 quod
1289 1296 1349 1352 in
1378 1295 1479 1352 illo
1508 1294 1959 1371 redemptionem
2001 1313 2105 1369 per
2143 1294 2434 1352 Christum
2465 1304 2523 1353 et
2553 1296 2707 1353 salu-

295 1382 414 1431 tem
443 1374 709 1432 omnibus
737 1383 796 1433 et
824 1374 1070 1451 singulis
1111 1374 1451 1450 destinarit;
1497 1374 1601 1432 sed
1631 1374 1847 1432 indicat
1887 1374 2082 1451 potius
2125 1373 2458 1432 mandatum
2493 1375 2603 1432 Dei
2633 1375 2709 1433 ad

296 1452 454 1529 ipsos
503 1473 633 1510 cum
679 1473 909 1512 annexa
963 1455 1359 1530 promissione,
1412 1472 1516 1512 seu
1562 1454 1856 1530 quodnam
1907 1454 1982 1512 sit
2032 1452 2282 1511 officium
2331 1453 2603 1529 ipsorum,
2657 1455 2707 1514 si

294 1532 706 1608 redemptionis
734 1541 794 1591 et
824 1534 1026 1592 salutis
1056 1553 1157 1610 per
1185 1534 1374 1610 ipsum
1401 1541 1581 1609 partas
1610 1534 1795 1591 velint
1824 1553 1950 1591 esse
1979 1533 2306 1609 participes,
2386 1534 2506 1592 Nec
2535 1554 2704 1611 prop·

295 1620 454 1670 terea
480 1612 798 1688 putandum
826 1614 973 1671 hanc
1004 1613 1353 1672 oblationem
1391 1612 1686 1671 adversari
1715 1615 1842 1689 ejus
1871 1612 2121 1671 decreto,
2223 1612 2371 1686 Quia
2411 1613 2548 1671 licet
2591 1633 2706 1671 non

295 1692 641 1768 respondeat
668 1695 887 1751 decreto
916 1696 985 1752 de
1006 1694 1280 1770 personis,
1324 1712 1439 1770 quo
1469 1693 1609 1751 solis
1640 1693 1861 1751 Electis
1904 1692 2193 1749 Christum
2226 1692 2285 1748 in
2319 1693 2702 1766 Servatorem,

297 1778 356 1828 et
384 1773 510 1847 ejus
548 1780 791 1830 mortem
833 1773 892 1829 in
932 1774 1181 1849 pretium
1226 1771 1664 1849 Redemptionis
1707 1771 2036 1845 destinavit,
2082 1790 2294 1846 eosque
2337 1771 2449 1828 fide
2493 1772 2707 1831 donare

295 1849 570 1923 decrevit,
602 1852 738 1926 quia
765 1852 938 1928 hujus
966 1852 1182 1910 decreti
1210 1852 1505 1927 expressio
1535 1858 1593 1908 et
1622 1851 1905 1925 executiO,
1950 1870 2067 1906 non
2095 1858 2183 1907 est
2211 1851 2440 1907 vocatio
2469 1861 2709 1909 externa

295 1949 398 2005 per
427 1930 703 2005 Verbum,
735 1931 838 1989 sed
867 1932 1093 1989 interna
1118 1951 1221 2007 per
1252 1930 1527 2006 Spiritum
1576 1930 1869 2002 Sanctum,
1914 1949 2044 2006 quae
2075 1929 2205 1986 ideo
2240 1928 2452 1987 dicitur
2478 1930 2707 1989 vocatio

294 2013 435 2068 κατὰ
461 2010 713 2090 remum
767 2010 1104 2086 Respondet
1143 2019 1338 2068 tamen
1382 2009 1595 2085 optMe
1631 2012 1851 2066 decreto
1881 2011 1949 2065 de
1976 2010 2154 2083 rebus,
2201 2028 2302 2066 seu
2331 2008 2403 2065 de
2432 2010 2631 2067 ordine
2659 2018 2712 2067 et

296 2091 491 2147 mediis
531 2091 743 2165 salutis,
789 2109 904 2164 quo
936 2090 1062 2147 Deo
1090 2089 1307 2165 placuit
1337 2088 1629 2146 Christum
1659 2096 1717 2145 et
1744 2086 1918 2145 fidem
1961 2096 2318 2162 connectere,
2351 2097 2409 2146 et
2438 2089 2708 2147 omnibus

296 2168 539 2226 Vocatis
583 2168 873 2226 Christum
916 2168 1137 2241 offerre,
1169 2168 1240 2226 de
1268 2186 1384 2245 quo
1416 2167 1680 2225 Christus
1713 2166 1984 2242 loquitur,
2030 2167 2074 2224 J
2077 2167 2170 2224 oh.
2200 2167 2279 2223 vi.
2309 2169 2405 2241 40,
2494 2170 2530 2201 ‘⁴
2562 2168 2708 2227 Haec

295 2255 385 2305 est
413 2247 684 2306 voluntas
714 2248 907 2305 Patris
935 2248 1034 2324 qui
1063 2248 1219 2306 misit
1247 2267 1356 2321 me,
1387 2255 1453 2305 ut
1480 2246 1744 2323 quisquis
1773 2246 2194 2322 contemplatur
2235 2246 2468 2321 Filium,
2500 2256 2558 2305 et
2587 2267 2707 2306 cre-

295 2325 383 2383 dit
410 2326 471 2383 in
497 2326 706 2401 ipsum,
737 2326 949 2385 habeat
975 2326 1155 2385 vitam
1184 2327 1515 2400 aeternam‚”
1547 2323 1657 2383 διο.
1709 2326 1804 2383 Ita
1830 2325 2240 2401 promissiones
2269 2326 2707 2402 conditionaleS,

294 2424 424 2480 quae
453 2405 600 2463 fiunt
628 2405 994 2465 credentibus
1022 2415 1081 2465 et
1108 2404 1595 2482 resipiscentibus,
1625 2404 1939 2463 ostendunt
1966 2405 2199 2481 quidem
2229 2406 2496 2464 omnibus
2518 2406 2707 2465 Voca-

294 2485 371 2544 tis
399 2505 614 2543 nexum
642 2484 777 2543 fidei
808 2505 939 2544 cum
968 2486 1153 2544 salute
1184 2505 1258 2543 ex
1287 2484 1486 2543 ordine
1518 2485 1648 2559 Dei,
1686 2493 1745 2543 et
1773 2485 2008 2560 quinam
2037 2505 2112 2543 ex
2141 2484 2258 2542 illis
2288 2486 2405 2543 sint
2433 2505 2706 2544 consecu-

292 2565 407 2624 turi
429 2564 826 2624 remissionem
847 2574 1214 2643 peccatorum
1243 2573 1301 2624 et
1331 2565 1605 2642 salutem;
1652 2564 1921 2623 nimirum
1948 2564 2253 2624 credentes
2281 2574 2340 2624 et
2367 2565 2705 2644 resipiscen-

293 2653 400 2722 teS,
446 2645 549 2704 sed
578 2666 693 2704 non
735 2646 923 2722 magis
971 2646 1229 2704 indicant
1279 2645 1570 2704 Christum
1613 2664 1718 2721 pro
1760 2645 1878 2703 illis
1907 2646 2174 2704 omnibus
2221 2655 2512 2704 mortuum
2561 2666 2706 2721 esse,

293 2745 474 2801 quam
507 2725 640 2783 illos
669 2745 870 2783 omnes
891 2726 1011 2784 fore
1035 2726 1350 2800 credentes,
1376 2733 1434 2783 et
1456 2725 1849 2783 remissionem
1879 2735 2244 2802 peccatorum
2277 2734 2706 2802 consecuturos;

296 2804 390 2862 Ex
433 2805 768 2863 remissione
811 2825 968 2881 vero,
1013 2825 1188 2883 quam
1231 2805 1492 2864 obtinent
1537 2805 1640 2882 qui
1684 2805 1928 2863 credunt
1956 2813 2014 2863 et
2041 2805 2404 2880 resipiscunt,
2451 2806 2713 2881 sequitur

294 2884 526 2960 quidem
556 2893 714 2942 certo
746 2885 1038 2943 Christum
1064 2905 1169 2962 pro
1198 2885 1315 2942 illis
1343 2893 1636 2943 mortuum
1665 2904 1809 2958 esse,
1842 2893 1900 2943 et
1929 2893 2266 2961 sequeretur
2299 2885 2471 2942 etiam
2517 2885 2708 2942 Chris-

293 2970 417 3020 tum
446 2971 733 3020 mortuum
764 2964 940 3022 fuisse
968 2985 1072 3040 pro
1100 2966 1341 3038 caeteris,
1367 2965 1416 3021 si
1434 2963 1734 3021 crederent
1756 2972 1814 3022 et
1837 2964 2252 3040 resipiscerent,
2279 2964 2381 3021 sed
2410 2983 2709 3040 perperam

295 3041 427 3117 quis
454 3042 588 3099 inde
618 3043 917 3118 colligeret
960 3043 1256 3101 Christum
1294 3051 1585 3100 mortuum
1614 3061 1739 3100 esse
1768 3061 1872 3118 pro
1902 3043 2169 3100 omnibus
2199 3042 2248 3099 si
2275 3041 2529 3116 credant,
2575 3043 2712 3117 quia

294 3130 697 3196 argumentum
727 3122 964 3180 duceret
990 3122 1199 3179 vitiose
1228 3141 1263 3178 a
1291 3121 1684 3179 conditionato
1713 3121 1788 3177 ad
1815 3120 2164 3179 absolutum.

379 3200 542 3258 LIV.
589 3200 892 3258 Coronidis
946 3200 1075 3258 loco
1130 3200 1273 3258 libet
1337 3208 1595 3258 attexere
1661 3199 1757 3256 hic
1821 3199 1864 3257 J
1870 3199 2124 3258 udicium
2190 3198 2706 3258 Celeberrimorum

296 3279 720 3355 Theologorum
751 3280 825 3337 ad
858 3279 1158 3356 Synodum
1187 3279 1616 3337 Dordracenam
1649 3278 2084 3354 Deputatorum,
2113 3276 2201 3357 2R.
2235 3279 2306 3336 R.
2340 3279 2414 3337 D.
2447 3278 2520 3336 D.
2553 3278 2707 3336 Deo-

296 3358 418 3417 dati
441 3367 499 3417 et
526 3359 855 3433 Tronchini,
888 3359 1118 3417 nomine
1146 3359 1324 3418 totius
1354 3358 1632 3416 Ecclesiae
1662 3357 2040 3433 GenevensiS,
2073 3357 2422 3416 Venerando
2453 3359 2710 3417 Concilio

297 3439 639 3514 exhibitum,
687 3447 753 3497 ut
799 3439 974 3497 fidem
1011 3439 1302 3515 publicam
1349 3437 1628 3496 Ecclesiae
1675 3457 1899 3514 semper
1945 3437 2322 3512 retinendam,
2376 3438 2515 3515 Cap.
2547 3443 2602 3496 2.
2635 3438 2708 3497 de

301 3519 751 3578 Universalitate
775 3519 1010 3594 Gratiae,
1032 3519 1140 3576 Th.
1177 3521 1228 3576 1.
1276 3517 1594 3577 “Christus
1623 3537 1698 3575 ex
1727 3537 1883 3575 mera
1905 3515 2096 3596 εὐδοκιᾳ
2125 3518 2332 3592 Patris,
2364 3517 2705 3594 destinatus,

296 3609 354 3656 et
383 3599 552 3658 datus
580 3599 689 3656 fuit
719 3599 1008 3658 Mediator
1029 3606 1087 3657 et
1116 3599 1301 3675 Caput
1329 3605 1485 3657 certo
1507 3598 1803 3656 hominum
1826 3618 2080 3672 numero,
2108 3599 2329 3675 Corpus
2351 3598 2532 3674 ipsius
2553 3617 2710 3676 mys-

296 3679 473 3736 ticum
496 3699 569 3736 ex
595 3680 705 3737 Dei
724 3679 1024 3737 Electione
1044 3678 1570 3738 constituentium.''
1629 3678 1737 3736 Th.
1762 3681 1817 3735 2.
1851 3680 1885 3712 “
1911 3679 2024 3737 Pro
2042 3679 2158 3736 illis
2176 3679 2297 3754 ipse
2324 3678 2587 3736 Christus
2604 3697 2706 3735 vo-

296 3758 538 3815 cationis
567 3778 685 3815 suae
714 3759 926 3834 optime
956 3762 1237 3833 conscius,
1268 3758 1455 3816 voluit
1481 3766 1539 3816 et
1560 3757 1819 3816 decrevit
1845 3759 2008 3832 mori,
2041 3767 2099 3817 et
2125 3758 2308 3834 pretio
2350 3758 2553 3815 mortis
2582 3756 2707 3813 infi-

295 3836 435 3909 nite,
466 3836 677 3894 addere
704 3838 1173 3911 efficacissimam,
1205 3846 1263 3895 et
1290 3837 1642 3912 singularem
1670 3836 1987 3896 voluntatis
2010 3837 2444 3895 intentionem.''
2491 3837 2569 3892 Et
2597 3836 2706 3893 Th.

298 3917 353 3973 6.
378 3918 412 3946 ‘⁴
432 3915 803 3973 Universales
817 3916 1261 3992 Propositiones,
1278 3934 1407 3990 quae
1428 3916 1487 3971 in
1504 3916 1816 3991 Scripturis
1828 3917 2204 3992 reperiuntur,
2225 3934 2341 3973 non
2359 3915 2705 3991 significant,

298 4014 403 4071 pro
432 3994 698 4051 omnibus
727 4004 785 4053 et
813 3995 1059 4070 singulis
1089 3995 1380 4052 Christum
1407 4002 1696 4052 mortuum
1727 4014 1870 4069 esse,
1902 4003 1961 4053 et
1989 3994 2334 4052 satisfecisse
2364 4014 2439 4052 ex
2462 3994 2704 4052 consilio

300 4074 489 4133 Patris
518 4082 576 4132 et
604 4093 708 4131 sua
733 4074 1052 4132 voluntate.
1140 4073 1256 4131 Sed
1282 4072 1379 4131 vel
1407 4073 1821 4148 restringendae
1865 4082 2000 4132 sunt
2047 4074 2121 4130 ad
2173 4073 2440 4149 Corporis
2491 4072 2706 4132 Christi

297 4154 828 4228 universalitatem3
874 4153 988 4210 Vel
1016 4151 1210 4211 referri
1236 4151 1449 4210 debent
1484 4151 1559 4209 ad
1599 4152 1759 4209 illam
1790 4153 2166 4212 oeconomiam
2218 4153 2265 4209 F
2270 4153 2480 4211 oederis
2529 4153 2702 4229 Novi,

296 4254 411 4310 qua
439 4234 667 4292 sublata
694 4233 849 4290 omni
877 4233 1217 4310 populorum
1247 4240 1488 4290 externa
1514 4231 1900 4307 distinctione,
1933 4233 2120 4291 Filius
2147 4231 2395 4290 adscivit
2413 4232 2524 4290 sibi
2547 4233 2703 4293 Gen-

296 4323 384 4372 tes
406 4334 604 4373 omnes
625 4314 685 4370 in
713 4313 1125 4388 haereditatem,
1157 4312 1219 4370 id
1239 4320 1343 4385 est,
1376 4331 1515 4389 erga
1541 4312 1833 4388 quaslibet
1859 4320 2063 4390 gentes
2090 4322 2148 4371 et
2175 4313 2419 4390 populos
2448 4332 2703 4371 commu-

294 4394 456 4466 niter,
487 4414 590 4470 pro
618 4393 872 4468 arbitri0,
903 4393 1148 4471 gratiam
1174 4391 1599 4470 praedicationis
1626 4391 1811 4467 aperit
1837 4402 1896 4451 et
1923 4391 2122 4466 defert,
2148 4412 2222 4450 ex
2240 4392 2357 4449 illis
2381 4392 2703 4451 Ecclesiam

291 4472 531 4548 colligit,
561 4472 719 4549 quod
746 4481 835 4532 est
860 4473 1296 4532 fundamentum
1324 4471 1749 4549 praedicationis
1777 4472 2061 4550 generalis
2091 4473 2419 4548 Evangelii.

376 4552 553 4609 Plura
570 4554 681 4610 huc
699 4554 1060 4629 pertinentia,
1084 4552 1237 4612 Vide
1258 4552 1396 4612 Loc.
1418 4553 1528 4611 IV.
1554 4552 1769 4626 Quaest.
1790 4552 1933 4610 xvii.
1954 4560 2012 4610 et
2041 4552 2178 4611 Loc.
2201 4552 2357 4611 XII.
2378 4551 2594 4626 Quaest.
2618 4551 2699 4610 vi.
