3221 5200
514 324 629 384 118
1449 338 1633 380 Locus
1662 338 2023 380 unnscnmS.
2516 315 2774 395 [Qnfflsr.
2815 334 2941 374 xxr.

1427 559 1814 635 QUAEs'rlo
1857 558 2049 619 XXI.

1328 737 1412 777 AD
1441 737 1817 780 PBAECEPTUM
1846 735 2143 779 Dncnnm.

530 881 807 950 Quoenam
837 879 1297 959 Concupiscentia
1329 879 1703 956 prohibeatur
1730 880 2020 955 Praecepto
2050 877 2260 937 decimo
2270 900 2296 951 ;
2341 884 2393 936 et
2430 875 2525 935 An
2552 883 2731 934 motus
2749 874 2946 951 primo

1290 961 1476 1037 primi
1497 961 1612 1020 sint
1624 969 1865 1036 peccata
1882 961 1910 1018 ‚²
1992 957 2161 1017 Affir.

522 1158 686 1206 conen
721 1158 817 1204 isco
852 1159 893 1204 ,-
1126 1118 1179 1180 Ι.
1223 1117 1371 1178 Duse
1399 1128 1535 1179 sunt
1562 1119 1866 1179 facultates
1911 1138 1946 1175 a
1991 1118 2120 1176 Deo
2167 1115 2375 1175 animoe
2405 1112 2603 1172 inditae
2641 1111 2715 1172 ad
2743 1114 2945 1190 fugam

579 1218 681 1287 trip
703 1232 778 1271 ex,
808 1174 1002 1263 ιιιιιιέῗιη-
1040 1198 1197 1274 mali,
1228 1207 1287 1258 et
1307 1198 1657 1259 desiderium
1677 1199 1830 1273 boni,
1851 1203 1904 1256 τὶ
1926 1200 2151 1273 Θνμικὶν,
2184 1207 2243 1256 et
2268 1201 2323 1254 τὶ
2345 1196 2945 1288 {crolup-armiquppeti-

580 1276 658 1330 11³,
680 1277 819 1331 bona,
840 1279 1004 1323 0⁶¹³ss-
1048 1289 1134 1338 tus
1161 1279 1469 1354 irascibilis,
1500 1288 1560 1338 et
1586 1280 2033 1355 concupiscibilis,
2069 1298 2200 1355 quse
2228 1277 2366 1336 dum
2388 1297 2447 1333 m
2464 1295 2669 1353 qenere
2695 1277 2864 1332 Entis
2883 1282 2947 1332 et

580 1333 648 1378 ¹⁸⁶
1048 1358 1289 1436 physice
1317 1367 1666 1436 spectantur,
1689 1379 1797 1417 nec
1812 1360 1981 1417 bonae
2010 1365 2144 1417 sunt
2171 1377 2279 1415 nec
2305 1357 2489 1431 malae,
2523 1355 2626 1413 sed
2651 1354 2856 1413 mediae
2884 1362 2948 1412 et

524 1437 938 1514 indifferentes,
969 1458 1098 1516 quae
1126 1445 1307 1496 totam
1328 1438 1646 1497 bonitatem
1675 1447 1733 1496 et
1759 1438 2041 1497 malitiam
2071 1458 2236 1496 suam
2263 1437 2538 1495 moralem
2566 1435 2840 1494 hauriunt
2866 1453 2944 1492 ex

525 1519 804 1597 qualitate
832 1519 1188 1597 objectorum
1216 1517 1369 1576 circa
1395 1538 1526 1595 quae
1552 1526 1875 1577 versantur.
1919 1519 2077 1577 Hinc
2095 1517 2531 1594 concupiscentia
2552 1515 2724 1573 modo
2751 1523 2817 1573 ut
2837 1513 2944 1571 bo-

526 1619 604 1657 na
629 1598 915 1674 laudatur,
935 1596 1169 1675 quando
1192 1596 1343 1656 eirca
1364 1597 1657 1675 objectum
1685 1598 1906 1657 licitum
1936 1607 1995 1658 et
2020 1598 2235 1658 bonum
2266 1604 2594 1673 occupatur,
2625 1615 2740 1672 quo
2768 1613 2945 1652 sensu

525 1678 773 1755 Spiritus
799 1679 1011 1738 dicitur
1038 1678 1420 1753 concupiscere
1447 1681 1718 1737 adversus
1745 1699 1990 1754 carnem,
2037 1679 2230 1738 Galat.
2260 1697 2318 1737 v.
2353 1680 2446 1750 1⁷,
2479 1684 2538 1734 et
2569 1674 2785 1733 Paulus
2812 1673 2945 1731 vult

525 1759 729 1818 fideles
758 1768 1025 1837 appetere
1054 1757 1208 1815 dona
1234 1757 1570 1835 spiritualia,
1606 1760 1637 1816 1
1672 1759 1802 1817 Cor.
1833 1759 1936 1818 xii.
1967 1761 2039 1817 31
2066 1781 2080 1835 ;
2124 1757 2297 1816 modo
2324 1765 2391 1815 ut
2418 1754 2748 1828 inordinata·
2770 1761 2827 1811 et
2855 1753 2944 1810 vi-

525 1839 675 1898 tiosa
718 1839 1038 1914 damnatur,
1070 1837 1301 1915 quando
1350 1838 1644 1916 objectum
1687 1838 1863 1897 habet
1906 1838 2186 1915 injustum
2216 1845 2275 1896 et
2317 1836 2617 1911 illicitum3
2659 1832 2833 1892 modo
2873 1841 2946 1891 ut

526 1918 718 1978 media
744 1928 803 1979 et
829 1917 1126 1993 natm-alis,
1155 1936 1263 1976 nec
1284 1918 1346 1975 in
1372 1917 1545 1977 laude
1572 1938 1681 1977 nec
1708 1918 1769 1976 in
1795 1918 2083 1996 vituperio
2110 1918 2359 1996 ponitur.

860 2064 872 2078 ·
910 2065 921 2077 ·
1129 1996 1215 2056 11.
1261 1996 1739 2074 Concupiscentia
1766 1997 1977 2056 vitiosa
2004 2006 2062 2057 et
2089 1997 2430 2070 inordinata,
2452 1994 2524 2053 de
2552 2013 2668 2071 qua
2694 1993 2789 2051 hic
2817 1991 2945 2068 agi·

528 2062 1009 2169 Qffioevgf¹asstffl
1049 2085 1160 2152 tur,
1189 2077 1289 2135 vel
1316 2077 1562 2155 spectari
1588 2086 1781 2154 potest
1807 2077 1998 2154 quoad
2026 2077 2243 2136 fontem
2271 2083 2329 2135 et
2356 2076 2617 2148 habitum,
2649 2093 2778 2151 quse
2806 2091 2946 2130 con·

617 2156 631 2178 '
968 2152 980 2166 ⁸
1051 2156 1405 2234 cupiscentia
1453 2157 1752 2234 originalis
1793 2156 2019 2232 dieitur,
2072 2157 2144 2215 de
2171 2176 2288 2233 qua
2314 2156 2357 2215 J
2361 2154 2576 2213 acobus
2620 2173 2744 2229 cap.
2773 2152 2813 2209 i.
2848 2154 2943 2229 14,

535 2236 628 2309 15,
658 2243 725 2295 ut
752 2235 966 2313 passim
1015 2237 1090 2296 ab
1138 2236 1475 2314 Augustino
1522 2245 1823 2314 peccatum
1867 2237 2148 2315 originale
2198 2234 2674 2312 concupiscentiae
2713 2232 2948 2290 nomine

523 2314 881 2393 indigitetur,
912 2334 1086 2392 quam
1114 2316 1311 2376 Judaei
1337 2336 1441 2394 per
1468 2337 1567 2376 ’Ἢ
1595 2338 1697 2393 nr,
1709 2319 2040 2396 fiqmeutum
2068 2319 2294 2391 malum,
2326 2315 2629 2391 designare
2660 2311 2943 2387 solebant,

527 2402 587 2455 et
635 2395 979 2454 Scholastici
1020 2415 1124 2474 per
1153 2397 1410 2470 fomitem
1454 2397 1636 2474 vulgo
1681 2397 2048 2474 exprimunt3
2094 2397 2209 2456 Vel
2252 2394 2444 2472 quoad
2472 2404 2628 2452 actus
2669 2403 2723 2451 et
2769 2400 2951 2450 motus

528 2475 790 2551 vitiosos,
822 2485 881 2534 et
908 2476 1145 2534 actualis
1173 2485 1430 2535 vocatur.
1485 2476 1628 2550 Quae
1655 2497 1855 2535 rursus
1882 2478 1978 2536 vel
2006 2485 2095 2537 est
2122 2476 2492 2535 determinata
2518 2494 2621 2551 per
2646 2472 2947 2531 formalem

526 2556 827 2615 voluntatis
855 2574 1193 2630 consensum,
1223 2563 1283 2614 et
1309 2575 1607 2630 morosam,
1656 2557 1743 2616 uti
1768 2565 1983 2618 vocant
2026 2556 2457 2630 delectationem,
2488 2554 2585 2614 vel
2628 2552 2949 2613 indetermi-

529 2642 671 2693 nata
698 2644 752 2693 et
778 2636 1010 2770 fingam
1051 2634 1114 2694 in
1140 2634 1325 2712 primo
1354 2654 1459 2694 suo
1487 2644 1667 2712 motu,
1698 2656 1827 2713 quae
1856 2637 2009 2696 ultra
2037 2637 2389 2696 velleitatem
2426 2643 2485 2694 et
2513 2633 2951 2712 suggestionem

526 2731 644 2770 non
711 2732 843 2771 roce
908 2722 949 2771 t,

613 2734 735 2852 llll.
781 2792 925 2851 Cum
952 2800 1302 2870 praeceptum
1328 2811 1445 2852 non
1474 2792 1918 2871 concupiscendi
1960 2794 2037 2854 sit
2076 2795 2362 2873 generale,
2393 2793 2630 2854 extendi
2671 2792 2843 2852 debet
2869 2790 2950 2850 ad

530 2890 760 2932 omnem
788 2872 1310 2950 concupiscentiam
1338 2873 1608 2932 vitiosam
1636 2883 1696 2932 et
1722 2874 2123 2951 inordinatam,
2167 2886 2286 2935 tam
2327 2874 2666 2952 originalem
2695 2881 2754 2931 et
2780 2871 2948 2931 habi-

529 2952 764 3027 tualem,
795 2972 968 3030 quam
997 2952 1315 3027 actualem3
1361 2953 1487 3011 sive
1515 2972 1584 3011 ea
1613 2954 1688 3012 sit
1715 2954 2095 3014 determinata
2121 2964 2181 3015 et
2206 2955 2549 3029 voluntaria,
2592 2954 2715 3011 sive
2757 2952 2949 3012 adhue

529 3032 972 3093 indeterminata
1019 3039 1079 3091 et
1124 3039 1350 3091 tantum
1398 3032 1643 3092 titillans
1666 3055 1682 3109 ;
1725 3042 1792 3093 ut
1839 3034 1922 3093 ita
1967 3055 2191 3094 summa
2220 3035 2599 3112 Legislatoris
2626 3031 2847 3110 puritas
2888 3040 2953 3090 et

531 3113 806 3172 sanctitas
833 3121 1083 3187 notetur,
1129 3131 1259 3190 quae
1306 3110 1616 3190 nequidem
1653 3114 1950 3172 minimam
1993 3114 2473 3193 concupiscentiae
2502 3113 2727 3172 vitiosae
2755 3111 2949 3171 labem

529 3192 658 3251 vult
684 3193 807 3271 pati
833 3192 895 3251 in
922 3192 1171 3266 homine,
1204 3192 1307 3251 sed
1336 3192 1724 3252 omnimodam
1755 3195 2043 3271 justitiam
2073 3202 2132 3253 et
2160 3195 2523 3253 sanctitatem
2551 3192 2824 3271 postulat.

528 3310 777 3412 *¹¹3¹*
801 3310 1017 3414 ³⁸⁶⁰*ss
1057 3349 1130 3408 (ιθ
1139 3272 1394 3409 {213²
1395 3273 1939 3411 {Zoffissuffrififss'ffi
1966 3283 2334 3413 210331‘23213
2356 3270 2953 3412 Ῡέῗέῗῗᾶῗαῗῗᾞέ

587 3369 1014 3527 Ξιῐὲῦίέξξίοέἒιί·
1054 3428 1308 3488 motibus
1335 3370 1520 3507 pIiimo
1560 3374 1816 3508 primisj3¹
1865 3432 2069 3506 Quoad
2117 3399 2378 3510 primam’,
2409 3440 2627 3508 negant
2671 3371 2945 3506 conqupi-

688 3497 712 3526 ο
999 3514 1011 3527 ’
1053 3508 1331 3567 scentiam
1381 3528 1482 3567 seu
1532 3510 1790 3570 fomitem
1818 3531 1853 3570 a
1883 3512 2042 3589 Lege
2071 3512 2379 3590 prohiberi,
2400 3513 2537 3589 quia
2564 3518 2801 3570 censent
2828 3529 2950 3568 non

532 3606 660 3646 esse
708 3594 1027 3664 peccatum.
1113 3588 1331 3646 Concil.
1378 3588 1659 3648 Tridenti.
1715 3592 1869 3651 Sess.
1911 3594 1967 3666 5,
2017 3593 2156 3651 Can.
2201 3594 2257 3667 5,
2305 3594 2341 3625 “
2368 3591 2659 3665 manere,”
2711 3588 2949 3666 quidem

529 3665 736 3725 asserit
780 3668 815 3699 ‘⁴
844 3666 904 3724 in
947 3665 1254 3744 baptizatis
1299 3668 1821 3746 concupiscentiam
1869 3691 1971 3731 seu
2016 3672 2291 3745 fomitem,
2337 3671 2488 3730 hanc
2515 3679 2708 3729 tamen
2737 3687 2948 3727 concn-

527 3746 886 3824 piscentiam,
916 3766 1090 3824 quam
1120 3746 1441 3824 Apostolus
1491 3749 1802 3826 aliquando
1830 3760 2130 3828 peccatum
2169 3750 2437 3828 appellat,
2489 3768 2604 3809 non
2646 3757 2950 3827 peccatum

528 3827 823 3907 appellari,
855 3825 1012 3904 quod
1033 3846 1169 3885 vere
1190 3834 1249 3886 et
1308 3827 1497 3905 roprie
1524 3838 1824 3906 peccatum
1855 3830 1930 3890 sit
1959 3831 2019 3888 in
2046 3832 2278 3906 renatis,
2311 3830 2415 3888 sed
2441 3830 2578 3907 quia
2605 3849 2681 3887 ex
2707 3836 2950 3904 peccato

528 3915 634 3981 est,
666 3916 725 3966 et
752 3906 827 3964 ad
854 3915 1152 3984 peccatum
1182 3907 1275 3965 inc
1303 3908 1316 3920 '
1361 3916 1449 3982 at3
1482 3917 1540 3966 et
1568 3909 1620 3967 si
1647 3911 1777 3986 quis
1807 3910 2155 3970 contrarium
2185 3910 2444 3984 senserit,
2478 3908 2784 3973 anathema
2812 3907 2949 3965 sit.”

524 3987 661 4125 ffelpde
680 3986 1004 4046 orthodoxi
1035 3986 1573 4065 Concupiscentiam
1602 3997 1662 4048 et
1688 3990 1917 4069 proprie
1945 3998 2246 4067 peccatum
2275 4008 2421 4064 esse,
2464 3997 2524 4049 et
2550 4008 2585 4046 a
2615 3988 2774 4064 Lege
2816 4005 2949 4062 pro·

569 4067 587 4124 i
662 4067 713 4125 ri
739 4074 993 4125 censent.

565 4199 697 4247 Proh
728 4203 751 4244 t
921 4203 961 4245 u
1136 4146 1214 4205 V.
1278 4145 1493 4221 Primo,
1525 4165 1602 4203 ex
1629 4146 1825 4206 verbis
1874 4146 2068 4224 Legis,
2100 4167 2231 4225 quae
2279 4145 2802 4224 concupiscentiam
2844 4163 2949 4202 ex·-

699 4213 918 4303 {2JL‘0‘
958 4224 981 4235 “
1053 4243 1250 4302 presse
1278 4225 1600 4302 prohibent,
1632 4234 1691 4285 et
1719 4226 1952 4302 quidem
1980 4228 2041 4286 in
2069 4247 2280 4304 genere
2308 4236 2367 4286 et
2394 4225 2707 4299 indefinite,
2731 4232 2797 4282 ut
2825 4243 2948 4281 om-

1049 4303 1141 4363 nis
1189 4302 1655 4381 concupiscentia
1702 4304 2030 4365 inordinata
2078 4307 2457 4385 intelligatur,
2509 4325 2627 4363 non
2669 4302 2843 4361 modo
2889 4304 2953 4361 in

527 4390 678 4456 actu,
711 4380 814 4439 sed
841 4389 901 4440 et
927 4381 988 4439 in
1015 4383 1218 4441 habitu
1245 4392 1304 4441 et
1343 4383 1572 4458 radice3
1616 4392 1876 4442 nostrum
1906 4394 2101 4445 autem
2128 4405 2245 4444 non
2274 4395 2363 4444 est
2390 4385 2656 4458 limitare,
2685 4383 2788 4442 ubi
2822 4381 2952 4440 Lex

524 4478 644 4516 non
671 4459 897 4518 limitat.
984 4461 1269 4535 Secunde,
1300 4462 1433 4521 finis
1463 4462 1640 4539 Legis
1682 4464 1794 4522 hoc
1823 4464 2012 4542 ipsum
2055 4466 2343 4542 importat,
2375 4485 2505 4541 quse
2547 4471 2637 4521 est
2664 4462 2950 4520 omnimo-

526 4537 661 4594 dam
690 4539 1049 4598 sanctitatem
1078 4543 1153 4599 ab
1178 4541 1410 4600 homine
1440 4541 1692 4619 exigere,
1725 4563 1842 4601 non
1869 4544 2043 4602 modo
2073 4544 2266 4621 quoad
2293 4552 2503 4618 actum,
2537 4542 2639 4601 sed
2667 4550 2727 4600 et
2754 4541 2952 4618 quoad

522 4615 813 4692 habitum;
843 4624 908 4674 nt
928 4618 1080 4677 enim
1101 4628 1400 4696 utramque
1424 4622 1808 4701 sanctitatem,
1834 4631 1891 4682 et
1913 4623 2266 4683 habitualem
2288 4631 2347 4681 et
2368 4623 2670 4697 actualem,
2685 4620 2950 4698 requirit,
