3221 5200
270 365 494 416 QuAEs‘r.
528 345 615 426 v.]
955 362 1030 401 ne
1061 362 1295 403 orricio
1323 361 1557 403 cnmsri
1591 362 1980 404 nanum-omo
2582 348 2700 404 345

277 508 423 586 legit
443 515 502 565 et
525 504 854 579 destinavit,
877 504 978 581 qui
1000 505 1236 564 Electos
1256 505 1366 563 sibi
1389 505 1803 580 reconciliaret,
1828 515 1887 564 et
1905 525 2050 582 opus
2070 504 2272 562 salutis
2291 514 2673 581 exequeretur
2690 527 2705 581 3

795 604 910 662 quo
932 595 1194 662 spectant
1209 587 1338 644 loca
1359 590 1387 643 1
1411 587 1534 644 Pet.
1553 586 1701 660 i.20‚
1719 586 1854 644 Act.
1869 586 1927 643 ii.
1942 590 2037 659 23,
2055 584 2241 662 Apoe.
2256 584 2380 643 xiii.
2405 587 2461 644 8.
2486 585 2703 644 Secun-

797 666 906 724 dus
935 665 996 722 in
1023 666 1308 741 lessz'one,
1339 687 1442 744 per
1469 686 1640 743 quam
1666 666 1839 743 juxta
1868 675 2144 724 aeternum
2175 664 2708 724 Praedestinationis

274 747 585 820 decretum,
610 765 727 803 non
754 753 978 803 tantum
1000 746 1315 822 promissus
1344 755 1433 805 est
1461 747 1570 805 sub
1599 747 1800 805 Veteri
1829 746 2216 820 TestamentO,
2248 746 2426 804 variis
2445 745 2709 805 Oraculis

276 827 605 905 praedictuS,
637 834 695 884 et
723 826 905 902 Typis
932 827 1325 900 adumbratus,
1357 837 1416 885 et
1446 837 1508 885 ut
1538 827 1816 886 Ecclesiae
1874 825 2165 884 Mediator
2208 825 2543 886 exhibitus:
2591 827 2709 886 Sed

278 908 340 966 in
368 907 787 983 complemento
816 917 1136 983 temporum
1167 907 1226 963 in
1255 906 1532 964 mundum
1561 908 1773 966 missus
1802 916 1907 982 est,
1940 906 2015 964 ad
2062 906 2512 982 assumptionem
2541 916 2709 967 natu-

275 1008 357 1046 rae
384 997 614 1062 nostrae,
646 996 712 1045 ut
741 986 798 1044 in
828 1005 896 1043 ea
924 1007 1069 1063 opus
1099 986 1209 1044 sibi
1239 986 1647 1046 demandatum
1676 987 1949 1065 perficere
1978 994 2190 1063 posset,
2222 987 2387 1062 eujus
2415 986 2708 1048 missionis

281 1066 746 1144 frequentissima
773 1075 862 1124 est
888 1067 948 1124 in
980 1067 1304 1143 Evangelio
1333 1067 1547 1126 mentio
1571 1089 1586 1141 ;
1631 1087 1747 1125 non
1775 1087 1878 1145 per
1923 1066 2298 1125 mutationem
2344 1066 2475 1141 loci,
2527 1077 2592 1126 ut
2640 1089 2710 1128 eo

281 1149 523 1222 veniret,
554 1147 656 1205 ubi
683 1166 799 1203 non
828 1155 951 1205 erat
979 1157 1164 1220 antea,
1197 1146 1300 1204 sed
1329 1167 1430 1223 per
1456 1148 1973 1207 manifestationem
2018 1147 2530 1205 extraordinariam
2560 1168 2704 1225 prae·

286 1229 488 1288 sentite
517 1247 635 1286 suae
665 1227 724 1283 in
766 1247 953 1300 carne,
986 1227 1045 1285 in
1073 1247 1190 1304 qua
1216 1227 1524 1286 visibiliter
1550 1228 1831 1305 apparuit,
1863 1238 1922 1285 et
1949 1236 2217 1304 operatus
2245 1236 2352 1285 est.

894 1306 1016 1366 111.
1062 1307 1292 1366 Tertius
1322 1307 1537 1382 gradus
1565 1310 1625 1366 in
1668 1308 1964 1366 Vocatione
1992 1307 2271 1382 consistit,
2302 1327 2418 1383 qna
2445 1308 2521 1366 ad
2577 1308 2710 1366 Mu·-

809 1407 920 1445 nus
947 1387 1094 1446 illud
1122 1386 1449 1444 obeundum
1480 1397 1848 1447 consecratus
1878 1397 1982 1462 est,
2035 1387 2106 1445 de
2155 1408 2270 1464 qua
2321 1388 2435 1446 Isa.
2482 1388 2608 1446 xlii.
2657 1391 2712 1464 6,

285 1475 417 1550 Eyo
443 1473 664 1531 Jehova
691 1468 889 1528 vocavi
909 1487 968 1525 se
995 1467 1296 1542 injustitia,
1328 1473 1423 1526 διο.
1476 1478 1534 1526 et
1566 1468 1720 1528 Psal.
1750 1488 1843 1526 cx.
1874 1472 1930 1543 4,
1974 1476 2035 1527 et
2078 1468 2342 1526 Christus
2387 1469 2528 1545 ipse,
2574 1468 2617 1527 J
2620 1469 2715 1528 oh.

288 1573 348 1611 x.
380 1556 475 1612 36.
506 1551 755 1610 Vocatio
798 1557 988 1606 autem
1019 1548 1130 1606 ista
1159 1548 1303 1605 duas
1331 1558 1523 1624 partes
1552 1549 1968 1626 complectitur,
2006 1548 2443 1623 Unctionem,et
2463 1549 2718 1626 Inaugu-

815 1627 1113 1687 rationem.
1166 1629 1379 1703 UnctiO,
1410 1649 1486 1686 ex
1515 1649 1632 1706 qua
1658 1647 1870 1687 nomen
1896 1629 2121 1686 Messioe
2168 1637 2227 1686 et
2258 1627 2473 1687 Christi
2496 1638 2713 1703 natum,

350 1684 701 1794 Qssffctffgssgtff
803 1708 959 1785 quod
987 1708 1103 1767 κατ’
1130 1709 1292 1784 {imin
1319 1710 1609 1785 proprium
1642 1709 1750 1769 fuit
1780 1708 2156 1785 Redemptori
2183 1717 2397 1783 nostro,
2428 1708 2565 1767 licet
2611 1709 2717 1766 im-

815 1790 1040 1865 proprie
1069 1800 1127 1848 et
1156 1790 1256 1847 alii
1316 1789 1492 1847 Uncti
1521 1799 1579 1848 et
1609 1789 1822 1848 Christi
1851 1787 2118 1847 dicantur
2172 1788 2392 1847 ratione
2422 1787 2593 1846 officii
2623 1789 2719 1846 vel

297 1869 645 1947 Prophetiae,
678 1869 774 1927 vel
807 1869 1143 1941 sacerdotii,
1175 1870 1271 1927 vel
1302 1869 1493 1946 Regni
1522 1869 1639 1928 duo
1668 1878 1866 1928 notat:
1910 1871 1962 1926 1.
1987 1868 2473 1927 Consecrationem
2500 1867 2575 1925 ad
2597 1887 2718 1927 mu·

293 1971 419 2023 nna,
452 1971 580 2027 quae
613 1950 881 2007 l'ersonae
913 1949 1125 2008 Christi
1155 1950 1326 2007 etiam
1358 1949 1673 2008 secundum
1702 1957 1964 2007 naturam
1988 1948 2244 2007 divinam
2301 1948 2591 2025 competit,
2622 1967 2726 2025 per

295 2051 467 2108 quam
509 2030 582 2089 ad
615 2029 955 2088 Mediatoris
983 2050 1191 2087 munus
1221 2029 1409 2105 reipsa
1437 2037 1804 2088 consecratus
1833 2037 1939 2104 est,
1973 2029 2127 2088 Psal.
2156 2029 2215 2087 ii.
2248 2031 2302 2102 6,
2333 2048 2506 2105 quam
2534 2028 2723 2105 Scrip-

293 2120 426 2170 tura
452 2110 915 2190 Sanctg'sz'catz‘omls
942 2110 1172 2168 nomine
1201 2109 1506 2186 designare
1563 2111 1727 2184 solet,
1777 2109 1919 2168 Joh.
1950 2130 2009 2167 x.
2041 2111 2138 2168 36.
2198 2113 2254 2168 2.
2285 2109 2626 2169 Gratiarum
2674 2119 2728 2167 et

297 2194 575 2251 donorum
603 2191 856 2249 omnium
888 2191 961 2248 ad
992 2190 1148 2248 illius
1177 2189 1431 2247 muneris
1454 2190 1855 2248 executionem
1874 2188 2328 2248 necessariorum
2358 2190 2723 2263 collationem,

298 2291 428 2348 quae
458 2272 532 2328 ad
560 2272 866 2330 humanam
890 2280 1112 2329 tantum
1137 2281 1400 2328 naturam
1444 2277 1683 2346 spectat,
1708 2288 1811 2346 per
1859 2289 2032 2345 quam
2079 2279 2290 2329 unctus
2339 2269 2551 2329 dicitur
2598 2270 2726 2327 oleo

298 2352 516 2410 laetitiae
545 2372 717 2428 supra
745 2361 1058 2425 consortes,
1083 2359 1142 2408 et
1169 2349 1417 2408 donatus
1470 2349 1690 2427 Spiritu
1738 2347 1973 2430 ἇράτςυς,
2009 2349 2164 2407 Psal.
2211 2351 2334 2409 xlv.
2367 2354 2421 2426 7,
2456 2350 2572 2408 Isa.
2619 2349 2724 2408 lxi.

306 2435 358 2506 1,
391 2438 446 2505 ⁶2,
478 2432 617 2490 Joh.
647 2432 727 2490 iii.
759 2435 854 2489 34.

300 2549 370 2597 E.
827 2509 2730 2669 b.1}{assnztzszzffffysssszsarar-{3:32saffiram?

1778 2638 1792 2667 5

302 2678 455 2732 esset
483 2673 688 2751 reipsa,
720 2673 906 2731 voluit
933 2683 1125 2731 tamen
1155 2672 1377 2730 solenni
1408 2673 1627 2731 ratione
1656 2673 1731 2730 ad
1762 2674 1978 2731 Munus
2008 2693 2176 2732 suum
2214 2672 2564 2749 inaugurari,
2589 2692 2730 2748 quo-

303 2754 476 2813 modo
504 2773 673 2830 reges
701 2754 874 2811 etiam
903 2753 1247 2811 haereditarii
1281 2753 1503 2811 solenni
1533 2754 1973 2830 inauguratione
2003 2754 2191 2812 solent
2220 2753 2279 2810 in
2308 2754 2537 2830 plenam
2567 2752 2731 2828 regni

305 2834 731 2911 possessionem
761 2833 931 2907 mitti,
963 2841 1029 2891 ut
1056 2834 1129 2892 ab
1160 2833 1427 2891 omnibus
1456 2843 1862 2910 agnoscantur.
1930 2834 2076 2892 Haec
2102 2854 2243 2892 vero
2276 2833 2470 2891 Primo
2499 2832 2732 2910 quidem

305 2915 367 2970 in
397 2914 693 2989 Baptismo
724 2914 938 2971 Christi
984 2913 1135 2971 facta
1162 2923 1267 2987 est,
1301 2914 1510 2972 Matth.
1552 2914 1634 2972 iii.
1672 2917 1761 2987 17,
1792 2914 1893 2972 ubi
1938 2914 2148 2971 illustri
2193 2914 2414 2972 ratione
2460 2922 2519 2971 et
2561 2912 2731 2989 plane

308 2992 763 3051 extraordinaria
790 2993 864 3050 ad
892 2992 1188 3068 publicum
1227 2994 1479 3049 muneris
1521 2994 1861 3051 exercitium
1900 3002 2267 3051 consecratus
2295 3003 2399 3067 est,
2432 2992 2588 3069 quod
2617 3013 2733 3049 non

310 3071 483 3129 modo
529 3071 821 3147 apertione
868 3071 1160 3144 coelorum,
1207 3071 1454 3146 Spiritus
1506 3072 1705 3130 Sancti
1747 3072 2020 3129 missione
2067 3092 2239 3148 super
2286 3072 2492 3147 ipsum,
2526 3072 2629 3128 sed
2678 3080 2736 3129 et

312 3151 534 3210 coelesti
577 3170 721 3208 voce
763 3149 1164 3209 confirmatum
1191 3160 1296 3223 est,
1328 3169 1457 3224 quae
1494 3151 1898 3209 excellentiam
1929 3170 2205 3227 personae,
2238 3159 2296 3208 et
2318 3150 2489 3207 officii
2518 3159 2731 3208 testan-

310 3241 422 3292 tur.
494 3233 761 3289 Personoe
782 3229 1034 3307 quidem,
1065 3228 1201 3287 dum
1232 3238 1474 3287 vocatur
1494 3229 1677 3287 Filius
1693 3231 1823 3304 Dei,
1844 3249 1961 3288 non
1990 3229 2316 3306 adoptivus,
2348 3230 2548 3306 quales
2573 3230 2735 3288 Deus

313 3313 527 3371 multos
554 3310 748 3385 habet,
781 3311 884 3369 sed
927 3308 1223 3382 naturalis,
1257 3308 1607 3385 unigenitus,
1641 3318 1699 3369 et
1741 3310 2022 3388 proprius,
2070 3309 2171 3384 qui
2198 3318 2500 3387 propterea
2527 3315 2732 3381 ἀγαπη-

310 3399 391 3459 τὸς
413 3393 644 3452 dilectus
672 3399 731 3450 et
758 3390 1129 3449 charissimus
1158 3389 1385 3448 dicitur.
1436 3389 1621 3462 Officii
1643 3410 1800 3457 vero,
1832 3390 1969 3448 dum
1999 3389 2225 3465 dicitnr,
2261 3391 2489 3449 Patrem
2519 3390 2580 3447 in
2610 3391 2734 3467 ipso

314 3473 584 3545 ιῦδωιῖται,
617 3472 695 3531 id.
728 3492 843 3530 non
873 3478 1097 3530 tantum
1129 3470 1360 3529 Patrem
1389 3470 1449 3527 in
1480 3469 1711 3529 Christo
1738 3471 1908 3548 plane
1943 3470 2324 3548 acquiescere,
2355 3490 2537 3548 eoque
2565 3471 2735 3548 plane

316 3554 607 3628 delectari,
640 3552 743 3612 sed
771 3553 944 3611 etiam
973 3551 1033 3609 in
1061 3570 1131 3609 eo
1160 3558 1218 3609 et
1244 3560 1477 3627 propter
1506 3571 1638 3608 eum
1665 3571 1773 3610 nos
1804 3552 1930 3610 Deo
1958 3551 2184 3628 placere
2206 3560 2265 3610 et
2293 3559 2560 3629 acceptos
2588 3571 2732 3623 esse,

318 3637 468 3712 Eph.
499 3636 536 3694 i.
569 3638 625 3694 6.
686 3632 1054 3692 Excellentia
1081 3651 1251 3708 porro
1280 3631 1448 3689 istius
1478 3630 1649 3690 officii
1694 3652 1769 3690 ex
1798 3652 1867 3691 eo
1910 3632 2063 3691 clare
2106 3632 2546 3705 demonstratur,
2579 3633 2735 3709 quod

317 3735 433 3773 non
462 3715 585 3772 sine
613 3715 941 3791 juramento
983 3711 1331 3770 constitutus
1375 3711 1450 3770 sit
1480 3712 1772 3770 Mediator
1798 3721 2010 3786 noster,
2044 3712 2198 3770 Psal.
2230 3733 2322 3771 ex.
2353 3716 2407 3787 4,
2443 3717 2478 3745 “
2501 3713 2544 3772 J
2547 3712 2739 3770 uravit

325 3795 666 3867 DominuS,''
692 3800 807 3868 &c.,
839 3813 914 3851 ex
935 3812 1051 3869 quo
1075 3792 1293 3850 Paulus
1310 3794 1700 3868 praestantiam
1720 3802 1778 3851 et
1800 3793 2176 3852 aeternitatem
2197 3792 2501 3851 sacerdotii
2525 3792 2738 3849 Christi

322 3893 496 3949 supra
527 3872 846 3931 Leviticum
892 3872 1132 3949 colligit,
1175 3872 1330 3930 Heb.
1361 3872 1461 3930 vii.
1531 3872 1799 3931 Secundo
1844 3873 1902 3930 in
1940 3873 2472 3951 stansffiquratione‚
2512 3871 2572 3927 in
2622 3892 2737 3947 qua

321 3954 537 4030 pariter
564 3951 636 4009 ad
674 3952 886 4027 triplex
927 3971 1135 4009 munus
1163 3952 1531 4011 confirmatus
1573 3954 1683 4012 fuit
1711 3953 1933 4011 coelesti
1960 3972 2120 4026 voce,
2152 3952 2368 4010 Matth.
2404 3955 2495 4008 17.
2541 3951 2736 4008 Tertio

321 4036 432 4092 ista
461 4032 825 4109 inauguratio
852 4031 1019 4108 plene
1048 4032 1199 4090 facta
1217 4041 1305 4091 est
1321 4040 1451 4108 post
1479 4033 1952 4091 resurrectionem
1975 4042 2033 4090 et
2054 4032 2479 4103 exaltationem,
2505 4030 2737 4108 quando

325 4118 361 4149 ‘⁴
386 4113 671 4172 Dominus
715 4120 773 4170 et
823 4111 1085 4169 Christus
1129 4111 1314 4170 factus
1359 4111 1497 4186 est,’'
1544 4112 1680 4171 Act.
1712 4113 1771 4170 ii.
1803 4115 1898 4185 36,
1934 4114 2050 4169 “et
2097 4130 2304 4168 nomen
2351 4131 2524 4187 supra
2569 4130 2736 4167 omne

318 4215 527 4254 nomen
555 4193 642 4252 illi
691 4193 890 4252 datum
919 4201 1024 4265 est,
1054 4199 1119 4250 ut
1148 4192 1205 4249 in
1247 4192 1477 4250 nomine
1507 4193 1550 4251 J
1554 4213 1657 4251 esu
1685 4192 1950 4250 flectatur
1977 4211 2144 4248 omne
2174 4191 2387 4267 genu,’'
2419 4189 2546 4263 &c.,
2583 4190 2732 4249 Phil.

321 4276 380 4334 ii.
413 4279 466 4347 9,
505 4278 594 4349 10,
640 4294 818 4352 quum
847 4280 1102 4350 potestas
1130 4272 1216 4330 illi
1245 4273 1431 4330 omnis
1455 4271 1594 4329 data
1623 4281 1710 4330 est
1739 4271 1799 4328 in
1826 4273 1973 4329 coelo
2003 4281 2060 4329 et
2088 4280 2254 4344 terra,
2290 4272 2499 4330 Matth.
2531 4271 2737 4329 xxviii.

323 4366 382 4415 et
410 4375 588 4433 quum
617 4355 769 4414 sedit
798 4353 872 4412 ad
900 4352 1165 4410 dextram
1193 4352 1514 4429 majestatis
1544 4352 1602 4408 in
1633 4351 1897 4425 excelsis,
1932 4351 2084 4409 Heb.
2115 4351 2150 4408 i.
2184 4354 2239 4409 3.

471 4496 481 4505 ,
930 4433 1005 4491 V.
1051 4432 1268 4490 Munus
1297 4433 1407 4490 hoc
1437 4432 1846 4490 Mediatorium
1876 4432 2088 4489 Christi
2123 4429 2487 4489 distribuitur
2528 4431 2586 4487 in
2629 4432 2739 4491 tria

325 4495 412 4541 'rx-i
430 4496 570 4596 ,³2:²31
585 4495 808 4598 ³1:1¹3?ss
850 4512 1052 4586 officia,
1084 4532 1214 4588 quae
1244 4521 1379 4571 sunt
1420 4512 1659 4571 totidem
1690 4512 1815 4587 ejus
1860 4521 2066 4589 parteS‚
2120 4511 2495 4587 Prophetiam,
2536 4512 2736 4570 Sacer-

738 4587 750 4599 ’
851 4594 1080 4667 dotium,
1110 4595 1389 4668 Reynum.
1434 4592 1590 4666 Quas
1621 4591 1883 4650 Christus
1913 4592 2185 4651 sustinuit
2211 4611 2326 4649 non
2351 4591 2604 4667 seorsim,
2637 4593 2740 4651 sed

327 4672 694 4750 conjunctim,
726 4674 883 4749 quod
911 4673 1007 4730 uni
1040 4673 1149 4749 ipsi
1178 4673 1395 4732 datum.
1441 4673 1586 4729 Nam
1619 4691 1749 4749 qnae
1777 4672 1835 4731 in
1864 4673 1994 4731 aliis
2023 4672 2212 4730 divisa
2253 4671 2482 4731 suerunt
2509 4683 2742 4751 propter

349 635 391 680 2.
414 636 648 681 Missione
665 648 677 687 ς

344 1374 389 1418 3.
409 1373 679 1417 Vocatione
698 1387 710 1422 ς
