3221 5200
523 372 598 428 62
1413 384 1594 426 Locus
1626 384 1983 426 uxoscfflus.
2550 358 2805 440 [Quaes‘r.
2839 376 2922 417 11.

519 527 592 586 de
641 526 805 584 salvo
854 525 1141 585 conductu
1171 525 1388 600 confisi,
1420 525 1495 584 ad
1541 526 1733 584 locum
1777 522 2038 582 venerint
2078 520 2302 599 judicii,
2334 519 2478 578 alias
2504 539 2621 577 non
2649 520 2913 580 venturi:

520 627 627 666 nec
656 607 739 664 sic
780 605 1225 682 promittentem,
1278 625 1409 663 cum
1454 606 1598 664 alias
1640 604 1839 663 fecerit
1867 602 2023 681 quod
2050 604 2111 659 in
2150 601 2277 679 ipso
2306 610 2412 675 est,
2457 620 2531 658 ex
2572 601 2684 658 hoc
2712 601 2774 657 in
2816 600 2920 658 ali-

519 707 635 763 quo
682 685 1026 744 remansisse
1070 685 1448 761 obligatum.''
1535 685 1705 758 Quod
1746 693 1805 742 et
1846 683 2039 742 statim
2081 683 2206 759 ipsa
2230 680 2400 758 praxi
2427 680 2922 738 confirmamatum

519 775 609 825 est
663 765 724 822 in
771 766 814 825 J
818 765 1041 823 ohanne
1099 765 1297 822 Husso
1346 773 1405 823 et
1460 764 1703 822 Hieron.
1756 762 2051 840 Pragensi,
2102 761 2203 838 qui
2246 768 2447 819 contra
2500 759 2670 818 fidem
2727 759 2924 818 datam

520 854 579 904 et
632 845 859 904 salvum
913 843 1260 902 conductum
1323 843 1680 920 Sigismundi
1741 842 2128 920 Imperatoris,
2175 840 2391 899 nefarie
2439 840 2724 898 combusti
2768 849 2922 899 sunt.

520 926 644 984 Nec
672 924 968 982 debuisset
996 923 1316 981 Concilium
1343 923 1601 981 Trident.
1637 924 1790 982 Sess.
1821 926 1918 997 25,
1964 922 2025 979 in
2069 921 2232 979 salvo
2276 920 2566 978 conductu
2611 919 2747 977 dato
2779 920 2921 977 Pro-

518 1004 866 1063 testantibus
885 1023 1001 1079 pro
1028 1004 1134 1061 hac
1158 1004 1274 1061 vice
1301 1006 1578 1079 deroqare
1605 1002 1945 1061 nominatim
1974 1000 2231 1059 Concilio
2262 999 2703 1073 constantiensi,
2748 1009 2808 1057 et
2835 999 2926 1056 illi

519 1083 795 1143 axiomati
839 1082 912 1140 de
954 1081 1069 1140 fide
1112 1082 1397 1140 haereticis
1440 1102 1556 1139 non
1606 1081 1905 1156 servanda,
1956 1081 2069 1138 nisi
2110 1080 2253 1138 alias
2292 1080 2403 1138 hoc
2430 1078 2764 1155 agnovisset
2793 1099 2924 1137 esse

520 1163 732 1240 dogma
773 1169 1043 1221 constans
1073 1161 1503 1220 Communionis
1532 1161 1828 1218 Romanae.
1914 1160 2037 1218 Nec
2064 1159 2179 1217 alia
2205 1178 2367 1217 mens
2394 1159 2631 1216 Thomae
2658 1158 2719 1216 ii.
2750 1162 2832 1216 2⁸³
2860 1179 2920 1236 q.

519 1245 614 1319 97,
646 1243 806 1301 artic.
841 1245 891 1316 1,
922 1241 1024 1319 qui
1052 1241 1253 1299 statuit
1295 1243 1331 1273 ‘⁴
1362 1241 1715 1299 Haereticum
1742 1240 2032 1298 hominem
2049 1238 2406 1316 prodendum
2435 1257 2560 1297 esse
2587 1237 2921 1313 Judicibns,

518 1342 637 1380 non
678 1322 942 1381 obstante
989 1320 1104 1378 fide
1152 1329 1211 1378 et
1252 1320 1655 1395 Jurament0,''
1707 1327 1766 1378 et
1812 1320 2002 1378 Toleti
2048 1317 2277 1377 Cardin.
2309 1318 2454 1376 Inst.
2489 1317 2718 1375 Sacerd.
2749 1317 2851 1375 lib.
2880 1318 2921 1376 i.

520 1422 569 1459 c.
605 1404 696 1476 13,
727 1421 883 1459 num.
915 1403 970 1473 7,
1018 1402 1054 1432 ‘⁴
1084 1398 1195 1472 Qui
1222 1399 1623 1473 tenebantur,”
1668 1399 1872 1475 inquit,
1906 1400 1944 1433 ‘⁴
1971 1398 2115 1456 alias
2143 1398 2382 1456 obnoxii
2409 1397 2643 1455 vinculo
2671 1396 2921 1456 fidelita-

519 1481 612 1554 tis,
644 1481 740 1539 vel
762 1478 1074 1556 juramenti
1101 1478 1291 1553 alieni,
1322 1479 1639 1537 liberantur
1665 1498 1700 1536 a
1726 1478 1830 1537 tali
1858 1478 2106 1551 vincu10,
2139 1477 2189 1535 si
2218 1477 2268 1535 is
2296 1476 2560 1535 inciderit
2600 1476 2661 1533 in
2688 1496 2922 1535 excom-

519 1560 964 1618 municationem
988 1558 1044 1633 ;’'
1087 1566 1148 1615 at
1176 1577 1374 1617 omnes
1402 1558 1659 1616 haeretici
1686 1558 1812 1635 ipso
1840 1556 1994 1614 facto
2023 1564 2159 1615 sunt
2186 1555 2685 1614 excommunicati.
2750 1556 2923 1630 Quod

519 1639 821 1698 confirmat
862 1637 1118 1712 Amr-im,
1152 1637 1317 1696 Insti.
1367 1656 1543 1695 mora.
1574 1658 1631 1714 p.
1665 1639 1717 1712 1,
1763 1637 1864 1694 lib.
1894 1636 2016 1694 viii.
2064 1656 2113 1694 c.
2149 1638 2240 1710 13,
2292 1644 2351 1694 et
2390 1636 2775 1693 Directorium
2818 1638 2921 1693 In·

517 1719 861 1796 qui-sitorum,
907 1737 963 1793 p.
994 1719 1049 1792 3,
1096 1736 1153 1793 q.
1188 1718 1320 1790 129,
1368 1716 1470 1775 ubi
1519 1716 1772 1790 docetur,
1820 1718 1856 1748 ‘⁴
1885 1715 2100 1775 Omnes
2127 1714 2276 1789 illos,
2327 1714 2427 1792 qui
2475 1715 2669 1790 aliquo
2697 1715 2920 1791 obliga-

516 1798 693 1857 tionis
721 1816 930 1874 genere
958 1795 1132 1854 alicui
1157 1803 1426 1855 tenentur
1451 1793 1728 1871 adstricti,
1749 1804 1886 1853 tunc
1912 1795 2143 1854 liberari
2164 1795 2410 1871 penitae,
2435 1814 2566 1852 cum
2595 1794 2682 1851 illi
2708 1795 2923 1870 quibus

519 1877 764 1954 obligati
790 1884 952 1934 erant
979 1875 1041 1933 in
1066 1876 1332 1934 haeresim
1359 1874 1700 1934 inciderunt.
1746 1875 1891 1933 Haec
1918 1894 2103 1951 poena,
2134 1873 2323 1951 inquit
2350 1873 2582 1931 Author
2608 1873 2682 1932 de
2709 1874 2925 1932 amisso

512 1957 646 2033 jure
675 1956 1110 2032 obligationum,
1140 1954 1355 2014 multos
1381 1953 1533 2030 parit
1559 1953 1816 2027 effectus,
1846 1974 1953 2012 nec
1981 1953 2202 2030 pigebit
2230 1954 2455 2029 aliquos
2482 1952 2710 2011 referre.
2798 1953 2922 2011 Pri·

518 2055 677 2093 mum
720 2054 859 2111 ergo
908 2034 959 2091 is
1001 2032 1156 2109 apud
1198 2052 1370 2110 quem
1410 2033 1714 2091 haereticus
1762 2032 1981 2108 aliquid
2009 2033 2290 2110 deposuit,
2320 2052 2437 2090 non
2465 2032 2755 2091 tenebitur
2792 2042 2925 2110 post

519 2114 881 2173 manifestam
908 2112 1034 2189 ejus
1060 2111 1323 2170 haeresim
1352 2131 1472 2170 rem
1498 2110 1771 2171 haeretico
1796 2112 2114 2171 restituere.
2200 2113 2425 2171 Rursus
2469 2131 2577 2170 nec
2625 2112 2924 2171 Catholica

518 2213 669 2251 uxor
689 2193 947 2251 debitum
968 2190 1205 2250 reddere
1233 2191 1360 2248 viro
1387 2191 1661 2249 haeretico
1689 2190 2056 2267 obligabitur,
2088 2189 2196 2249 &c.
2281 2191 2396 2249 His
2423 2190 2570 2249 adde
2600 2191 2757 2266 quod
2780 2192 2920 2250 Cus-

519 2271 686 2329 todes
731 2272 990 2345 Arcium,
1044 2270 1391 2344 Castrorum,
1423 2271 1517 2328 vel
1547 2270 1879 2344 Civitatum,
1931 2289 2000 2328 ea
2044 2270 2294 2328 Domino
2323 2270 2592 2329 haeretico
2621 2271 2921 2330 restituere

519 2369 634 2407 non
663 2357 946 2425 tenentur,
991 2368 1177 2427 neque
1219 2350 1345 2427 ejus
1385 2350 1617 2408 nomine
1646 2349 1952 2409 custodire.
2037 2350 2300 2426 Denique
2329 2350 2656 2426 quicunque
2685 2351 2924 2409 vassalli

519 2429 677 2486 omni
703 2429 1072 2506 obligatione,
1102 2427 1275 2487 etiam
1296 2429 1607 2505 juramenti
1648 2429 1944 2505 religione,
1994 2447 2109 2503 quo
2141 2428 2406 2486 Dominis
2433 2430 2554 2487 suis
2581 2429 2926 2489 tenebantur

519 2507 797 2582 obstricti,
840 2508 965 2583 ipso
1002 2508 1134 2583 jure
1160 2507 1532 2565 liberantur.''
1623 2508 1718 2565 Sic
1746 2509 2013 2565 Simanca
2042 2507 2271 2565 Cardin.
2302 2507 2374 2566 de
2402 2508 2557 2567 insti.
2588 2509 2790 2567 Catho.
2819 2509 2920 2569 lib.

518 2587 664 2646 xlvi.
715 2596 821 2646 art.
872 2589 966 2646 52.
1054 2588 1090 2618 “
1120 2585 1222 2643 Ad
1267 2606 1496 2661 poenam
1544 2606 1774 2662 quoque
1822 2586 2070 2663 pertinet
2112 2594 2174 2645 et
2220 2586 2638 2647 Haereticorum
2686 2589 2882 2648 odium
2908 2613 2924 2650 z

520 2666 689 2739 Quod
716 2666 860 2723 fides
881 2665 997 2722 illis
1026 2663 1161 2722 data
1187 2664 1471 2722 servanda
1498 2683 1614 2721 non
1643 2665 1733 2738 sit,
1755 2663 1895 2738 &c.;
1926 2685 2057 2722 cum
2084 2666 2369 2726 haereticis
2395 2668 2618 2725 nullum
2646 2662 2923 2727 commer-

519 2744 689 2817 cium,
720 2743 881 2801 nulla
909 2762 1023 2819 pax
1053 2742 1366 2800 Catholicis
1406 2762 1532 2801 esse
1571 2742 1762 2802 debet.
1846 2744 2229 2817 Quamobrem
2257 2745 2402 2804 fides
2430 2746 2546 2804 illis
2574 2745 2709 2804 data
2749 2748 2924 2806 etiam

511 2824 842 2900 juramento
889 2822 1114 2879 firmata
1157 2829 1357 2879 contra
1399 2821 1694 2898 publicum
1747 2822 1981 2889 bonum,
2032 2832 2232 2882 contra
2285 2825 2529 2883 salntem
2583 2826 2920 2904 animarum,

519 2910 718 2962 contra
733 2902 867 2977 jura
894 2900 1093 2958 divina
1129 2908 1189 2959 et
1214 2901 1480 2977 humana,
1530 2901 1692 2959 nullo
1740 2901 1912 2960 modo
1960 2904 2245 2962 servanda
2285 2905 2430 2963 est.'’
2517 2904 2606 2963 Eo
2634 2907 2925 2982 pertinent

516 2980 694 3057 impia
721 2980 970 3039 Decreta
998 2979 1343 3038 Pontificum
1384 2979 1457 3038 de
1495 2979 1834 3039 liberatione
1864 2981 2224 3041 subditorum
2250 3003 2286 3040 a
2319 2983 2648 3060 juramento
2676 2984 2922 3045 fidelita-

515 3061 593 3120 tis
621 3079 760 3137 erga
790 3060 1103 3137 Principes,
1127 3059 1250 3118 sive
1277 3068 1510 3136 propter
1528 3060 1810 3135 haeresim,
1837 3061 1961 3119 sive
1980 3069 2214 3138 propter
2239 3064 2921 3124 excommunicationem:

518 3141 573 3199 N
575 3160 640 3199 ec
669 3140 782 3198 alio
830 3140 1065 3218 respicit
1110 3139 1449 3217 mysterium
1490 3139 2010 3216 aequivocationum
2057 3141 2100 3200 J
2104 3141 2490 3217 esuiticarum,
2538 3151 2597 3201 et
2624 3143 2920 3279 dispensa-

515 3221 739 3280 tionum
765 3220 809 3279 J
811 3226 1253 3294 uramentorum,
1274 3238 1447 3295 quam
1464 3226 1530 3277 ut
1556 3219 1886 3277 hominibus
1912 3219 2175 3293 illudant,
2204 3228 2373 3297 pacta
2400 3222 2592 3280 omnia
2618 3230 2677 3280 et
2726 3223 2924 3282 oedera

514 3300 598 3359 ita
624 3299 926 3374 eludend0,
957 3307 1022 3358 ut
1050 3299 1153 3356 vix
1179 3298 1390 3373 aliquis
1416 3307 1542 3356 tuto
1568 3318 1700 3357 cum
1728 3298 1870 3374 ipsis
1898 3299 2231 3358 contrahere
2259 3300 2457 3375 possit.
2542 3300 2770 3375 Quanto
2798 3321 2920 3361 rec·

516 3378 630 3437 tior
655 3379 751 3436 hic
781 3378 972 3435 Caroli
998 3378 1075 3433 V.
1105 3396 1283 3448 mens,
1328 3376 1430 3451 qui
1457 3376 1596 3434 dum
1624 3376 1697 3434 ad
1724 3376 1898 3435 fidem
1927 3377 2120 3435 datam
2151 3378 2405 3436 Luthero
2434 3387 2709 3456 tanquam
2737 3381 2917 3440 haere-

516 3457 632 3515 tico
660 3454 1036 3529 frangendam
1065 3453 1494 3527 sollicitabatur,
1539 3473 1816 3529 generose
1843 3455 2155 3531 respondit,
2204 3459 2240 3489 “
2271 3458 2515 3516 Etiamsi
2542 3459 2602 3516 in
2629 3466 2752 3518 toto
2780 3461 2919 3519 orbe

516 3542 795 3591 terrarum
835 3531 980 3589 fides
1008 3531 1285 3604 exularet,
1315 3538 1510 3588 tamen
1550 3530 1703 3607 apud
1732 3532 2147 3608 Imperatorem
2173 3536 2597 3595 immaculatam
2627 3558 2754 3596 eam
2796 3559 2916 3597 ma·

516 3630 652 3748 gere
680 3609 946 3700 debere.”
992 3609 1138 3667 Haec
1165 3609 1339 3667 etiam
1368 3609 1836 3669 orthodoxorum
1864 3621 1954 3672 est
1980 3615 2265 3672 sententia
2292 3616 2653 3691 gravissimis
2679 3617 2917 3676 rationi·

559 3707 628 3746 us
654 3708 811 3746 mxa.

599 3767 718 3825 IX.
764 3767 973 3841 Primo,
999 3766 1147 3842 Quia
1174 3767 1347 3827 fidem
1368 3786 1597 3827 servare
1619 3777 1708 3827 est
1734 3778 1896 3828 actus
1917 3770 2194 3846 veritatis,
2220 3772 2479 3848 justitiae,
2504 3782 2563 3832 et
2583 3773 2880 3834 fidelitatis
2899 3799 2914 3813 ·

518 3848 667 3906 Nam
696 3847 797 3923 qui
836 3846 1008 3905 fidem
1051 3855 1244 3906 servat
1284 3854 1518 3924 praestat
1544 3848 1702 3923 quod
1729 3847 1885 3922 dicit,
1915 3850 2072 3926 quod
2113 3860 2202 3909 est
2238 3852 2538 3927 veritatis;
2581 3853 2718 3911 facit
2758 3823 2917 3930 quod

515 3927 779 4006 promisit
805 3936 863 3986 et
889 3925 965 3984 ad
992 3925 1148 4003 quod
1175 3926 1465 4003 obligatus
1485 3935 1592 4001 est,
1617 3926 1773 4003 quod
1793 3937 1883 3986 est
1901 3928 2196 3987 fidelitatis
2218 3951 2234 4005 ;
2264 3937 2323 3988 et
2349 3931 2539 3990 reddit
2564 3931 2731 3989 alteri
2759 3933 2918 4010 quod

513 4008 570 4068 ei
597 4027 674 4066 ex
699 4006 980 4084 promisso
1007 4004 1264 4078 debetur,
1295 4005 1452 4081 quod
1478 4014 1567 4064 est
1598 4007 1847 4065 'ustitiae.

595 4087 681 4145 X.
729 4084 1010 4158 Secunde,
1037 4084 1186 4158 Quia
1212 4083 1540 4143 infidelibus
1609 4084 1741 4144 dem
1774 4087 1971 4162 jurare
1998 4085 2150 4159 licet,
2182 4106 2321 4163 ergo
2349 4097 2409 4147 et
2441 4088 2614 4146 fidem
2643 4108 2914 4167 servare3

513 4173 673 4244 patet
701 4164 984 4242 exemplis
1013 4163 1333 4221 Abrahami
1360 4163 1547 4222 foedus
1573 4165 1880 4240 pangentis
1909 4185 2039 4223 cum
2067 4164 2464 4241 Abimelech0,
2493 4167 2641 4226 Gen.
2666 4169 2790 4226 xxi.
2815 4173 2912 4244 23,

516 4250 612 4320 24,
645 4244 848 4319 Isaaci,
880 4264 930 4303 c.
961 4242 1125 4301 xxvi.
1161 4245 1256 4316 26,
1287 4242 1513 4316 Jacobi,
1545 4261 1594 4300 c.
1626 4243 1792 4300 xxxi.
1824 4246 1919 4318 53,
1951 4244 2377 4320 exploratorum
2405 4246 2562 4322 apud
2591 4247 2911 4322 Rahabam,

514 4325 647 4385 Jos.
674 4325 754 4382 vi.
784 4328 880 4398 22,
913 4322 1304 4381 Isra‘e‘litarum
1338 4340 1479 4397 erga
1506 4320 1864 4397 Gibeonitas,
1896 4322 2025 4381 Jos.
2055 4322 2136 4380 ix.
2171 4326 2262 4381 15.
2334 4325 2755 4384 Haereticorum
2795 4346 2917 4385 non

513 4411 705 4479 potest
730 4423 857 4461 esse
886 4401 1133 4461 deterior
1160 4399 1430 4459 conditio.

595 4481 716 4537 XI.
759 4481 971 4555 Tertio,
997 4480 1146 4553 Quia
1173 4480 1334 4538 Deus
1374 4477 1513 4536 talia
1552 4477 1802 4554 perjuria
1843 4477 2202 4537 severissime
2230 4480 2387 4539 ultus
2415 4491 2521 4556 est,
2551 4482 2613 4539 in
2641 4482 2778 4540 filiis
2804 4483 2849 4541 J
2851 4503 2915 4541 a·

514 4557 645 4616 cobi
674 4566 872 4616 contra
902 4559 1260 4631 Sichemitas,
1292 4557 1440 4616 Gen.
1471 4557 1678 4614 xxxiv.
1708 4564 1767 4615 et
1793 4557 1958 4631 xlix„
1989 4557 2050 4614 in
2081 4558 2253 4616 Saule
2292 4569 2525 4637 propter
2552 4561 2912 4638 Gibeonitas,

518 4641 555 4696 2
580 4637 733 4696 Sam.
754 4636 896 4709 xxi„
927 4636 987 4694 in
1019 4636 1594 4696 Sedechiaadversus
1613 4635 2171 4712 Nebucadnezarem,
2195 4641 2230 4695 2
2253 4638 2462 4696 Chron.
2485 4639 2711 4714 xxxvi„
2738 4639 2915 4700 Ezec.
