3221 5200
612 329 727 387 362
1393 341 1575 382 Locus
1624 339 1881 380 naeuius
1926 339 2213 387 QUARTUS.
2646 321 2908 401 [QcAEsr.
2942 343 3030 382 ix.

606 486 805 552 menti,
831 486 931 563 qui
959 484 1018 543 in
1047 505 1178 545 eum
1207 484 1380 542 finem
1402 502 1436 539 a
1466 480 1695 541 Christo
1745 480 1860 538 sint
1887 479 2155 538 instituti.
2240 479 2390 538 Nam
2418 500 2525 539 nec
2552 481 3025 541 benedictionem

604 575 663 623 et
691 566 1129 624 decimationem
1177 584 1345 640 posse
1391 562 1697 620 discrimen
1747 559 1903 618 istud
1950 559 2312 634 constituere,
2346 581 2475 619 cum
2519 568 2761 637 utraque
2790 562 2962 620 fieret
2990 583 3028 619 a

610 645 1016 704 Sacerdotibus
1049 644 1341 716 LeviticiS,
1372 661 1478 700 nec
1507 641 1636 717 ejus
1664 639 1941 697 unitatem
1986 647 2044 697 et
2089 639 2469 698 successionis
2518 641 2846 715 carentiam,
2879 641 3025 718 quia

604 732 663 782 et
711 724 887 783 Abeli
935 744 1104 783 nemo
1143 723 1486 782 successisse
1528 719 1757 796 legitur,
1798 739 1904 776 nec
1949 718 2091 777 Jobi
2139 727 2239 777 aut
2268 720 2413 777 Eliae
2442 739 2627 796 genus
2663 731 3021 779 recensetur.

608 804 725 863 Sed
752 804 963 863 frustra
992 812 1125 863 sunt
1164 804 1262 879 qui
1309 802 1389 860 ita
1430 799 1860 859 ratiocinantur.
1933 801 1983 854 1.
2030 797 2177 870 Quia
2224 798 2360 857 licet
2387 800 2515 874 ista,
2541 819 2669 875 quae
2700 799 3020 858 Melchise-

603 883 745 941 deco
792 884 1134 957 tribuuntur,
1179 889 1416 959 possent
1463 878 1695 937 divisim
1740 879 1800 934 in
1842 876 1970 934 aliis
1998 877 2262 952 inveniri,
2295 879 2558 954 nuspiam
2586 889 2777 936 tamen
2807 879 2921 936 nisi
2955 881 3017 937 in

599 962 725 1040 ipso
771 963 1122 1040 conjunctim
1168 959 1688 1038 deprehenduntur.
1772 961 1828 1014 2.
1873 956 2228 1031 BenedictiO,
2271 967 2328 1016 et
2376 957 2680 1017 decimatio
2709 959 2767 1014 in
2797 978 3017 1034 genere

599 1042 876 1118 pertinuit
904 1042 1077 1099 etiam
1106 1041 1180 1098 ad
1214 1039 1551 1099 Sacerdotes
1601 1036 1912 1109 Leviticos,
1946 1035 2048 1093 sed
2075 1056 2190 1093 non
2213 1056 2281 1094 eo
2310 1037 2498 1111 mod0,
2530 1058 2645 1113 quo
2674 1038 3015 1097 tribuuntur

601 1121 1044 1194 Melchisedeco,
1070 1121 1208 1178 dum
1236 1121 1424 1198 ipsum
1449 1118 1864 1189 Abrahamum,
1890 1124 1946 1173 et
1968 1115 2027 1172 in
2057 1135 2124 1173 eo
2155 1115 2391 1175 Levitas
2418 1117 2575 1192 ipsos
2604 1116 2920 1175 decimasse
2954 1128 3016 1176 et

597 1200 981 1273 benedixisse,
1015 1208 1080 1257 ut
1108 1201 1364 1276 superior
1391 1197 1704 1270 inferiores,
1738 1195 1963 1253 dicitur.
2008 1197 2062 1253 3.
2096 1194 2250 1252 Abel
2269 1216 2383 1254 non
2412 1204 2601 1271 potest
2627 1195 2742 1254 dici
2769 1199 3006 1277 ἀπάτας,

596 1278 815 1359 aiecii-ug,
867 1278 1267 1353 αἱγιιαλὸγητος,
1308 1298 1414 1336 nec
1456 1278 1498 1336 J
1503 1277 1600 1334 obi
1629 1285 1686 1335 et
1735 1275 1882 1332 Eliae
1927 1294 2111 1351 genus
2139 1275 2400 1333 absolute
2430 1276 2715 1348 reticetur,
2768 1289 3008 1354 praster-

598 1379 770 1434 quam
801 1360 956 1435 quod
986 1359 1082 1418 isti
1110 1379 1226 1416 non
1256 1358 1487 1415 fuerunt
1516 1355 1859 1428 sacerdotes,
1890 1353 1962 1411 de
1992 1354 2202 1429 quibus
2222 1355 2316 1412 hic
2346 1355 2553 1430 agitur.

594 1478 677 1520 An
715 1478 898 1520 dentur
934 1478 1079 1522 multi
1204 1438 1382 1495 XVI.
1432 1435 1547 1493 Sed
1596 1434 1894 1492 videamus
1945 1433 2203 1508 ulterius,
2252 1453 2424 1510 quam
2468 1434 2613 1492 falso
2659 1433 3010 1493 obtrudatur

651 1536 935 1580 Sacerdotes
1010 1549 1079 1580 se·
1122 1516 1505 1575 sacerdotium
1548 1512 1784 1590 aliquod
1830 1512 1981 1570 Novi
2016 1512 2367 1571 Testamenti
2397 1513 2710 1572 secundum
2740 1514 3009 1572 ordinem

651 1594 868 1637 cundum
957 1595 1081 1663 ordi·
1126 1594 1552 1667 Melchisedeci‚
1585 1593 1742 1669 quod
1770 1601 2103 1651 exerceatur
2131 1612 2165 1649 a
2194 1592 2479 1651 Ministris
2502 1592 2714 1650 Christi
2732 1592 2789 1649 in
2813 1592 3011 1651 Sacri-

648 1665 790 1754 ιῗξοπ-,ις
823 1651 1076 1766 Μῃξῗὲξῖ
1115 1676 1247 1734 ficio
1278 1674 1595 1733 MissaticO.
1656 1673 1787 1730 Hoc
1816 1677 1953 1729 ve'ro
1975 1692 2088 1729 non
2115 1672 2355 1730 obscure
2377 1672 2668 1748 colligitur
2697 1692 2771 1729 ex
2800 1673 3005 1732 variis,

1115 1755 1326 1831 Primo,
1359 1754 1496 1832 quia
1522 1754 1584 1810 in
1612 1773 1680 1810 eo
1710 1752 2016 1809 discrimen
2037 1752 2404 1809 constituitur
2432 1752 2505 1808 ab
2535 1751 2818 1827 Apostolo
2850 1753 3010 1811 inter

593 1833 987 1893 Sacerdotium
1038 1835 1361 1894 Leviticum
1407 1841 1464 1892 et
1522 1830 2108 1890 Melchisedecianum
2133 1853 2146 1905 ;
2198 1831 2355 1906 quod
2382 1831 2469 1888 illi
2517 1831 2752 1908 quidem
2801 1831 3006 1907 plures

587 1923 795 1989 essent,
830 1921 945 1971 tam
976 1915 1163 1990 simul,
1195 1935 1368 1991 quam
1397 1912 1760 1984 successive3
1809 1910 1927 1969 Iste
1972 1929 2110 1969 vero
2159 1910 2362 1968 unicus
2391 1910 2482 1983 sit,
2514 1910 2615 1986 qui
2640 1930 2746 1968 nec
2775 1911 3005 1969 socium

586 1993 787 2051 debuit
814 1993 1042 2067 habere,
1088 2014 1193 2052 nec
1234 2012 1640 2064 successorem,
1690 1990 1822 2047 “Et
1870 1989 1956 2047 illi
1999 1988 2290 2065 quidem,'’
2340 1988 2527 2065 inquit
2577 1989 2802 2066 Apost.‚
2839 1990 3001 2050 Heb.

583 2072 684 2130 vii.
716 2075 810 2147 23,
846 2077 938 2146 24,
989 2074 1241 2150 “plures
1286 2081 1448 2131 erant
1489 2072 1665 2148 juxta
1712 2069 1944 2145 Legem,
1997 2069 2133 2144 quia
2161 2089 2262 2145 per
2302 2077 2545 2126 mortem
2573 2089 2688 2127 non
2727 2081 3003 2145 poterant

585 2151 807 2225 durare,
855 2153 957 2211 sed
986 2153 1093 2211 iste
1123 2153 1258 2230 quia
1303 2153 1362 2209 in
1414 2160 1689 2209 aeternum
1746 2155 1953 2223 manet,
1987 2147 2369 2206 sacerdotium
2396 2148 2572 2207 habet
2599 2145 2997 2230 oia-agdssaeuv,’'

585 2230 742 2307 quod
770 2251 907 2289 sane
937 2231 1051 2290 dici
1079 2251 1196 2289 non
1225 2239 1435 2308 posset,
1468 2231 1517 2288 si
1550 2228 1944 2287 Sacerdotium
1977 2227 2563 2286 Melchisedecianum
2592 2229 2785 2306 plures
2812 2230 2996 2288 habe-

581 2320 670 2368 ret
699 2312 968 2369 mortales
997 2320 1054 2370 et
1082 2311 1338 2370 infirmos
1367 2309 1695 2370 sacerdotes
1741 2308 1851 2365 sibi
1901 2306 2289 2382 succedentes,
2336 2328 2454 2364 non
2482 2328 2649 2367 secus
2690 2328 2756 2365 ac
2789 2310 2993 2368 Sacer-

583 2390 805 2448 dotium
834 2391 1173 2449 Leviticum.

661 2469 876 2528 XVII.
923 2470 1043 2528 Nec
1067 2470 1237 2546 juvat
1264 2470 1358 2527 hic
1387 2487 1660 2545 reponere
1704 2486 1835 2525 cum
1878 2465 2150 2524 Bellarm.
2180 2465 2280 2524 lib.
2317 2469 2367 2523 1.
2390 2466 2471 2530 vde
2502 2466 2701 2539 Missa,
2732 2487 2855 2542 cap.
2889 2469 2990 2542 25,

588 2551 624 2581 “
650 2549 896 2607 Paulum
926 2548 1159 2625 quidem
1189 2548 1496 2607 excludere
1522 2545 1850 2606 sacerdotes
1892 2545 2150 2622 ejusdem
2181 2545 2398 2604 ordinis
2427 2554 2485 2606 et
2533 2545 2850 2623 dignitatis,
2886 2547 2995 2606 sed

581 2648 699 2686 non
723 2627 1050 2687 sacerdotes
1096 2628 1411 2702 inferiores,
1444 2627 1545 2704 qui
1593 2634 1858 2702 respectu
1888 2626 2103 2684 Christi
2132 2626 2247 2684 sint
2276 2626 2464 2702 reipsa
2508 2627 2780 2685 Ministri.
2867 2627 2988 2686 Ne-

580 2707 792 2764 minem
838 2707 1072 2782 quidem
1102 2707 1409 2765 succedere
1451 2725 1621 2782 posse
1666 2705 1894 2763 Christo
1944 2705 2004 2762 in
2033 2705 2233 2763 eodem
2283 2706 2500 2780 ordine,
2560 2707 2697 2780 quia
2723 2706 2876 2765 vixit
2926 2708 2990 2764 in

578 2794 874 2858 aeternum,
897 2785 999 2842 sed
1018 2786 1162 2843 nihil
1185 2785 1412 2844 obstare
1432 2785 1738 2861 quominus
1761 2784 1867 2842 sub
1888 2783 1989 2842 illo
2009 2785 2105 2842 alii
2118 2785 2507 2860 instituantur,
2539 2795 2603 2843 ut
2625 2786 2674 2863 ej
2684 2806 2748 2843 us
2762 2785 2992 2844 Vicarii

579 2874 636 2923 et
666 2854 938 2938 Ministri,
971 2873 1035 2924 ut
1076 2865 1214 2923 licet
1264 2864 1526 2924 Christus
1557 2864 1633 2922 sit
1660 2863 1863 2923 unicus
1889 2864 2094 2923 Pastor
2134 2876 2193 2923 et
2242 2866 2462 2923 Doctor
2503 2874 2713 2939 noster,
2766 2865 2984 2924 Matth.

578 2944 743 3001 xxiii.
790 2947 844 3019 8,
891 2954 1133 3021 possunt
1174 2953 1366 3003 tamen
1412 2944 1535 3003 sine
1563 2945 1689 3021 ejus
1738 2943 2073 3020 praejudicio
2120 2944 2219 3001 alii
2259 2946 2539 3003 Doctores
2583 2944 2882 3003 inferiores
2929 2956 2990 3003 et

579 3024 848 3083 Pastores
889 3024 1072 3083 dari.’'
1160 3028 1213 3083 1.
1259 3025 1406 3099 Quia
1453 3024 1577 3082 haec
1606 3023 1899 3082 distinctio
1928 3032 2121 3100 aperte
2150 3024 2210 3081 in
2239 3044 2304 3082 os
2326 3025 2664 3083 contradicit
2695 3024 2986 3101 Apostolo

576 3104 806 3181 dicenti,
842 3104 994 3163 Heb.
1025 3105 1125 3164 vii.
1157 3109 1253 3180 24,
1316 3103 1713 3163 Sacerdotium
1743 3102 1956 3161 Christi
1984 3123 2109 3161 esse
2163 3101 2511 3195 irrugiens-ov,
2542 3103 2619 3162 id.
2664 3124 2779 3162 non
2808 3105 2985 3162 modo

572 3195 931 3263 perpetuum,
985 3185 1088 3245 sed
1116 3185 1270 3262 quod
1300 3184 1374 3243 ad
1403 3185 1574 3242 alium
1621 3203 1737 3241 non
1766 3183 1948 3258 possit
1989 3184 2316 3241 transmitti.
2376 3184 2461 3243 At
2489 3185 2539 3242 si
2565 3184 2759 3260 plures
2787 3194 2984 3242 essent

581 3266 920 3324 Sacerdotes
971 3265 1312 3339 secundarii,
1363 3264 1644 3322 haberent
1686 3261 2068 3321 sacerdotium
2116 3263 2519 3340 participatum
2567 3284 2601 3320 a
2646 3262 2874 3321 Christo
2907 3264 2981 3321 ad

572 3343 731 3420 ipsos
787 3346 1204 3404 transmissum.
1291 3349 1347 3402 2.
1403 3344 1716 3420 Repugnat
1764 3342 1934 3400 etiam
1996 3349 2135 3417 typo
2160 3365 2174 3416 ;
2221 3342 2370 3399 Nam
2404 3342 2797 3402 Sacerdotium
2828 3342 2978 3400 Mel-

573 3421 862 3481 chisedeci
881 3424 994 3481 tale
1018 3424 1143 3497 fuit,
1169 3433 1233 3482 ut
1261 3423 1450 3480 nullos
1473 3423 1737 3480 habuerit
1766 3420 2085 3498 adjunctos,
2108 3422 2230 3479 sive
2259 3431 2324 3479 ut
2352 3442 2727 3496 successores,
2761 3421 2885 3479 sive
2915 3432 2980 3480 ut

577 3500 859 3573 Vicarios,
892 3511 951 3559 et
984 3502 1324 3560 Sacerdotes
1347 3501 1731 3575 secundariOS,
1765 3501 1865 3558 sed
1895 3502 1954 3558 in
2000 3521 2113 3559 uno
2145 3501 2570 3560 Melchisedeco
2598 3501 2767 3559 suerit
2795 3501 2978 3559 inclu-

576 3597 721 3653 sum,
754 3579 990 3638 excluso
1020 3580 1279 3656 quolibet
1300 3580 1432 3637 alie.
1477 3580 1621 3637 Cum
1642 3600 1779 3655 ergo
1800 3580 2060 3638 Christus
2090 3581 2164 3639 sit
2189 3581 2469 3640 Sacerdos
2493 3581 2805 3639 secundum
2825 3581 2977 3639 ordi—

579 3677 710 3714 nem
736 3658 1161 3732 Melchisedeci‚
1194 3658 1367 3717 debet
1407 3678 1532 3717 esse
1561 3659 1781 3733 unicuS,
1813 3668 1878 3716 ut
1906 3679 2072 3739 nemo
2117 3661 2222 3737 ipsi
2271 3661 2330 3718 in
2378 3662 2489 3719 hoc
2533 3680 2766 3718 munere
2795 3660 2979 3736 possit

576 3736 816 3814 adjungi
844 3758 1186 3814 quocunque
1221 3737 1466 3813 nomine,
1499 3746 1599 3796 aut
1636 3746 1937 3814 praetextu,
1980 3738 2185 3813 socius,
2218 3760 2527 3817 successor,
2566 3749 2665 3798 aut
2698 3739 2977 3797 Sacerdos

575 3817 964 3877 secundarius.
1014 3818 1075 3877 Si
1105 3818 1256 3875 enim
1287 3819 1471 3893 figura
1497 3817 1865 3894 restringitur
1880 3817 1953 3875 ad
1976 3838 2147 3875 unam
2176 3839 2493 3895 personam,
2515 3840 2616 3878 cur
2636 3839 2752 3876 non
2768 3819 2977 3895 potiori

567 3896 698 3972 jure
729 3897 941 3956 veritas
969 3900 997 3956 Ρ
1081 3897 1158 3955 Et
1187 3897 1235 3955 si
1258 3917 1332 3955 ex
1362 3917 1429 3955 eo
1458 3897 1616 3974 quod
1646 3896 2035 3956 Melchisedec
2077 3898 2299 3956 nullum
2324 3918 2709 3958 successorem
2753 3898 2972 3973 habuit,

572 3974 718 4033 bene
750 3978 1043 4055 colligitur
1092 3998 1198 4036 nec
1230 3977 1523 4036 Christum
1555 3977 1754 4035 'ullum
1795 3977 2023 4050 habere,
2058 3978 2173 4035 Cur
2219 3997 2336 4035 non
2362 3979 2577 4055 pariter
2605 3998 2679 4037 ex
2721 3999 2788 4037 eo
2818 3978 2976 4054 quod

574 4055 797 4113 nullum
826 4057 1150 4116 inferiorem
1207 4057 1426 4130 habuit,
1487 4055 1853 4116 concluditur
1906 4056 2120 4131 pariter
2169 4057 2459 4116 Christum
2501 4058 2691 4116 nullos
2718 4058 2976 4116 habere?

574 4135 956 4195 Confirmatur
983 4157 1058 4195 ex
1086 4157 1154 4194 eo
1183 4136 1339 4213 quod
1370 4136 1428 4193 in
1467 4136 1769 4194 vocatione
1813 4133 2064 4193 Aaronis
2095 4155 2319 4213 semper
2346 4138 2447 4197 fiat
2484 4139 2698 4196 mentio
2726 4138 2971 4195 filiorum

569 4221 630 4271 et
656 4223 1013 4289 posterorum
1033 4216 1175 4292 ejus,
1202 4215 1306 4274 sed
1343 4226 1605 4291 respectu
1638 4213 2046 4271 Melchisedeci
2092 4214 2191 4274 fiat
2221 4226 2443 4275 tantum
2472 4217 2687 4276 mentio
2714 4237 2973 4294 personae

489 4334 522 4353 ‹-
571 4292 769 4368 ipsiuS,
811 4314 924 4352 non
974 4294 1088 4352 alia
1117 4304 1269 4353 certe
1317 4293 1390 4352 de
1419 4314 1607 4366 causa,
1649 4312 1820 4369 quam
1867 4303 1929 4351 ut
1957 4294 2294 4353 ostendatur
2345 4297 2741 4355 Sacerdotium
2787 4296 2972 4355 Aaro-

570 4371 762 4430 nicum
805 4375 905 4431 uni
929 4375 1205 4450 Familiae,
1251 4371 1353 4431 sed
1403 4372 1987 4431 Melchisedecianum
2024 4375 2126 4431 uni
2148 4372 2424 4434 Personoe
2452 4375 2796 4435 destinatum
2828 4396 2973 4435 esse.

568 4453 624 4507 3.
661 4452 999 4510 Sacerdotes
1048 4454 1142 4511 isti
1173 4451 1513 4528 secundarii,
1547 4452 1642 4509 vel
1690 4460 1824 4510 sunt
1851 4452 2111 4527 ejusdem
2161 4456 2371 4531 speciei
2400 4476 2527 4513 cum
2558 4456 2845 4532 primario,
2877 4457 2976 4515 vel

565 4528 829 4606 diversae‚
863 4531 962 4589 sed
994 4542 1258 4591 neutrum
1287 4531 1401 4588 dici
1430 4539 1636 4608 potest.
1722 4531 1853 4590 Non
1876 4532 2177 4608 posterius,
2209 4534 2345 4610 quia
2374 4535 2454 4592 sic
2484 4535 2774 4593 diversum
2806 4556 2977 4612 opor·

569 4617 715 4666 teret
743 4629 870 4667 esse
901 4610 1260 4686 sacrificium,
1292 4611 1448 4685 quod
1472 4610 1757 4686 offerrent,
1791 4632 1823 4668 a
1868 4611 2080 4670 Christi
2114 4612 2421 4689 SacrificiO,
2449 4613 2605 4691 quod
2630 4614 2975 4674 Adversarii

1439 4830 1467 4848 9
