3221 5200
547 351 662 408 190
1431 366 1617 408 Locus
1646 367 2047 409 nuonscmus.
2557 347 2826 429 [Quffls‘r.
2857 367 2943 407 v1.

540 527 775 565 manum
804 526 879 565 ex
920 525 1035 564 uno
1066 507 1404 584 sanguine,''
1450 505 1577 584 &c.‚
1626 510 1662 541 “
1691 516 1756 566 ut
1797 517 2118 586 quaererent
2162 509 2368 582 Deum,
2415 508 2462 565 si
2505 507 2651 566 forte
2692 508 2945 585 palpent,

542 607 674 645 eum
705 595 764 645 et
790 586 1146 661 inveniant,''
1178 585 1305 662 &c.,
1350 587 1538 646 innuit
1568 588 1803 665 quidem
1837 589 2024 646 Deum
2059 589 2140 647 ita
2169 608 2230 646 se
2272 587 2610 664 patefecisse
2639 588 2700 644 in
2741 596 2947 644 natura

542 687 645 743 per
674 666 1032 724 Creationem
1069 674 1128 724 et
1170 667 1619 743 Providentiam,
1667 676 1725 726 et
1766 688 1868 744 per
1894 668 2056 725 varia
2096 667 2391 741 beneficia,
2439 687 2568 743 quae
2614 666 2947 725 hominibus

543 745 787 805 subinde
808 745 1089 821 indulget,
1113 754 1180 803 ut
1206 746 1509 805 debuerint
1535 767 1837 824 assurgere
1859 747 1934 804 ad
1962 747 2351 823 quaerendum,
2376 746 2454 805 id.
2478 746 2945 823 cognoscendum

541 835 601 884 et
628 825 932 884 colendum
961 825 1259 883 authorem
1290 845 1474 883 suum.
1563 827 1681 884 Sed
1707 846 1822 885 non
1849 835 2042 903 potest
2069 826 2337 885 concludi
2365 846 2433 884 eo
2462 826 2703 884 consilio
2732 834 2790 884 et
2830 825 2945 883 fine

546 906 735 969 Deum
762 905 872 962 hoc
901 912 1189 983 praestare,
1219 914 1285 963 ut
1312 906 1573 963 homines
1602 907 1790 983 ipsum
1820 915 2081 982 quaerant
2108 906 2451 981 salutariter,
2482 906 2541 963 id
2571 913 2676 980 est,
2709 904 2784 962 ad
2812 924 2946 962 eum

544 985 898 1061 confugiant,
951 993 1010 1042 et
1054 985 1297 1059 gratiam
1343 986 1470 1063 ejus
1518 993 1811 1062 expetant.
1900 989 1951 1044 1.
1984 986 2132 1059 Quia
2175 985 2471 1062 inquisitio
2518 986 2631 1044 ista
2679 983 2951 1062 supponit

541 1065 716 1123 fidem
745 1065 805 1120 in
832 1064 1175 1139 requirente,
1211 1064 1362 1122 Heb.
1394 1065 1474 1122 xi.
1506 1067 1560 1140 6,
1606 1085 1735 1139 quae
1777 1084 1893 1122 non
1937 1063 2106 1122 datur
2146 1073 2312 1122 extra
2354 1065 2631 1139 Verbum,
2686 1064 2853 1121 Rom.
2883 1083 2944 1120 x.

547 1148 639 1202 17.
724 1147 780 1200 2.
812 1143 1030 1219 Agitur
1055 1143 1150 1201 hic
1179 1143 1251 1201 de
1273 1144 1377 1201 tali
1404 1144 1792 1221 inquisitione,
1817 1164 1946 1220 quae
1973 1143 2097 1202 fieri
2117 1151 2310 1221 potest
2338 1145 2503 1220 quasi
2516 1146 2833 1220 palpando,
2864 1142 2945 1200 id.

541 1224 603 1280 in
631 1221 838 1280 mediis
864 1223 1135 1297 tenebris,
1205 1223 1321 1282 uod
1348 1243 1466 1281 non
1484 1232 1678 1300 potest
1705 1223 1818 1282 dici
1848 1223 1920 1281 de
1948 1243 2033 1299 ea,
2064 1243 2194 1300 quae
2234 1224 2317 1297 fit,
2348 1224 2443 1282 vel
2485 1223 2847 1282 invocatione
2890 1230 2950 1280 et

540 1303 825 1380 precibuS,
857 1301 952 1360 vel
998 1301 1189 1360 studio
1239 1311 1435 1361 sancte
1479 1311 1748 1378 recteque
1777 1302 2032 1378 vivendi,
2080 1323 2210 1380 quae
2257 1303 2324 1361 fit
2373 1303 2479 1362 sub
2528 1302 2655 1361 luce
2703 1302 2840 1360 fidei
2885 1309 2945 1359 et

541 1382 725 1439 Verbi
752 1381 954 1439 divini.
1039 1385 1094 1439 3.
1128 1382 1343 1440 Paulus
1371 1382 1767 1440 accommodat
1795 1402 2114 1441 sermonem
2144 1402 2312 1440 suum
2340 1382 2412 1440 iis
2440 1402 2587 1459 quos
2615 1381 2944 1458 alloquitur,

542 1461 912 1538 Philosophis
941 1460 1160 1519 scilicet
1189 1461 1535 1534 Gentilibus,
1572 1461 1803 1536 Stoicis,
1834 1470 1893 1520 et
1935 1462 2270 1538 Epicuraeis,
2315 1482 2556 1538 quorum
2600 1461 2948 1538 quaestiones

540 1550 607 1599 ut
634 1540 944 1618 plurimum
973 1548 1135 1597 erant
1163 1540 1234 1598 de
1267 1541 1375 1598 Dei
1421 1541 1746 1614 existentia,
1795 1549 1853 1599 et
1895 1541 2278 1617 providentia,
2327 1561 2432 1599 1166
2478 1541 2629 1600 ultra
2671 1540 2946 1617 procede-

541 1621 700 1679 bant.
787 1619 1053 1679 Ostendit
1082 1639 1220 1696 ergo
1248 1628 1334 1679 tot
1362 1630 1560 1678 extare
1588 1620 1934 1679 documenta
1961 1621 2288 1679 existentiae
2318 1629 2376 1679 et
2402 1620 2781 1697 providentiae
2814 1620 2941 1694 Dei,

537 1707 604 1758 ut
632 1699 853 1776 palpari
881 1720 917 1757 a
944 1699 1111 1757 caecis
1140 1718 1368 1775 quoque
1407 1699 1627 1776 possit;
1672 1719 1780 1757 nec
1822 1700 2067 1777 amplius
2110 1700 2226 1758 illis
2253 1701 2348 1758 vel
2389 1699 2526 1775 fato,
2558 1700 2655 1758 vel
2699 1699 2942 1758 fortunae

538 1780 832 1838 haeredum
862 1798 1005 1854 esse,
1038 1777 1140 1836 sed
1167 1778 1242 1836 ad
1273 1780 1463 1838 Deum
1491 1778 1677 1837 solum
1717 1780 2137 1856 respiciendum
2168 1780 2496 1838 Creatorem
2538 1788 2596 1838 et
2626 1778 2941 1837 Conserva-

538 1868 722 1918 torem
774 1857 999 1917 Mundi.
1102 1861 1158 1915 4.
1205 1857 1523 1934 Apostolus
1565 1866 1753 1931 vocat,
1799 1880 1856 1917 v.
1901 1862 1997 1933 30,
2048 1860 2208 1916 illam
2257 1858 2759 1936 dispensationem,
2790 1878 2941 1934 resp.

539 1938 877 2013 Gentilium,
930 1947 1141 2012 tempus
1181 1938 1529 2013 iynorantioe,
1580 1938 1738 2015 quod
1784 1939 2021 2015 opponit
2069 1947 2323 1997 externae
2370 1938 2711 1997 revelationi
2740 1938 2940 2008 Verbi,

537 2039 666 2095 quae
694 2017 761 2076 fit
788 2018 847 2074 in
878 2017 1046 2075 Novo
1074 2018 1461 2092 TestamentO,
1493 2036 1607 2093 qua
1634 2016 1945 2076 denunciat
1972 2017 2239 2077 omnibus
2280 2026 2347 2076 ut
2385 2018 2740 2095 rcsipiscant,
2785 2017 2944 2093 quod

537 2098 653 2156 dici
682 2118 797 2156 non
825 2097 1123 2173 potuisset,
1156 2097 1206 2154 si
1234 2097 1608 2155 sufficientem
1638 2096 2047 2156 revelationem
2076 2096 2153 2154 ad
2193 2096 2437 2156 salutem
2475 2098 2617 2174 ipsis
2645 2096 2940 2155 exhibuis-

538 2186 644 2236 set.
730 2177 852 2235 Nec
882 2177 930 2234 si
969 2175 1127 2251 dicit,
1172 2178 1359 2234 Deum
1400 2197 1546 2234 nunc
1586 2177 1833 2235 omnibus
1875 2178 2213 2235 denunciare
2253 2186 2317 2235 ut
2353 2178 2551 2253 ubique
2590 2177 2938 2253 resipiscant,

539 2256 799 2334 sequitur
845 2256 1226 2314 Vocationem
1277 2256 1383 2314 sub
1433 2256 1601 2315 Novo
1650 2256 2022 2315 Testamento
2070 2276 2196 2314 esse
2243 2256 2630 2315 universalem
2678 2265 2944 2333 respectu

540 2336 796 2395 omnium
824 2344 882 2394 et
910 2335 1302 2412 singulorum;
1347 2355 1462 2393 non
1491 2336 1678 2412 magis
1706 2356 1896 2413 quam,
1930 2336 2150 2394 Coloss.
2182 2336 2220 2394 i.
2251 2339 2346 2411 23,
2378 2356 2556 2412 quum
2600 2336 2817 2395 Paulus
2859 2336 2942 2394 ait

542 2419 578 2450 “
609 2416 997 2491 Evangelium
1026 2413 1398 2491 praedicatum
1425 2416 1601 2473 fuisse
1631 2416 1788 2472 omni
1815 2424 2089 2475 ereaturae
2118 2415 2226 2474 sub
2255 2415 2461 2491 coe10,''
2492 2424 2684 2492 potest
2724 2416 2940 2492 colligi,

533 2498 656 2575 jam
685 2504 809 2554 tum
837 2494 1104 2552 omnibus
1132 2502 1191 2552 et
1219 2494 1462 2570 singulis
1506 2495 1892 2571 Evangelium
1934 2504 2188 2572 tempore
2233 2495 2400 2553 Pauli
2449 2495 2625 2554 fuisse
2667 2495 2941 2572 praedica-

540 2585 683 2634 tum.
772 2574 867 2633 Sic
896 2593 1035 2650 ergo
1063 2582 1295 2632 notatur
1323 2581 1544 2632 tantum
1583 2575 1931 2649 generalitas
1959 2575 2300 2634 Vocationis
2341 2575 2415 2634 ad
2457 2594 2657 2634 omnes
2697 2574 2943 2653 populos

541 2664 601 2713 et
628 2673 902 2731 personas
940 2652 1453 2725 indiscriminatim,
1486 2654 1745 2730 opposite
1776 2653 1850 2712 ad
1879 2655 2067 2713 Vetus
2094 2655 2543 2730 Testamentum,
2590 2656 2698 2715 sub
2726 2674 2840 2732 quo
2868 2655 2945 2712 ad

542 2734 770 2791 unicam
800 2740 1032 2808 gentem
1059 2731 1530 2807 restringebatur.

626 2812 876 2869 XXVI.
922 2811 1079 2868 Loca
1124 2811 1308 2885 Pauli,
1358 2812 1525 2870 Rom.
1556 2811 1593 2869 i.
1631 2814 1720 2886 19,
1753 2816 1848 2888 20,
1900 2822 1958 2872 et
1985 2834 2108 2890 cap.
2140 2814 2198 2872 ii.
2228 2818 2284 2889 4,
2335 2834 2464 2891 quae
2508 2816 2603 2873 hic
2643 2821 2940 2892 urgentur,

543 2911 789 2951 excussa
817 2899 952 2949 sunt
981 2890 1046 2948 P.
1086 2890 1133 2947 I.
1181 2890 1284 2948 Lo.
1310 2890 1360 2948 I.
1406 2892 1473 2966 Q.
1514 2895 1570 2965 4,
1617 2892 1754 2950 Vid.
1785 2892 1958 2951 etiam
1989 2894 2092 2951 Lo.
2124 2895 2234 2952 IV.
2266 2894 2337 2952 de
2389 2894 2664 2954 Praedest.
2724 2894 2790 2968 Q.
2846 2898 2939 2968 17,

544 2972 644 3031 ubi
673 2971 848 3029 variae
877 2970 1232 3048 objectiones
1259 2971 1373 3030 huc
1402 2972 1752 3048 pertinentes
1782 2972 1984 3031 solutae
2014 2982 2164 3032 sunt.

625 3050 909 3110 XXVII.
955 3050 1172 3108 Foedus
1216 3050 1433 3110 Gratiae
1462 3070 1577 3109 non
1605 3059 1723 3110 tam
1751 3052 1866 3110 late
1896 3061 2090 3128 patere
2119 3053 2309 3125 debet,
2341 3073 2512 3130 quam
2543 3053 2732 3113 foedus
2761 3054 2940 3112 Natu-

541 3154 636 3209 rae,
681 3133 818 3191 licet
854 3130 1130 3189 beneficia
1173 3131 1289 3189 sint
1317 3131 1644 3209 amplianda
1667 3155 1681 3191 ι
1727 3131 1875 3207 Quia
1903 3133 2106 3191 Gratia
2127 3153 2258 3191 cum
2284 3132 2451 3210 lapsu
2481 3134 2655 3192 debet
2681 3133 2943 3207 conferri,

538 3235 655 3273 non
685 3213 744 3269 in
772 3212 1101 3286 extensione,
1133 3211 1300 3288 quasi
1328 3212 1565 3288 aequalis
1593 3212 1782 3271 forent
1806 3212 2146 3287 latitudinis,
2177 3232 2293 3289 quo
2323 3233 2494 3271 sensu
2523 3233 2722 3271 omnes
2751 3233 2944 3272 serva·

539 3302 739 3354 rentur
764 3312 867 3368 per
895 3291 1204 3364 Christum,
1236 3299 1518 3368 quotquot
1545 3292 1837 3368 perierunt
1864 3312 1966 3368 per
1995 3291 2305 3367 Adamum,
2338 3293 2441 3351 sed
2468 3293 2528 3349 in
2556 3293 2858 3351 intensione
2885 3300 2945 3351 et

540 3373 809 3443 efficacia,
841 3379 900 3428 et
926 3370 1009 3428 sic
1036 3389 1235 3428 verum
1266 3379 1371 3444 est,
1402 3370 1559 3446 quod
1587 3371 1688 3428 ubi
1714 3371 2032 3430 abundavit
2058 3381 2374 3448 peccatum,
2405 3372 2486 3430 ibi
2514 3372 2944 3448 superabunda·

540 3454 628 3511 vit
649 3450 850 3527 gratia,
882 3449 1019 3524 quia
1046 3449 1177 3525 plus
1205 3456 1294 3506 est
1319 3469 1499 3506 unum
1527 3469 1777 3524 servare,
1808 3470 1980 3527 quam
2007 3451 2166 3509 mille
2194 3452 2452 3529 perdere.

622 3528 942 3586 XXVIII.
991 3528 1054 3585 Si
1084 3526 1276 3584 Adam
1305 3527 1364 3583 in
1394 3526 1605 3586 foedere
1634 3538 1853 3587 naturae
1894 3538 1952 3589 et
1980 3531 2039 3588 in
2068 3530 2232 3607 lapsu
2262 3551 2461 3590 omnes
2488 3529 2939 3608 repraesentavit,

539 3629 657 3667 non
686 3606 945 3682 sequitur
970 3605 1031 3662 id
1059 3605 1183 3663 fieri
1209 3606 1424 3681 pariter
1449 3606 1509 3664 in
1538 3608 1897 3667 restitutione
1926 3618 1984 3668 et
2012 3609 2225 3669 foedere
2254 3612 2472 3687 gratiae.
2559 3610 2708 3684 Quia
2734 3609 2825 3667 vis
2851 3629 2942 3667 re·

540 3684 1000 3767 praesentationis
1028 3685 1279 3743 cessavit
1308 3686 1366 3742 in
1394 3685 1579 3762 lapsu,
1623 3688 1762 3746 dum
1791 3689 2041 3766 seipsum
2071 3698 2128 3748 et
2156 3709 2293 3748 suos
2319 3698 2582 3766 posteros
2609 3690 2668 3748 in
2698 3689 2940 3749 exitium

538 3765 937 3847 praecipitavit.
1024 3764 1196 3823 Unde
1225 3784 1341 3822 non
1369 3766 1618 3826 sustinet
1643 3767 1887 3844 amplius
1915 3788 2217 3845 personam
2267 3770 2575 3847 publicam,
2620 3769 2724 3828 sed
2750 3767 2939 3845 priva-

538 3859 675 3923 tam,
721 3858 779 3905 et
806 3845 887 3903 ita
927 3844 1132 3903 initum
1161 3853 1249 3903 est
1288 3844 1479 3903 foedus
1507 3866 1637 3904 cum
1668 3847 1809 3925 ips0‚
1843 3857 1900 3906 et
1926 3849 2171 3929 posteris
2199 3849 2341 3926 ejus,
2373 3868 2489 3906 non
2520 3849 2805 3922 omnibus,
2836 3847 2939 3906 sed

537 3931 609 3988 iis
637 3926 737 4006 qui
767 3933 901 3984 sunt
929 3924 1160 3999 Christi,
1190 3933 1250 3983 et
1276 3926 1377 4002 qui
1404 3926 1778 3986 includuntur
1805 3927 1911 3986 sub
1944 3929 2173 3986 Semine
2200 3928 2476 3987 mulieris.

619 4005 878 4066 XXIX.
922 4005 1323 4064 Promissiones
1370 4004 1604 4066 foederis
1653 4008 1853 4083 gratiae
1900 4028 2016 4065 non
2061 4016 2196 4067 sunt
2242 4010 2487 4066 absolute
2535 4015 2594 4066 et
2620 4008 2941 4083 simpliciter

536 4089 892 4162 universales,
923 4085 1059 4162 quia
1086 4106 1192 4145 1166
1220 4085 1282 4144 in
1309 4086 1444 4145 Vet.
1468 4087 1626 4145 Test.
1652 4086 1917 4146 omnibus
1945 4086 2176 4147 fuerunt
2202 4087 2600 4165 promulgatae,
2634 4088 2806 4145 Deut.
2837 4086 2937 4144 vii.

536 4175 590 4245 7,
623 4171 678 4243 8,
730 4176 788 4227 et
818 4166 914 4225 Ps.
945 4166 1142 4225 cxlvii.
1179 4168 1269 4241 19,
1300 4169 1396 4242 20,
1445 4166 1580 4224 Act.
1612 4166 1733 4224 xiv.
1769 4169 1859 4239 16,
1911 4176 1969 4225 et
1996 4167 2138 4226 xvii.
2170 4171 2265 4225 30.
2354 4167 2473 4225 Ν66
2502 4167 2941 4244 promulgantur

535 4251 595 4309 in
626 4249 794 4307 Novo
823 4247 999 4320 Test.,
1031 4266 1163 4305 cum
1190 4255 1414 4305 constet
1461 4246 1848 4323 Evangelium
1877 4248 2200 4305 successive
2238 4247 2614 4324 praedicatum
2643 4246 2836 4321 fuisse,
2880 4254 2941 4304 et

535 4347 835 4405 superesse
884 4326 1072 4385 adhuc
1102 4327 1322 4385 Gentes
1365 4326 1642 4402 plurimas
1679 4323 1890 4401 quibus
1923 4325 2066 4383 illud
2114 4327 2461 4402 praeconium
2504 4347 2612 4384 nec
2646 4326 2802 4399 olim,
2833 4345 2941 4384 nec

533 4408 705 4466 hodie
735 4405 1011 4482 contigit;
1061 4406 1178 4463 Sed
1217 4414 1440 4464 tantum
1466 4408 1766 4463 secundum
1806 4405 1957 4481 quid,
2002 4413 2060 4463 et
2087 4406 2332 4480 limitate,
2364 4427 2439 4465 ex
2467 4406 2680 4464 divinae
2709 4406 2939 4481 dispen-

533 4486 772 4545 sationis
800 4485 1017 4561 duplici
1037 4483 1228 4557 mod0‚
1259 4484 1372 4542 alio
1399 4494 1639 4543 externo
1667 4483 1860 4561 quoad
1886 4485 2287 4561 obliqationem,
2331 4507 2462 4563 quae
2490 4487 2565 4544 ad
2587 4506 2801 4562 yenera
2827 4485 2938 4542 sin·

532 4568 793 4639 quior-um
835 4564 1168 4622 extenditur
1210 4563 1725 4638 indiscriminatim,
1771 4563 1907 4622 licet
1956 4584 2069 4622 non
2119 4565 2194 4622 ad
2223 4566 2453 4642 singula
2481 4585 2775 4641 generum,
2821 4565 2936 4622 alio

534 4645 758 4702 interno
787 4642 977 4718 quoad
1022 4643 1450 4719 applicationem
1493 4652 1552 4701 et
1580 4643 1843 4719 fructum,
1891 4653 2156 4721 respectu
2205 4645 2446 4702 omnium
2494 4654 2545 4701 et
2589 4647 2937 4720 sinqulorum
