3221 5200
487 364 599 424 102
1385 391 1568 434 Locus
1597 390 1958 434 unnscnms.
2446 371 2703 453 [Qvffisr.
2736 389 2885 431 xvn.

485 524 623 601 quia
649 527 759 587 hoc
789 548 904 588 non
933 538 1051 590 tam
1080 531 1431 592 defensionis
1458 534 1711 594 habebat
1740 535 2007 613 speciem,
2052 554 2181 611 quae
2210 533 2432 593 inutilis
2461 531 2662 592 fuisset
2690 541 2889 592 contra

485 612 704 665 tantam
749 610 1195 688 multitudinem,
1222 634 1396 692 quam
1438 616 1751 691 vindictae;
1797 614 2005 674 deinde
2047 635 2162 673 non
2204 621 2611 691 expectaverat
2653 614 2887 671 manda-

489 692 614 743 tum
646 688 898 768 Domini,
930 693 1029 769 qui
1070 694 1174 752 tali
1215 694 1515 754 defensore
1557 716 1676 754 non
1719 715 1863 773 opus
1904 695 2171 770 habebat,
2205 694 2307 754 sed
2343 694 2797 771 praecipitantius
2826 713 2888 751 se

485 777 764 841 gesserat.

490 881 968 989 ¹¹{ffl‘1’ssnz'ss‘33stg
1007 853 2893 1012 1„{50{111.'¹³3{?.3‚’„¹;?¹¹.132⁰?11b31332f33113323‘3,fflssssiffli

545 1001 752 1046 ⁰⁸⁸⁰²¹⁰·
1009 1013 1230 1072 ratione
1274 1015 1349 1073 sit
1390 1015 1692 1092 intentum,
1739 1023 1797 1074 et
1830 1015 1999 1074 dolus
2027 1023 2087 1074 et
2127 1014 2297 1091 culpa
2337 1015 2545 1089 absint,
2590 1012 2761 1090 quale
2791 1013 2890 1071 de-

488 1087 760 1146 scribitur
791 1089 1103 1151 Deuteron.
1134 1094 1259 1151 xix.
1288 1098 1344 1170 4,
1377 1097 1434 1153 5.
1519 1096 1677 1153 Hinc
1705 1095 2019 1154 constituta
2054 1115 2158 1173 pro
2187 1094 2401 1154 talibus
2430 1094 2610 1170 asyla,
2642 1101 2699 1151 et
2727 1094 2891 1151 urbes

487 1168 710 1243 refiaqii,
754 1167 815 1225 in
842 1189 987 1246 quas
1016 1192 1078 1232 se
1106 1174 1359 1251 recipere
1400 1183 1667 1251 poterant
1706 1175 2027 1250 homicidae,
2072 1196 2146 1233 ne
2175 1175 2324 1234 Go‘el
2368 1194 2468 1233 seu
2511 1173 2729 1231 vindex
2759 1193 2889 1230 san-

489 1246 686 1322 guinis
713 1256 846 1307 ante
875 1270 1104 1310 causam
1136 1253 1426 1330 cognitam
1455 1255 1646 1314 furore
1685 1265 1981 1332 correptus
2010 1255 2277 1313 obrueret
2304 1255 2686 1312 innocentem.
2775 1252 2892 1311 Sed

488 1326 601 1384 hoc
641 1347 940 1409 perperam
982 1334 1314 1393 extenditur
1353 1334 1415 1393 in
1450 1335 1677 1412 Papatu
1717 1335 1791 1393 ad
1833 1335 2072 1411 quosvis
2114 1335 2431 1394 nebulones
2473 1342 2531 1392 et
2570 1333 2892 1391 homicidas

489 1407 866 1546 involuntarios,
897 1411 1190 1490 virginum
1234 1423 1493 1493 raptores
1534 1424 1594 1474 et
1638 1415 1785 1492 sim„
1816 1415 2027 1492 quibus
2074 1416 2301 1492 asylum
2346 1422 2541 1492 patere
2582 1413 2789 1472 volunt
2830 1413 2891 1471 in

517 1507 636 1546 ocis
664 1507 862 1548 sacris.

495 1611 635 1659 Κατὰ
660 1613 784 1662 sim
900 1622 974 1668 h·-
1097 1574 1252 1634 XX.
1282 1579 1436 1634 Κατὰ
1463 1576 1605 1636 θέσιν
1631 1576 1968 1654 prohibetur
1994 1576 2376 1636 Homicidium
2396 1576 2702 1651 privatum,
2735 1573 2893 1650 quod

549 1675 695 1721 betur
724 1637 975 1727 omxla'gohg-
1015 1655 1243 1733 privata
1269 1657 1636 1731 authoritate,
1668 1665 1727 1714 et
1755 1657 1888 1716 dolo
1917 1658 2088 1733 malo,
2122 1657 2244 1715 sive
2274 1676 2349 1715 ex
2377 1655 2510 1713 odio
2533 1663 2591 1713 et
2617 1653 2894 1712 vindictae

549 1735 796 1781 micidium
817 1742 972 1799 priva.
1015 1736 1224 1811 studi0‚
1257 1737 1380 1795 sive
1410 1757 1484 1796 ex
1512 1737 1628 1796 alio
1656 1736 1850 1814 aliquo
1879 1737 2031 1796 malo
2060 1736 2270 1795 affectu
2297 1735 2625 1813 peragitur3
2671 1734 2794 1792 sive
2830 1733 2893 1791 id

547 1797 671 1838 ‘¹¹⁰¹‘
1013 1816 1116 1875 fiat
1142 1817 1219 1892 vi,
1253 1817 1376 1876 sive
1405 1827 1551 1892 astu,
1585 1817 1709 1875 sive
1738 1817 1903 1891 ferro,
1937 1818 2060 1876 sive
2091 1837 2344 1891 veneno;
2390 1816 2513 1874 sive
2543 1815 2757 1872 directe
2787 1833 2893 1890 per

492 1908 571 1965 se,
604 1891 728 1952 sive
757 1895 1035 1956 indirecte
1064 1917 1168 1974 per
1193 1897 1388 1971 alium,
1433 1896 1724 1975 quomodo
1748 1897 1943 1956 David
1975 1898 2177 1957 Uriam
2210 1916 2313 1973 per
2341 1896 2484 1953 alios
2512 1893 2698 1953 occidi
2728 1914 2889 1951 cura-

489 1971 595 2031 vit.
683 1975 855 2036 Unde
884 1976 1256 2036 Abrahamus
1283 1996 1399 2034 non
1429 1977 1634 2036 fuisset
1660 1986 2000 2054 peccaturus
2029 1977 2090 2034 in
2117 1977 2285 2036 istam
2318 1976 2553 2053 Legem,
2597 1974 2645 2033 si
2674 1973 2747 2031 ad
2780 1974 2892 2031 Dei

491 2053 827 2114 mandatum
854 2065 1165 2116 mactasset
1192 2055 1374 2114 filium
1405 2077 1590 2130 suum,
1637 2058 1774 2135 quia
1801 2057 1860 2114 id
1890 2057 2118 2116 fecisset
2147 2077 2221 2116 ex
2250 2056 2599 2116 authoritate
2628 2073 2895 2133 suprema

489 2131 649 2191 illius
677 2136 777 2211 qui
797 2137 898 2213 jus
924 2136 1101 2195 habet
1128 2136 1264 2195 vitae
1294 2145 1352 2196 et
1378 2137 1537 2195 necis
1565 2137 1627 2195 in
1655 2156 1872 2196 omnes.

575 2213 767 2274 XXI.
813 2217 988 2276 Ratio
1038 2217 1351 2276 sanctionis
1394 2218 1624 2294 triplex,
1670 2217 1884 2292 divina,
1930 2216 2227 2292 naturalis,
2272 2223 2331 2274 et
2385 2215 2613 2274 civilis:
2657 2214 2892 2289 Divina,

493 2293 666 2369 quod,
700 2315 828 2354 cum
857 2298 1031 2357 homo
1076 2297 1189 2355 Dei
1218 2298 1292 2356 sit
1320 2298 1530 2376 imago,
1561 2317 1680 2356 non
1719 2298 1904 2375 possit
1932 2318 2001 2357 ea
2042 2297 2391 2371 labefactari,
2438 2296 2561 2354 sine
2590 2294 2896 2352 manifesta

493 2382 552 2430 et
581 2375 862 2454 sacrilega
892 2378 1005 2436 Dei
1032 2377 1329 2455 archetypi
1359 2379 1609 2455 vitaeque
1638 2388 1851 2437 nostrae
1881 2378 2079 2437 arbitri
2108 2387 2167 2437 et
2197 2375 2431 2435 Domini
2460 2375 2614 2434 unici
2643 2374 2892 2452 injuria3

492 2454 813 2530 Naturalis,
858 2458 995 2534 quia
1022 2477 1155 2515 cum
1193 2458 1385 2516 omnia
1426 2469 1632 2517 natura
1674 2478 1778 2517 sua
1819 2458 2312 2517 conservationem
2355 2463 2644 2533 appetant,
2690 2455 2898 2512 merito

491 2532 691 2593 hostes
738 2545 959 2595 naturae
1007 2537 1273 2595 humanae
1323 2547 1645 2611 censentur,
1698 2537 1798 2614 qui
1845 2538 2064 2597 homini
2106 2538 2287 2595 vitam
2336 2536 2622 2614 eripiunt3
2682 2535 2891 2611 Civilis,

493 2613 631 2688 quia
659 2616 903 2674 societas
933 2617 1139 2691 civilis,
1170 2637 1299 2693 quse
1329 2617 1565 2694 flagitiis
1593 2618 1817 2678 caeteris
1844 2619 2091 2696 laeditur,
2131 2618 2428 2677 homicidii
2457 2617 2693 2676 crimine
2733 2636 2894 2693 pror-

494 2710 594 2750 sus
621 2694 988 2770 perturbatur
1016 2704 1075 2755 et
1101 2697 1399 2756 evertitur.

1103 2776 1326 2835 XXII.
1376 2776 1498 2836 Sub
1547 2778 1881 2837 Homicidio
1920 2779 2052 2857 lege
2096 2780 2366 2838 damnato
2409 2777 2773 2850 includimuS,
2840 2779 2894 2834 1.

1022 2859 1332 2938 αὖτοχειςιὶυ
1360 2865 1657 2935 tantopere
1686 2859 1978 2918 laudatam
2011 2860 2241 2935 Stoicis,
2275 2879 2470 2918 eorum
2495 2859 2595 2935 qui
2624 2857 2767 2915 citra
2788 2876 2892 2915 vo-

1018 2935 1298 2997 luntatem
1355 2939 1564 2997 summi
1613 2939 1983 3016 Imperatoris
2034 2941 2340 2999 stationem
2385 2940 2538 2997 hanc
2587 2938 2893 3011 deserunt;

497 3013 646 3073 Nam
666 3015 778 3075 hoc
805 3027 1091 3096 praecepto
1113 3039 1229 3078 non
1251 3019 1440 3078 minus
1469 3021 1750 3094 αὐτοφυέσι,
1775 3040 1946 3097 quam
1976 3022 2255 3101 ἔπςοφοιίιι,
2280 3019 2466 3078 scelus
2494 3019 2554 3076 in
2584 3037 2644 3075 se
2674 3016 2896 3075 exerci-

494 3102 618 3154 tum
648 3116 715 3155 ac
744 3097 803 3155 in
831 3099 1025 3176 alium,
1049 3101 1402 3178 prohibetur.
1468 3100 1618 3159 Nam
1645 3100 1781 3160 licet
1810 3102 2061 3162 secunda
2088 3100 2286 3159 tabula
2303 3099 2569 3157 videatur
2595 3097 2670 3155 ad
2696 3096 2895 3173 proxi-

496 3196 654 3236 mum
682 3179 994 3258 terminari,
1037 3200 1154 3240 non
1182 3182 1373 3240 minus
1400 3189 1594 3240 tamen
1636 3182 1920 3257 pertinere
1949 3180 2237 3241 censenda
2265 3187 2353 3238 est
2386 3179 2461 3237 ad
2486 3177 2777 3237 hominem
2807 3195 2895 3234 re-

497 3268 697 3332 spectu
727 3260 815 3317 sui
843 3260 1042 3337 ipsius,
1075 3282 1206 3321 cum
1234 3261 1479 3338 quilibet
1499 3262 1799 3338 proximus
1828 3262 1903 3320 sit
1932 3263 2070 3334 sibi;
2102 3261 2218 3318 imo
2248 3278 2378 3317 cum
2407 3259 2538 3335 quis
2565 3256 2893 3334 proximum

497 3336 740 3413 diligere
767 3347 833 3397 ut
861 3341 1130 3416 seipsum,
1177 3350 1235 3399 et
1262 3342 1442 3399 vitam
1472 3342 1600 3418 ejus
1628 3349 1695 3399 ut
1723 3361 1884 3399 suam
1913 3342 2060 3400 tueri
2089 3348 2368 3413 teneatur,
2414 3359 2482 3397 eo
2511 3339 2635 3416 ipso
2664 3355 2777 3412 quo
2806 3336 2895 3393 in·

498 3416 799 3473 terdicitur
826 3418 986 3475 laesio
1016 3419 1152 3477 vitae
1180 3420 1447 3495 proximi,
1478 3420 1652 3496 longe
1683 3420 1886 3478 fortius
1914 3421 2074 3479 laesio
2101 3421 2238 3478 vitae
2266 3419 2511 3495 propriae
2539 3415 2893 3494 prohibetur.

581 3493 841 3552 XXIII.
887 3496 1311 3556 Gravissimum
1353 3517 1492 3556 vero
1532 3507 1832 3574 peccatum
1875 3520 2001 3558 esse
2042 3500 2349 3580 αὐτοχειρίαν
2383 3519 2457 3556 ex
2484 3499 2577 3555 his
2617 3504 2793 3573 patet.
2841 3498 2895 3554 1.

503 3572 652 3645 Quia
679 3571 852 3632 homo
878 3575 1115 3656 αὖτδχιις
1157 3586 1357 3654 peccat
1385 3578 1444 3635 in
1475 3580 1678 3653 Deum,
1725 3578 2067 3639 incurrendo
2097 3581 2155 3638 in
2185 3582 2311 3657 ejus
2351 3579 2762 3650 authoritatem,
2794 3575 2896 3652 qui

501 3651 660 3709 solus
689 3661 778 3710 est
820 3654 1105 3714 Dominus
1134 3657 1269 3715 vitae
1293 3679 1307 3731 3
1352 3657 1412 3714 in
1441 3658 1568 3734 ejus
1595 3658 1906 3734 bonitatem,
1951 3661 2051 3736 qui
2080 3660 2267 3736 ipsum
2295 3659 2410 3717 huc
2437 3677 2619 3734 usque
2649 3666 2765 3714 tam
2795 3655 2897 3714 be·

500 3730 677 3809 nigne
706 3732 767 3790 in
795 3734 949 3793 vivis
977 3737 1376 3812 conservavit;
1423 3736 1482 3793 in
1514 3739 1948 3814 providentiam,
1981 3741 2149 3817 cujus
2178 3739 2435 3798 ordinem
2465 3737 2695 3796 turbare
2725 3755 2897 3793 cona-

498 3819 611 3871 tur.
698 3812 908 3874 Peccat
952 3815 1012 3873 in
1059 3817 1314 3893 sciptum,
1361 3818 1683 3876 naturalem
1716 3819 2161 3891 inclinationem,
2209 3839 2324 3895 qua
2351 3818 2594 3894 quisque
2644 3816 2899 3893 seipsum

498 3891 692 3971 diligit
719 3902 777 3954 et
805 3915 1032 3955 carnem
1062 3917 1223 3955 suam
1252 3897 1435 3957 nutrit
1460 3917 1528 3956 ac
1556 3898 1731 3973 fovet,
1764 3900 1977 3977 Ephes.
2010 3920 2066 3957 v.
2098 3902 2193 3974 29,
2225 3897 2516 3955 violando.
2602 3896 2813 3954 Peccat
2840 3896 2901 3952 in

499 3975 938 4052 Rempublt‘cam,
983 3977 1141 4036 illius
1183 3978 1370 4036 civem
1412 3978 1745 4055 perimendo
1770 4002 1784 4055 3
1832 3981 1902 4037 In
1929 3980 2241 4054 familiam,
2288 3978 2415 4055 ejus
2457 3975 2795 4049 membrum,
2842 3983 2902 4033 et

497 4052 645 4113 forte
671 4055 1005 4131 primarium
1034 4057 1353 4116 visceribus
1374 4059 1502 4134 ejus
1530 4058 1815 4117 violenter
1834 4059 2146 4136 eripiend0,
2179 4078 2314 4117 suos
2344 4077 2542 4115 omnes
2564 4055 2899 4132 ignominia,

500 4133 698 4193 dolore
728 4154 794 4194 ac
843 4134 1005 4195 luctu
1033 4136 1363 4215 implend03
1413 4138 1481 4195 In
1524 4139 1839 4197 Ecclesiam
1880 4147 1938 4198 et
1980 4140 2343 4215 Religionem,
2389 4136 2665 4195 doctrinae
2709 4134 2905 4192 Chris-

497 4213 669 4273 tianae
714 4215 1046 4293 ignominiae
1074 4225 1267 4276 notam
1307 4217 1605 4292 inurendo,
1638 4219 1904 4277 omnibus
1932 4219 2206 4294 dolorem,
2251 4216 2418 4275 bonis
2447 4215 2798 4289 scandalum,
2845 4222 2904 4272 et

498 4292 766 4355 hostibus
813 4297 1205 4357 insultationis
1252 4298 1630 4370 occasionem,
1659 4297 1988 4375 praebendo,
2019 4312 2025 4319 ·
2094 4299 2459 4356 Adversatur
2507 4295 2618 4371 leyt‘
2660 4303 2900 4369 naturae,

499 4391 629 4447 quse
671 4396 1138 4454 unumquemque
1179 4376 1255 4435 ad
1299 4378 1794 4436 conservationem
1841 4378 2095 4455 obligat;
2141 4385 2200 4435 et
2224 4377 2459 4455 fiduciae
2500 4384 2558 4433 et
2598 4374 2799 4451 pietati
2843 4373 2905 4430 in

502 4451 709 4528 Deum,
741 4474 870 4531 quae
899 4457 1052 4515 mala
1080 4457 1273 4516 omnia
1299 4458 1412 4516 sibi
1449 4457 1544 4515 vel
1573 4456 1831 4515 immissa
1857 4458 1953 4515 vel
2004 4456 2392 4534 impendentia
2432 4464 2498 4513 ut
2526 4475 2561 4512 a
2591 4455 2717 4512 Deo
2746 4452 2904 4510 exci-

498 4549 634 4607 pere
663 4531 869 4610 debet3
912 4539 1216 4613 sapientiae,
1248 4537 1385 4613 quia
1430 4556 1548 4595 non
1576 4545 1693 4595 tam
1723 4536 1981 4612 consilio,
2014 4556 2186 4613 quam
2215 4535 2405 4594 furore
2448 4543 2506 4593 et
2544 4534 2747 4591 insano
2796 4532 2904 4589 im-

497 4619 636 4688 petu
655 4611 728 4669 ad
749 4614 858 4672 hoc
882 4615 1104 4675 facinus
1125 4617 1445 4691 devenitur,
1460 4616 1615 4693 quod
1643 4636 1716 4675 ne
1744 4616 1963 4675 Seneca
1982 4616 2213 4694 quidem
2242 4634 2455 4692 negare
2484 4614 2689 4691 potuit,
2717 4612 2907 4688 Epist.

501 4692 615 4751 70:
662 4693 698 4725 ‘⁸
731 4692 1060 4771 Sapientem
1089 4716 1205 4753 non
1247 4696 1455 4754 debere
1495 4696 1857 4756 commodare
1899 4716 2084 4775 poenae
2115 4716 2232 4755 suae
2281 4714 2555 4753 manum:
2601 4692 2908 4752 stultitiam

496 2831 597 2878 Sub
635 2848 731 2890 quo
771 2835 980 2881 contine-

526 2902 612 2944 tur
651 2894 934 2962 αὖτοχιιςῖι.
