3221 5200
580 359 696 417 130
1468 376 1652 418 Locus
1681 375 2039 418 uunncmus.
2530 354 2780 438 [Qud-287⁸.
2812 376 2984 419 mr.

573 516 872 577 vinculum
893 519 1106 579 sanctae
1125 516 1432 594 societatis,
1458 526 1516 578 et
1544 516 1962 577 communionis
1989 515 2100 593 piae
2122 514 2230 575 sub
2251 516 2395 592 Deo,
2420 515 2497 575 ad
2517 516 2985 596 obsignationem

575 597 829 672 foederis,
861 608 983 658 tum
1012 599 1206 677 quoad
1247 599 1360 657 Dei
1399 599 1765 676 praesentiam
1810 607 1869 656 et
1916 596 2211 671 beneficia,
2242 605 2368 654 tum
2409 599 2603 674 quoad
2651 599 2987 658 testimonia

576 678 945 753 gratitudinis
972 688 1201 754 nostrae,
1233 688 1292 738 et
1316 687 1566 738 tesseras
1594 678 1778 737 nostri
1806 697 1945 754 erga
1974 677 2162 734 Deum
2192 675 2398 749 officii3
2447 678 2564 736 Sed
2592 679 2879 756 praecipue
2909 679 2987 737 ad

573 757 912 818 Mediatoris
938 780 1240 838 personam
1268 768 1327 818 et
1347 758 1534 818 officia
1554 757 1965 833 adumbrantia,
1990 756 2114 816 sine
2132 775 2248 833 quo
2268 756 2464 818 nullus
2493 757 2665 817 datur
2690 758 2765 817 ad
2789 759 2984 819 Deum

579 857 864 898 accessus.

660 918 806 977 VII.
844 918 1014 979 Unde
1043 928 1168 979 orta
1196 927 1286 979 est
1315 919 1492 997 Legis
1521 916 1950 978 Caeremonialis
1978 915 2281 991 institutiO,
2307 916 2472 994 cujus
2499 919 2750 977 rationes
2778 927 2991 995 praeter

578 996 691 1056 Dei
731 1000 1212 1075 sapientissimam
1239 1001 1617 1074 voluntatem,
1649 999 1707 1056 in
1737 1018 1852 1075 qua
1878 997 2046 1055 nobis
2083 996 2584 1074 acquiescendum,
2616 998 2811 1075 plures
2839 999 2983 1056 dan-

578 1085 673 1136 tur
693 1079 1081 1155 gravissimae:
1115 1084 1167 1138 1.
1194 1080 1454 1140 Condicio
1481 1079 1765 1152 Ecclesiae,
1791 1098 1920 1154 quse
1949 1076 2137 1136 adhuc
2165 1076 2225 1134 in
2252 1077 2499 1153 pueritia
2527 1087 2585 1136 et
2613 1078 2854 1137 infantia
2883 1099 2991 1137 sua

578 1158 909 1234 constituta,
932 1168 1167 1237 propter
1186 1169 1357 1219 tenne
1380 1159 1717 1218 demensum
1744 1158 1991 1236 Spiritus
2018 1157 2076 1216 S.
2100 1156 2258 1233 quod
2283 1157 2370 1214 illi
2388 1157 2648 1233 dabatur,
2672 1158 2804 1217 Gal.
2826 1159 2908 1217 iv.
2935 1165 2987 1234 1,

576 1237 913 1314 hujusmodi
941 1239 1144 1317 figuris
1186 1250 1308 1298 erat
1346 1239 1718 1313 instituenda,
1749 1258 1879 1297 cum
1918 1236 2155 1313 majoris
2185 1236 2334 1295 lucis
2375 1237 2660 1296 ordinarie
2689 1258 2806 1296 non
2834 1249 2992 1298 esset

580 1336 783 1393 capax.
827 1323 884 1378 2.
908 1322 1142 1378 Natura
1159 1321 1367 1396 populi
1389 1320 1707 1394 Ιεναέῑίιίεἰ,
1731 1318 1831 1396 qui
1858 1337 1989 1376 cum
2012 1325 2164 1375 esset
2190 1317 2439 1393 populus
2462 1317 2619 1376 durae
2647 1318 2907 1392 cervicis,
2930 1328 2992 1378 et

581 1396 658 1454 ad
684 1396 1068 1458 idololatriam
1091 1408 1150 1458 et
1178 1400 1369 1458 cultus
1396 1399 1667 1476 profanos
1696 1398 1973 1458 Gentium
2002 1396 2173 1454 valde
2202 1397 2495 1473 proclivis,
2524 1418 2627 1474 per
2652 1398 2990 1475 hujusmodi

582 1479 952 1537 caeremonias
994 1479 1405 1538 custodiendus
1434 1479 1557 1552 fuit,
1603 1487 1662 1537 et
1690 1478 1873 1536 veluti
1914 1476 2185 1536 cancellis
2227 1477 2573 1552 quibusdam
2607 1478 2987 1553 cohibenduS,

581 1575 655 1614 ne
683 1557 758 1614 ad
779 1558 924 1617 alios
949 1559 1142 1618 cultus
1170 1559 1457 1619 deficeret.
1499 1562 1556 1618 3.
1571 1559 1802 1617 Peccati
1824 1558 2111 1633 turpitudo
2141 1566 2193 1615 et
2213 1557 2486 1631 gravitas,
2506 1577 2634 1633 quse
2656 1557 2765 1617 fuit
2792 1567 2985 1617 osten-

582 1635 789 1713 denda,
820 1647 886 1697 ut
922 1639 1095 1697 homo
1136 1639 1209 1698 de
1254 1659 1324 1698 eo
1369 1640 1672 1698 convictus
1716 1638 1791 1695 ad
1834 1636 2149 1696 remedium
2192 1637 2566 1713 quaerendum
2615 1637 2988 1712 excitaretur,

581 1716 738 1793 quod
764 1738 868 1794 per
893 1718 1320 1796 purificationes
1348 1728 1406 1778 et
1435 1719 1716 1777 sacrificia
1742 1718 1936 1777 fiebat.
1979 1720 2036 1776 4.
2066 1717 2383 1775 Necessitas
2409 1727 2463 1775 et
2488 1718 2735 1791 efficacia
2758 1719 2987 1794 qratiae,
3064 1793 3073 1796 -

579 1816 708 1873 quae
736 1799 915 1858 variis
941 1799 1099 1877 typis
1127 1800 1454 1858 adumbrari
1482 1798 1702 1857 debuit.
2090 1853 2093 1856 .

626 1942 639 1953 ‚
680 1943 691 1954 ,
1185 1879 1366 1938 VIII.
1411 1880 1572 1938 Finis
1600 1898 1740 1956 ergo
1769 1897 1885 1935 non
1913 1877 2105 1936 minus
2133 1897 2201 1937 ac
2228 1897 2360 1935 usus
2388 1877 2556 1953 cht's
2584 1879 2990 1937 cccv-monialis

581 1941 622 1985 F
625 1957 718 2045 Ἓξ*
719 1943 889 2047 ,1ξαῖᾗῇ
920 1959 1063 2048 ⁰⁸⁸3:
1105 1960 1410 2037 multiplex
1440 1959 1737 2018 observari
1764 1966 1971 2034 potest,
2008 1961 2061 2016 1.
2081 1957 2394 2032 Generalis,
2428 1957 2647 2016 scilicet
2674 1960 2891 2030 abu-azeis,
2923 1967 2995 2018 ut

637 2067 769 2120 ralis,
860 2019 1061 2122 ιῠὲἷξῐα.
1103 2040 1350 2117 populus
1379 2039 1439 2096 in
1466 2040 1569 2097 illa
1595 2037 1833 2097 haberet
1861 2047 2159 2096 externam
2188 2038 2379 2096 cultus
2411 2037 2627 2113 publici
2676 2047 2735 2097 et
2764 2038 2987 2116 Religi-

638 2125 886 2182 specialis,
988 2141 1057 2196 re·
1099 2120 1227 2179 onis
1244 2119 1502 2194 formam,
1518 2140 1648 2196 quae
1669 2119 1795 2176 Deo
1817 2118 2172 2193 probaretur.
2214 2122 2269 2175 2.
2282 2118 2554 2192 Specialis
2574 2138 2772 2177 rursus
2790 2119 2993 2179 varius

638 2189 835 2287 ἓξὲξ,
912 2184 1057 2244 ¹³⁰⁸¹⁸
1091 2201 1267 2279 juxta
1293 2198 1583 2258 diversam
1614 2199 1742 2275 ejus
1771 2197 1952 2272 σχέσιν,
1984 2198 2081 2255 vel
2117 2198 2295 2256 relate
2338 2197 2412 2256 ad
2442 2197 2659 2274 Legem
2687 2199 2988 2273 moralem,

840 2275 852 2289 '
1101 2280 1197 2339 vel
1217 2279 1293 2338 ad
1314 2279 1591 2357 populum
1612 2278 2012 2352 Israeliticum‚
2034 2277 2131 2335 vel
2152 2277 2227 2335 ad
2248 2277 2509 2353 gratiam.
2555 2278 2609 2335 N
2611 2298 2704 2336 am
2722 2288 2991 2355 respectu

579 2360 750 2436 Leqt's
775 2363 1027 2435 moralis,
1048 2361 1182 2418 finis
1209 2361 1336 2437 ejus
1362 2359 1472 2418 fuit
1499 2358 1827 2418 subservire
1857 2357 2033 2434 priori
2062 2357 2291 2432 tabulae,
2324 2357 2755 2434 praescriptione
2797 2359 2994 2418 cultus

575 2442 804 2499 externi
832 2441 1096 2518 legitimi,
1141 2448 1201 2498 et
1239 2439 1550 2516 rejectione
1578 2439 1835 2497 omnium
1869 2437 2129 2497 cultuum
2158 2436 2589 2513 peregrinorum
2617 2447 2677 2497 et
2724 2440 2994 2518 ilua-lgne-

577 2524 726 2596 κυῦν,
773 2531 831 2580 et
872 2521 1153 2598 adjuvare
1196 2519 1415 2596 Legem
1442 2519 1718 2577 moralem
1759 2519 1821 2576 in
1850 2516 2261 2576 convincendis
2287 2517 2618 2576 hominibus
2646 2518 2994 2594 impuritatis

1105 2619 1224 2657 suae
1246 2609 1305 2658 et
1332 2599 1681 2675 impotentioe,
1703 2608 1761 2658 et
1787 2608 1997 2657 reatae.
2030 2600 2085 2657 3.
2106 2597 2398 2674 Respectu
2415 2598 2637 2674 Populi,
2670 2598 2872 2659 debuit
2900 2599 2991 2657 in-

1107 2680 1323 2737 servire
1366 2679 1441 2736 ad
1481 2680 1930 2754 distinyuendum
1970 2678 2133 2736 illum
2178 2698 2213 2735 a
2245 2678 2468 2736 caeteris
2505 2679 2751 2756 populis,
2784 2688 2843 2738 et
2870 2679 2989 2739 for·

580 2758 696 2816 tius
725 2759 889 2816 illum
919 2757 1069 2816 inter
1085 2779 1146 2817 se
1166 2757 1577 2836 colligandum.
1624 2758 1765 2817 Ideo
1787 2767 2029 2817 vocatur
2053 2766 2352 2834 μισότοιχον,
2375 2759 2577 2833 paries
2596 2760 2991 2836 inter-ymnus,

580 2838 732 2915 Eph.
763 2838 821 2896 ii.
857 2842 949 2913 14,
980 2858 1098 2914 quo
1124 2838 1536 2915 separabantur
1566 2838 1846 2897 Israelitoe
1874 2858 1909 2895 a
1936 2838 2160 2897 caeteris
2188 2838 2474 2914 gentibus,
2500 2858 2629 2914 quae
2656 2839 2800 2897 nihil
2830 2859 2992 2898 com-

575 2918 776 2977 mercii
805 2938 937 2977 cum
964 2918 1082 2976 illis
1109 2926 1412 2995 propterea
1437 2919 1748 2991 habebant,
1790 2918 1907 2976 imo
1936 2917 2070 2975 odia
2118 2930 2177 2976 et
2208 2917 2539 2976 inimicitias
2573 2919 2683 2977 hac
2710 2918 2782 2978 de
2811 2939 2995 2979 causa

575 2998 728 3057 inter
753 3018 814 3057 se
844 2998 1207 3072 exercebant,
1233 3017 1347 3073 quo
1374 2997 1441 3057 fit
1467 3007 1533 3057 ut
1561 2998 1634 3056 ab
1659 2997 1949 3074 Apostolo
1973 2997 2190 3055 ibidem
2217 3005 2455 3056 vocetur
2481 2994 2650 3078 ἴχθςι,
2677 3018 2777 3057 seu
2806 2999 2991 3057 inimi-

573 3080 725 3153 citia,
753 3078 829 3136 id.
853 3078 1078 3137 occasio
1101 3078 1217 3137 odii
1247 3087 1305 3136 et
1326 3077 1552 3135 dissidii
1568 3078 1727 3155 quod
1754 3077 1911 3136 inter
1935 3097 2036 3135 eos
2062 3076 2472 3136 intercedebat.
2517 3078 2611 3136 Ita
2630 3078 2995 3156 paedagogiae

576 3159 878 3237 cujusdam
919 3159 1049 3218 loco
1078 3158 1203 3234 fuit,
1235 3178 1364 3234 quae
1406 3158 1719 3217 abduceret
1760 3157 2037 3235 populum
2078 3177 2113 3215 a
2146 3157 2546 3216 communione
2588 3158 2865 3234 gentium,
2913 3159 2995 3217 ab

576 3259 772 3298 earum
802 3238 1129 3298 idololatria
1156 3247 1215 3297 et
1243 3239 1587 3317 impuritate,
1615 3257 1858 3315 quaeque
1887 3236 2199 3295 adduceret
2227 3236 2303 3294 ad
2334 3237 2540 3311 Deum,
2566 3246 2625 3295 et
2652 3238 2867 3297 arctius
2896 3258 2990 3297 re-

575 3319 802 3396 ligaret,
834 3328 899 3377 ut
930 3320 1118 3377 Deum
1148 3327 1422 3395 tanquam
1452 3320 1642 3377 Deum
1672 3338 1840 3376 suum
1868 3316 2235 3393 peculiariter
2262 3316 2491 3391 coleret,
2524 3325 2583 3376 et
2631 3318 2712 3375 ita
2754 3318 2992 3378 sisteret

575 3397 635 3454 in
664 3399 774 3455 hoc
804 3418 1045 3473 operoso
1073 3398 1253 3472 cultu,
1286 3407 1352 3456 ut
1379 3398 1601 3457 nullum
1625 3407 1852 3475 tempus
1880 3396 2095 3455 horave
2122 3404 2373 3469 vacaret,
2397 3416 2514 3474 qna
2534 3397 2631 3456 vel
2648 3416 2834 3456 novos
2860 3398 2994 3476 ipse

578 3475 769 3534 cultus
797 3475 1169 3551 comminisci,
1195 3476 1292 3533 vel
1320 3477 1394 3534 ab
1423 3477 1552 3536 aliis
1579 3486 1889 3554 usurpatos
1917 3495 2224 3550 assumere,
2256 3475 2474 3535 liceret.

1187 3554 1307 3613 IX.
1353 3557 1898 3633 Respectufoedemle
1921 3556 2128 3631 qratia
2154 3575 2296 3614 usus
2326 3556 2504 3633 Legis
2534 3556 2658 3631 fuit,
2690 3558 2988 3617 necessita-

1103 3643 1208 3691 tem
1252 3655 1355 3711 per
1381 3638 1601 3712 peccati
1644 3646 1703 3696 et
1730 3635 1975 3695 miseriae
2016 3635 2284 3694 humanae
2312 3634 2861 3695 demonstrationem
2892 3658 2989 3696 os·

575 3711 811 3770 tendere
832 3733 846 3787 3
878 3712 1006 3789 ejus
1026 3714 1313 3773 veritatem
1335 3724 1392 3774 et
1403 3718 1799 3791 proestantiam
1821 3736 1923 3793 per
1941 3714 2156 3773 Christi
2175 3723 2235 3774 et
2252 3714 2567 3774 officiorum
2589 3735 2657 3773 ac
2677 3716 2993 3775 beneficio-

574 3812 701 3850 rum
744 3792 870 3869 ejus
912 3791 1407 3854 adumbrationem
1450 3796 1876 3869 demonstrare;
1922 3795 2174 3870 qratiam
2203 3795 2330 3871 ejus
2356 3795 2736 3873 multiplicem
2778 3796 2990 3873 figuris

575 3873 696 3931 suis
725 3881 784 3931 et
812 3874 1185 3932 sacramentis
1212 3875 1540 3952 obsiqnarae
1580 3877 1641 3934 in
1669 3877 1797 3953 ejus
1825 3874 2112 3934 desiderio
2140 3883 2198 3933 et
2226 3876 2626 3951 expectatione
2654 3896 2757 3952 per
2784 3896 2992 3953 opero-

576 3973 703 4011 sum
734 3953 897 4011 illum
919 3953 1139 4012 cultum
1157 3953 1430 4028 detinere,
1456 3964 1514 4015 et
1530 3955 1852 4032 disciplinae
1881 3975 2001 4013 suae
2023 3955 2329 4014 severitate
2352 3953 2429 4013 ad
2456 3975 2587 4014 eum
2610 3956 2990 4031 quaerendum

573 4034 946 4111 compellere;
993 4042 1052 4092 et
1078 4037 1257 4094 cultus
1280 4036 1593 4111 spirituale
1621 4036 1721 4111 qui
1749 4035 1825 4094 ab
1850 4035 1979 4111 ipso
2004 4034 2317 4111 requiritur
2344 4034 2405 4092 in
2432 4035 2545 4095 isto
2574 4035 2789 4094 foedere
2811 4036 2989 4113 justi-

571 4113 732 4188 tiam,
776 4121 834 4171 et
874 4113 1205 4191 imaginem,
1247 4115 1541 4174 exhibere.
1643 4115 1929 4173 Nimirum
1972 4122 2039 4173 ut
2091 4114 2203 4172 tria
2246 4115 2532 4191 praecipue
2576 4116 2796 4173 homini
2853 4125 2996 4175 sunt

571 4212 801 4270 semper
825 4191 1184 4270 inculcanda,
1233 4198 1287 4254 1.
1317 4196 1545 4254 miseria
1572 4194 1718 4272 ejus,
1764 4199 1821 4253 2.
1851 4194 2240 4253 misericordia
2270 4194 2399 4266 Dei,
2446 4197 2503 4254 3.
2535 4196 2771 4266 officium
2800 4196 2988 4271 qrati-

572 4274 779 4332 tudinis
800 4296 821 4330 .·
859 4273 1001 4349 quid
1042 4274 1119 4332 sit
1145 4295 1251 4352 per
1274 4283 1555 4349 naturam,
1588 4273 1731 4351 quid
1771 4274 2056 4351 acceperit
2090 4293 2194 4350 per
2222 4274 2486 4349 gratiam,
2517 4284 2576 4333 et
2603 4274 2747 4351 quid
2775 4274 2993 4334 debeat

569 4373 674 4430 per
721 4352 1108 4412 obedientiam
1132 4376 1147 4413 ε
1191 4354 1329 4412 Tria
1355 4355 1466 4413 ista
1495 4355 1571 4412 ob
1598 4355 1801 4413 oculos
1826 4354 2020 4431 posuit
2049 4353 2334 4412 Israelitis
2364 4353 2491 4412 Lex
2526 4355 2990 4430 caeremonialis3

573 4433 942 4492 Caeremoniae
970 4432 1182 4510 quippe
1223 4442 1341 4492 tres
1383 4434 1526 4493 istos
1567 4443 1865 4511 respectus
1893 4433 2258 4511 potissimum
2286 4433 2692 4493 includebant:
2731 4435 2991 4510 primum

567 4521 855 4587 quatenus
883 4522 1047 4571 erant
1075 4513 1253 4589 Legis
1280 4514 1647 4590 appendices,
1670 4522 1729 4573 et
1756 4513 1903 4573 duos
1938 4513 2100 4587 alios,
2130 4522 2197 4571 ut
2228 4513 2603 4590 Evangelicae
2645 4513 2850 4591 gratiae
2892 4534 2990 4573 sa-

572 4599 880 4649 cramenta.
928 4595 979 4650 1.
994 4592 1177 4650 Erant
1209 4592 1592 4666 Confessiones
1623 4602 2002 4669 peccatorum,
2036 4600 2095 4651 et
2121 4593 2360 4651 miseria
2387 4593 2670 4667 humanae,
2703 4601 2763 4652 et
2788 4603 2993 4653 reatus

555 4689 670 4747 ,per
709 4679 1008 4747 peccatum
1050 4672 1346 4748 contracti,
1391 4674 1617 4734 Coloss.
1657 4673 1717 4732 ii.
1753 4676 1847 4748 14,
1893 4672 2078 4732 Hebr.
2118 4692 2180 4731 x.
2213 4675 2266 4749 1,
2305 4677 2362 4749 2,
2392 4676 2451 4732 3.
2521 4678 2580 4732 2.
2620 4674 2892 4749 Symbola
2931 4684 2991 4733 et

604 2653 843 2708 Respectn
865 2653 1046 2712 populi.

599 3604 840 3663 Respectu
859 3606 1064 3653 Gratim.
