3221 5200
297 371 525 423 QUJ-ls‘r.
561 352 697 434 via]
1130 379 1206 416 ni:
1237 378 1471 417 orricio
1501 377 1736 417 onmem
1757 376 2149 416 unnm'ronio.
2616 359 2727 414 351

305 513 575 573 adducat.
665 514 836 574 Unde
859 516 1029 576 datus
1084 519 1295 578 dicitur
1352 520 1410 578 in
1466 522 1679 580 Faedus
1743 519 1963 596 populi,
1995 528 2048 576 et
2071 519 2290 576 Lumen
2345 517 2624 592 Gentium,
2656 520 2741 576 ad

307 596 676 670 aperiendum
705 599 890 655 oculos
918 619 1206 674 coecorum,
1239 598 1366 673 &c.‚
1398 601 1555 677 quod
1583 599 1954 659 confirmatur
1997 619 2121 675 cap.
2153 597 2298 655 xlix.
2338 601 2427 671 12,
2460 598 2563 655 sed
2590 617 2734 674 prae·

310 675 477 751 cipue
507 695 632 752 cap.
656 676 760 733 lxi.
788 680 837 751 1,
865 682 919 752 2,
935 679 1052 737 -ubi
1073 678 1316 756 loquens
1340 681 1740 755 introducitur,
1765 683 1799 712 “
1823 680 2070 755 Spiritus
2088 677 2325 737 Domini
2343 687 2611 753 estsuper
2632 699 2735 754 me,

310 755 435 812 ideo
479 757 645 813 unxit
686 777 772 814 me
820 760 1100 816 Dominus
1154 763 1239 819 ad
1274 762 1769 837 evanqelizandum
1814 758 2174 834 mansuetis,”
2205 757 2362 833 quod
2392 757 2617 834 impleri
2674 760 2733 816 in

310 835 501 911 seipso
530 835 716 910 docet,
747 837 884 896 Luc.
917 839 996 896 iv.
1083 839 1170 896 Eo
1200 841 1488 916 pertinent
1525 841 1717 917 elogia
1763 840 1995 912 Christi,
2043 859 2221 915 quum
2250 837 2460 897 dicitur
2485 841 2735 915 Anyelus

310 916 581 991 Foederzk,
618 916 758 974 Mal.
791 917 870 976 iii.
907 921 958 992 1,
1006 919 1395 996 Consiliarius,
1445 922 1559 980 Isa.
1592 921 1673 979 ix.
1732 923 1787 995 5,
1831 920 2127 995 Sapientia
2162 927 2376 978 aeterna
2414 939 2543 996 quae
2563 931 2735 981 vocat

311 994 589 1070 homines,
626 997 799 1054 Prov.
831 997 911 1056 ix.
948 1002 997 1072 l,
1043 999 1201 1070 Alvos
1231 1020 1332 1077 per
1359 1021 1531 1077 quem
1564 1002 1725 1059 Deus
1753 1021 1859 1058 nos
1894 1000 2222 1076 alloquitur,
2258 998 2411 1057 Heb.
2442 999 2479 1057 i.
2516 1003 2566 1074 1,
2598 1004 2732 1060 Μα-

302 1075 479 1150 qe‘ster
500 1085 553 1134 et
578 1079 813 1153 Doctor,
848 1078 1059 1137 Matth.
1091 1080 1275 1153 xxiii„
1307 1082 1405 1156 qui
1436 1081 1594 1139 solus
1623 1089 1713 1140 est
1739 1079 2078 1154 audiendus,
2113 1079 2323 1138 Matth.
2345 1080 2490 1137 xvii.
2516 1085 2570 1156 5,
2601 1102 2731 1158 quse

311 1156 598 1214 sententia
627 1157 709 1215 ita
736 1158 1061 1218 invaluerat
1088 1159 1243 1237 apud
1270 1161 1310 1219 J
1319 1160 1531 1236 udaeOS,
1562 1170 1629 1219 ut
1656 1160 1729 1218 ad
1777 1161 2169 1218 Samaritanos
2217 1160 2393 1218 etiam
2421 1163 2729 1236 transierit,

313 1237 611 1294 “Messias
631 1239 823 1312 veniet,
844 1248 898 1296 et
922 1259 1024 1297 nos
1072 1240 1283 1299 docebit
1324 1242 1571 1316 omm‘a,'’
1612 1241 1753 1300 Joh.
1778 1241 1855 1298 iv.
1914 1243 2010 1298 25.
2063 1240 2183 1298 Nec
2207 1239 2257 1297 si
2303 1239 2568 1300 Christus
2590 1243 2729 1301 Joh.

304 1315 344 1372 i.
371 1319 465 1390 21,
498 1337 533 1374 a
562 1315 852 1394 Propheta
880 1318 1271 1396 distinguitur,
1303 1330 1604 1398 propterea
1641 1320 1988 1398 Prophetam
2017 1340 2144 1379 esse
2190 1321 2527 1397 simpliciter
2554 1342 2728 1399 nega-

307 1404 417 1470 tur,
451 1396 554 1455 sed
583 1397 889 1474 plusquam
920 1399 1268 1476 Prophetam
1297 1420 1422 1460 esse
1452 1401 1793 1461 ostenditur.
1879 1401 2008 1459 Non
2038 1411 2286 1477 negatur
2311 1401 2574 1461 absolute
2603 1423 2730 1463 esse

313 1475 682 1553 Prophetam,
715 1479 818 1536 sed
846 1499 972 1538 esse
1017 1485 1096 1538 τὸν
1146 1483 1413 1561 figavit-n,-
1466 1481 1817 1559 Prophetam
1848 1481 1971 1539 scil.
2018 1481 2181 1539 illum
2232 1480 2525 1557 eximium,
2558 1503 2728 1560 quem

305 1555 505 1614 Judaei
536 1557 826 1618 Christum
856 1569 1285 1620 antecessarum
1316 1562 1614 1639 putabant,
1649 1562 1741 1619 vel
1770 1581 1950 1620 unum
1999 1582 2075 1620 ex
2105 1560 2429 1639 Prophetis,
2463 1583 2610 1639 quos
2639 1585 2727 1621 ar·

307 1635 669 1696 bitrabantur
695 1638 757 1695 in
784 1638 1039 1699 adventu
1071 1642 1303 1701 Messias
1332 1643 1779 1702 resuscitandos„

913 1720 987 1778 V.
1031 1724 1267 1782 Natura
1290 1723 1443 1781 estius
1465 1719 1805 1798 Prophetz'ae,
1828 1722 1888 1779 in
1916 1721 2143 1780 duobus
2171 1721 2534 1797 potissimum
2564 1742 2727 1800 spec·

306 1793 504 1841 Natura
577 1799 788 1842 attendi-
827 1801 1003 1859 tanda
1034 1810 1160 1860 est:
1208 1806 1258 1861 1.
1293 1803 1364 1860 In
1391 1804 1634 1860 materia
1661 1801 1937 1860 doctrinas
1966 1801 2325 1878 praedicatae3
2371 1805 2427 1859 2.
2461 1801 2531 1859 In
2560 1807 2726 1861 modo

368 1858 494 1958 {2¹33
510 1856 785 1960 Ἔὲὲῗήζῖζ
826 1881 1270 1956 praedicationis.
1356 1884 1613 1941 Materia
1641 1882 1716 1940 ad
1767 1882 1876 1939 tria
1917 1881 2108 1958 capita
2152 1880 2411 1955 refertur,
2443 1881 2519 1939 ad
2549 1882 2727 1959 Legis

369 1972 444 2016 vol
525 1975 575 2016 in
640 1950 781 2019 modd
821 1961 1261 2037 expositionem,
1315 1963 1626 2039 Evangelii
1690 1961 2229 2038 promulgationem,
2292 1968 2350 2019 et
2404 1960 2726 2021 futurorum

365 2031 746 2087 praedicationis.
828 2039 1289 2101 Praedictionem.
1379 2043 1460 2102 Ut
1504 2043 1658 2101 enim
1689 2062 1897 2100 munus
1928 2042 2344 2117 Prophetarum
2386 2040 2569 2100 tribus
2601 2043 2726 2101 istis

825 2121 1086 2197 partibus
1131 2122 1494 2199 potissimum
1543 2121 1972 2194 absolvebatur,
2027 2120 2205 2196 Legis
2254 2121 2639 2198 explicatione
2668 2134 2727 2182 et

303 2197 706 2275 applicatione,
741 2198 1197 2260 Promissionum
1226 2202 1426 2279 gratiss
1471 2201 1870 2276 inculcatione,
1918 2211 1977 2259 et
1998 2200 2319 2258 futurorum
2365 2221 2494 2277 quse
2524 2203 2665 2280 ipsis
2692 2225 2728 2262 a

308 2279 435 2335 Deo
483 2277 890 2339 revelabantur
921 2280 1303 2341 Praedictione
1329 2305 1343 2356 ;
1394 2284 1483 2340 Ita
1527 2282 1793 2340 Christus
1812 2281 2226 2357 perfectissime
2257 2282 2366 2339 tria
2394 2281 2506 2339 ista
2522 2282 2725 2359 imple-

305 2358 410 2431 vit,
445 2357 662 2434 Legem
683 2379 759 2416 ex
814 2370 1006 2420 mente
1064 2362 1441 2439 Legislatoris
1490 2362 1790 2421 verissime
1840 2361 2285 2437 interpretando,
2336 2362 2724 2438 Evangelium

305 2437 691 2514 praedicandO,
717 2447 775 2498 et
795 2440 985 2501 futura
1008 2463 1136 2519 quse
1155 2443 1443 2502 faciebant
1460 2442 1534 2501 ad
1558 2442 1837 2500 Ecclesiae
1856 2441 2308 2500 consolationem
2330 2442 2723 2503 PraedicendO.

914 2523 1023 2582 VI.
1069 2521 1265 2581 Prima
1292 2543 1425 2602 pars
1454 2522 1626 2581 officii
1667 2522 1997 2599 Prophetici
2024 2522 2257 2598 respicit
2301 2523 2470 2599 Leyt's
2519 2525 2723 2583 doctri-

305 2597 349 2643 l·
367 2598 532 2644 Prima
547 2598 668 2643 1³³¹·ss
681 2600 717 2645 Ρ
723 2615 792 2672 1‘9·
832 2623 982 2679 nam,
1013 2605 1073 2662 in
1103 2625 1218 2682 qua
1246 2604 1591 2682 explicanda
1620 2613 1679 2664 et
1707 2602 2050 2662 inculcanda
2077 2623 2309 2680 operam
2334 2624 2493 2663 suam
2513 2606 2724 2681 posuit,

365 2657 785 2773 ξέζῖξζὲῗοξξξω
827 2693 951 2744 tum
981 2694 1044 2743 ut
1073 2685 1245 2743 homo
1295 2685 1649 2763 impotentias
1699 2704 1817 2743 suae
1867 2683 2169 2743 convictus
2208 2683 2282 2742 ad
2314 2685 2605 2743 Christum
2652 2707 2721 2744 eo

713 2752 724 2770 ’
828 2765 1123 2824 ardentius
1157 2766 1510 2844 confugeret,
1542 2774 1606 2824 ut
1628 2765 1705 2823 ad
1731 2784 1952 2823 sacram
1993 2764 2322 2839 anchoram,
2354 2765 2454 2823 ubi
2482 2785 2517 2822 a
2548 2766 2724 2841 Legis

305 2842 643 2901 fulminibus
685 2853 744 2903 et
784 2844 1188 2905 maledictione
1217 2856 1377 2905 tutus
1406 2867 1533 2905 esse
1577 2854 1792 2922 posset,
1844 2855 1967 2903 tum
1996 2853 2059 2903 ut
2087 2865 2122 2902 a
2150 2842 2473 2903 falsissimis
2526 2846 2723 2904 Phari·

305 2942 550 2979 saeorum
579 2923 669 2981 sui
699 2924 972 3000 temporis
999 2925 1568 3001 interpretationibus
1612 2936 1669 2985 et
1697 2926 1910 3001 glossis
1938 2944 2063 2982 eam
2089 2923 2423 3001 vindicaret,
2471 2935 2529 2984 et
2559 2946 2724 2984 suum

309 3001 420 3076 ipsi
449 3021 680 3059 sensum
709 3024 744 3060 a
775 3004 902 3061 Deo
935 3004 1293 3079 Legislatore
1322 3006 1605 3065 intentum
1654 3006 2018 3078 restitueret3
2064 3003 2417 3079 spiritualem
2464 3014 2523 3063 et
2553 3004 2725 3065 inter·

309 3100 444 3137 nam
475 3079 665 3139 cordis
708 3081 1113 3157 obedientiam,
1164 3103 1337 3159 quam
1369 3085 1496 3143 Lex
1540 3084 1857 3159 spiritualis
1887 3082 2176 3156 exigebat,
2228 3082 2590 3158 inculcandO,
2639 3104 2725 3144 re-

302 3160 462 3236 jecta
491 3168 731 3217 externa
739 3161 984 3237 justitia,
1017 3181 1190 3237 quam
1215 3161 1494 3220 Pharisaei
1518 3162 1776 3220 sufficere
1796 3160 2237 3232 arbitrabantur,
2260 3161 2470 3220 Matth.
2501 3182 2625 3238 cap.
2647 3185 2723 3238 v.‚

311 3241 390 3297 vi.
422 3239 554 3315 vii.;
579 3240 793 3316 Legem
817 3241 1271 3300 caeremonialem
1294 3242 1514 3317 morali,
1540 3251 1598 3299 et
1620 3241 1837 3299 cultum
1863 3239 2018 3296 illius
2036 3238 2210 3314 hujus
2229 3240 2425 3314 cultui,
2454 3248 2725 3317 tanquam

307 3319 534 3397 potiori,
561 3320 938 3397 subjiciendO,
964 3321 1173 3380 Matth.
1202 3321 1307 3382 xii.
1342 3325 1391 3396 1,
1423 3331 1482 3382 et
1503 3341 1625 3398 seq.
1650 3343 1664 3395 ;
1696 3328 1754 3381 et
1782 3319 2146 3377 Traditiones
2168 3318 2488 3396 Seniorum,
2514 3329 2579 3380 ut
2599 3321 2725 3380 inu-

307 3400 438 3459 tiles
467 3409 526 3458 et
553 3420 762 3459 exosas
794 3402 938 3475 DeO,
971 3402 1301 3478 rejiciendO,
1336 3404 1547 3462 Matth.
1578 3422 1680 3460 xv.
1712 3404 1767 3475 3,
1799 3408 1858 3459 et
1887 3420 1937 3458 c.
1969 3398 2136 3458 xxiii.

396 3481 542 3539 VII.
591 3482 689 3539 An
721 3502 858 3541 vero
890 3482 1155 3541 Christus
1185 3483 1243 3541 in
1272 3483 1379 3542 hac
1410 3482 1588 3560 Legis
1617 3480 2024 3560 praedieatione
2047 3479 2321 3538 Veterem
2352 3468 2569 3557 Legem
2599 3490 2727 3542 tan-

306 3582 482 3640 quam
528 3562 919 3639 imperfectam
967 3562 1298 3638 correxerit,
1346 3572 1405 3623 et
1448 3563 1618 3622 novis
1658 3560 1962 3640 praeceptis
1990 3561 2237 3635 auxerit,
2289 3569 2354 3619 ut
2381 3562 2729 3638 pertendunt

311 3643 604 3703 Sociniani
630 3652 688 3703 et
720 3643 1027 3718 I'ontificii,
1086 3663 1261 3721 supra
1287 3643 1644 3721 disputatum
1672 3642 1799 3718 fuit,
1832 3642 1989 3701 Loco
2046 3641 2167 3700 XI.
2198 3640 2271 3699 de
2302 3641 2478 3719 Lege,
2513 3643 2581 3718 Q.
2616 3643 2724 3702 IV.

310 3731 368 3781 et
396 3724 473 3780 V.
524 3743 670 3799 quas
696 3724 950 3783 consule.

325 3842 392 3884 ‘tn
422 3840 540 3884 Chri
569 3846 590 3884 t
911 3802 1098 3862 VIII.
1145 3802 1244 3862 Ad
1272 3803 1667 3881 quaestionem,
1699 3822 1830 3880 quse
1859 3802 1952 3862 hic
1974 3802 2196 3861 moveri
2219 3802 2383 3877 solet,
2408 3803 2501 3862 An
2533 3804 2725 3863 Chre-

291 3860 328 3939 .¹
376 3900 442 3942 sit.
485 3855 789 3957 ᾱιέιηίοἳὶί
832 3893 917 3942 tus
942 3884 1030 3958 sit,
1060 3886 1149 3942 vel
1196 3885 1310 3942 dici
1347 3885 1526 3960 possit
1551 3884 1873 3961 Leqislator
1892 3886 1920 3941 P
2019 3881 2461 3958 Respondemus
2505 3884 2723 3959 paucis,

369 3955 530 4000 lator?
832 3964 1125 4022 Christum
1155 3965 1398 4040 spectari
1447 3984 1617 4041 posse
1656 3964 1935 4038 bifariam,
1981 3963 2073 4020 vel
2095 3964 2339 4020 absolute
2371 3970 2430 4020 et
2479 3961 2724 4021 Theolo-

309 4042 457 4119 giee,
488 4048 773 4119 quatenus
801 4052 889 4102 est
908 4044 1086 4118 Λόγος,
1111 4052 1170 4103 et
1197 4044 1351 4103 idern
1378 4045 1537 4104 Deus
1565 4065 1699 4104 cum
1730 4044 1900 4102 Patre
1929 4050 1987 4100 et
2013 4042 2231 4120 Spiritu
2258 4043 2488 4115 SanctO,
2511 4042 2607 4099 vel
2637 4063 2724 4100 re—

309 4127 420 4182 late
446 4143 518 4181 ac
544 4123 883 4199 oeconomt'ce,
914 4134 1199 4200 quatenus
1227 4133 1315 4184 est
1335 4125 1656 4205 θτᾶιθςυπος,
1688 4133 1747 4183 et
1795 4122 2084 4181 Mediator
2112 4122 2262 4179 inter
2291 4122 2481 4180 Deum
2522 4130 2582 4180 et
2623 4122 2725 4180 ho-

309 4204 512 4262 mines.
600 4203 785 4263 Priori
841 4213 1106 4281 respectu
1154 4213 1243 4264 est
1290 4226 1441 4264 unus
1495 4206 1592 4263 ille
1645 4203 1988 4281 Legislator,
2020 4203 2120 4278 qui
2168 4209 2359 4279 potest
2408 4220 2638 4260 servare
2667 4212 2726 4261 et

308 4284 564 4362 perdere,
606 4285 649 4344 J
653 4304 737 4343 ac.
786 4284 863 4343 iv.
898 4289 989 4344 12.
1058 4285 1388 4362 Posteriori,
1421 4306 1527 4344 nee
1555 4283 1783 4362 proprie
1811 4291 1900 4341 est
1931 4282 2273 4359 Legislator,
2298 4290 2363 4339 ut
2381 4281 2579 4340 Moses
2598 4282 2721 4357 fuit,

308 4365 444 4440 quia
475 4365 645 4440 Mosi,
677 4364 918 4442 ejusque
965 4366 1110 4443 Legi
1139 4368 1462 4444 opponitur,
1493 4373 1559 4425 ut
1588 4363 1823 4437 Gratias,
1855 4372 1914 4422 et
1952 4363 2232 4423 Veritatis
2258 4362 2481 4434 author,
2514 4361 2557 4420 J
2561 4362 2654 4420 oh.
2686 4362 2723 4421 i.

314 4445 406 4517 17,
465 4464 571 4503 nec
619 4445 1026 4522 principaliter,
1075 4447 1211 4523 quia
1259 4449 1608 4524 praecipuum
1661 4445 1786 4521 ejus
1815 4442 2062 4502 officium
2113 4443 2237 4519 fuit,
2269 4443 2526 4500 revelare
2556 4441 2725 4500 nobis

310 4525 645 4598 mysterium
678 4526 1004 4602 Evangelii.
1051 4527 1212 4585 Nihil
1241 4527 1432 4586 obstat
1460 4535 1651 4585 tamen
1681 4544 1811 4584 eum
1850 4523 1966 4581 dici
1996 4523 2413 4601 Legislatorem
2444 4521 2723 4580 secunda-

309 4603 396 4660 rio
444 4612 502 4661 et
542 4605 729 4664 minus
757 4606 1164 4683 principaliter,
1197 4617 1318 4665 tum
1359 4609 1496 4684 quia
1524 4605 1634 4664 fuit
1661 4613 2010 4664 restaurator
2036 4613 2095 4663 et
2123 4602 2343 4662 vindex
2373 4601 2566 4680 Legis,
2598 4611 2721 4661 tum

307 4683 444 4760 quia
477 4683 604 4741 Rex
634 4695 722 4743 est
749 4694 809 4744 et
835 4685 1023 4763 Caput
1047 4687 1323 4746 Ecclesiae
1352 4707 1487 4761 suae,
1516 4686 1743 4763 Regum
1773 4694 1965 4744 autem
1988 4693 2078 4745 est
2094 4684 2255 4763 leges
2278 4683 2541 4760 condere,
2565 4683 2720 4742 unde
