3221 5200
451 337 567 391 282
1216 349 1398 389 Locus
1430 348 1687 388 necinus
1717 347 1984 387 Tannus,
2476 326 2725 408 [Quass'r.
2758 348 2863 388 vn.

531 492 650 550 IX.
696 490 976 550 Actiones
1004 499 1062 548 et
1091 490 1388 568 passiones
1427 497 1562 548 sunt
1610 487 2036 566 suppositorum
2083 488 2486 548 denominative
2508 515 2531 562 ‚·
2578 490 2694 549 Sed
2745 511 2862 548 non

452 572 659 646 obstat,
691 573 829 649 quin
859 571 1185 629 tribuantur
1223 571 1555 644 formaliter
1596 578 1814 627 naturae
1868 568 1968 626 uni
2013 568 2107 625 vel
2158 568 2342 626 alteri.
2431 571 2527 628 Sic
2583 571 2775 646 passio
2804 581 2862 628 et

448 673 604 710 mors
632 652 858 728 proprie
889 659 946 709 et
974 650 1288 708 formaliter
1315 661 1403 709 est
1432 658 1650 708 naturae
1679 650 1963 722 humanae,
1996 647 2099 706 sed
2127 647 2559 709 denominative
2592 651 2860 708 Personae

452 732 767 791 secundum
796 731 1034 788 alteram
1058 739 1338 789 naturam.

532 812 616 870 X.
661 811 962 887 Templum
993 810 1230 887 physice
1261 819 1318 868 et
1359 810 1743 882 materialiter,
1777 828 1893 864 non
1934 816 2125 884 potest
2166 807 2318 865 idem
2349 829 2473 867 esse
2504 830 2634 868 cum
2663 830 2732 868 eo
2761 810 2862 886 qui

451 891 511 949 in
541 893 665 968 ipso
693 891 949 964 habitat3
983 891 1084 948 scd
1114 889 1498 966 metaphorice
1522 898 1579 948 et
1599 888 1843 964 mystice
1860 897 2124 964 negatur.
2174 888 2256 946 Ut
2284 889 2474 946 anima
2503 889 2713 947 dieitur
2734 910 2860 948 esse

447 972 508 1029 in
538 992 772 1048 corpore
804 991 906 1028 suo
937 980 1208 1047 tanquam
1228 970 1282 1026 in
1316 970 1556 1045 Templo
1576 969 1670 1027 vel
1690 969 2102 1042 TabernacuIO,
2128 968 2263 1027 licet
2292 969 2533 1027 eandem
2556 989 2858 1044 personam

448 1072 578 1110 cum
609 1072 676 1109 eo
707 1050 1034 1109 constituat.
1121 1049 1333 1108 Christi
1362 1050 1689 1107 humanitas
1717 1058 1956 1107 vocatur
1985 1049 2091 1106 hoc
2123 1068 2294 1106 sensu
2316 1048 2617 1124 Templum
2647 1049 2856 1107 divini·

449 1132 601 1205 tatis,
634 1151 749 1188 non
789 1130 1000 1206 priori;
1045 1139 1217 1206 atque
1259 1130 1394 1188 inde
1437 1129 1731 1187 distinctio
1774 1128 2006 1205 quidem
2049 1137 2378 1186 naturarum
2421 1129 2567 1186 bene
2609 1137 2856 1203 notatur,

451 1212 553 1270 sed
583 1231 695 1268 non
725 1229 983 1286 personae
1012 1209 1239 1268 divisio,

529 1292 648 1349 XI.
695 1291 883 1347 Maria
910 1299 1064 1348 recte
1093 1297 1332 1348 vocatur
1346 1288 1566 1354 ,Θιοτέκος
1597 1308 1698 1347 seu
1738 1286 2004 1362 Dez‘para
2034 1286 2091 1342 in
2124 1298 2377 1346 concreto
2406 1297 2464 1346 et
2480 1289 2857 1366 spemsscative,

449 1371 585 1447 quia
613 1390 742 1429 eum
772 1370 995 1447 peperit
1018 1370 1116 1445 qui
1140 1370 1310 1427 etiam
1344 1370 1503 1427 Deus
1533 1377 1638 1443 est,
1673 1367 1774 1425 sed
1823 1386 1938 1423 non
1968 1366 2030 1422 in
2057 1368 2338 1426 abstracto
2368 1379 2425 1426 et
2460 1369 2861 1444 reduplicative

448 1472 562 1527 qua
593 1452 799 1509 Deum.
885 1450 1163 1523 Quamvis
1204 1470 1343 1507 vero
1386 1468 1657 1526 expresse
1680 1448 1789 1504 hoc
1832 1466 1946 1502 non
1986 1445 2210 1505 dicatur
2252 1448 2312 1505 in
2359 1449 2686 1525 Scriptura3
2720 1450 2860 1506 satis

449 1539 640 1589 tamen
670 1530 942 1603 innuitur,
976 1549 1149 1605 quum
1184 1529 1394 1587 dicitur
1423 1539 1604 1587 mater
1635 1526 1887 1600 Domini,
1916 1526 2056 1584 Luc.
2079 1528 2133 1600 i.‚
2165 1536 2223 1585 et
2251 1538 2435 1586 mater
2466 1525 2855 1586 Immanuelis.

454 1612 515 1668 Si
537 1612 606 1667 B.
638 1610 823 1686 Virgo
852 1610 996 1666 nihil
1026 1609 1269 1667 contulit
1297 1608 1372 1666 ad
1403 1608 1716 1667 Personam
1746 1606 1912 1677 Λόγου
1940 1607 2177 1682 praecise
2201 1609 2638 1683 consideratam,
2671 1617 2861 1684 potest

448 1699 640 1748 tamen
697 1689 812 1747 dici
867 1688 1086 1765 aliquid
1135 1687 1446 1746 contulisse
1481 1689 1555 1746 ad
1588 1688 1900 1744 Personam
1956 1686 2122 1758 Λόγου
2179 1687 2460 1747 incarnati
2509 1688 2859 1746 oeconomice

450 1769 708 1847 spectati,
767 1777 1051 1845 quatenus
1107 1778 1367 1826 naturam
1423 1770 1733 1827 humanam
1756 1766 1932 1841 dedit,
1991 1787 2164 1843 quam
2195 1768 2253 1824 in
2284 1770 2560 1827 unitatem
2593 1769 2861 1827 Personae

449 1850 776 1926 assumpsit.

532 1930 687 1987 XII.
738 1929 800 1986 Si
830 1928 1032 1986 titulus
1064 1927 1330 2003 Deiparae
1360 1926 1586 1985 delatus
1617 1926 1867 2003 Virgini,
1925 1935 2123 2003 raptus
2154 1926 2260 1984 fuit
2310 1927 2382 1984 ab
2431 1927 2857 1984 hominibussu-

446 2009 788 2086 perstitiosis
817 2007 876 2064 in
905 2007 1263 2065 occasionem
1314 2007 1672 2081 idololatriae,
1721 2014 1786 2064 ut
1834 2007 2104 2064 observat
2163 2007 2377 2064 Paulus
2412 2006 2664 2082 SarpiuS,
2700 2006 2855 2064 Hist.

452 2089 667 2148 Concil.
701 2087 956 2145 Trident.
987 2088 1086 2145 lib.
1119 2087 1196 2160 ii.,
1246 2090 1280 2118 ‘⁴
1307 2088 1398 2144 Ex
1428 2106 1542 2162 quo
1573 2086 1825 2143 Nestorii
1852 2087 2114 2162 impietas
2143 2085 2342 2144 divisit
2372 2086 2679 2160 Christum,
2712 2086 2857 2143 duos

449 2169 805 2227 constituens
832 2166 999 2242 filios,
1031 2176 1089 2225 et
1117 2187 1264 2241 eum,
1298 2167 1397 2243 qui
1431 2165 1672 2242 Virgine
1718 2166 1903 2223 Maria
1933 2167 2179 2241 genitus,
2216 2167 2401 2223 Deum
2447 2185 2572 2224 esse
2601 2185 2855 2242 negans3

449 2249 727 2322 Ecclesia,
758 2256 823 2305 ut
853 2247 910 2303 in
939 2248 1161 2304 animos
1189 2246 1442 2306 fidelium
1484 2247 1786 2304 veritatem
1816 2246 2170 2303 Catholicam
2202 2246 2489 2319 insereret,
2521 2246 2581 2302 in
2611 2245 2861 2304 Orientis

442 2330 616 2406 juxta
644 2337 815 2403 atque
846 2327 1178 2385 Occidentis
1211 2326 1505 2400 EcclesiiS,
1539 2326 1674 2384 hinc
1697 2327 1820 2384 haec
1839 2326 2017 2383 verba
2047 2326 2255 2402 saepius
2286 2325 2630 2384 inculcanda
2658 2325 2859 2382 existi-

446 2409 643 2481 mavit,
676 2409 856 2487 Magia
883 2408 1103 2480 ὀκτάκις,
1138 2407 1324 2464 Maria
1383 2407 1572 2463 Mater
1629 2406 1756 2464 Dei.
1830 2406 1916 2463 Id
1970 2406 2202 2481 quidem
2231 2406 2290 2463 in
2345 2406 2620 2464 honorem
2650 2404 2863 2464 Christi

451 2488 811 2546 solummodo
841 2488 1184 2560 institutum,
1218 2507 1348 2543 cum
1381 2487 1568 2543 Matre
1620 2486 1831 2544 sensim
1862 2486 2269 2543 communicari
2320 2486 2510 2563 coepit,
2543 2494 2601 2544 et
2630 2485 2859 2543 tandem

446 2568 520 2626 ad
549 2588 674 2626 eam
705 2567 886 2625 solam
917 2566 1148 2625 omnino
1178 2562 1621 2639 relatum,'’·&c.
1697 2566 1876 2639 Licet,
1902 2566 2152 2641 inquam,
2179 2567 2569 2626 crassissimus
2590 2566 2684 2625 hic
2707 2585 2863 2624 error

445 2649 556 2705 hac
584 2647 882 2704 occasione
923 2646 1016 2703 vel
1044 2653 1216 2702 natus
1247 2646 1320 2702 sit
1349 2645 1443 2702 vel
1473 2654 1676 2702 auctus
1700 2667 1713 2718 ;
1743 2646 1888 2702 nihil
1917 2645 1977 2703 id
2006 2646 2233 2703 veritati
2277 2647 2534 2723 derogat,
2565 2647 2702 2723 quia
2724 2646 2862 2705 abu·

449 2747 547 2785 sus
576 2736 633 2785 et
661 2746 818 2783 error
849 2725 1296 2797 Pontificiorum,
1319 2744 1484 2781 usum
1504 2724 1826 2799 legitimum
1850 2725 2016 2782 istius
2044 2725 2291 2783 nominis
2313 2746 2429 2784 non
2453 2727 2625 2785 debet
2642 2727 2860 2785 tollere.

1053 2803 1244 2860 XIII.
1294 2803 1593 2861 Secundus
1624 2804 1893 2880 scopulus
1921 2805 2014 2861 hic
2046 2804 2319 2862 vitandus
2349 2815 2437 2864 est
2466 2806 2859 2882 Eutychiani-3·

485 2889 928 2944 Eutychianismus.
970 2904 1090 2941 mus
1107 2882 1279 2959 priori
1300 2883 1615 2959 opposituS,
1637 2883 1825 2941 dictus
1847 2884 1920 2941 ab
1942 2884 2207 2960 Eutyche
2227 2885 2696 2945 Archimandrita
2716 2887 2861 2943 Con-

968 2962 1494 3039 stantinopolitanO,
1517 2963 1615 3039 qui
1646 2963 1781 3021 dum
1807 2964 2083 3021 fervidius
2103 2984 2162 3022 se
2182 2966 2418 3041 opponit
2444 2967 2494 3021 N
2499 2967 2709 3023 estorio
2726 2966 2861 3023 Per-

447 3069 644 3109 sonam
665 3045 876 3105 Christi
889 3045 947 3102 in
967 3044 1110 3101 duas
1132 3043 1432 3118 dividenti,
1452 3052 1687 3102 naturas
1706 3043 1849 3102 duas
1869 3045 1927 3101 in
1944 3065 2117 3102 unam
2136 3045 2410 3119 confudit,
2433 3046 2531 3122 qui
2554 3066 2589 3103 a
2608 3045 2866 3104 Concilio

449 3126 904 3188 Chalcedonensi
947 3125 1252 3182 damnatus
1302 3123 1448 3183 fuit:
1493 3144 1608 3201 quo
1662 3125 1953 3201 pertinent
2001 3125 2117 3183 duo
2156 3125 2434 3183 adverbia
2481 3126 2732 3206 ἇτςέπτυς
2776 3129 2866 3182 καὶ

445 3208 769 3285 ἀσυγχῖπυς,
802 3205 1285 3265 inconvertibiliter
1314 3213 1371 3261 et
1427 3205 1728 3279 inconfuse,
1787 3205 1998 3280 quibus
2050 3204 2321 3278 innuitur,
2374 3226 2479 3263 nee
2528 3206 2735 3264 mutari
2765 3214 2865 3262 aut

446 3290 703 3349 converti
736 3308 836 3364 per
863 3286 1134 3344 unionem
1164 3284 1585 3360 hypostaticam
1615 3303 1789 3342 unam
1846 3295 2109 3342 naturam
2156 3284 2213 3340 in
2265 3284 2471 3357 aliam;
2516 3304 2621 3341 nec
2652 3285 2732 3340 ita
2760 3303 2861 3340 na-

444 3379 604 3428 turas
633 3369 782 3425 inter
810 3385 870 3423 se
901 3362 1172 3422 confundi
1203 3371 1303 3419 aut
1347 3363 1591 3436 misceri,
1624 3371 1688 3420 ut
1710 3382 1905 3419 earum
1936 3381 2293 3437 unaquaeque
2323 3382 2457 3419 suas
2484 3362 2863 3438 proprietates

446 3458 504 3506 et
533 3446 894 3503 conditiones
923 3462 1036 3498 non
1073 3441 1334 3497 retineat.

528 3524 707 3581 XIV.
755 3520 1030 3578 Rationes
1060 3527 1228 3576 sunt:
1264 3521 1314 3575 1.
1344 3517 1508 3591 'Quia
1535 3518 1804 3593 frequens
1827 3526 1915 3576 est
1943 3518 2001 3574 in
2024 3518 2318 3594 Scriptura
2345 3517 2585 3575 duarum
2631 3526 2860 3576 natura-

445 3624 568 3660 rum
603 3602 660 3657 in
692 3600 919 3657 Christo
970 3596 1271 3673 oppositio,
1307 3597 1474 3653 Rom.
1531 3597 1570 3654 i.
1603 3599 1659 3671 3,
1698 3599 1725 3652 l
1776 3597 1901 3654 Pet.
1933 3597 2010 3654 iii.
2048 3599 2137 3670 18,
2187 3597 2338 3654 Heb.
2395 3596 2476 3654 ix.
2514 3600 2604 3671 14,
2649 3598 2789 3656 Joh.
2822 3598 2858 3655 i.

451 3685 540 3755 14,
576 3680 724 3738 Phil.
756 3678 814 3734 ii.
847 3680 899 3751 6,
934 3681 986 3750 7,
1025 3678 1114 3732 ll.
1187 3679 1241 3732 2.
1269 3674 1416 3748 Quia
1436 3675 1565 3732 duae
1595 3675 1678 3732 illi
1700 3674 2029 3734 tribuuntur
2051 3676 2393 3750 voluntateS,
2422 3677 2563 3736 Luc.
2593 3678 2739 3736 xxii.
2763 3681 2860 3753 42,

449 3763 634 3818 “Non
652 3759 792 3817 sicut
812 3777 911 3832 eqo
932 3758 1074 3827 vole,
1098 3756 1201 3811 sed
1223 3755 1364 3811 sicut
1391 3763 1448 3812 tu
1470 3755 1609 3812 vis.”
1696 3755 1749 3811 N
1754 3774 1818 3812 ec
1838 3756 2098 3832 sequitur
2118 3765 2420 3833 propterea
2440 3757 2588 3816 duos
2611 3778 2736 3817 esse
2759 3778 2861 3815 vo·
2940 3788 2956 3801 ·

445 3842 647 3915 lenteS,
679 3838 816 3916 quia
842 3836 1113 3894 voluntas
1149 3834 1399 3912 pertinet
1453 3834 1527 3892 ad
1582 3843 1880 3909 naturam;
1925 3843 1985 3893 at
2014 3836 2215 3893 volens
2271 3836 2345 3894 ad
2373 3858 2711 3914 personam;
2756 3858 2863 3896 nec

446 3922 803 3980 voluntatem
833 3914 995 3993 sequi
1052 3915 1243 3972 statim
1274 3914 1741 3991 personalitatem
1769 3924 1944 3991 patet,
1997 3915 2133 3992 quia
2162 3916 2220 3973 in
2252 3917 2376 3974 Deo
2416 3927 2550 3976 sunt
2578 3927 2695 3976 tres
2726 3918 2862 3976 Per·

447 4022 620 4075 sonae,
654 3999 754 4057 sed
778 4017 891 4056 una
946 4003 1171 4054 tantum
1227 3995 1517 4053 voluntas
1604 3997 1662 4054 3.
1708 3995 2006 4053 Contraria
2060 3996 2390 4055 tribuuntur
2446 3998 2691 4071 Christo,
2734 4017 2861 4073 quae

447 4083 570 4140 sine
601 4079 826 4138 duabus
854 4077 913 4134 in
942 4077 1070 4153 ipso
1099 4075 1321 4133 naturis
1348 4074 1540 4132 locum
1569 4094 1684 4133 non
1714 4075 2011 4150 haberent,
2057 4084 2122 4134 ut
2149 4077 2305 4153 quod
2337 4077 2412 4137 sit
2441 4077 2800 4135 discessurus
2830 4096 2864 4134 a

445 4161 678 4233 mundO,
710 4168 767 4217 et
795 4176 1100 4215 mansurus
1128 4155 1429 4212 nobiscum
1461 4154 1519 4211 in
1549 4162 1845 4230 aeternum,
1894 4155 2051 4233 quod
2079 4156 2268 4214 infans
2313 4166 2484 4216 natus
2521 4157 2612 4230 sit,
2645 4156 2742 4231 qui
2774 4164 2863 4214 est

444 4242 617 4298 Pater
645 4237 995 4307 aetemitatis,
1028 4235 1185 4312 quod
1211 4233 1586 4293 mortificatus
1617 4236 1708 4309 sit,
1739 4244 1799 4293 et
1825 4235 2169 4311 vivificatus,
2202 4234 2310 4296 &a
2342 4236 2402 4293 in
2440 4237 2622 4294 forma
2652 4235 2779 4311 Dei,
2805 4245 2864 4294 et

442 4320 502 4378 in
532 4320 712 4377 forma
741 4318 909 4390 servi,
941 4313 1050 4373 Sto.
1351 4340 1357 4346 ·

1045 4394 1190 4452 XV.
1239 4393 1402 4452 Licet
1429 4393 1824 4471 operationum
1845 4393 2059 4453 Christi
2085 4394 2430 4470 prinmjvium
2456 4396 2609 4471 quod
2634 4394 2708 4453 sit
2736 4394 2859 4453 uni-

971 4493 1119 4547 cum,
1153 4472 1367 4549 duplex
1424 4481 1617 4531 tamen
1674 4482 1762 4531 est
1806 4475 2153 4550 principium
2209 4494 2334 4549 que,
2366 4475 2641 4533 divinitas
2670 4483 2729 4532 et
2757 4476 2858 4533 hu-

971 4552 1234 4623 manitaS,
1259 4571 1437 4609 unum
1462 4561 1549 4610 est
1576 4553 1846 4632 ἔγέςγημα,
1874 4552 1931 4610 in
1955 4574 2069 4630 quo
2093 4554 2210 4611 vim
2236 4572 2397 4612 suam
2427 4554 2613 4612 exerit
2640 4561 2859 4612 utrum-

440 4655 551 4710 que
580 4632 920 4709 principium
950 4650 1083 4707 que,
1116 4630 1217 4689 sed
1247 4630 1463 4707 duplex
1498 4631 1717 4710 ἔυίςγιιαι.

473 4460 654 4504 Fontes
699 4457 908 4502 Solutio-

602 4530 736 4561 num.
