3221 5200
313 360 534 413 Qua-:sn
577 339 741 422 xm.]
830 418 837 423 ι
996 356 1074 396 m:
1104 356 1334 397 ormcro
1362 357 1600 398 cmusrr
1631 358 2020 401 mammomo.
2604 344 2720 402 393

314 504 493 563 fuisse
522 507 992 573 consummatam,
1025 499 1192 571 cujus
1220 498 1315 556 hic
1342 497 1451 558 fuit
1479 498 1716 575 fructus,
1747 508 1813 558 ut
1842 520 1910 559 eo
1938 502 2064 578 ipso
2107 500 2200 558 dic
2250 501 2442 559 omnia
2470 502 2722 559 omnium

316 585 651 642 Electorum
700 588 936 658 peccata
984 587 1274 655 expuncta
1320 579 1452 638 sint.
1524 578 1724 657 Atque
1754 580 1877 639 haec
1907 592 1996 640 est
2039 580 2202 655 rati0,
2249 601 2352 639 cur
2392 581 2607 639 Paulus
2649 582 2724 639 ad

314 662 665 722 oblationem
735 659 963 718 unicam
1015 658 1243 733 Christi,
1292 658 1680 736 expiationem
1734 670 2098 737 peccatorum
2141 669 2465 719 nostrorum
2515 662 2724 720 reserat

315 741 751 819 synecdochice,
776 739 912 816 quia
940 737 1049 796 fuit
1077 747 1410 796 caeterarum
1452 739 1707 798 omnium
1750 741 2081 816 passionum
2131 741 2474 817 gravissima
2519 749 2577 800 et
2619 762 2722 799 no-

318 823 574 896 vissima,
621 820 745 879 sine
772 838 887 895 qua
914 826 1135 876 caeterae
1166 837 1363 876 omnes
1408 818 1815 878 antecedentes
1864 840 1980 878 non
2024 819 2399 895 suffecissent,
2432 830 2497 879 ut
2535 821 2724 879 ultimi

354 900 652 961 uadrantis
697 899 907 958 solutio
957 897 1403 957 satisfactionem
1452 898 1721 973 absolvit,
1751 920 1924 975 quam
1977 900 2356 976 Chirographi
2400 900 2618 976 scissi0,
2665 910 2724 960 et

390 983 472 1040 tio
521 981 757 1058 apochae
807 976 1134 1036 immediate
1180 978 1455 1054 sequitur.
1547 977 1714 1037 Licet
1757 999 1896 1038 vero
1945 999 2096 1036 anno
2144 980 2442 1055 trigesimo
2496 988 2719 1039 tantum

314 1061 502 1121 aetatis
524 1081 643 1119 suae
670 1059 901 1137 publice
930 1057 1162 1115 Muneri
1207 1077 1311 1116 suo
1364 1055 1709 1116 Mediator-io
1755 1059 2130 1135 inauguratus
2173 1059 2380 1134 fuerit3
2428 1060 2557 1117 Non
2586 1059 2720 1118 inde

314 1142 451 1200 licet
479 1141 668 1217 magis
697 1137 1038 1197 concludere
1069 1136 1361 1196 Christum
1390 1146 1522 1196 ante
1568 1136 1715 1195 illud
1742 1147 1969 1214 tempus
1998 1159 2114 1195 non
2143 1139 2319 1197 fuisse
2353 1139 2721 1198 Sacerdotem

314 1230 416 1280 aut
443 1221 775 1293 Victimam,
806 1237 978 1294 quam
1028 1215 1160 1274 inde
1207 1217 1478 1294 colligere
1524 1217 1680 1292 licet,
1727 1238 1844 1276 non
1887 1218 2063 1277 fuisse
2102 1228 2271 1277 antea
2322 1218 2719 1277 Mediatorem.

316 1301 439 1359 Nec
489 1300 537 1357 si
569 1299 831 1358 Christus
874 1298 936 1354 in
981 1296 1167 1373 gratia
1213 1297 1393 1374 patris
1435 1297 1559 1371 fuit,
1609 1307 1668 1355 et
1717 1299 1904 1357 Filius
1933 1299 2058 1375 ejus
2106 1298 2368 1374 dilectus,
2401 1298 2515 1357 imo
2550 1299 2721 1357 etiam

313 1380 669 1457 glorificatus
714 1376 1023 1455 aliquando
1071 1395 1173 1453 per
1220 1376 1357 1435 vitae
1402 1380 1646 1453 tempus,
1706 1378 1853 1437 bene
1898 1378 2031 1437 inde
2076 1378 2362 1437 evincitur
2407 1399 2534 1436 eum
2579 1379 2721 1436 iram

314 1460 424 1518 Dei
474 1479 592 1517 non
620 1458 861 1532 tulisse;
906 1457 1042 1532 quia
1085 1475 1201 1513 non
1231 1464 1365 1514 sunt
1407 1456 1694 1516 ἀνύσηται.
1781 1458 1903 1517 Nec
1931 1478 2182 1534 unquam
2215 1458 2273 1515 in
2323 1479 2385 1517 se
2431 1467 2722 1535 spectatus

314 1540 579 1598 Christus
621 1539 792 1596 etiam
852 1536 911 1593 in
966 1536 1107 1611 ipsis
1156 1535 1342 1593 crucis
1378 1537 1693 1613 angoribus
1749 1536 1922 1596 desiit
1969 1558 2094 1596 esse
2140 1538 2510 1597 charissimus
2553 1538 2720 1615 patri,

312 1620 581 1695 quamvis
608 1628 674 1677 ut
705 1617 961 1693 Sponsor
981 1623 1191 1689 noster,
1223 1615 1322 1673 irae
1366 1616 1593 1692 pondus
1635 1626 1870 1693 propter
1911 1627 2148 1694 peccata
2191 1626 2387 1675 nostra
2435 1618 2621 1692 ferret,
2668 1627 2726 1676 et

315 1698 607 1757 execratio
649 1697 830 1755 fieret.
952 1695 1073 1752 Nec
1115 1714 1300 1771 poenae
1345 1696 1574 1754 Christo
1637 1696 1919 1772 impositae
1963 1707 2081 1755 tam
2130 1697 2370 1755 intensae
2414 1708 2473 1755 et
2513 1718 2723 1773 graves

312 1798 539 1855 semper
585 1777 908 1835 debuerunt
952 1794 1097 1847 esse,
1176 1775 1317 1849 quin
1373 1775 1794 1851 mitigationem
1858 1776 2111 1851 aliquam
2169 1776 2341 1834 certis
2397 1776 2721 1834 intervallis

312 1857 697 1932 admitterent,
749 1855 962 1932 quibus
1016 1853 1090 1911 ad
1166 1852 1389 1912 fortiter
1443 1853 1853 1913 decertandum
1896 1863 2185 1913 certamen
2234 1855 2320 1912 illi
2360 1855 2717 1932 propositum

310 1938 499 2014 magis
526 1958 594 1995 ac
622 1936 810 2013 magis
838 1935 1202 1993 animaretur.

394 2017 514 2075 IX.
563 2015 848 2089 Secunde,
882 2013 1256 2091 supponimus
1312 2013 1371 2069 in
1427 2012 1752 2072 actionibus
1807 2024 1865 2072 et
1919 2013 2283 2091 passionibus
2334 2013 2547 2072 Christi
2602 2013 2717 2071 dis-

310 2096 630 2173 tinguenda
658 2116 785 2154 esse
814 2094 946 2169 du0,
979 2092 1273 2150 materiale
1313 2100 1371 2150 et
1398 2091 1672 2151 formale:
1717 2095 2011 2152 materiale
2059 2113 2333 2151 vocamus
2377 2093 2632 2151 actiones
2661 2103 2720 2153 et

312 2177 611 2252 passiones
639 2195 754 2253 qua
782 2174 928 2232 tales
957 2172 1017 2229 in
1058 2191 1267 2247 genere
1315 2171 1482 2229 Entis
1527 2172 1953 2248 consideratas3
1982 2175 2240 2247 formale
2287 2193 2425 2230 vero
2469 2173 2718 2249 easdem,

310 2265 595 2331 quatenus
618 2261 950 2332 spectantur
977 2252 1036 2308 in
1060 2270 1269 2327 genere
1299 2250 1491 2325 moris,
1518 2271 1621 2310 seu
1649 2252 1842 2328 quoad
1863 2253 1964 2330 jus
2006 2261 2063 2310 et
2111 2250 2380 2327 δικαίωμα,
2433 2252 2590 2328 quod
2646 2274 2720 2311 ex

311 2335 429 2393 illis
457 2336 637 2394 oritur
664 2335 842 2393 relate
881 2331 956 2389 ad
984 2330 1171 2388 forum
1202 2329 1329 2388 Dei.
1417 2330 1622 2403 Quoad
1670 2332 1846 2408 prius,
1879 2332 2135 2391 actiones
2174 2342 2232 2392 et
2259 2333 2556 2409 passiones
2587 2342 2721 2392 sunt

310 2415 507 2473 multae
538 2423 595 2473 et
622 2414 832 2488 variae3
878 2410 982 2470 sed
1009 2409 1201 2487 quoad
1228 2410 1532 2486 posteriuS,
1563 2411 1736 2469 unica
1764 2422 1852 2471 est
1893 2411 2092 2487 forma,
2125 2413 2232 2470 sub
2274 2432 2389 2488 qua
2418 2412 2719 2470 censendae

305 2494 565 2570 veniunt,
596 2495 869 2552 nimirum
896 2489 1247 2566 δικαιώματος,
1279 2489 1437 2566 quod
1479 2498 1666 2549 totum
1696 2500 1785 2549 est
1819 2492 2110 2568 quoddam
2139 2512 2415 2550 enascens
2460 2512 2535 2550 ex
2564 2512 2718 2549 com-

308 2574 488 2652 plexu
516 2574 770 2634 omnium
799 2572 1089 2632 actionum
1134 2580 1191 2630 et
1219 2570 1550 2649 passionum
1581 2570 1755 2630 simul
1803 2582 2156 2650 sumptarum
2182 2595 2195 2648 ;
2244 2571 2415 2631 Unde
2444 2592 2558 2630 una
2602 2572 2723 2631 sola

309 2655 460 2713 actio
488 2655 587 2713 vel
613 2656 805 2731 passio
827 2673 943 2712 non
980 2660 1172 2730 potest
1199 2651 1314 2709 dici
1356 2651 1523 2728 plene
1552 2652 1845 2712 meritoria
1882 2653 1977 2712 vel
2030 2653 2425 2728 satisfactoria,
2457 2652 2596 2730 quia
2647 2652 2721 2711 ad

309 2754 436 2792 eam
477 2735 787 2810 requiritur
815 2752 1127 2792 concursus
1175 2731 1442 2809 perfectae
1497 2731 1876 2793 obedientiae:
1977 2733 2135 2791 Hinc
2163 2733 2300 2792 licet
2328 2733 2474 2790 varii
2504 2733 2721 2808 gradus

308 2823 368 2873 et
395 2823 559 2873 actus
587 2815 811 2892 possint
839 2812 1134 2871 observari
1163 2813 1223 2869 in
1266 2811 1594 2870 obedientia
1625 2813 1855 2888 Christi,
1888 2833 2060 2890 quam
2105 2833 2235 2871 cum
2265 2812 2391 2889 ipsa
2418 2812 2723 2871 nativitate

308 2894 620 2967 inchoavit,
692 2903 816 2951 tota
882 2892 1006 2950 vita
1073 2891 1449 2966 continuavit,
1535 2900 1592 2950 et
1662 2893 1722 2949 in
1790 2903 1974 2952 morte
2045 2893 2483 2966 consummavit,
2556 2893 2727 2949 unica

308 2982 504 3106 mmmm
576 2981 664 3029 est
718 2971 912 3046 quoad
965 2969 1289 3046 dms-inqu
1352 2971 1540 3046 operis
1610 2972 1832 3047 salutis,
1892 2983 1950 3030 et
2010 2973 2201 3047 quoad
2270 2969 2523 3047 δικαίωμα
2590 2971 2724 3029 inde

310 3071 340 3108 e
405 3069 690 3108 orescens.

391 3129 476 3187 X.
521 3129 735 3202 Terti0,
769 3127 1143 3203 supponimus
1181 3127 1351 3184 istam
1381 3127 1769 3187 obedientiam
1800 3127 2014 3186 Christi
2037 3130 2325 3205 duplicem
2354 3130 2463 3186 vim
2491 3128 2721 3202 habere,

309 3209 746 3282 satisfactorium
789 3215 847 3265 et
890 3206 1252 3280 meritoriam,
1302 3206 1477 3280 illam,
1509 3227 1626 3282 qua
1665 3207 1975 3265 liberemur
2003 3227 2037 3265 a
2086 3207 2289 3284 poenis,
2320 3206 2382 3263 in
2430 3227 2574 3282 quas
2622 3227 2726 3282 per

307 3296 606 3365 peccatum
630 3285 992 3360 incurrimus,
1023 3284 1192 3342 istam
1223 3304 1337 3360 qua
1366 3286 1695 3360 acquiratur
1724 3286 1890 3344 nobis
1919 3286 1962 3344 J
1965 3306 2034 3346 us
2076 3285 2151 3343 ad
2179 3286 2360 3344 vitam
2389 3297 2447 3343 et
2476 3286 2720 3344 salutem

306 3376 578 3426 aeternam
621 3387 723 3444 per
763 3373 1062 3443 peccatum
1104 3364 1394 3422 amissum.
1500 3365 1582 3424 Ut
1624 3364 1773 3423 enim
1818 3375 2116 3442 peccatum
2157 3365 2272 3423 duo
2317 3366 2470 3422 mala
2517 3365 2574 3421 in
2619 3385 2725 3423 nos

306 3447 628 3521 accersivit,
680 3447 816 3504 vitae
853 3446 1157 3522 jacturam,
1211 3453 1267 3502 et
1311 3445 1511 3502 mortis
1552 3454 1812 3521 reatum;
1881 3446 1973 3505 Ita
2026 3445 2345 3523 redemptio
2401 3445 2516 3503 duo
2571 3445 2725 3503 bona

307 3528 572 3605 opposita
618 3525 819 3585 debuit
863 3524 1081 3599 afferre,
1130 3524 1528 3583 liberationem
1570 3545 1604 3582 a
1647 3535 1846 3599 morte,
1892 3536 1949 3584 et
1990 3526 2105 3585 Jus
2147 3525 2222 3584 ad
2265 3526 2460 3599 vitam,
2503 3525 2720 3583 exitum

306 3627 381 3665 ex
426 3607 667 3681 infernO,
713 3614 772 3664 et
810 3604 1110 3663 introitum
1151 3605 1211 3662 in
1255 3604 1482 3662 coelum.
1568 3605 1704 3664 Huc
1745 3606 2034 3682 pertinent
2075 3607 2202 3664 loca
2251 3605 2412 3664 varia
2465 3606 2718 3682 Scriptu-

305 3707 401 3762 rae,
447 3707 576 3763 quae
618 3685 837 3762 duplex
878 3684 1035 3743 istud
1063 3684 1402 3742 beneficium
1433 3684 1583 3742 clare
1614 3687 1959 3762 exprimunt.
2048 3687 2196 3744 Dan.
2228 3686 2308 3744 ix.
2333 3690 2427 3759 24,
2463 3689 2497 3718 ‘⁴
2520 3685 2719 3762 Propi-

304 3766 467 3826 tiatio
530 3765 867 3842 iniquitatis,
926 3772 984 3822 et
1039 3772 1266 3822 aeternse
1328 3765 1572 3840 justitiae
1629 3765 1958 3841 adductio,’'
2005 3766 2232 3824 Christo
2294 3766 2609 3838 tribuitur;
2662 3774 2720 3822 et

306 3846 439 3905 Gal.
481 3846 562 3903 iii.
610 3845 702 3920 13,
751 3845 1098 3902 “Liberatio
1141 3864 1176 3901 a
1215 3844 1617 3903 maledictione
1658 3846 1852 3922 Legis,
1884 3854 1942 3904 et
1969 3844 2388 3903 benedictionis
2426 3844 2718 3916 collatio,''

301 3933 360 3984 et
405 3946 528 4002 cap.
571 3926 651 3983 iv.
709 3927 763 3997 5,
826 3923 1167 3981 “Liberatio
1223 3923 1487 4000 a·Lege,
1537 3934 1595 3984 et
1639 3925 1872 4002 adoptio
1922 3925 2166 3982 filiorum
2192 3925 2248 3998 ;'’
2295 3925 2463 3981 Rom.
2508 3943 2565 3980 v.
2619 3927 2709 3996 10,

302 4005 612 4064 “Salvatio
654 4005 727 4062 ab
768 4003 868 4077 ira,
910 4013 970 4060 et
1019 4003 1151 4060 vitae
1182 4002 1474 4070 donatio‚'’
1521 4007 1556 4037 “
1583 4005 1869 4063 Remissio
1911 4012 2291 4080 peccatorum,
2325 4011 2384 4061 et
2412 4023 2536 4060 sors
2567 4001 2714 4060 inter

302 4085 746 4158 sanctificatos,''
792 4083 926 4141 Act.
958 4082 1122 4139 xxvi.
1172 4084 1263 4140 18.

384 4164 505 4224 ΧΙ.
553 4165 716 4223 Licet
744 4183 882 4221 vero
911 4161 1026 4220 duo
1055 4162 1166 4220 ista
1187 4161 1466 4220 beneficia
1502 4183 1577 4220 ex
1608 4162 1823 4221 Christi
1851 4161 2179 4220 obedientia
2215 4161 2523 4234 manantia,
2566 4160 2711 4217 indi·

301 4244 471 4303 vulso
500 4264 656 4303 nexu
706 4243 821 4301 sint
870 4242 1137 4319 copulata
1164 4242 1224 4299 in
1256 4241 1498 4299 Foedere
1530 4242 1766 4316 Gratiae,
1798 4250 1863 4299 ut
1889 4261 2058 4299 nemo
2087 4241 2481 4299 remissionem
2509 4259 2709 4316 pecca-

301 4331 492 4382 torum
534 4324 718 4401 possit
739 4322 1014 4396 obtinere,
1046 4322 1148 4398 qui
1168 4322 1268 4398 jus
1297 4320 1372 4378 ad
1399 4321 1580 4378 vitam
1622 4342 1738 4378 non
1767 4330 2188 4397 consequatur3
2249 4320 2381 4377 Non
2406 4328 2710 4396 propterea

231 4401 251 4416 ⁷
302 4402 707 4461 confundenda
748 4411 898 4476 sunt,
930 4402 1095 4479 quasi
1146 4421 1322 4460 unum
1371 4412 1429 4459 et
1456 4400 1609 4459 idem
1654 4411 1877 4475 essent3
1925 4400 2024 4458 sed
2082 4398 2528 4476 distinguenda;
2573 4399 2710 4474 quia

300 4482 459 4541 aliud
487 4491 575 4541 est
603 4504 638 4540 a
664 4491 844 4541 morte
873 4483 1134 4555 liberare,
1166 4481 1325 4540 aliud
1355 4481 1413 4538 in
1442 4480 1621 4538 vitam
1651 4480 2029 4554 introducere,
2061 4479 2220 4537 aliud
2241 4499 2316 4536 ex
2344 4478 2540 4536 inferis
2569 4477 2707 4536 edu·

299 4581 446 4637 cere,
492 4562 651 4620 aliud
678 4563 739 4620 in
776 4562 984 4620 coelum
1014 4562 1275 4636 evehere,
1307 4560 1550 4619 liberare
1580 4582 1615 4618 a
1655 4581 1842 4637 poena,
1876 4568 1934 4618 et
1962 4560 2259 4637 praemium
2288 4558 2520 4618 donare.
2567 4558 2707 4633 Nec,

299 4641 352 4700 si
366 4660 536 4700 nemo
556 4649 746 4719 potest
772 4662 808 4700 a
835 4651 1018 4702 morte
1047 4641 1242 4716 eximi,
1267 4642 1407 4717 quin
1428 4641 1562 4699 vitae
1581 4641 1683 4698 fiat
1703 4640 2006 4716 particeps,
2028 4639 2288 4715 sequitur
2307 4638 2705 4696 liberationem
