3221 5200
264 376 489 424 Qufflsr.
526 352 612 434 v.]
1210 375 1287 414 m:
1320 375 1869 416 SANCTIF1<·A'1·10NE.
2561 361 2678 418 633

266 514 681 576 beatitudinem
710 512 1037 574 immediate
1070 536 1185 575 non
1214 519 1534 594 meruisset,
1568 519 1672 578 sed
1701 526 1921 577 tantum
1953 516 2220 594 mediate,
2253 526 2455 578 contra
2487 519 2681 596 Scrip-

269 606 475 670 turam,
506 595 548 654 J
553 594 646 652 oh.
690 614 748 651 κ.
780 597 875 669 28,
922 595 1076 654 Heb.
1106 597 1187 655 ix.
1236 602 1327 658 15.
1434 600 1658 658 Deinde
1705 600 1754 656 si
1811 598 2025 656 Christi
2074 599 2342 657 meritum
2398 599 2681 657 sufficieu-

272 677 560 735 tissimum
587 683 675 732 est
702 693 905 750 perse,
946 695 1048 734 cur
1092 697 1237 754 opus
1286 688 1375 738 est
1423 680 1507 737 illi
1537 699 1768 738 assuere
1815 679 2019 737 merita
2065 679 2361 737 humana?
2403 700 2532 738 cum
2583 699 2686 756 per

272 757 441 834 plura
467 754 591 813 fieri
614 773 729 811 non
752 753 976 830 debeat,
1008 756 1164 832 quod
1192 758 1316 816 fieri
1345 768 1534 835 potest
1553 780 1654 836 per
1672 759 1941 836 pauciora
1964 780 1977 833 ;
2023 777 2129 817 nec
2157 759 2320 816 locus
2349 758 2474 816 dari
2502 760 2687 836 possit

274 836 444 894 novis
465 834 700 909 meritis,
744 833 847 892 ubi
874 837 1079 893 merita
1120 837 1335 897 Christi
1378 840 1545 915 plene
1587 839 2020 915 acquisiverunt
2042 840 2141 916 jus
2170 838 2326 915 quod
2354 839 2684 914 quaerimus

275 921 331 974 4.
381 915 579 974 Simile
622 914 696 972 de
748 913 881 973 Sole
924 916 1092 992 plane
1135 918 1444 994 dissimile;
1519 919 1703 978 Aliud
1772 919 1982 995 quippe
2033 927 2121 977 est
2166 918 2326 995 loqui
2376 917 2447 976 de
2497 919 2687 976 causis

276 995 673 1071 efficientibus,
718 1014 845 1070 quae
874 995 1091 1055 habent
1119 998 1268 1056 inter
1289 1018 1350 1056 se
1380 998 1928 1073 subordinationem,
1962 999 2146 1057 Aliud
2187 998 2257 1056 de
2301 998 2491 1056 causis
2518 997 2687 1055 meri-

271 1077 451 1149 toriis,
483 1095 611 1151 quae
641 1075 859 1133 nullam
888 1076 1063 1134 talem
1093 1078 1623 1137 subordinationem
1651 1078 1797 1136 ferre
1828 1089 2102 1155 possunt;
2165 1077 2349 1137 Aliud
2379 1078 2450 1136 de
2480 1078 2680 1135 ordine

279 1156 532 1229 Naturae,
577 1156 638 1212 in
678 1173 793 1230 quo
838 1156 999 1214 Deus
1026 1157 1202 1215 talem
1244 1159 1773 1217 concatenationem
1803 1158 1952 1216 inter
1973 1179 2207 1218 causam
2234 1159 2475 1236 primam
2518 1166 2576 1216 et
2605 1177 2692 1215 se-

280 1235 498 1294 cundas
526 1235 824 1293 instituere
854 1236 1055 1312 voluit,
1090 1238 1274 1296 Aliud
1302 1238 1373 1296 de
1402 1239 1602 1297 ordine
1628 1237 1863 1309 Gratiae,
1908 1238 1968 1295 in
2010 1259 2126 1316 quo
2170 1239 2460 1298 Christum
2504 1238 2691 1296 solum

278 1315 465 1374 voluit
492 1335 618 1372 esse
641 1333 872 1372 causam
896 1317 1123 1375 unicam
1152 1326 1210 1377 et
1238 1318 1587 1396 singularem
1620 1317 1822 1376 salutis
1850 1327 2079 1394 nostrae,
2107 1320 2240 1377 Act.
2285 1320 2364 1378 iv.
2399 1323 2491 1377 12.

723 1462 733 1473 ,
885 1396 1039 1456 XX.
1082 1400 1134 1455 A
1154 1408 1329 1474 parte
1352 1400 1630 1478 fidelium,
1653 1398 1905 1475 quicum
1935 1399 2050 1458 sint
2080 1400 2234 1457 servi
2264 1400 2394 1476 Dei,
2420 1399 2518 1476 qui
2547 1397 2691 1455 nihil

279 1462 324 1507 3.
374 1464 626 1565 Adell’ffi'xffi
678 1460 757 1505 1³¹·
796 1487 1067 1553 praestare
1080 1488 1338 1556 possunt,
1353 1480 1507 1556 quod
1527 1500 1642 1538 non
1661 1479 1924 1554 debeant,
1939 1500 2007 1538 eo
2025 1480 2151 1557 ipso
2173 1480 2318 1537 nihil
2339 1479 2542 1538 mereri
2562 1498 2693 1555 pos-

446 1594 504 1621 -
805 1567 957 1616 sunt.
1043 1560 1240 1618 Verba
1268 1571 1402 1619 sunt
1443 1580 1718 1637 expressa
1748 1559 1978 1635 Christi,
2013 1561 2154 1620 Luc.
2187 1561 2326 1618 xvii.
2364 1563 2455 1634 10,
2491 1561 2694 1617 “Cum

282 1635 532 1696 feceritis
555 1638 762 1712 omnia,
789 1657 918 1714 quae
941 1649 1227 1718 praecepta
1246 1649 1379 1699 sunt
1402 1642 1586 1714 vobis,
1615 1640 1806 1714 dicite,
1838 1641 2004 1697 Servi
2025 1640 2260 1698 inutiles
2290 1659 2504 1712 sumne,
2537 1638 2695 1714 quod

287 1716 592 1774 debuimus
621 1717 806 1777 facere
838 1719 1134 1779 fecimus.''
1222 1721 1340 1780 Ubi
1385 1729 1527 1796 quot
1576 1721 1693 1778 sere
1743 1728 1877 1777 sunt
1907 1720 2099 1792 verba,
2132 1727 2217 1776 tot
2247 1727 2383 1775 sunt
2410 1717 2694 1775 rationum

286 1795 558 1872 pondera.
648 1800 700 1856 1.
746 1797 1009 1856 Christus
1063 1800 1320 1876 loquitur
1375 1799 1745 1875 hypothetice
1796 1805 1854 1855 et
1896 1805 2273 1870 συγχωςητικόε,
2309 1798 2453 1856 Cum
2508 1797 2697 1854 omnia

272 1875 539 1951 feceritis,
572 1895 689 1933 non
731 1876 889 1952 quod
931 1878 1006 1934 sit
1047 1879 1273 1955 aliquis,
1306 1879 1406 1954 qui
1452 1879 1671 1954 Legem
1713 1876 1966 1953 impleat,
1999 1895 2129 1933 cum
2172 1875 2231 1932 in
2260 1877 2458 1934 multis
2487 1876 2692 1952 impin-

288 1975 493 2032 gamus
512 1975 727 2030 omneS,
749 1955 791 2014 J
796 1976 880 2013 ac.
894 1956 973 2014 iii.
988 1958 1042 2031 2,
1066 1957 1168 2015 sed
1187 1958 1296 2015 etsi
1319 1958 1552 2016 daretur
1561 1956 1788 2034 aliquis,
1811 1956 1931 2014 fore
1952 1965 2143 2013 tamen
2162 1965 2391 2014 servum
2415 1955 2694 2030 inutilem,

287 2046 351 2094 ut
380 2035 619 2112 exponit
649 2036 888 2111 Cajeta.,
932 2037 1219 2112 Janseni.,
1243 2047 1302 2096 et
1336 2037 1533 2096 Stella.
1621 2041 1676 2095 2.
1709 2036 1972 2094 Christus
2001 2055 2117 2092 non
2146 2036 2274 2094 vult
2302 2056 2403 2094 eos
2431 2036 2511 2094 ita
2537 2036 2699 2112 loqui

289 2116 472 2173 solum
498 2135 600 2192 per
629 2114 1011 2174 humilitatem
1054 2126 1113 2175 et
1141 2117 1500 2191 modestiam,
1530 2117 1667 2175 licet
1695 2117 1883 2192 reipsa
1911 2135 2112 2174 verum
2142 2135 2258 2173 non
2287 2116 2379 2190 sit,
2423 2135 2540 2173 non
2572 2115 2700 2174 vult

289 2197 442 2254 enim
468 2196 547 2252 ita
575 2215 681 2253 nos
709 2195 956 2253 humiles
985 2217 1129 2272 esse,
1176 2206 1241 2256 ut
1270 2198 1629 2271 mentiamur,
1677 2196 1778 2254 sed
1821 2216 1895 2254 ex
1937 2195 2018 2252 rei
2049 2196 2310 2269 veritate,
2356 2203 2415 2254 et
2455 2196 2699 2273 propriae

289 2275 638 2333 infirmitatis
666 2294 856 2349 sensu,
887 2276 1044 2352 quod
1072 2277 1217 2335 ratio
1247 2277 1443 2335 addita
1465 2297 1499 2334 a
1529 2277 1775 2349 Christo,
1808 2275 1964 2352 quod
2007 2275 2264 2334 fecerunt
2306 2275 2460 2352 quod
2490 2275 2703 2333 debue-

291 2363 441 2429 runt,
487 2355 628 2414 satis
657 2355 890 2413 evincit.
976 2359 1031 2414 3.
1064 2357 1326 2415 Christus
1352 2377 1469 2414 non
1498 2357 1591 2414 hic
1621 2356 1878 2432 loquitur
1904 2355 1975 2413 de
2007 2375 2191 2430 serv0,
2223 2355 2324 2432 qui
2354 2357 2428 2414 sit
2457 2354 2702 2431 simplex

290 2436 693 2510 mercenarius,
724 2435 825 2511 qui
853 2436 1113 2495 mercede
1143 2445 1311 2514 pacta
1342 2437 1591 2495 Domino
1636 2456 1740 2495 suo
1769 2436 2000 2509 serviat,
2046 2444 2104 2493 et
2132 2436 2226 2494 cui
2253 2444 2383 2512 post
2406 2436 2703 2494 servitium

292 2535 511 2574 merces
553 2516 867 2591 debeatur;
913 2516 1016 2574 sed
1037 2517 1138 2593 qui
1168 2517 1243 2577 sit
1284 2517 1654 2594 mancipium,
1697 2515 1854 2593 quod
1896 2524 2080 2573 totum
2123 2524 2702 2592 quantumquantum,

293 2607 381 2655 est
412 2596 646 2655 Domini
670 2595 776 2670 sui,
807 2605 872 2655 ut
899 2596 1010 2674 ipsi
1039 2619 1269 2675 operam
1293 2618 1455 2657 suam
1486 2607 1665 2657 totam
1695 2607 1752 2656 et
1780 2595 2009 2655 assidue
2053 2595 2383 2674 impendere
2424 2604 2703 2669 teneatur,

294 2678 494 2753 quales
524 2686 686 2736 erant
713 2685 851 2735 tunc
881 2679 1152 2755 temporis
1182 2680 1336 2737 servi
1381 2680 1772 2737 Romanorum
1802 2686 1860 2735 et
1887 2676 2248 2752 Judaeorum,
2280 2687 2345 2736 ut
2372 2677 2707 2754 intelligunt

296 2758 701 2833 BellarminuS,
750 2758 1024 2833 Salmero,
1058 2759 1359 2818 Batradas.
1445 2764 1501 2818 4.
1544 2759 1712 2818 Servi
1748 2758 1967 2815 inutiles
2008 2757 2294 2831 dicuntur,
2339 2778 2456 2816 non
2485 2765 2708 2816 tantum

295 2838 496 2914 quales
553 2847 688 2897 sunt
742 2858 818 2895 ex
874 2839 1095 2915 seipsis,
1142 2859 1244 2899 seu
1286 2840 1346 2897 in
1390 2849 1543 2899 statu
1587 2840 1840 2914 Naturae,
1887 2837 1990 2896 sed
2032 2839 2232 2914 quales
2276 2846 2410 2897 sunt
2452 2838 2511 2894 in
2554 2845 2709 2896 statu

298 2918 538 2992 Gratiae,
580 2919 716 2995 quia
745 2917 1057 2994 alloquitur
1087 2919 1298 2997 Apost.
1330 2940 1430 2978 eos
1464 2920 1560 2996 qui
1593 2927 1995 2996 supponuntur
2035 2926 2306 2995 praestare
2336 2938 2421 2991 ea,
2453 2937 2582 2993 quae
2610 2937 2709 2973 ne-

301 3016 395 3054 mo
424 3017 500 3054 ex
530 3017 591 3054 se
634 3006 906 3073 praestare
938 3007 1143 3072 potest.
1211 3003 1268 3057 5.
1314 3000 1447 3057 Non
1475 3008 1700 3057 tantum
1729 2998 1964 3056 inutiles
2006 3006 2178 3055 vocat
2221 2998 2365 3069 Dec,
2412 2997 2511 3073 qui
2539 2997 2708 3053 bonis

297 3076 510 3134 nostris
537 3095 654 3133 non
683 3084 833 3151 eget,
869 3077 1021 3134 Psal.
1051 3078 1091 3135 l.
1127 3081 1219 3152 12,
1265 3086 1324 3136 et
1369 3077 1444 3135 ad
1485 3098 1657 3153 quem
1700 3078 1915 3135 bonum
1958 3085 2218 3134 nostrum
2266 3095 2382 3132 non
2411 3075 2705 3151 pertingit,

300 3157 454 3214 Psal.
486 3156 607 3214 xvi.
639 3160 693 3230 2,
727 3154 830 3213 sed
858 3156 1031 3213 etiam
1059 3156 1293 3214 inutiles
1338 3156 1466 3232 sibi,
1498 3165 1562 3214 ut
1591 3163 1890 3232 exponunt
1921 3155 2177 3212 Maldon.
2210 3163 2267 3212 et
2297 3154 2475 3231 Alph.
2507 3175 2541 3212 a
2571 3154 2708 3212 Cas-

299 3245 405 3295 tro,
491 3236 635 3294 Cum
665 3255 803 3311 ergo
832 3235 926 3293 hic
955 3244 1162 3311 agatur
1183 3236 1253 3293 de
1280 3235 1423 3310 Deo,
1456 3236 1554 3311 qui
1584 3235 1728 3291 nihil
1759 3235 1932 3292 debet
1962 3235 2145 3292 servis
2174 3234 2312 3307 suiS,
2337 3243 2396 3292 et
2424 3233 2495 3292 de
2523 3234 2706 3292 homi·

298 3317 470 3374 nibus
499 3316 598 3393 qui
626 3323 692 3374 ut
720 3314 1005 3392 mancipia
1031 3315 1175 3372 nihil
1205 3325 1447 3391 possunt
1474 3315 1679 3372 mereri
1709 3335 1743 3371 a
1791 3315 2041 3371 Domino
2088 3334 2209 3387 su0,
2242 3323 2300 3372 et
2328 3313 2399 3371 de
2438 3314 2710 3390 operibus

299 3417 428 3473 quae
459 3396 656 3454 debita
683 3403 849 3471 sunt3
898 3395 1054 3453 Hinc
1082 3395 1297 3455 invicte
1339 3394 1633 3471 colligitur
1661 3394 1882 3452 nullum
1913 3394 2037 3451 dari
2064 3414 2234 3471 posse
2263 3394 2526 3451 meritum
2557 3394 2711 3471 apud

304 3478 511 3534 Deum.

383 3556 574 3615 XXI.
621 3556 784 3615 Licet
834 3555 1222 3614 Bellarminus
1270 3554 1330 3612 in
1386 3575 1589 3614 omnes
1628 3563 1820 3634 partes
1850 3576 1911 3613 se
1939 3563 2133 3614 verset
2181 3554 2256 3612 ad
2301 3554 2418 3611 vim
2470 3555 2708 3613 istorum

300 3646 770 3714 argumentorum
799 3635 1176 3711 eludendam3
1222 3636 1295 3694 ad
1326 3636 1647 3714 Augustini
1675 3636 2136 3713 explicationem,
2179 3637 2299 3697 Ser.
2331 3639 2387 3694 3.
2418 3636 2490 3694 de
2518 3636 2713 3693 verbis

304 3717 493 3793 Dom.‚
514 3717 746 3776 tandem
768 3717 996 3793 cogitur
1012 3716 1339 3794 confugere,
1364 3717 1463 3794 qui
1491 3717 1792 3775 nobiscum
1816 3717 1985 3794 plane
2008 3716 2161 3789 facit,
2187 3735 2363 3793 quum
2388 3717 2484 3791 ait,
2533 3715 2711 3772 “Nos

302 3817 470 3873 posse
499 3798 614 3855 dici
643 3817 842 3856 servos
869 3797 1121 3863 inutiles,
1146 3817 1276 3855 cum
1299 3798 1490 3856 omnia
1518 3797 1718 3855 divina
1745 3796 2016 3854 mandata
2039 3797 2413 3867 servavimus,
2440 3795 2709 3869 quoniam

302 3876 447 3932 nihil
497 3877 737 3934 facimus
793 3876 945 3934 ultra
1000 3876 1156 3953 quod
1198 3876 1491 3951 debemuS,
1523 3884 1581 3934 et
1608 3876 1754 3933 nihil
1800 3876 1933 3933 inde
1955 3876 2130 3951 justae
2181 3874 2460 3931 mercedis
2515 3883 2709 3949 petere

302 3956 531 4033 posse,''
576 3975 707 4030 quae
755 3955 988 4012 omnino
1045 3954 1463 4013 Adversarium
1503 3955 1797 4031 jugulant.
1903 3954 2026 4011 Nec
2082 3953 2238 4029 quod
2293 3952 2455 4010 addit
2509 3962 2710 4029 postea

303 4034 698 4093 difficultatem
728 4033 898 4107 tollit,
948 4037 982 4066 “
1006 4034 1135 4091 Nisi
1167 4034 1327 4092 Deus
1353 4034 1580 4092 liberali
1609 4042 1779 4110 pacto
1808 4033 2107 4090 nobiscum
2138 4033 2445 4091 convenire
2492 4033 2708 4092 voluis-

304 4122 429 4189 set3
475 4134 600 4172 esse
630 4113 783 4171 enim
811 4133 917 4170 nos
945 4133 1021 4171 ex
1042 4113 1370 4171 conditione
1401 4114 1686 4190 mancipia
1717 4112 1843 4186 Dei,
1877 4121 1935 4170 et
1965 4112 2011 4169 si
2043 4112 2200 4184 velit,
2243 4132 2411 4189 posse
2450 4133 2556 4171 nos
2579 4113 2707 4170 abs-

300 4215 411 4272 que
464 4194 581 4252 ullo
633 4193 867 4270 praemio
939 4192 1015 4249 ad
1070 4212 1242 4269 opera
1311 4213 1671 4270 quaecunque
1722 4192 2042 4269 placuerint
2111 4193 2431 4269 obligare.''
2558 4193 2706 4251 Nam

303 4275 618 4351 gratuitum
640 4280 888 4351 pactum,
921 4271 1079 4349 quod
1106 4273 1406 4331 nobiscum
1429 4272 1572 4331 inire
1595 4272 1870 4347 dignatus
1892 4281 1995 4346 est,
2029 4271 2166 4330 facit
2194 4272 2426 4349 quidem
2455 4282 2521 4331 ut
2551 4273 2712 4331 Deus

303 4355 567 4415 fidelitati
611 4376 728 4413 suae
758 4353 985 4411 debitor
1013 4352 1088 4411 sit
1115 4352 1190 4411 ad
1218 4354 1500 4430 promissa
1528 4351 1851 4429 implenda;
1915 4351 2017 4410 sed
2047 4372 2162 4411 non
2191 4361 2254 4411 ut
2283 4354 2550 4429 operibus
2581 4374 2710 4409 nos-

303 4435 408 4494 tris
448 4446 723 4513 tanquam
766 4432 1073 4492 meritoriis
1114 4434 1423 4510 quicquam
1466 4432 1691 4507 debeat,
1744 4453 1872 4492 cum
1919 4433 1978 4490 in
2029 4432 2196 4490 nobis
2238 4432 2391 4491 dona
2433 4453 2552 4506 sua,
2600 4455 2712 4491 non

304 4516 509 4574 merita
537 4525 733 4575 nostra
762 4521 1013 4573 coronet.

304 4636 334 4680 4
386 4640 429 4684 A
471 4643 610 4693 parte
660 4636 737 4693 Op
739 4650 785 4679 0-
910 4593 1134 4651 XXII.
1182 4591 1233 4650 A
1268 4602 1428 4670 parte
1486 4595 1751 4668 Operum.
1784 4592 1924 4668 Quae
1974 4613 2103 4651 cum
2148 4592 2533 4651 destituantur
2582 4615 2715 4651 oen-

338 4668 348 4678 '
484 4709 604 4739 rum.
831 4673 1147 4733 ditionibus
1175 4675 1298 4731 veri
1326 4673 1534 4748 meriti,
1564 4683 1631 4732 ut
1660 4683 1829 4732 antea
1858 4673 2093 4747 dictum,
2119 4693 2234 4730 non
2280 4685 2520 4750 possunt
2558 4677 2716 4749 quic-
