<?xml version="1.0" encoding="UTF-8"?>
<!DOCTYPE html PUBLIC "-//W3C//DTD XHTML 1.0 Transitional//EN"
    "http://www.w3.org/TR/xhtml1/DTD/xhtml1-transitional.dtd">
<html xmlns="http://www.w3.org/1999/xhtml" xml:lang="en" lang="en">
 <head>
  <title>
</title>
<meta http-equiv="Content-Type" content="text/html;charset=utf-8" />
  <meta name='ocr-system' content='tesseract 3.04.00' />
  <meta name='ocr-capabilities' content='ocr_page ocr_carea ocr_par ocr_line ocrx_word'/>
</head>
<body>
  <div class='ocr_page' id='page_1' title='image "./institutiotheol01turrgoog_0396.png"; bbox 0 0 3221 5200; ppageno 0'>
   <div class='ocr_carea' id='block_1_1' title="bbox 516 323 2932 406">
    <p class='ocr_par' dir='ltr' id='par_1_1' title="bbox 516 323 2932 406">
     <span class='ocr_line' id='line_1_1' title="bbox 516 323 2932 406; baseline -0.004 -13"><span class='ocrx_word' id='word_1_1' title='bbox 516 335 633 393; x_wconf 84' lang='grc'><strong>368</strong></span> <span class='ocrx_word' id='word_1_2' title='bbox 1305 347 1486 388; x_wconf 73' lang='lat' dir='ltr'><strong>Locus</strong></span> <span class='ocrx_word' id='word_1_3' title='bbox 1517 346 1775 388; x_wconf 78' lang='lat' dir='ltr'><strong>nscmus</strong></span> <span class='ocrx_word' id='word_1_4' title='bbox 1804 345 2094 395; x_wconf 60' lang='lat' dir='ltr'><strong>enan-rus.</strong></span> <span class='ocrx_word' id='word_1_5' title='bbox 2587 323 2836 406; x_wconf 64' lang='lat' dir='ltr'><strong>[Quaes‘r.</strong></span> <span class='ocrx_word' id='word_1_6' title='bbox 2867 342 2932 383; x_wconf 86' lang='lat' dir='ltr'><strong>x.</strong></span> 
     </span>
    </p>
   </div>
   <div class='ocr_carea' id='block_1_2' title="bbox 1468 562 1983 639">
    <p class='ocr_par' dir='ltr' id='par_1_2' title="bbox 1468 562 1983 639">
     <span class='ocr_line' id='line_1_2' title="bbox 1468 562 1983 639; baseline -0.002 -15"><span class='ocrx_word' id='word_1_7' title='bbox 1468 564 1854 639; x_wconf 70' lang='lat' dir='ltr'><strong>QUAEsrlo</strong></span> <span class='ocrx_word' id='word_1_8' title='bbox 1900 562 1983 623; x_wconf 86' lang='lat' dir='ltr'><strong>X.</strong></span> 
     </span>
    </p>
   </div>
   <div class='ocr_carea' id='block_1_3' title="bbox 1198 741 2250 783">
    <p class='ocr_par' dir='ltr' id='par_1_3' title="bbox 1198 741 2250 783">
     <span class='ocr_line' id='line_1_3' title="bbox 1198 741 2250 783; baseline 0 -2"><span class='ocrx_word' id='word_1_9' title='bbox 1198 742 1274 781; x_wconf 75' lang='lat' dir='ltr'><strong>DE</strong></span> <span class='ocrx_word' id='word_1_10' title='bbox 1318 743 1715 783; x_wconf 80' lang='lat' dir='ltr'>NECESSITATE</span> <span class='ocrx_word' id='word_1_11' title='bbox 1760 741 2250 781; x_wconf 73' lang='lat' dir='ltr'><strong>SA&#39;msFACTIOle.</strong></span> 
     </span>
    </p>
   </div>
   <div class='ocr_carea' id='block_1_4' title="bbox 515 880 2926 1021">
    <p class='ocr_par' dir='ltr' id='par_1_4' title="bbox 515 880 2926 1021">
     <span class='ocr_line' id='line_1_4' title="bbox 515 880 2926 1020; baseline -0.004 -72"><span class='ocrx_word' id='word_1_12' title='bbox 515 890 609 948; x_wconf 80' lang='lat' dir='ltr'><strong>An</strong></span> <span class='ocrx_word' id='word_1_13' title='bbox 637 905 849 947; x_wconf 82' lang='lat' dir='ltr'><strong>necesse</strong></span> <span class='ocrx_word' id='word_1_14' title='bbox 880 883 1068 957; x_wconf 84' lang='lat' dir='ltr'><strong>suerit</strong></span> <span class='ocrx_word' id='word_1_15' title='bbox 1088 882 1378 963; x_wconf 13' lang='lat' dir='ltr'><strong>,Christum</strong></span> <span class='ocrx_word' id='word_1_16' title='bbox 1428 904 1541 1019; x_wconf 54' lang='lat' dir='ltr'><strong>pig&gt;</strong></span> <span class='ocrx_word' id='word_1_17' title='bbox 1568 883 2075 1020; x_wconf 56' lang='lat' dir='ltr'><strong>nobzsgatgssacere</strong></span> <span class='ocrx_word' id='word_1_18' title='bbox 2101 881 2346 940; x_wconf 86' lang='lat' dir='ltr'><strong>Justitioe</strong></span> <span class='ocrx_word' id='word_1_19' title='bbox 2373 880 2600 938; x_wconf 82' lang='lat' dir='ltr'><strong>Divinae</strong></span> <span class='ocrx_word' id='word_1_20' title='bbox 2625 884 2654 939; x_wconf 71' lang='grc' dir='ltr'>Ρ</span> <span class='ocrx_word' id='word_1_21' title='bbox 2697 880 2926 939; x_wconf 81' lang='lat' dir='ltr'><strong>Affirm.</strong></span> 
     </span>
     <span class='ocr_line' id='line_1_5' title="bbox 1530 972 1921 1021; baseline 0 -1"><span class='ocrx_word' id='word_1_22' title='bbox 1530 972 1698 1021; x_wconf 86' lang='lat' dir='ltr'><strong>entra</strong></span> <span class='ocrx_word' id='word_1_23' title='bbox 1774 982 1921 1020; x_wconf 89' lang='lat' dir='ltr'><strong>ocm.</strong></span> 
     </span>
    </p>
   </div>
   <div class='ocr_carea' id='block_1_5' title="bbox 506 1118 2923 2555">
    <p class='ocr_par' dir='ltr' id='par_1_5' title="bbox 510 1118 2923 1740">
     <span class='ocr_line' id='line_1_6' title="bbox 598 1118 2923 1197; baseline -0.003 -13"><span class='ocrx_word' id='word_1_24' title='bbox 598 1126 647 1184; x_wconf 93' lang='grc' dir='ltr'><strong>Ι.</strong></span> <span class='ocrx_word' id='word_1_25' title='bbox 695 1122 778 1183; x_wconf 88' lang='lat' dir='ltr'><strong>Ut</strong></span> <span class='ocrx_word' id='word_1_26' title='bbox 830 1118 1225 1179; x_wconf 81' lang='lat' dir='ltr'><strong>Sacerdotium</strong></span> <span class='ocrx_word' id='word_1_27' title='bbox 1257 1119 1468 1179; x_wconf 83' lang='lat' dir='ltr'>Christi</span> <span class='ocrx_word' id='word_1_28' title='bbox 1490 1121 1664 1197; x_wconf 81' lang='lat' dir='ltr'><strong>juxta</strong></span> <span class='ocrx_word' id='word_1_29' title='bbox 1682 1118 2125 1197; x_wconf 81' lang='lat' dir='ltr'>descriptionem</span> <span class='ocrx_word' id='word_1_30' title='bbox 2155 1118 2427 1195; x_wconf 85' lang='lat' dir='ltr'>Apostoli</span> <span class='ocrx_word' id='word_1_31' title='bbox 2456 1127 2514 1175; x_wconf 89' lang='lat' dir='ltr'><strong>et</strong></span> <span class='ocrx_word' id='word_1_32' title='bbox 2544 1118 2791 1177; x_wconf 84' lang='lat' dir='ltr'><strong>Levitici</strong></span> <span class='ocrx_word' id='word_1_33' title='bbox 2820 1118 2923 1177; x_wconf 88' lang='lat' dir='ltr'><strong>ad·</strong></span> 
     </span>
     <span class='ocr_line' id='line_1_7' title="bbox 511 1197 2923 1276; baseline -0.003 -11"><span class='ocrx_word' id='word_1_34' title='bbox 511 1203 928 1265; x_wconf 80' lang='lat' dir='ltr'><strong>umbrationem</strong></span> <span class='ocrx_word' id='word_1_35' title='bbox 958 1197 1182 1257; x_wconf 90' lang='lat' dir='ltr'><strong>duabus</strong></span> <span class='ocrx_word' id='word_1_36' title='bbox 1204 1200 1487 1276; x_wconf 71' lang='lat' dir='ltr'><strong>praecipue</strong></span> <span class='ocrx_word' id='word_1_37' title='bbox 1511 1201 1770 1275; x_wconf 86' lang='lat' dir='ltr'><strong>partibus</strong></span> <span class='ocrx_word' id='word_1_38' title='bbox 1798 1198 2134 1269; x_wconf 77' lang='lat' dir='ltr'><strong>absolvitur,</strong></span> <span class='ocrx_word' id='word_1_39' title='bbox 2165 1199 2372 1273; x_wconf 70' lang='grc' dir='ltr'><strong>ἱλιισμᾷ</strong></span> <span class='ocrx_word' id='word_1_40' title='bbox 2399 1217 2500 1255; x_wconf 87' lang='lat' dir='ltr'><strong>seu</strong></span> <span class='ocrx_word' id='word_1_41' title='bbox 2528 1197 2923 1271; x_wconf 83' lang='lat' dir='ltr'><strong>Satisfactione</strong></span> 
     </span>
     <span class='ocr_line' id='line_1_8' title="bbox 513 1277 2921 1360; baseline -0.004 -16"><span class='ocrx_word' id='word_1_42' title='bbox 513 1286 649 1344; x_wconf 74' lang='lat' dir='ltr'><strong>data</strong></span> <span class='ocrx_word' id='word_1_43' title='bbox 671 1302 772 1360; x_wconf 93' lang='lat' dir='ltr'><strong>pro</strong></span> <span class='ocrx_word' id='word_1_44' title='bbox 801 1279 968 1338; x_wconf 89' lang='lat' dir='ltr'><strong>nobis</strong></span> <span class='ocrx_word' id='word_1_45' title='bbox 995 1279 1056 1336; x_wconf 90' lang='lat' dir='ltr'><strong>in</strong></span> <span class='ocrx_word' id='word_1_46' title='bbox 1079 1299 1264 1345; x_wconf 86' lang='lat' dir='ltr'><strong>cruce,</strong></span> <span class='ocrx_word' id='word_1_47' title='bbox 1296 1290 1354 1337; x_wconf 89' lang='lat' dir='ltr'><strong>et</strong></span> <span class='ocrx_word' id='word_1_48' title='bbox 1382 1279 1691 1355; x_wconf 71' lang='grc' dir='ltr'><strong>ὅμφσινισμᾷ,</strong></span> <span class='ocrx_word' id='word_1_49' title='bbox 1725 1299 1828 1337; x_wconf 89' lang='lat' dir='ltr'><strong>seu</strong></span> <span class='ocrx_word' id='word_1_50' title='bbox 1860 1277 2277 1353; x_wconf 81' lang='lat' dir='ltr'><strong>Comparitione</strong></span> <span class='ocrx_word' id='word_1_51' title='bbox 2306 1287 2360 1334; x_wconf 87' lang='lat' dir='ltr'><strong>et</strong></span> <span class='ocrx_word' id='word_1_52' title='bbox 2383 1277 2781 1335; x_wconf 83' lang='lat' dir='ltr'><strong>Intercessione</strong></span> <span class='ocrx_word' id='word_1_53' title='bbox 2813 1298 2921 1354; x_wconf 92' lang='lat' dir='ltr'><strong>pro</strong></span> 
     </span>
     <span class='ocr_line' id='line_1_9' title="bbox 511 1356 2918 1433; baseline -0.004 -10"><span class='ocrx_word' id='word_1_54' title='bbox 511 1364 679 1423; x_wconf 89' lang='lat' dir='ltr'><strong>nobis</strong></span> <span class='ocrx_word' id='word_1_55' title='bbox 708 1362 767 1419; x_wconf 89' lang='lat' dir='ltr'><strong>in</strong></span> <span class='ocrx_word' id='word_1_56' title='bbox 796 1359 960 1433; x_wconf 84' lang='lat' dir='ltr'><strong>coele,</strong></span> <span class='ocrx_word' id='word_1_57' title='bbox 997 1361 1025 1414; x_wconf 98' lang='lat'>1</span> <span class='ocrx_word' id='word_1_58' title='bbox 1059 1357 1197 1415; x_wconf 84' lang='lat' dir='ltr'><strong>Joh.</strong></span> <span class='ocrx_word' id='word_1_59' title='bbox 1229 1358 1287 1415; x_wconf 89' lang='lat' dir='ltr'><strong>ii.</strong></span> <span class='ocrx_word' id='word_1_60' title='bbox 1320 1363 1374 1433; x_wconf 81' lang='lat'><strong>2,</strong></span> <span class='ocrx_word' id='word_1_61' title='bbox 1410 1360 1561 1416; x_wconf 88' lang='lat' dir='ltr'><strong>Heb.</strong></span> <span class='ocrx_word' id='word_1_62' title='bbox 1594 1359 1674 1416; x_wconf 82' lang='lat' dir='ltr'><strong>ix.</strong></span> <span class='ocrx_word' id='word_1_63' title='bbox 1710 1362 1801 1433; x_wconf 80' lang='lat'><strong>12,</strong></span> <span class='ocrx_word' id='word_1_64' title='bbox 1839 1358 2115 1415; x_wconf 81' lang='lat' dir='ltr'><strong>Doctrina</strong></span> <span class='ocrx_word' id='word_1_65' title='bbox 2156 1356 2228 1413; x_wconf 91' lang='lat' dir='ltr'><strong>de</strong></span> <span class='ocrx_word' id='word_1_66' title='bbox 2257 1356 2646 1432; x_wconf 45' lang='lat' dir='ltr'><strong>Satis-factione</strong></span> <span class='ocrx_word' id='word_1_67' title='bbox 2690 1356 2918 1431; x_wconf 63' lang='lat' dir='ltr'><strong>Clmsti,</strong></span> 
     </span>
     <span class='ocr_line' id='line_1_10' title="bbox 512 1435 2922 1519; baseline -0.003 -16"><span class='ocrx_word' id='word_1_68' title='bbox 512 1454 577 1503; x_wconf 93' lang='lat' dir='ltr'><strong>ut</strong></span> <span class='ocrx_word' id='word_1_69' title='bbox 597 1440 867 1519; x_wconf 88' lang='lat' dir='ltr'><strong>primaria</strong></span> <span class='ocrx_word' id='word_1_70' title='bbox 894 1447 952 1496; x_wconf 89' lang='lat' dir='ltr'><strong>et</strong></span> <span class='ocrx_word' id='word_1_71' title='bbox 980 1436 1280 1513; x_wconf 86' lang='lat' dir='ltr'><strong>potissima</strong></span> <span class='ocrx_word' id='word_1_72' title='bbox 1305 1457 1438 1514; x_wconf 87' lang='lat' dir='ltr'><strong>pars</strong></span> <span class='ocrx_word' id='word_1_73' title='bbox 1461 1438 1656 1512; x_wconf 85' lang='lat' dir='ltr'><strong>magni</strong></span> <span class='ocrx_word' id='word_1_74' title='bbox 1680 1436 1938 1514; x_wconf 83' lang='lat' dir='ltr'><strong>mysterii</strong></span> <span class='ocrx_word' id='word_1_75' title='bbox 1964 1436 2203 1494; x_wconf 87' lang='lat' dir='ltr'><strong>Pietatis</strong></span> <span class='ocrx_word' id='word_1_76' title='bbox 2232 1445 2289 1494; x_wconf 89' lang='lat' dir='ltr'><strong>et</strong></span> <span class='ocrx_word' id='word_1_77' title='bbox 2317 1435 2667 1511; x_wconf 79' lang='lat' dir='ltr'><strong>praecipuum</strong></span> <span class='ocrx_word' id='word_1_78' title='bbox 2696 1435 2831 1493; x_wconf 88' lang='lat' dir='ltr'><strong>fidei</strong></span> <span class='ocrx_word' id='word_1_79' title='bbox 2861 1446 2922 1495; x_wconf 87' lang='lat' dir='ltr'><strong>et</strong></span> 
     </span>
     <span class='ocr_line' id='line_1_11' title="bbox 514 1514 2921 1599; baseline -0.003 -18"><span class='ocrx_word' id='word_1_80' title='bbox 514 1523 636 1599; x_wconf 89' lang='lat' dir='ltr'><strong>spei</strong></span> <span class='ocrx_word' id='word_1_81' title='bbox 665 1520 845 1578; x_wconf 78' lang='lat' dir='ltr'><strong>nostri</strong></span> <span class='ocrx_word' id='word_1_82' title='bbox 874 1516 1325 1589; x_wconf 87' lang='lat' dir='ltr'><strong>fundamentum,</strong></span> <span class='ocrx_word' id='word_1_83' title='bbox 1370 1524 1502 1574; x_wconf 89' lang='lat' dir='ltr'><strong>ante</strong></span> <span class='ocrx_word' id='word_1_84' title='bbox 1532 1516 1724 1575; x_wconf 88' lang='lat' dir='ltr'><strong>omnia</strong></span> <span class='ocrx_word' id='word_1_85' title='bbox 1767 1515 2003 1589; x_wconf 79' lang='lat' dir='ltr'><strong>adstrui,</strong></span> <span class='ocrx_word' id='word_1_86' title='bbox 2035 1525 2093 1573; x_wconf 90' lang='lat' dir='ltr'><strong>et</strong></span> <span class='ocrx_word' id='word_1_87' title='bbox 2131 1514 2409 1573; x_wconf 88' lang='lat' dir='ltr'><strong>adversus</strong></span> <span class='ocrx_word' id='word_1_88' title='bbox 2453 1514 2636 1591; x_wconf 86' lang='lat' dir='ltr'><strong>ignita</strong></span> <span class='ocrx_word' id='word_1_89' title='bbox 2688 1516 2921 1574; x_wconf 72' lang='lat' dir='ltr'><strong>Satanae</strong></span> 
     </span>
     <span class='ocr_line' id='line_1_12' title="bbox 510 1593 2921 1676; baseline -0.003 -16"><span class='ocrx_word' id='word_1_90' title='bbox 510 1602 644 1676; x_wconf 89' lang='lat' dir='ltr'><strong>tela,</strong></span> <span class='ocrx_word' id='word_1_91' title='bbox 674 1599 884 1676; x_wconf 89' lang='lat' dir='ltr'><strong>quibus</strong></span> <span class='ocrx_word' id='word_1_92' title='bbox 912 1596 985 1655; x_wconf 90' lang='lat' dir='ltr'><strong>ab</strong></span> <span class='ocrx_word' id='word_1_93' title='bbox 1027 1595 1341 1653; x_wconf 82' lang='lat' dir='ltr'><strong>innumeris</strong></span> <span class='ocrx_word' id='word_1_94' title='bbox 1386 1595 1733 1653; x_wconf 85' lang='lat' dir='ltr'><strong>adversariis</strong></span> <span class='ocrx_word' id='word_1_95' title='bbox 1772 1594 1974 1671; x_wconf 89' lang='lat' dir='ltr'><strong>impeti</strong></span> <span class='ocrx_word' id='word_1_96' title='bbox 2002 1594 2166 1669; x_wconf 88' lang='lat' dir='ltr'><strong>solet,</strong></span> <span class='ocrx_word' id='word_1_97' title='bbox 2198 1593 2479 1652; x_wconf 81' lang='lat' dir='ltr'><strong>vindicari</strong></span> <span class='ocrx_word' id='word_1_98' title='bbox 2507 1604 2565 1653; x_wconf 88' lang='lat' dir='ltr'><strong>et</strong></span> <span class='ocrx_word' id='word_1_99' title='bbox 2593 1594 2921 1653; x_wconf 89' lang='lat' dir='ltr'><strong>confirmari</strong></span> 
     </span>
     <span class='ocr_line' id='line_1_13' title="bbox 515 1681 705 1740; baseline -0.016 0"><span class='ocrx_word' id='word_1_100' title='bbox 515 1681 705 1740; x_wconf 90' lang='lat' dir='ltr'><strong>debet.</strong></span> 
     </span>
    </p>

    <p class='ocr_par' dir='ltr' id='par_1_6' title="bbox 510 1752 2922 2068">
     <span class='ocr_line' id='line_1_14' title="bbox 595 1752 2922 1834; baseline -0.003 -16"><span class='ocrx_word' id='word_1_101' title='bbox 595 1760 680 1818; x_wconf 91' lang='grc' dir='ltr'><strong>ΙΙ.</strong></span> <span class='ocrx_word' id='word_1_102' title='bbox 725 1753 1014 1834; x_wconf 86' lang='lat' dir='ltr'><strong>Quicquid</strong></span> <span class='ocrx_word' id='word_1_103' title='bbox 1061 1754 1133 1811; x_wconf 88' lang='lat' dir='ltr'><strong>de</strong></span> <span class='ocrx_word' id='word_1_104' title='bbox 1179 1774 1247 1812; x_wconf 87' lang='lat' dir='ltr'><strong>ea</strong></span> <span class='ocrx_word' id='word_1_105' title='bbox 1286 1753 1347 1811; x_wconf 89' lang='lat' dir='ltr'><strong>in</strong></span> <span class='ocrx_word' id='word_1_106' title='bbox 1389 1754 1838 1813; x_wconf 86' lang='lat' dir='ltr'><strong>controversiam</strong></span> <span class='ocrx_word' id='word_1_107' title='bbox 1868 1752 2044 1827; x_wconf 84' lang='lat' dir='ltr'><strong>venit,</strong></span> <span class='ocrx_word' id='word_1_108' title='bbox 2089 1752 2163 1810; x_wconf 92' lang='lat' dir='ltr'><strong>ad</strong></span> <span class='ocrx_word' id='word_1_109' title='bbox 2205 1752 2458 1829; x_wconf 89' lang='lat' dir='ltr'><strong>quinque</strong></span> <span class='ocrx_word' id='word_1_110' title='bbox 2501 1752 2691 1828; x_wconf 88' lang='lat' dir='ltr'><strong>capita</strong></span> <span class='ocrx_word' id='word_1_111' title='bbox 2717 1752 2922 1811; x_wconf 83' lang='lat' dir='ltr'><strong>referri</strong></span> 
     </span>
     <span class='ocr_line' id='line_1_15' title="bbox 510 1830 2918 1918; baseline -0.003 -20"><span class='ocrx_word' id='word_1_112' title='bbox 510 1847 736 1918; x_wconf 86' lang='lat' dir='ltr'><strong>potest:</strong></span> <span class='ocrx_word' id='word_1_113' title='bbox 769 1840 821 1894; x_wconf 89' lang='lat'><strong>1.</strong></span> <span class='ocrx_word' id='word_1_114' title='bbox 853 1836 953 1893; x_wconf 88' lang='lat' dir='ltr'><strong>Ad</strong></span> <span class='ocrx_word' id='word_1_115' title='bbox 1007 1834 1402 1891; x_wconf 74' lang='lat' dir='ltr'><strong>Necessitatem</strong></span> <span class='ocrx_word' id='word_1_116' title='bbox 1431 1837 1585 1908; x_wconf 84' lang='lat' dir='ltr'><strong>ejus;</strong></span> <span class='ocrx_word' id='word_1_117' title='bbox 1643 1838 1699 1892; x_wconf 81' lang='lat'><strong>2.</strong></span> <span class='ocrx_word' id='word_1_118' title='bbox 1733 1833 1831 1890; x_wconf 90' lang='lat' dir='ltr'><strong>Ad</strong></span> <span class='ocrx_word' id='word_1_119' title='bbox 1871 1833 2168 1891; x_wconf 79' lang='lat' dir='ltr'><strong>Veritatem</strong></span> <span class='ocrx_word' id='word_1_120' title='bbox 2190 1856 2212 1902; x_wconf 89' lang='lat'><strong>,·</strong></span> <span class='ocrx_word' id='word_1_121' title='bbox 2269 1835 2325 1890; x_wconf 89' lang='lat'><strong>3.</strong></span> <span class='ocrx_word' id='word_1_122' title='bbox 2372 1830 2473 1888; x_wconf 88' lang='lat' dir='ltr'><strong>Ad</strong></span> <span class='ocrx_word' id='word_1_123' title='bbox 2529 1833 2806 1889; x_wconf 85' lang='lat' dir='ltr'><strong>Unitatem</strong></span> <span class='ocrx_word' id='word_1_124' title='bbox 2856 1842 2918 1892; x_wconf 87' lang='lat' dir='ltr'><strong>et</strong></span> 
     </span>
     <span class='ocr_line' id='line_1_16' title="bbox 512 1910 2914 1993; baseline -0.003 -16"><span class='ocrx_word' id='word_1_125' title='bbox 512 1917 916 1993; x_wconf 79' lang='lat' dir='ltr'><strong>Per-sectionem</strong></span> <span class='ocrx_word' id='word_1_126' title='bbox 935 1940 959 1988; x_wconf 87' lang='lat'><strong>,·</strong></span> <span class='ocrx_word' id='word_1_127' title='bbox 1008 1916 1064 1971; x_wconf 91' lang='lat'><strong>4.</strong></span> <span class='ocrx_word' id='word_1_128' title='bbox 1111 1913 1210 1970; x_wconf 84' lang='lat' dir='ltr'><strong>Ad</strong></span> <span class='ocrx_word' id='word_1_129' title='bbox 1238 1915 1475 1971; x_wconf 89' lang='lat' dir='ltr'><strong>Modum</strong></span> <span class='ocrx_word' id='word_1_130' title='bbox 1518 1923 1570 1971; x_wconf 88' lang='lat' dir='ltr'><strong>et</strong></span> <span class='ocrx_word' id='word_1_131' title='bbox 1597 1915 1802 1971; x_wconf 83' lang='lat' dir='ltr'><strong>Partes</strong></span> <span class='ocrx_word' id='word_1_132' title='bbox 1819 1937 1840 1984; x_wconf 92' lang='lat'><strong>,·</strong></span> <span class='ocrx_word' id='word_1_133' title='bbox 1885 1915 1940 1970; x_wconf 84' lang='lat'><strong>5.</strong></span> <span class='ocrx_word' id='word_1_134' title='bbox 1979 1910 2071 1969; x_wconf 82' lang='lat' dir='ltr'><strong>Ad</strong></span> <span class='ocrx_word' id='word_1_135' title='bbox 2096 1912 2392 1987; x_wconf 81' lang='lat' dir='ltr'><strong>Objectum.</strong></span> <span class='ocrx_word' id='word_1_136' title='bbox 2451 1911 2540 1969; x_wconf 92' lang='lat' dir='ltr'><strong>De</strong></span> <span class='ocrx_word' id='word_1_137' title='bbox 2558 1911 2768 1987; x_wconf 91' lang='lat' dir='ltr'><strong>quibus</strong></span> <span class='ocrx_word' id='word_1_138' title='bbox 2797 1911 2914 1970; x_wconf 89' lang='lat' dir='ltr'><strong>dis·</strong></span> 
     </span>
     <span class='ocr_line' id='line_1_17' title="bbox 512 1991 1893 2068; baseline -0.005 -11"><span class='ocrx_word' id='word_1_139' title='bbox 512 1999 690 2058; x_wconf 86' lang='lat' dir='ltr'><strong>tincte</strong></span> <span class='ocrx_word' id='word_1_140' title='bbox 713 1995 955 2055; x_wconf 87' lang='lat' dir='ltr'><strong>totidem</strong></span> <span class='ocrx_word' id='word_1_141' title='bbox 976 1991 1392 2068; x_wconf 75' lang='lat' dir='ltr'><strong>quaestionibus</strong></span> <span class='ocrx_word' id='word_1_142' title='bbox 1430 1992 1739 2050; x_wconf 88' lang='lat' dir='ltr'><strong>dicendum</strong></span> <span class='ocrx_word' id='word_1_143' title='bbox 1769 1992 1893 2050; x_wconf 89' lang='lat' dir='ltr'><strong>erit.</strong></span> 
     </span>
    </p>

    <p class='ocr_par' dir='ltr' id='par_1_7' title="bbox 506 2069 2916 2555">
     <span class='ocr_line' id='line_1_18' title="bbox 833 2069 2916 2159; baseline 0.002 -35"><span class='ocrx_word' id='word_1_144' title='bbox 833 2114 865 2159; x_wconf 72' lang='lat' dir='ltr'>S</span> <span class='ocrx_word' id='word_1_145' title='bbox 925 2112 937 2124; x_wconf 90' lang='lat'><strong>.</strong></span> <span class='ocrx_word' id='word_1_146' title='bbox 1110 2071 1229 2129; x_wconf 91' lang='lat' dir='ltr'><strong>III.</strong></span> <span class='ocrx_word' id='word_1_147' title='bbox 1273 2072 1595 2146; x_wconf 60' lang='lat' dir='ltr'><strong>Sattssactio</strong></span> <span class='ocrx_word' id='word_1_148' title='bbox 1639 2072 1710 2129; x_wconf 89' lang='lat' dir='ltr'><strong>de</strong></span> <span class='ocrx_word' id='word_1_149' title='bbox 1753 2092 1867 2147; x_wconf 89' lang='lat' dir='ltr'><strong>qua</strong></span> <span class='ocrx_word' id='word_1_150' title='bbox 1895 2071 1988 2128; x_wconf 91' lang='lat' dir='ltr'><strong>hic</strong></span> <span class='ocrx_word' id='word_1_151' title='bbox 2034 2069 2324 2147; x_wconf 87' lang='lat' dir='ltr'><strong>quaeritur,</strong></span> <span class='ocrx_word' id='word_1_152' title='bbox 2365 2088 2481 2128; x_wconf 89' lang='lat' dir='ltr'><strong>non</strong></span> <span class='ocrx_word' id='word_1_153' title='bbox 2510 2069 2754 2129; x_wconf 80' lang='lat' dir='ltr'><strong>sumitur</strong></span> <span class='ocrx_word' id='word_1_154' title='bbox 2802 2073 2916 2128; x_wconf 86' lang='lat' dir='ltr'><strong>late</strong></span> 
     </span>
     <span class='ocr_line' id='line_1_19' title="bbox 510 2117 2911 2227; baseline -0.001 -18"><span class='ocrx_word' id='word_1_155' title='bbox 510 2117 988 2218; x_wconf 49' lang='lat' dir='ltr'><strong>qucffgsgumffiz</strong></span> <span class='ocrx_word' id='word_1_156' title='bbox 1026 2171 1130 2227; x_wconf 89' lang='lat' dir='ltr'><strong>pro</strong></span> <span class='ocrx_word' id='word_1_157' title='bbox 1161 2151 1405 2227; x_wconf 84' lang='lat' dir='ltr'><strong>simplici</strong></span> <span class='ocrx_word' id='word_1_158' title='bbox 1435 2160 1493 2209; x_wconf 90' lang='lat' dir='ltr'><strong>et</strong></span> <span class='ocrx_word' id='word_1_159' title='bbox 1533 2152 1918 2227; x_wconf 81' lang='lat' dir='ltr'><strong>qualicunque</strong></span> <span class='ocrx_word' id='word_1_160' title='bbox 1948 2152 2170 2223; x_wconf 71' lang='lat' dir='ltr'><strong>effinsae</strong></span> <span class='ocrx_word' id='word_1_161' title='bbox 2197 2149 2576 2225; x_wconf 80' lang='lat' dir='ltr'><strong>reparatione,</strong></span> <span class='ocrx_word' id='word_1_162' title='bbox 2601 2169 2778 2225; x_wconf 91' lang='lat' dir='ltr'><strong>quum</strong></span> <span class='ocrx_word' id='word_1_163' title='bbox 2807 2150 2911 2206; x_wconf 87' lang='lat' dir='ltr'><strong>ali-</strong></span> 
     </span>
     <span class='ocr_line' id='line_1_20' title="bbox 568 2227 2912 2307; baseline -0.001 -18"><span class='ocrx_word' id='word_1_164' title='bbox 568 2232 661 2276; x_wconf 81' lang='lat' dir='ltr'><strong>hic.</strong></span> <span class='ocrx_word' id='word_1_165' title='bbox 1030 2230 1159 2306; x_wconf 90' lang='lat' dir='ltr'><strong>quis</strong></span> <span class='ocrx_word' id='word_1_166' title='bbox 1189 2250 1249 2288; x_wconf 90' lang='lat' dir='ltr'><strong>se</strong></span> <span class='ocrx_word' id='word_1_167' title='bbox 1272 2238 1482 2307; x_wconf 86' lang='lat' dir='ltr'><strong>purgat</strong></span> <span class='ocrx_word' id='word_1_168' title='bbox 1510 2242 1568 2289; x_wconf 89' lang='lat' dir='ltr'><strong>et</strong></span> <span class='ocrx_word' id='word_1_169' title='bbox 1596 2238 1836 2289; x_wconf 81' lang='lat' dir='ltr'><strong>excusat</strong></span> <span class='ocrx_word' id='word_1_170' title='bbox 1864 2228 2017 2305; x_wconf 89' lang='lat' dir='ltr'><strong>apud</strong></span> <span class='ocrx_word' id='word_1_171' title='bbox 2046 2249 2194 2303; x_wconf 88' lang='lat' dir='ltr'><strong>eum,</strong></span> <span class='ocrx_word' id='word_1_172' title='bbox 2226 2228 2325 2304; x_wconf 91' lang='lat' dir='ltr'><strong>qui</strong></span> <span class='ocrx_word' id='word_1_173' title='bbox 2354 2227 2630 2286; x_wconf 89' lang='lat' dir='ltr'><strong>offensam</strong></span> <span class='ocrx_word' id='word_1_174' title='bbox 2660 2229 2912 2305; x_wconf 81' lang='lat' dir='ltr'><strong>aliquam</strong></span> 
     </span>
     <span class='ocr_line' id='line_1_21' title="bbox 509 2307 2910 2387; baseline -0.001 -19"><span class='ocrx_word' id='word_1_175' title='bbox 509 2329 715 2387; x_wconf 90' lang='lat' dir='ltr'><strong>passus</strong></span> <span class='ocrx_word' id='word_1_176' title='bbox 743 2317 849 2368; x_wconf 85' lang='lat' dir='ltr'><strong>est.</strong></span> <span class='ocrx_word' id='word_1_177' title='bbox 897 2309 1012 2368; x_wconf 86' lang='lat' dir='ltr'><strong>Sed</strong></span> <span class='ocrx_word' id='word_1_178' title='bbox 1076 2310 1261 2368; x_wconf 85' lang='lat' dir='ltr'><strong>stricte</strong></span> <span class='ocrx_word' id='word_1_179' title='bbox 1310 2330 1410 2386; x_wconf 91' lang='lat' dir='ltr'><strong>pro</strong></span> <span class='ocrx_word' id='word_1_180' title='bbox 1447 2312 1716 2368; x_wconf 82' lang='lat' dir='ltr'><strong>solutione</strong></span> <span class='ocrx_word' id='word_1_181' title='bbox 1757 2310 1936 2383; x_wconf 83' lang='lat' dir='ltr'><strong>debiti,</strong></span> <span class='ocrx_word' id='word_1_182' title='bbox 1968 2328 2082 2384; x_wconf 93' lang='lat' dir='ltr'><strong>qua</strong></span> <span class='ocrx_word' id='word_1_183' title='bbox 2138 2308 2382 2367; x_wconf 81' lang='lat' dir='ltr'><strong>solvitur</strong></span> <span class='ocrx_word' id='word_1_184' title='bbox 2408 2307 2565 2383; x_wconf 88' lang='lat' dir='ltr'><strong>quod</strong></span> <span class='ocrx_word' id='word_1_185' title='bbox 2612 2307 2760 2366; x_wconf 88' lang='lat' dir='ltr'><strong>alius</strong></span> <span class='ocrx_word' id='word_1_186' title='bbox 2809 2308 2910 2366; x_wconf 89' lang='lat' dir='ltr'><strong>de-</strong></span> 
     </span>
     <span class='ocr_line' id='line_1_22' title="bbox 506 2387 2909 2465; baseline -0 -18"><span class='ocrx_word' id='word_1_187' title='bbox 506 2389 623 2464; x_wconf 89' lang='lat' dir='ltr'><strong>bet,</strong></span> <span class='ocrx_word' id='word_1_188' title='bbox 676 2397 734 2448; x_wconf 91' lang='lat' dir='ltr'><strong>et</strong></span> <span class='ocrx_word' id='word_1_189' title='bbox 777 2408 893 2465; x_wconf 89' lang='lat' dir='ltr'><strong>qua</strong></span> <span class='ocrx_word' id='word_1_190' title='bbox 933 2388 1140 2448; x_wconf 88' lang='lat' dir='ltr'><strong>satisfit</strong></span> <span class='ocrx_word' id='word_1_191' title='bbox 1182 2389 1481 2462; x_wconf 89' lang='lat' dir='ltr'><strong>Creditori,</strong></span> <span class='ocrx_word' id='word_1_192' title='bbox 1534 2391 1630 2447; x_wconf 87' lang='lat' dir='ltr'><strong>vel</strong></span> <span class='ocrx_word' id='word_1_193' title='bbox 1659 2390 1701 2448; x_wconf 85' lang='lat' dir='ltr'>J</span> <span class='ocrx_word' id='word_1_194' title='bbox 1708 2388 1877 2460; x_wconf 88' lang='lat' dir='ltr'><strong>udici,</strong></span> <span class='ocrx_word' id='word_1_195' title='bbox 1929 2387 2185 2445; x_wconf 88' lang='lat' dir='ltr'><strong>debitum</strong></span> <span class='ocrx_word' id='word_1_196' title='bbox 2217 2387 2313 2444; x_wconf 83' lang='lat' dir='ltr'><strong>vel</strong></span> <span class='ocrx_word' id='word_1_197' title='bbox 2339 2406 2568 2463; x_wconf 84' lang='lat' dir='ltr'><strong>poenam</strong></span> <span class='ocrx_word' id='word_1_198' title='bbox 2606 2387 2909 2464; x_wconf 86' lang='lat' dir='ltr'><strong>repetenti.</strong></span> 
     </span>
     <span class='ocr_line' id='line_1_23' title="bbox 558 2466 2910 2555; baseline -0 -30"><span class='ocrx_word' id='word_1_199' title='bbox 558 2508 734 2553; x_wconf 69' lang='lat' dir='ltr'><strong>Status</strong></span> <span class='ocrx_word' id='word_1_200' title='bbox 768 2506 941 2555; x_wconf 70' lang='lat' dir='ltr'><strong>Quass-</strong></span> <span class='ocrx_word' id='word_1_201' title='bbox 1111 2467 1219 2524; x_wconf 94' lang='lat' dir='ltr'><strong>IV.</strong></span> <span class='ocrx_word' id='word_1_202' title='bbox 1266 2469 1355 2526; x_wconf 90' lang='lat' dir='ltr'><strong>De</strong></span> <span class='ocrx_word' id='word_1_203' title='bbox 1410 2470 1750 2526; x_wconf 80' lang='lat' dir='ltr'><strong>Necessitate</strong></span> <span class='ocrx_word' id='word_1_204' title='bbox 1803 2467 2211 2542; x_wconf 64' lang='lat' dir='ltr'><strong>Satisfactioms</strong></span> <span class='ocrx_word' id='word_1_205' title='bbox 2263 2475 2381 2524; x_wconf 89' lang='lat' dir='ltr'><strong>tres</strong></span> <span class='ocrx_word' id='word_1_206' title='bbox 2436 2474 2570 2524; x_wconf 88' lang='lat' dir='ltr'><strong>sunt</strong></span> <span class='ocrx_word' id='word_1_207' title='bbox 2623 2466 2910 2543; x_wconf 79' lang='lat' dir='ltr'><strong>precipuae</strong></span> 
     </span>
    </p>
   </div>
   <div class='ocr_carea' id='block_1_6' title="bbox 499 2545 2911 4682">
    <p class='ocr_par' dir='ltr' id='par_1_8' title="bbox 501 2545 2911 3806">
     <span class='ocr_line' id='line_1_24' title="bbox 652 2545 2911 2623; baseline -0.003 -13"><span class='ocrx_word' id='word_1_208' title='bbox 652 2566 822 2617; x_wconf 76' lang='lat' dir='ltr'><strong>tionis,</strong></span> <span class='ocrx_word' id='word_1_209' title='bbox 1040 2545 1464 2622; x_wconf 88' lang='lat' dir='ltr'><strong>Theologorum</strong></span> <span class='ocrx_word' id='word_1_210' title='bbox 1496 2547 1813 2606; x_wconf 75' lang='lat' dir='ltr'><strong>sententiae.</strong></span> <span class='ocrx_word' id='word_1_211' title='bbox 1841 2546 2033 2604; x_wconf 87' lang='lat' dir='ltr'><strong>Prima</strong></span> <span class='ocrx_word' id='word_1_212' title='bbox 2055 2545 2370 2622; x_wconf 68' lang='lat' dir='ltr'><strong>vieqantium</strong></span> <span class='ocrx_word' id='word_1_213' title='bbox 2396 2545 2747 2623; x_wconf 89' lang='lat' dir='ltr'><strong>simpliciter,</strong></span> <span class='ocrx_word' id='word_1_214' title='bbox 2768 2566 2911 2623; x_wconf 88' lang='lat' dir='ltr'><strong>qua-</strong></span> 
     </span>
     <span class='ocr_line' id='line_1_25' title="bbox 546 2623 2908 2702; baseline 0.002 -22"><span class='ocrx_word' id='word_1_215' title='bbox 546 2623 618 2668; x_wconf 77' lang='lat' dir='ltr'><strong>Do</strong></span> <span class='ocrx_word' id='word_1_216' title='bbox 638 2625 746 2693; x_wconf 57' lang='lat' dir='ltr'><strong>ojus</strong></span> <span class='ocrx_word' id='word_1_217' title='bbox 776 2623 955 2667; x_wconf 73' lang='lat' dir='ltr'><strong>Neces-</strong></span> <span class='ocrx_word' id='word_1_218' title='bbox 1034 2625 1120 2683; x_wconf 88' lang='lat' dir='ltr'><strong>les</strong></span> <span class='ocrx_word' id='word_1_219' title='bbox 1150 2635 1283 2684; x_wconf 89' lang='lat' dir='ltr'><strong>sunt</strong></span> <span class='ocrx_word' id='word_1_220' title='bbox 1315 2626 1624 2699; x_wconf 86' lang='lat' dir='ltr'><strong>Sociniani,</strong></span> <span class='ocrx_word' id='word_1_221' title='bbox 1656 2625 1756 2702; x_wconf 89' lang='lat' dir='ltr'><strong>qui</strong></span> <span class='ocrx_word' id='word_1_222' title='bbox 1784 2646 1898 2682; x_wconf 89' lang='lat' dir='ltr'><strong>non</strong></span> <span class='ocrx_word' id='word_1_223' title='bbox 1927 2625 2098 2683; x_wconf 88' lang='lat' dir='ltr'><strong>modo</strong></span> <span class='ocrx_word' id='word_1_224' title='bbox 2122 2626 2412 2683; x_wconf 85' lang='lat' dir='ltr'><strong>Christum</strong></span> <span class='ocrx_word' id='word_1_225' title='bbox 2442 2625 2785 2684; x_wconf 82' lang='lat' dir='ltr'><strong>satisfecisse</strong></span> <span class='ocrx_word' id='word_1_226' title='bbox 2805 2646 2908 2701; x_wconf 92' lang='lat' dir='ltr'><strong>pro</strong></span> 
     </span>
     <span class='ocr_line' id='line_1_26' title="bbox 652 2686 2910 2782; baseline 0.001 -22"><span class='ocrx_word' id='word_1_227' title='bbox 652 2686 814 2724; x_wconf 62' lang='lat' dir='ltr'><strong>atate.</strong></span> <span class='ocrx_word' id='word_1_228' title='bbox 1027 2704 1196 2762; x_wconf 90' lang='lat' dir='ltr'><strong>nobis</strong></span> <span class='ocrx_word' id='word_1_229' title='bbox 1223 2714 1454 2779; x_wconf 85' lang='lat' dir='ltr'><strong>negant,</strong></span> <span class='ocrx_word' id='word_1_230' title='bbox 1501 2704 1602 2762; x_wconf 89' lang='lat' dir='ltr'><strong>sed</strong></span> <span class='ocrx_word' id='word_1_231' title='bbox 1626 2715 1683 2762; x_wconf 90' lang='lat' dir='ltr'><strong>et</strong></span> <span class='ocrx_word' id='word_1_232' title='bbox 1711 2725 1825 2761; x_wconf 88' lang='lat' dir='ltr'><strong>non</strong></span> <span class='ocrx_word' id='word_1_233' title='bbox 1855 2725 1999 2779; x_wconf 86' lang='lat' dir='ltr'><strong>opus</strong></span> <span class='ocrx_word' id='word_1_234' title='bbox 2027 2725 2095 2762; x_wconf 88' lang='lat' dir='ltr'><strong>ea</strong></span> <span class='ocrx_word' id='word_1_235' title='bbox 2124 2704 2299 2762; x_wconf 87' lang='lat' dir='ltr'><strong>fuisse</strong></span> <span class='ocrx_word' id='word_1_236' title='bbox 2328 2705 2698 2779; x_wconf 89' lang='lat' dir='ltr'><strong>contendunt,</strong></span> <span class='ocrx_word' id='word_1_237' title='bbox 2731 2705 2910 2782; x_wconf 91' lang='lat' dir='ltr'><strong>siqui-</strong></span> 
     </span>
     <span class='ocr_line' id='line_1_27' title="bbox 508 2783 2909 2859; baseline 0.001 -18"><span class='ocrx_word' id='word_1_238' title='bbox 508 2783 640 2843; x_wconf 90' lang='lat' dir='ltr'><strong>dem</strong></span> <span class='ocrx_word' id='word_1_239' title='bbox 685 2784 846 2842; x_wconf 92' lang='lat' dir='ltr'><strong>Deus</strong></span> <span class='ocrx_word' id='word_1_240' title='bbox 901 2783 1080 2858; x_wconf 88' lang='lat' dir='ltr'><strong>gratis</strong></span> <span class='ocrx_word' id='word_1_241' title='bbox 1130 2792 1187 2841; x_wconf 90' lang='lat' dir='ltr'><strong>et</strong></span> <span class='ocrx_word' id='word_1_242' title='bbox 1231 2784 1413 2859; x_wconf 88' lang='lat' dir='ltr'><strong>possit</strong></span> <span class='ocrx_word' id='word_1_243' title='bbox 1451 2790 1508 2841; x_wconf 89' lang='lat' dir='ltr'><strong>et</strong></span> <span class='ocrx_word' id='word_1_244' title='bbox 1536 2783 1680 2841; x_wconf 84' lang='lat' dir='ltr'><strong>velit</strong></span> <span class='ocrx_word' id='word_1_245' title='bbox 1723 2793 1958 2859; x_wconf 89' lang='lat' dir='ltr'><strong>peccata</strong></span> <span class='ocrx_word' id='word_1_246' title='bbox 2004 2783 2291 2842; x_wconf 88' lang='lat' dir='ltr'><strong>remittere</strong></span> <span class='ocrx_word' id='word_1_247' title='bbox 2321 2784 2444 2842; x_wconf 88' lang='lat' dir='ltr'><strong>sine</strong></span> <span class='ocrx_word' id='word_1_248' title='bbox 2500 2785 2909 2843; x_wconf 82' lang='lat' dir='ltr'><strong>satisfactione.</strong></span> 
     </span>
     <span class='ocr_line' id='line_1_28' title="bbox 513 2860 2908 2938; baseline 0 -17"><span class='ocrx_word' id='word_1_249' title='bbox 513 2863 703 2922; x_wconf 87' lang='lat' dir='ltr'><strong>Socin.</strong></span> <span class='ocrx_word' id='word_1_250' title='bbox 748 2862 818 2920; x_wconf 89' lang='lat' dir='ltr'><strong>de</strong></span> <span class='ocrx_word' id='word_1_251' title='bbox 854 2861 1050 2919; x_wconf 75' lang='lat' dir='ltr'><strong>Serva.</strong></span> <span class='ocrx_word' id='word_1_252' title='bbox 1078 2861 1179 2919; x_wconf 90' lang='lat' dir='ltr'><strong>lib.</strong></span> <span class='ocrx_word' id='word_1_253' title='bbox 1211 2865 1262 2935; x_wconf 92' lang='lat'><strong>1,</strong></span> <span class='ocrx_word' id='word_1_254' title='bbox 1294 2881 1417 2937; x_wconf 91' lang='lat' dir='ltr'><strong>cap.</strong></span> <span class='ocrx_word' id='word_1_255' title='bbox 1455 2864 1504 2919; x_wconf 92' lang='lat'><strong>1.</strong></span> <span class='ocrx_word' id='word_1_256' title='bbox 1553 2860 1819 2920; x_wconf 89' lang='lat' dir='ltr'><strong>Secunda</strong></span> <span class='ocrx_word' id='word_1_257' title='bbox 1846 2863 2291 2938; x_wconf 64' lang='lat' dir='ltr'><strong>distinguentium</strong></span> <span class='ocrx_word' id='word_1_258' title='bbox 2320 2864 2720 2922; x_wconf 89' lang='lat' dir='ltr'><strong>necessitatem</strong></span> <span class='ocrx_word' id='word_1_259' title='bbox 2749 2865 2908 2922; x_wconf 76' lang='lat' dir='ltr'><strong>abso-</strong></span> 
     </span>
     <span class='ocr_line' id='line_1_29' title="bbox 507 2941 2911 3019; baseline 0 -18"><span class='ocrx_word' id='word_1_260' title='bbox 507 2946 682 3001; x_wconf 83' lang='lat' dir='ltr'><strong>lutam</strong></span> <span class='ocrx_word' id='word_1_261' title='bbox 704 2951 756 3001; x_wconf 86' lang='lat' dir='ltr'><strong>et</strong></span> <span class='ocrx_word' id='word_1_262' title='bbox 770 2942 1188 3017; x_wconf 71' lang='lat' dir='ltr'><strong>hypotheticam,</strong></span> <span class='ocrx_word' id='word_1_263' title='bbox 1213 2950 1271 2999; x_wconf 88' lang='lat' dir='ltr'><strong>et</strong></span> <span class='ocrx_word' id='word_1_264' title='bbox 1291 2941 1482 3018; x_wconf 88' lang='lat' dir='ltr'><strong>quoad</strong></span> <span class='ocrx_word' id='word_1_265' title='bbox 1503 2941 1673 3000; x_wconf 90' lang='lat' dir='ltr'><strong>istam</strong></span> <span class='ocrx_word' id='word_1_266' title='bbox 1696 2941 1946 3019; x_wconf 89' lang='lat' dir='ltr'><strong>quidem,</strong></span> <span class='ocrx_word' id='word_1_267' title='bbox 1971 2942 2345 3000; x_wconf 82' lang='lat' dir='ltr'><strong>asserentium</strong></span> <span class='ocrx_word' id='word_1_268' title='bbox 2365 2953 2694 3001; x_wconf 82' lang='lat' dir='ltr'><strong>constanter</strong></span> <span class='ocrx_word' id='word_1_269' title='bbox 2711 2952 2911 3001; x_wconf 84' lang='lat' dir='ltr'><strong>contra</strong></span> 
     </span>
     <span class='ocr_line' id='line_1_30' title="bbox 511 3020 2909 3099; baseline -0.001 -18"><span class='ocrx_word' id='word_1_270' title='bbox 511 3022 849 3081; x_wconf 84' lang='lat' dir='ltr'><strong>Socinianos</strong></span> <span class='ocrx_word' id='word_1_271' title='bbox 898 3020 1304 3079; x_wconf 81' lang='lat' dir='ltr'><strong>satisfactionis</strong></span> <span class='ocrx_word' id='word_1_272' title='bbox 1352 3022 1771 3096; x_wconf 86' lang='lat' dir='ltr'><strong>necessitatem,</strong></span> <span class='ocrx_word' id='word_1_273' title='bbox 1823 3021 1960 3099; x_wconf 86' lang='lat' dir='ltr'><strong>quia</strong></span> <span class='ocrx_word' id='word_1_274' title='bbox 2011 3023 2170 3080; x_wconf 89' lang='lat' dir='ltr'><strong>Deus</strong></span> <span class='ocrx_word' id='word_1_275' title='bbox 2219 3023 2327 3079; x_wconf 91' lang='lat' dir='ltr'><strong>hoc</strong></span> <span class='ocrx_word' id='word_1_276' title='bbox 2374 3022 2455 3079; x_wconf 80' lang='lat' dir='ltr'><strong>ita</strong></span> <span class='ocrx_word' id='word_1_277' title='bbox 2481 3022 2754 3095; x_wconf 85' lang='lat' dir='ltr'><strong>decrevit,</strong></span> <span class='ocrx_word' id='word_1_278' title='bbox 2812 3023 2909 3080; x_wconf 90' lang='lat' dir='ltr'><strong>eui</strong></span> 
     </span>
     <span class='ocr_line' id='line_1_31' title="bbox 508 3101 2911 3179; baseline -0.001 -18"><span class='ocrx_word' id='word_1_279' title='bbox 508 3102 730 3161; x_wconf 88' lang='lat' dir='ltr'><strong>addunt</strong></span> <span class='ocrx_word' id='word_1_280' title='bbox 757 3109 817 3161; x_wconf 90' lang='lat' dir='ltr'><strong>et</strong></span> <span class='ocrx_word' id='word_1_281' title='bbox 852 3102 1223 3160; x_wconf 86' lang='lat' dir='ltr'><strong>necessitatem</strong></span> <span class='ocrx_word' id='word_1_282' title='bbox 1267 3103 1654 3178; x_wconf 75' lang='lat' dir='ltr'><strong>conyruentiae‚</strong></span> <span class='ocrx_word' id='word_1_283' title='bbox 1686 3101 1821 3179; x_wconf 87' lang='lat' dir='ltr'><strong>quia</strong></span> <span class='ocrx_word' id='word_1_284' title='bbox 1849 3102 2099 3160; x_wconf 85' lang='lat' dir='ltr'><strong>maxime</strong></span> <span class='ocrx_word' id='word_1_285' title='bbox 2129 3121 2446 3177; x_wconf 82' lang='lat' dir='ltr'><strong>congruum</strong></span> <span class='ocrx_word' id='word_1_286' title='bbox 2477 3108 2599 3159; x_wconf 89' lang='lat' dir='ltr'><strong>erat</strong></span> <span class='ocrx_word' id='word_1_287' title='bbox 2643 3101 2911 3159; x_wconf 85' lang='lat' dir='ltr'><strong>satisfieri</strong></span> 
     </span>
     <span class='ocr_line' id='line_1_32' title="bbox 501 3180 2908 3260; baseline -0.002 -18"><span class='ocrx_word' id='word_1_288' title='bbox 501 3183 743 3260; x_wconf 65' lang='lat' dir='ltr'><strong>justitiae</strong></span> <span class='ocrx_word' id='word_1_289' title='bbox 773 3182 1089 3256; x_wconf 81' lang='lat' dir='ltr'><strong>divinae,ne</strong></span> <span class='ocrx_word' id='word_1_290' title='bbox 1108 3181 1339 3257; x_wconf 89' lang='lat' dir='ltr'><strong>impune</strong></span> <span class='ocrx_word' id='word_1_291' title='bbox 1354 3182 1559 3240; x_wconf 84' lang='lat' dir='ltr'><strong>violari</strong></span> <span class='ocrx_word' id='word_1_292' title='bbox 1579 3182 2041 3258; x_wconf 86' lang='lat' dir='ltr'><strong>dicerenturejus</strong></span> <span class='ocrx_word' id='word_1_293' title='bbox 2062 3191 2376 3258; x_wconf 78' lang='lat' dir='ltr'><strong>praecepta;</strong></span> <span class='ocrx_word' id='word_1_294' title='bbox 2413 3180 2526 3238; x_wconf 82' lang='lat' dir='ltr'><strong>Sed</strong></span> <span class='ocrx_word' id='word_1_295' title='bbox 2538 3180 2726 3257; x_wconf 88' lang='lat' dir='ltr'><strong>quoad</strong></span> <span class='ocrx_word' id='word_1_296' title='bbox 2750 3180 2908 3237; x_wconf 91' lang='lat' dir='ltr'><strong>illam</strong></span> 
     </span>
     <span class='ocr_line' id='line_1_33' title="bbox 509 3260 2909 3340; baseline -0 -21"><span class='ocrx_word' id='word_1_297' title='bbox 509 3262 845 3340; x_wconf 86' lang='lat' dir='ltr'><strong>negantium</strong></span> <span class='ocrx_word' id='word_1_298' title='bbox 872 3262 955 3319; x_wconf 87' lang='lat' dir='ltr'><strong>ita</strong></span> <span class='ocrx_word' id='word_1_299' title='bbox 981 3261 1361 3320; x_wconf 88' lang='lat' dir='ltr'><strong>necessariam</strong></span> <span class='ocrx_word' id='word_1_300' title='bbox 1386 3261 1559 3319; x_wconf 90' lang='lat' dir='ltr'><strong>fuisse</strong></span> <span class='ocrx_word' id='word_1_301' title='bbox 1588 3262 1868 3335; x_wconf 88' lang='lat' dir='ltr'><strong>absolute,</strong></span> <span class='ocrx_word' id='word_1_302' title='bbox 1901 3261 2052 3338; x_wconf 90' lang='lat' dir='ltr'><strong>quia,</strong></span> <span class='ocrx_word' id='word_1_303' title='bbox 2085 3261 2133 3318; x_wconf 88' lang='lat' dir='ltr'><strong>si</strong></span> <span class='ocrx_word' id='word_1_304' title='bbox 2158 3261 2284 3318; x_wconf 90' lang='lat' dir='ltr'><strong>Deo</strong></span> <span class='ocrx_word' id='word_1_305' title='bbox 2313 3260 2593 3332; x_wconf 82' lang='lat' dir='ltr'><strong>libuisset,</strong></span> <span class='ocrx_word' id='word_1_306' title='bbox 2625 3260 2722 3317; x_wconf 89' lang='lat' dir='ltr'><strong>alii</strong></span> <span class='ocrx_word' id='word_1_307' title='bbox 2750 3260 2909 3318; x_wconf 90' lang='lat' dir='ltr'><strong>modi</strong></span> 
     </span>
     <span class='ocr_line' id='line_1_34' title="bbox 508 3338 2909 3416; baseline -0 -18"><span class='ocrx_word' id='word_1_308' title='bbox 508 3341 865 3401; x_wconf 85' lang='lat' dir='ltr'><strong>liberationis</strong></span> <span class='ocrx_word' id='word_1_309' title='bbox 908 3341 1214 3416; x_wconf 88' lang='lat' dir='ltr'><strong>possibiles</strong></span> <span class='ocrx_word' id='word_1_310' title='bbox 1253 3360 1368 3397; x_wconf 90' lang='lat' dir='ltr'><strong>non</strong></span> <span class='ocrx_word' id='word_1_311' title='bbox 1397 3340 1483 3396; x_wconf 90' lang='lat' dir='ltr'><strong>illi</strong></span> <span class='ocrx_word' id='word_1_312' title='bbox 1528 3340 1846 3398; x_wconf 84' lang='lat' dir='ltr'><strong>defuissent</strong></span> <span class='ocrx_word' id='word_1_313' title='bbox 1871 3362 1884 3398; x_wconf 74' lang='grc' dir='ltr'><strong><em>ε</em></strong></span> <span class='ocrx_word' id='word_1_314' title='bbox 1928 3360 2043 3416; x_wconf 88' lang='lat' dir='ltr'><strong>qua</strong></span> <span class='ocrx_word' id='word_1_315' title='bbox 2074 3339 2135 3396; x_wconf 91' lang='lat' dir='ltr'><strong>in</strong></span> <span class='ocrx_word' id='word_1_316' title='bbox 2164 3339 2448 3396; x_wconf 87' lang='lat' dir='ltr'><strong>sententia</strong></span> <span class='ocrx_word' id='word_1_317' title='bbox 2477 3339 2705 3397; x_wconf 82' lang='lat' dir='ltr'><strong>videtur</strong></span> <span class='ocrx_word' id='word_1_318' title='bbox 2731 3338 2909 3397; x_wconf 87' lang='lat' dir='ltr'><strong>fuisse</strong></span> 
     </span>
     <span class='ocr_line' id='line_1_35' title="bbox 510 3418 2908 3495; baseline -0 -18"><span class='ocrx_word' id='word_1_319' title='bbox 510 3420 762 3495; x_wconf 86' lang='lat' dir='ltr'><strong>August.</strong></span> <span class='ocrx_word' id='word_1_320' title='bbox 794 3418 893 3475; x_wconf 90' lang='lat' dir='ltr'><strong>lib.</strong></span> <span class='ocrx_word' id='word_1_321' title='bbox 930 3421 1020 3491; x_wconf 89' lang='lat'><strong>13,</strong></span> <span class='ocrx_word' id='word_1_322' title='bbox 1073 3418 1144 3476; x_wconf 91' lang='lat' dir='ltr'><strong>de</strong></span> <span class='ocrx_word' id='word_1_323' title='bbox 1172 3419 1330 3477; x_wconf 88' lang='lat' dir='ltr'><strong>Trin.</strong></span> <span class='ocrx_word' id='word_1_324' title='bbox 1362 3438 1485 3494; x_wconf 86' lang='lat' dir='ltr'><strong>cap.</strong></span> <span class='ocrx_word' id='word_1_325' title='bbox 1521 3421 1612 3492; x_wconf 90' lang='lat'><strong>10,</strong></span> <span class='ocrx_word' id='word_1_326' title='bbox 1686 3420 1764 3475; x_wconf 90' lang='lat' dir='ltr'><strong>Et</strong></span> <span class='ocrx_word' id='word_1_327' title='bbox 1811 3418 2073 3475; x_wconf 87' lang='lat' dir='ltr'><strong>nonnulli</strong></span> <span class='ocrx_word' id='word_1_328' title='bbox 2101 3437 2178 3475; x_wconf 87' lang='lat' dir='ltr'><strong>ex</strong></span> <span class='ocrx_word' id='word_1_329' title='bbox 2224 3418 2453 3492; x_wconf 88' lang='lat' dir='ltr'><strong>nostris,</strong></span> <span class='ocrx_word' id='word_1_330' title='bbox 2502 3418 2751 3475; x_wconf 83' lang='lat' dir='ltr'><strong>maxime</strong></span> <span class='ocrx_word' id='word_1_331' title='bbox 2805 3418 2908 3495; x_wconf 89' lang='lat' dir='ltr'><strong>qui</strong></span> 
     </span>
     <span class='ocr_line' id='line_1_36' title="bbox 507 3495 2905 3571; baseline 0 -16"><span class='ocrx_word' id='word_1_332' title='bbox 507 3506 641 3555; x_wconf 85' lang='lat' dir='ltr'><strong>ante</strong></span> <span class='ocrx_word' id='word_1_333' title='bbox 690 3495 960 3554; x_wconf 89' lang='lat' dir='ltr'><strong>Socinum</strong></span> <span class='ocrx_word' id='word_1_334' title='bbox 1010 3496 1377 3571; x_wconf 88' lang='lat' dir='ltr'><strong>seripserunt.</strong></span> <span class='ocrx_word' id='word_1_335' title='bbox 1442 3495 1637 3553; x_wconf 88' lang='lat' dir='ltr'><strong>Tertia</strong></span> <span class='ocrx_word' id='word_1_336' title='bbox 1683 3497 2084 3566; x_wconf 74' lang='lat' dir='ltr'><strong>affimantium</strong></span> <span class='ocrx_word' id='word_1_337' title='bbox 2132 3495 2231 3570; x_wconf 90' lang='lat' dir='ltr'><strong>qui</strong></span> <span class='ocrx_word' id='word_1_338' title='bbox 2286 3496 2685 3554; x_wconf 88' lang='lat' dir='ltr'><strong>necessitatem</strong></span> <span class='ocrx_word' id='word_1_339' title='bbox 2737 3498 2905 3556; x_wconf 84' lang='lat' dir='ltr'><strong>abso-</strong></span> 
     </span>
     <span class='ocr_line' id='line_1_37' title="bbox 506 3573 2908 3648; baseline 0.002 -17"><span class='ocrx_word' id='word_1_340' title='bbox 506 3575 687 3632; x_wconf 86' lang='lat' dir='ltr'><strong>lutam</strong></span> <span class='ocrx_word' id='word_1_341' title='bbox 713 3574 796 3630; x_wconf 87' lang='lat' dir='ltr'><strong>ita</strong></span> <span class='ocrx_word' id='word_1_342' title='bbox 824 3581 1099 3647; x_wconf 87' lang='lat' dir='ltr'><strong>statuunt,</strong></span> <span class='ocrx_word' id='word_1_343' title='bbox 1146 3582 1211 3631; x_wconf 92' lang='lat' dir='ltr'><strong>ut</strong></span> <span class='ocrx_word' id='word_1_344' title='bbox 1258 3573 1418 3631; x_wconf 87' lang='lat' dir='ltr'><strong>Deus</strong></span> <span class='ocrx_word' id='word_1_345' title='bbox 1468 3593 1582 3631; x_wconf 88' lang='lat' dir='ltr'><strong>non</strong></span> <span class='ocrx_word' id='word_1_346' title='bbox 1616 3574 1788 3631; x_wconf 88' lang='lat' dir='ltr'><strong>modo</strong></span> <span class='ocrx_word' id='word_1_347' title='bbox 1836 3574 2084 3632; x_wconf 90' lang='lat' dir='ltr'><strong>noluerit</strong></span> <span class='ocrx_word' id='word_1_348' title='bbox 2130 3583 2367 3648; x_wconf 88' lang='lat' dir='ltr'><strong>peccata</strong></span> <span class='ocrx_word' id='word_1_349' title='bbox 2407 3574 2574 3630; x_wconf 87' lang='lat' dir='ltr'><strong>nobis</strong></span> <span class='ocrx_word' id='word_1_350' title='bbox 2616 3576 2908 3635; x_wconf 88' lang='lat' dir='ltr'><strong>remittere</strong></span> 
     </span>
     <span class='ocr_line' id='line_1_38' title="bbox 507 3650 2908 3728; baseline 0.001 -17"><span class='ocrx_word' id='word_1_351' title='bbox 507 3654 630 3712; x_wconf 88' lang='lat' dir='ltr'><strong>sine</strong></span> <span class='ocrx_word' id='word_1_352' title='bbox 660 3650 1065 3725; x_wconf 86' lang='lat' dir='ltr'><strong>satisfactione,</strong></span> <span class='ocrx_word' id='word_1_353' title='bbox 1097 3650 1200 3708; x_wconf 88' lang='lat' dir='ltr'><strong>sed</strong></span> <span class='ocrx_word' id='word_1_354' title='bbox 1228 3670 1299 3708; x_wconf 90' lang='lat' dir='ltr'><strong>ne</strong></span> <span class='ocrx_word' id='word_1_355' title='bbox 1347 3652 1598 3727; x_wconf 89' lang='lat' dir='ltr'><strong>potuerit</strong></span> <span class='ocrx_word' id='word_1_356' title='bbox 1625 3652 1857 3728; x_wconf 90' lang='lat' dir='ltr'><strong>quidem</strong></span> <span class='ocrx_word' id='word_1_357' title='bbox 1903 3672 2005 3728; x_wconf 90' lang='lat' dir='ltr'><strong>per</strong></span> <span class='ocrx_word' id='word_1_358' title='bbox 2043 3651 2348 3728; x_wconf 88' lang='lat' dir='ltr'><strong>justitiam.</strong></span> <span class='ocrx_word' id='word_1_359' title='bbox 2395 3650 2535 3722; x_wconf 82' lang='lat' dir='ltr'><strong>Quae</strong></span> <span class='ocrx_word' id='word_1_360' title='bbox 2584 3657 2908 3714; x_wconf 87' lang='lat' dir='ltr'><strong>communis</strong></span> 
     </span>
     <span class='ocr_line' id='line_1_39' title="bbox 506 3729 1960 3806; baseline -0.002 -15"><span class='ocrx_word' id='word_1_361' title='bbox 506 3741 596 3791; x_wconf 90' lang='lat' dir='ltr'><strong>est</strong></span> <span class='ocrx_word' id='word_1_362' title='bbox 624 3729 1091 3790; x_wconf 83' lang='lat' dir='ltr'><strong>Orthodoxorum</strong></span> <span class='ocrx_word' id='word_1_363' title='bbox 1119 3730 1419 3804; x_wconf 89' lang='lat' dir='ltr'><strong>sententia,</strong></span> <span class='ocrx_word' id='word_1_364' title='bbox 1450 3750 1622 3806; x_wconf 89' lang='lat' dir='ltr'><strong>quam</strong></span> <span class='ocrx_word' id='word_1_365' title='bbox 1651 3731 1960 3806; x_wconf 89' lang='lat' dir='ltr'><strong>sequimur.</strong></span> 
     </span>
    </p>

    <p class='ocr_par' dir='ltr' id='par_1_9' title="bbox 504 3808 2905 4363">
     <span class='ocr_line' id='line_1_40' title="bbox 588 3808 2905 3886; baseline 0 -17"><span class='ocrx_word' id='word_1_366' title='bbox 588 3812 664 3869; x_wconf 90' lang='lat' dir='ltr'><strong>V.</strong></span> <span class='ocrx_word' id='word_1_367' title='bbox 710 3809 859 3884; x_wconf 85' lang='lat' dir='ltr'><strong>Quia</strong></span> <span class='ocrx_word' id='word_1_368' title='bbox 885 3829 1024 3869; x_wconf 85' lang='lat' dir='ltr'><strong>vero</strong></span> <span class='ocrx_word' id='word_1_369' title='bbox 1044 3808 1414 3868; x_wconf 88' lang='lat' dir='ltr'><strong>multifariam</strong></span> <span class='ocrx_word' id='word_1_370' title='bbox 1457 3810 1552 3867; x_wconf 91' lang='lat' dir='ltr'><strong>hic</strong></span> <span class='ocrx_word' id='word_1_371' title='bbox 1579 3819 1851 3886; x_wconf 89' lang='lat' dir='ltr'><strong>peccatur</strong></span> <span class='ocrx_word' id='word_1_372' title='bbox 1877 3811 1950 3868; x_wconf 89' lang='lat' dir='ltr'><strong>ab</strong></span> <span class='ocrx_word' id='word_1_373' title='bbox 1978 3808 2340 3885; x_wconf 85' lang='lat' dir='ltr'><strong>adversariis,</strong></span> <span class='ocrx_word' id='word_1_374' title='bbox 2373 3829 2448 3867; x_wconf 84' lang='lat' dir='ltr'><strong>ex</strong></span> <span class='ocrx_word' id='word_1_375' title='bbox 2475 3830 2747 3886; x_wconf 87' lang='lat' dir='ltr'><strong>perversa</strong></span> <span class='ocrx_word' id='word_1_376' title='bbox 2776 3831 2905 3870; x_wconf 89' lang='lat' dir='ltr'><strong>sen-</strong></span> 
     </span>
     <span class='ocr_line' id='line_1_41' title="bbox 507 3887 2904 3967; baseline -0 -16"><span class='ocrx_word' id='word_1_377' title='bbox 507 3890 701 3952; x_wconf 79' lang='lat' dir='ltr'><strong>tentiae</strong></span> <span class='ocrx_word' id='word_1_378' title='bbox 749 3898 961 3948; x_wconf 84' lang='lat' dir='ltr'><strong>nostrae</strong></span> <span class='ocrx_word' id='word_1_379' title='bbox 1006 3888 1426 3965; x_wconf 78' lang='lat' dir='ltr'><strong>explicatione3</strong></span> <span class='ocrx_word' id='word_1_380' title='bbox 1473 3888 1749 3963; x_wconf 71' lang='lat' dir='ltr'><strong>Quaedam</strong></span> <span class='ocrx_word' id='word_1_381' title='bbox 1803 3887 2197 3967; x_wconf 59' lang='lat' dir='ltr'><strong>praestruenda</strong></span> <span class='ocrx_word' id='word_1_382' title='bbox 2252 3898 2386 3947; x_wconf 89' lang='lat' dir='ltr'><strong>sunt</strong></span> <span class='ocrx_word' id='word_1_383' title='bbox 2441 3888 2499 3946; x_wconf 91' lang='lat' dir='ltr'><strong>in</strong></span> <span class='ocrx_word' id='word_1_384' title='bbox 2544 3899 2904 3950; x_wconf 87' lang='lat' dir='ltr'><strong>antecessum</strong></span> 
     </span>
     <span class='ocr_line' id='line_1_42' title="bbox 508 3967 2905 4047; baseline -0.001 -16"><span class='ocrx_word' id='word_1_385' title='bbox 508 3972 897 4044; x_wconf 86' lang='lat' dir='ltr'><strong>fundamenta,</strong></span> <span class='ocrx_word' id='word_1_386' title='bbox 922 3990 996 4028; x_wconf 84' lang='lat' dir='ltr'><strong>ex</strong></span> <span class='ocrx_word' id='word_1_387' title='bbox 1018 3968 1228 4046; x_wconf 90' lang='lat' dir='ltr'><strong>quibus</strong></span> <span class='ocrx_word' id='word_1_388' title='bbox 1256 3977 1378 4028; x_wconf 86' lang='lat' dir='ltr'><strong>tota</strong></span> <span class='ocrx_word' id='word_1_389' title='bbox 1405 3968 1477 4027; x_wconf 89' lang='lat' dir='ltr'><strong>de</strong></span> <span class='ocrx_word' id='word_1_390' title='bbox 1531 3968 1932 4027; x_wconf 88' lang='lat' dir='ltr'><strong>Satisfactione</strong></span> <span class='ocrx_word' id='word_1_391' title='bbox 1963 3967 2176 4027; x_wconf 88' lang='lat' dir='ltr'><strong>Christi</strong></span> <span class='ocrx_word' id='word_1_392' title='bbox 2221 3967 2482 4027; x_wconf 91' lang='lat' dir='ltr'><strong>doctrina</strong></span> <span class='ocrx_word' id='word_1_393' title='bbox 2525 3969 2751 4028; x_wconf 85' lang='lat' dir='ltr'><strong>facilius</strong></span> <span class='ocrx_word' id='word_1_394' title='bbox 2777 3991 2905 4047; x_wconf 88' lang='lat' dir='ltr'><strong>per-</strong></span> 
     </span>
     <span class='ocr_line' id='line_1_43' title="bbox 505 4048 2901 4128; baseline -0.001 -17"><span class='ocrx_word' id='word_1_395' title='bbox 505 4051 619 4128; x_wconf 90' lang='lat' dir='ltr'><strong>cipi</strong></span> <span class='ocrx_word' id='word_1_396' title='bbox 647 4049 872 4128; x_wconf 84' lang='lat' dir='ltr'><strong>peterit,</strong></span> <span class='ocrx_word' id='word_1_397' title='bbox 902 4057 961 4108; x_wconf 89' lang='lat' dir='ltr'><strong>et</strong></span> <span class='ocrx_word' id='word_1_398' title='bbox 986 4050 1092 4107; x_wconf 79' lang='lat' dir='ltr'><strong>lux</strong></span> <span class='ocrx_word' id='word_1_399' title='bbox 1132 4068 1360 4126; x_wconf 86' lang='lat' dir='ltr'><strong>magna,</strong></span> <span class='ocrx_word' id='word_1_400' title='bbox 1391 4056 1513 4107; x_wconf 90' lang='lat' dir='ltr'><strong>tum</strong></span> <span class='ocrx_word' id='word_1_401' title='bbox 1540 4048 1677 4106; x_wconf 91' lang='lat' dir='ltr'><strong>huic</strong></span> <span class='ocrx_word' id='word_1_402' title='bbox 1705 4049 2026 4125; x_wconf 82' lang='lat' dir='ltr'><strong>quaestioni,</strong></span> <span class='ocrx_word' id='word_1_403' title='bbox 2058 4056 2179 4106; x_wconf 88' lang='lat' dir='ltr'><strong>tum</strong></span> <span class='ocrx_word' id='word_1_404' title='bbox 2210 4049 2581 4124; x_wconf 88' lang='lat' dir='ltr'><strong>sequentibus</strong></span> <span class='ocrx_word' id='word_1_405' title='bbox 2609 4048 2901 4108; x_wconf 88' lang='lat' dir='ltr'><strong>inferetur.</strong></span> 
     </span>
     <span class='ocr_line' id='line_1_44' title="bbox 507 4126 2902 4205; baseline -0.001 -16"><span class='ocrx_word' id='word_1_406' title='bbox 507 4132 632 4189; x_wconf 87' lang='lat' dir='ltr'><strong>Ista</strong></span> <span class='ocrx_word' id='word_1_407' title='bbox 658 4149 797 4188; x_wconf 84' lang='lat' dir='ltr'><strong>vero</strong></span> <span class='ocrx_word' id='word_1_408' title='bbox 838 4128 1168 4205; x_wconf 88' lang='lat' dir='ltr'><strong>respiciunt,</strong></span> <span class='ocrx_word' id='word_1_409' title='bbox 1200 4127 1294 4186; x_wconf 88' lang='lat' dir='ltr'><strong>vel</strong></span> <span class='ocrx_word' id='word_1_410' title='bbox 1332 4137 1644 4203; x_wconf 84' lang='lat' dir='ltr'><strong>peccatum,</strong></span> <span class='ocrx_word' id='word_1_411' title='bbox 1688 4147 1792 4204; x_wconf 91' lang='lat' dir='ltr'><strong>pro</strong></span> <span class='ocrx_word' id='word_1_412' title='bbox 1847 4148 1962 4205; x_wconf 90' lang='lat' dir='ltr'><strong>quo</strong></span> <span class='ocrx_word' id='word_1_413' title='bbox 2008 4126 2323 4186; x_wconf 87' lang='lat' dir='ltr'><strong>satisfactio</strong></span> <span class='ocrx_word' id='word_1_414' title='bbox 2365 4127 2775 4204; x_wconf 87' lang='lat' dir='ltr'><strong>requirebatur,</strong></span> <span class='ocrx_word' id='word_1_415' title='bbox 2806 4129 2902 4187; x_wconf 89' lang='lat' dir='ltr'><strong>vel</strong></span> 
     </span>
     <span class='ocr_line' id='line_1_45' title="bbox 505 4206 2902 4284; baseline -0.002 -14"><span class='ocrx_word' id='word_1_416' title='bbox 505 4210 951 4284; x_wconf 57' lang='lat' dir='ltr'><strong>Satisfactionem</strong></span> <span class='ocrx_word' id='word_1_417' title='bbox 977 4208 1179 4284; x_wconf 88' lang='lat' dir='ltr'><strong>ipsam,</strong></span> <span class='ocrx_word' id='word_1_418' title='bbox 1211 4228 1339 4284; x_wconf 84' lang='lat' dir='ltr'><strong>quae</strong></span> <span class='ocrx_word' id='word_1_419' title='bbox 1368 4207 1559 4265; x_wconf 88' lang='lat' dir='ltr'><strong>danda</strong></span> <span class='ocrx_word' id='word_1_420' title='bbox 1599 4207 1725 4281; x_wconf 90' lang='lat' dir='ltr'><strong>fuit,</strong></span> <span class='ocrx_word' id='word_1_421' title='bbox 1756 4206 1853 4265; x_wconf 88' lang='lat' dir='ltr'><strong>vel</strong></span> <span class='ocrx_word' id='word_1_422' title='bbox 1880 4210 2069 4267; x_wconf 90' lang='lat' dir='ltr'><strong>Deum</strong></span> <span class='ocrx_word' id='word_1_423' title='bbox 2097 4206 2190 4266; x_wconf 90' lang='lat' dir='ltr'><strong>cui</strong></span> <span class='ocrx_word' id='word_1_424' title='bbox 2234 4206 2547 4267; x_wconf 86' lang='lat' dir='ltr'><strong>satisfactio</strong></span> <span class='ocrx_word' id='word_1_425' title='bbox 2575 4207 2902 4284; x_wconf 76' lang='lat' dir='ltr'><strong>praestanda</strong></span> 
     </span>
     <span class='ocr_line' id='line_1_46' title="bbox 504 4286 1838 4363; baseline -0.002 -16"><span class='ocrx_word' id='word_1_426' title='bbox 504 4289 630 4360; x_wconf 83' lang='lat' dir='ltr'><strong>fuit,</strong></span> <span class='ocrx_word' id='word_1_427' title='bbox 661 4289 758 4347; x_wconf 86' lang='lat' dir='ltr'><strong>vel</strong></span> <span class='ocrx_word' id='word_1_428' title='bbox 806 4288 1104 4361; x_wconf 77' lang='lat' dir='ltr'><strong>Christum,</strong></span> <span class='ocrx_word' id='word_1_429' title='bbox 1136 4288 1236 4363; x_wconf 92' lang='lat' dir='ltr'><strong>qui</strong></span> <span class='ocrx_word' id='word_1_430' title='bbox 1265 4286 1591 4346; x_wconf 85' lang='lat' dir='ltr'><strong>satisfacere</strong></span> <span class='ocrx_word' id='word_1_431' title='bbox 1622 4286 1838 4345; x_wconf 91' lang='lat' dir='ltr'><strong>debuit.</strong></span> 
     </span>
    </p>

    <p class='ocr_par' dir='ltr' id='par_1_10' title="bbox 499 4364 2900 4682">
     <span class='ocr_line' id='line_1_47' title="bbox 582 4364 2900 4444; baseline -0.002 -18"><span class='ocrx_word' id='word_1_432' title='bbox 582 4369 690 4427; x_wconf 86' lang='lat' dir='ltr'><strong>VI.</strong></span> <span class='ocrx_word' id='word_1_433' title='bbox 740 4367 935 4426; x_wconf 89' lang='lat' dir='ltr'><strong>Primo</strong></span> <span class='ocrx_word' id='word_1_434' title='bbox 964 4368 1276 4442; x_wconf 83' lang='lat' dir='ltr'><strong>Peccatum,</strong></span> <span class='ocrx_word' id='word_1_435' title='bbox 1308 4366 1465 4444; x_wconf 90' lang='lat' dir='ltr'><strong>quod</strong></span> <span class='ocrx_word' id='word_1_436' title='bbox 1504 4374 1726 4425; x_wconf 87' lang='lat' dir='ltr'><strong>reatum</strong></span> <span class='ocrx_word' id='word_1_437' title='bbox 1752 4373 1886 4443; x_wconf 88' lang='lat' dir='ltr'><strong>post</strong></span> <span class='ocrx_word' id='word_1_438' title='bbox 1913 4385 1974 4424; x_wconf 87' lang='lat' dir='ltr'><strong>se</strong></span> <span class='ocrx_word' id='word_1_439' title='bbox 2002 4366 2195 4439; x_wconf 87' lang='lat' dir='ltr'><strong>trahit,</strong></span> <span class='ocrx_word' id='word_1_440' title='bbox 2226 4384 2340 4440; x_wconf 91' lang='lat' dir='ltr'><strong>quo</strong></span> <span class='ocrx_word' id='word_1_441' title='bbox 2370 4365 2534 4423; x_wconf 79' lang='lat' dir='ltr'><strong>exosi</strong></span> <span class='ocrx_word' id='word_1_442' title='bbox 2557 4365 2682 4423; x_wconf 90' lang='lat' dir='ltr'><strong>Deo</strong></span> <span class='ocrx_word' id='word_1_443' title='bbox 2710 4364 2900 4423; x_wconf 88' lang='lat' dir='ltr'><strong>reddi-</strong></span> 
     </span>
     <span class='ocr_line' id='line_1_48' title="bbox 501 4443 2897 4522; baseline -0.003 -16"><span class='ocrx_word' id='word_1_444' title='bbox 501 4468 645 4522; x_wconf 91' lang='lat' dir='ltr'><strong>mur,</strong></span> <span class='ocrx_word' id='word_1_445' title='bbox 677 4456 734 4505; x_wconf 90' lang='lat' dir='ltr'><strong>et</strong></span> <span class='ocrx_word' id='word_1_446' title='bbox 767 4467 950 4522; x_wconf 84' lang='lat' dir='ltr'><strong>poenae</strong></span> <span class='ocrx_word' id='word_1_447' title='bbox 993 4445 1281 4504; x_wconf 88' lang='lat' dir='ltr'><strong>debitores</strong></span> <span class='ocrx_word' id='word_1_448' title='bbox 1329 4445 1747 4520; x_wconf 89' lang='lat' dir='ltr'><strong>constituimur,</strong></span> <span class='ocrx_word' id='word_1_449' title='bbox 1800 4444 1908 4503; x_wconf 88' lang='lat' dir='ltr'><strong>sub</strong></span> <span class='ocrx_word' id='word_1_450' title='bbox 1936 4445 2150 4521; x_wconf 90' lang='lat' dir='ltr'><strong>triplici</strong></span> <span class='ocrx_word' id='word_1_451' title='bbox 2191 4443 2355 4519; x_wconf 67' lang='grc' dir='ltr'><strong>σχίσει</strong></span> <span class='ocrx_word' id='word_1_452' title='bbox 2394 4453 2586 4520; x_wconf 86' lang='lat' dir='ltr'><strong>potest</strong></span> <span class='ocrx_word' id='word_1_453' title='bbox 2634 4444 2897 4521; x_wconf 89' lang='lat' dir='ltr'><strong>spectari,</strong></span> 
     </span>
     <span class='ocr_line' id='line_1_49' title="bbox 503 4523 2900 4602; baseline -0.002 -17"><span class='ocrx_word' id='word_1_454' title='bbox 503 4528 600 4586; x_wconf 82' lang='lat' dir='ltr'><strong>vel</strong></span> <span class='ocrx_word' id='word_1_455' title='bbox 653 4527 823 4584; x_wconf 80' lang='lat' dir='ltr'><strong>debiti</strong></span> <span class='ocrx_word' id='word_1_456' title='bbox 873 4546 988 4602; x_wconf 91' lang='lat' dir='ltr'><strong>quo</strong></span> <span class='ocrx_word' id='word_1_457' title='bbox 1033 4524 1447 4602; x_wconf 87' lang='lat' dir='ltr'><strong>obstringimur</strong></span> <span class='ocrx_word' id='word_1_458' title='bbox 1491 4524 1735 4602; x_wconf 83' lang='lat' dir='ltr'><strong>justitiae</strong></span> <span class='ocrx_word' id='word_1_459' title='bbox 1784 4524 1998 4582; x_wconf 73' lang='lat' dir='ltr'><strong>divinae</strong></span> <span class='ocrx_word' id='word_1_460' title='bbox 2063 4523 2138 4582; x_wconf 89' lang='lat' dir='ltr'><strong>ad</strong></span> <span class='ocrx_word' id='word_1_461' title='bbox 2186 4525 2313 4599; x_wconf 86' lang='lat' dir='ltr'><strong>ejus</strong></span> <span class='ocrx_word' id='word_1_462' title='bbox 2379 4523 2740 4598; x_wconf 87' lang='lat' dir='ltr'><strong>solutionem,</strong></span> <span class='ocrx_word' id='word_1_463' title='bbox 2785 4543 2900 4599; x_wconf 90' lang='lat' dir='ltr'><strong>quo</strong></span> 
     </span>
     <span class='ocr_line' id='line_1_50' title="bbox 499 4602 2899 4682; baseline -0.003 -14"><span class='ocrx_word' id='word_1_464' title='bbox 499 4624 668 4668; x_wconf 87' lang='lat' dir='ltr'><strong>sensu</strong></span> <span class='ocrx_word' id='word_1_465' title='bbox 713 4604 835 4662; x_wconf 88' lang='lat' dir='ltr'><strong>Lex</strong></span> <span class='ocrx_word' id='word_1_466' title='bbox 866 4605 1076 4663; x_wconf 87' lang='lat' dir='ltr'><strong>dicitur</strong></span> <span class='ocrx_word' id='word_1_467' title='bbox 1103 4604 1562 4682; x_wconf 84' lang='lat' dir='ltr'><strong>chirographum,</strong></span> <span class='ocrx_word' id='word_1_468' title='bbox 1596 4605 1720 4664; x_wconf 88' lang='lat' dir='ltr'><strong>Col.</strong></span> <span class='ocrx_word' id='word_1_469' title='bbox 1751 4603 1810 4662; x_wconf 91' lang='lat' dir='ltr'><strong>ii.</strong></span> <span class='ocrx_word' id='word_1_470' title='bbox 1841 4607 1935 4677; x_wconf 82' lang='lat'><strong>24,</strong></span> <span class='ocrx_word' id='word_1_471' title='bbox 1967 4602 2062 4662; x_wconf 86' lang='lat' dir='ltr'><strong>vel</strong></span> <span class='ocrx_word' id='word_1_472' title='bbox 2090 4602 2403 4678; x_wconf 81' lang='lat' dir='ltr'><strong>inimicitioe,</strong></span> <span class='ocrx_word' id='word_1_473' title='bbox 2434 4622 2535 4680; x_wconf 88' lang='lat' dir='ltr'><strong>per</strong></span> <span class='ocrx_word' id='word_1_474' title='bbox 2562 4622 2752 4679; x_wconf 88' lang='lat' dir='ltr'><strong>quam,</strong></span> <span class='ocrx_word' id='word_1_475' title='bbox 2782 4623 2899 4660; x_wconf 91' lang='lat' dir='ltr'><strong>non</strong></span> 
     </span>
    </p>
   </div>
  </div>
 </body>
</html>
