3221 5200
228 306 455 356 eumer.
489 286 586 369 ιι]
1244 302 1323 343 ns
1352 302 1505 344 Laos
1535 302 1657 343 ner.
2576 288 2646 345 13

236 481 284 527 5.
333 482 415 527 Ex
467 480 727 527 identitate
848 442 1063 502 XVII.
1107 441 1338 518 Quinto,
1372 443 1498 501 Lex
1539 441 1775 502 moralis
1803 442 2002 502 eadem
2031 450 2123 503 est
2146 445 2340 521 quoad
2381 447 2646 506 substan-

302 539 451 598 Legis
538 540 731 583 moralis
769 523 909 581 tiam
938 542 1069 581 cum
1099 522 1258 599 Lege
1284 531 1520 598 naturae,
1552 542 1684 599 quae
1726 523 2099 582 immutabilis
2126 534 2232 601 est,
2277 534 2336 584 et
2375 526 2651 586 fundatur

299 612 412 641 ΟΨ
434 597 663 642 natm-ali.
763 604 825 660 in
863 611 1070 660 natura
1111 602 1397 677 rationali,
1442 611 1564 661 tum
1607 603 1745 680 quia
1773 604 1950 679 Legis
1994 624 2233 679 summa,
2281 626 2410 683 quae
2454 626 2646 665 amore

243 683 360 740 Dei
400 690 461 741 et
495 682 745 760 proximi
783 681 1121 757 absolvitur,
1151 691 1357 740 natura
1404 690 1493 739 est
1535 682 1756 740 homini
1799 683 2094 759 impressa,
2141 692 2264 742 tum
2292 685 2429 761 quia
2456 686 2649 743 omnia

240 762 370 839 ejus
398 770 685 838 praecepta
705 783 780 820 ex
807 761 1023 820 lumine
1044 769 1264 819 naturae
1290 761 1650 837 hauriuntur,
1681 770 1740 821 et
1767 763 1911 819 nihil
1940 763 1999 820 in
2028 763 2143 821 illis
2163 765 2459 841 reperitur,
2491 764 2648 842 quod

240 841 461 899 ratione
490 861 633 899 sana
659 862 775 899 non
804 840 1094 915 doceatur,
1125 840 1272 897 nihil
1298 840 1456 917 quod
1481 861 1597 897 non
1635 841 1920 918 pertineat
1947 841 2021 899 ad
2062 863 2261 901 omnes
2302 853 2505 919 gentes
2545 864 2650 921 per

242 921 436 978 omnia
464 921 676 994 secula,
708 921 859 978 nihil
885 920 1043 997 quod
1082 939 1201 977 non
1239 920 1314 978 sit
1349 921 1738 979 necessarium
1781 930 2002 979 naturae
2046 922 2311 980 humanae
2356 923 2431 980 ad
2474 923 2646 980 finem

241 1020 411 1058 snum
439 1001 882 1076 assequendum.
966 1000 1126 1075 Ergo
1154 998 1326 1058 debet
1353 1019 1479 1057 esse
1514 1000 1666 1077 juris
1702 1001 1981 1077 perpetui,
2022 1002 2157 1077 quia
2195 1011 2398 1060 natura
2435 1003 2646 1061 ration-

242 1079 353 1137 alis
395 1099 622 1155 semper
658 1079 859 1137 eadem
888 1087 976 1137 est
1003 1087 1062 1137 et
1104 1079 1215 1137 sibi
1256 1078 1494 1155 similis3
1545 1079 1715 1138 Unde
1744 1079 1900 1156 quod
1944 1100 2012 1137 ea
2055 1081 2257 1140 nititur
2298 1101 2414 1138 non
2458 1090 2648 1158 potest

241 1178 361 1216 non
402 1178 528 1216 esse
570 1158 705 1217 talc.
789 1159 912 1217 Nec
961 1158 1012 1215 si
1054 1178 1159 1234 per
1204 1166 1503 1234 peccatum
1550 1159 1801 1217 hominis
1843 1166 2048 1217 natura
2087 1160 2381 1219 rationalis
2429 1169 2649 1219 mutata

243 1246 334 1296 est
362 1236 422 1295 in
450 1246 719 1297 concreto
748 1246 806 1297 et
833 1237 1173 1314 subjective,
1206 1238 1331 1296 Lex
1359 1246 1580 1296 mutata
1607 1238 1802 1297 statim
1829 1238 1939 1297 suit
1966 1239 2026 1296 in
2054 1240 2342 1299 abstracto
2370 1247 2428 1299 et
2456 1240 2647 1317 objec-

245 1317 387 1375 tive.

854 1396 1106 1455 XVIII.
1174 1396 1300 1453 Lex
1355 1396 1635 1455 naturalis
1688 1416 1806 1454 non
1859 1404 2050 1475 potest
2104 1398 2218 1456 dici
2272 1406 2494 1457 mutata
2546 1418 2650 1475 per

772 1477 1060 1552 Agrorum
1089 1476 1424 1549 divisionem,
1462 1485 1521 1533 et
1561 1476 1965 1553 proprietatem
2047 1478 2432 1536 ossessionum
2461 1485 2519 1536 et
2546 1478 2647 1536 bo·

774 1575 977 1613 norum
1006 1554 1391 1621 introductam
1419 1574 1521 1630 per
1539 1554 1639 1631 jus
1662 1556 1919 1630 gentium
1945 1578 1961 1615 τ
2059 1557 2152 1614 uia
2178 1557 2338 1614 nulla
2363 1557 2461 1614 lex
2483 1566 2648 1615 natu-

244 1634 386 1690 ralis
410 1633 692 1691 bonorum
722 1634 1188 1692 communitatem
1216 1634 1491 1710 praecipit,
1523 1635 1620 1692 vel
1662 1634 2085 1692 distinctionem
2117 1656 2314 1693 eorum
2356 1635 2653 1710 prohibct;

250 1713 331 1769 Et
360 1712 410 1769 si
436 1712 509 1770 ab
534 1712 716 1770 initio
745 1714 938 1771 omnia
979 1713 1304 1771 communia
1348 1712 1525 1771 fuisse
1568 1712 1853 1787 dicuntur,
1898 1713 2008 1770 hoc
2052 1713 2491 1790 intelligendum
2534 1734 2649 1770 non

246 1800 368 1849 tam
405 1792 658 1866 positive,
710 1791 877 1868 quasi
906 1793 1065 1849 Deus
1107 1793 1294 1867 legem
1338 1792 1589 1867 aliquam
1634 1791 1924 1849 sanxisset
1964 1799 2029 1850 ut
2071 1802 2265 1850 essent
2308 1793 2649 1867 communia,

246 1889 422 1946 quam
447 1871 716 1946 neyative,
741 1871 878 1947 quia
903 1871 1047 1927 nihil
1070 1870 1143 1928 de
1166 1890 1234 1928 eo
1256 1890 1526 1947 expresse
1549 1870 1833 1929 sancitum
1861 1870 2062 1945 fuerat,
2093 1872 2229 1947 quia
2249 1879 2372 1929 tum
2393 1871 2650 1930 nondum

245 1968 482 2007 necesse
510 1949 656 2024 fuit3
704 1950 807 2008 sed
827 1958 1028 2026 postea
1049 1950 1207 2024 juste
1230 1949 1459 2007 invecta
1479 1949 1588 2006 fuit
1609 1948 1889 2007 bonorum
1913 1949 2205 2009 distinctio
2228 1960 2287 2009 et
2313 1951 2648 2027 proprietas,

251 2029 380 2085 Deo
422 2028 550 2105 ipso
592 2029 850 2101 authore,
894 2028 969 2085 ad
1013 2027 1361 2086 dirimendas
1404 2028 1554 2102 lites,
1602 2027 1678 2085 ad
1722 2028 2025 2086 arcendam
2054 2029 2174 2085 vim
2216 2038 2533 2096 externam,
2577 2028 2652 2085 ad

248 2107 634 2184 praestandam
684 2108 1085 2166 certitudinem
1140 2106 1539 2166 haereditatum
1588 2115 1648 2165 et
1692 2106 2024 2165 discrimina
2068 2107 2480 2181 conditionum,
2529 2106 2656 2165 sine

252 2186 465 2262 quibus
493 2186 737 2244 societas
764 2187 1015 2245 humana
1042 2194 1193 2244 stare
1220 2204 1336 2242 non
1365 2193 1577 2262 posset.

337 2264 528 2321 XIX.
582 2266 704 2323 Nec
736 2285 838 2341 per
872 2266 1194 2324 semitutum
1238 2265 1700 2322 introductionem
1715 2288 1740 2334 ‚·
1784 2284 1915 2322 cum
1956 2272 2126 2322 antea
2175 2264 2333 2341 Lege
2376 2264 2654 2341 primaeva

254 2362 459 2401 omnes
499 2342 665 2401 liberi
704 2352 913 2403 essent.
998 2343 1146 2417 Quia
1187 2363 1305 2401 non
1348 2343 1517 2401 aliter
1555 2342 1742 2417 liberi,
1773 2363 1947 2417 quam
1975 2351 2257 2420 quatenus
2285 2344 2454 2420 culpa
2482 2364 2647 2403 vaca-

250 2423 410 2496 bant,
462 2422 572 2479 hac
619 2431 807 2481 autem
858 2422 1202 2497 introducta,
1255 2421 1505 2481 servitus
1549 2422 1735 2481 omnis
1782 2422 2030 2498 invasit;
2096 2421 2206 2496 Qui
2249 2423 2402 2481 enim
2451 2423 2653 2480 alienae

246 2501 505 2560 libertati
544 2501 862 2576 insidiatur,
902 2502 1106 2560 merito
1145 2500 1362 2560 excidit
1400 2521 1521 2559 sua.
1606 2500 1729 2559 Nec
1771 2501 1819 2559 si
1864 2501 1990 2559 Lex
2032 2511 2248 2560 naturae
2289 2502 2427 2561 facit
2455 2520 2655 2559 omnes

247 2581 512 2640 homines
555 2602 725 2659 pares
751 2581 971 2640 ratione
1012 2589 1249 2656 naturae,
1298 2580 1559 2657 sequitur
1599 2598 1766 2658 pares
1806 2598 1933 2640 esse
1977 2581 2196 2640 ratione
2224 2580 2566 2657 qualitatum
2596 2589 2656 2641 et

251 2661 601 2719 conditionis
650 2670 923 2719 externae.
1006 2661 1129 2719 Nec
1175 2680 1279 2736 per
1321 2661 1810 2737 staescriptionem
1859 2671 1918 2719 et
1969 2663 2390 2739 Usucapionem,
2441 2660 2654 2738 quibus

250 2740 470 2798 scilicet
497 2740 710 2817 aliquis
739 2740 976 2799 sortitur
1001 2739 1317 2797 dominium
1346 2739 1404 2796 in
1433 2759 1553 2798 rem
1581 2739 1850 2816 aliquam,
1883 2740 1933 2798 si
1960 2740 2227 2799 dominus
2256 2741 2406 2798 intra
2433 2749 2653 2800 certum

249 2819 525 2897 temporis
553 2819 805 2896 spatium
834 2839 961 2877 eam
992 2839 1111 2876 non
1145 2818 1471 2895 repetierit;
1522 2819 1674 2894 Quia
1713 2839 1828 2877 non
1867 2819 2135 2895 efficiunt,
2168 2828 2232 2877 ut
2272 2820 2523 2878 alienum
2564 2820 2650 2876 in·

249 2899 373 2957 vito
402 2898 639 2956 domino
666 2899 995 2973 retineatur,
1027 2896 1185 2974 quod
1226 2905 1509 2975 repugnat
1548 2898 1805 2974 aequitati
1846 2900 2129 2959 naturali:
2176 2898 2293 2957 Sed
2335 2907 2559 2957 tantum
2589 2907 2656 2958 ut

251 2977 411 3053 quod
451 2986 622 3036 antea
663 2977 915 3037 alienum
956 2985 1096 3052 erat,
1135 2976 1237 3035 ubi
1279 2997 1382 3054 pro
1413 2977 1687 3035 derelicto
1728 2977 1974 3035 habetur
2001 2998 2036 3036 a
2071 2978 2249 3054 priori
2289 2977 2538 3051 domino,
2571 2978 2654 3034 al-

251 3056 435 3114 terius
480 3057 582 3115 fiat
628 3057 957 3134 proprium3
1014 3076 1149 3114 nam
1201 3056 1340 3114 licet
1382 3075 1654 3131 expresse
1709 3075 1811 3130 per
1853 3063 2084 3130 pactum
2132 3056 2230 3113 vel
2284 3055 2652 3114 donationem

254 3134 524 3193 dominus
564 3138 666 3212 jus
708 3135 954 3211 depositi
994 3155 1111 3193 non
1151 3134 1508 3193 transtulerit
1555 3133 1616 3189 in
1662 3133 2105 3209 Depositarium,
2147 3132 2420 3207 implicite
2461 3143 2654 3192 tamen

255 3223 525 3272 censetur
551 3215 929 3289 transtulisse,
973 3215 1110 3291 quia
1152 3213 1298 3272 illud
1342 3212 1588 3289 negligit
1626 3220 1684 3270 et
1711 3211 1940 3270 deserit.
2024 3212 2147 3270 Nec
2174 3230 2277 3287 pcr
2302 3213 2657 3269 retentionem

246 3294 449 3369 qladii,
481 3314 654 3370 quem
682 3293 947 3352 dominus
976 3294 1224 3352 furiosus
1251 3292 1460 3368 repetit
1486 3292 1561 3349 ad
1604 3289 2008 3365 homicidium;
2056 3290 2204 3364 Quia
2235 3309 2351 3347 non
2379 3290 2658 3349 retinetur

252 3383 315 3430 ut
336 3372 660 3450 proprietas
687 3373 813 3448 ejus
834 3372 1124 3431 auferatur
1151 3372 1410 3448 legitimo
1430 3370 1664 3429 domino
1686 3379 1745 3430 et
1772 3370 1916 3428 lucri
1944 3369 2188 3428 faciendi
2218 3371 2420 3447 gratia,
2452 3370 2554 3428 sed
2582 3369 2657 3427 ad

251 3452 698 3527 praecavendum
741 3450 1132 3517 homicidium,
1176 3450 1332 3526 quod
1371 3451 1503 3526 jure
1545 3450 1792 3508 naturali
1837 3457 2066 3508 tenetur
2105 3450 2349 3526 quisque
2377 3459 2654 3526 quantum

250 3539 445 3607 potest
486 3529 780 3607 impedire,
826 3530 960 3607 quia
1001 3529 1101 3607 qui
1141 3549 1258 3586 non
1299 3529 1539 3606 impedit
1575 3530 1791 3587 malum
1833 3547 2010 3605 quum
2051 3537 2258 3605 potest,
2300 3538 2419 3587 tam
2463 3538 2552 3588 est
2597 3529 2657 3585 in

251 3610 439 3686 eulpa,
471 3629 646 3685 quam
672 3610 773 3685 qui
801 3608 957 3667 facit.
1041 3606 1215 3665 Adde
1243 3607 1399 3684 quod
1424 3628 1543 3665 non
1571 3627 1799 3685 aequum
1827 3615 1932 3683 est,
1962 3615 2029 3666 ut
2057 3607 2131 3666 sit
2155 3608 2438 3666 Dominus
2466 3628 2655 3666 rerum

251 3707 503 3762 suarum,
536 3688 638 3762 qni
664 3707 780 3744 non
808 3696 897 3745 est
926 3687 1211 3744 Dominus
1240 3687 1329 3744 sui
1357 3687 1554 3762 ipsius.

332 3766 491 3824 XX.
553 3766 714 3824 Deus
753 3785 870 3823 non
914 3765 1273 3841 dispensavit
1315 3764 1387 3823 de
1436 3764 1689 3825 secundo
1736 3772 2039 3842 praeceptO,
2090 3784 2267 3840 quum
2308 3764 2487 3841 jussit
2532 3763 2658 3820 fieri

252 3844 616 3903 Cherubinos
646 3863 817 3920 supra
846 3844 1329 3920 Propitiatorium,
1361 3851 1420 3902 et
1452 3843 1786 3921 Serpentem
1814 3863 2054 3901 aeneum.
2127 3843 2274 3915 Quia
2301 3842 2501 3917 figuroe
2531 3841 2657 3898 istae

249 3943 368 3982 non
397 3931 564 3982 erant
590 3924 858 3998 imagines
886 3926 1219 3998 personales
1255 3922 1528 3998 reliqt‘osoe
1562 3922 2045 3999 repraesentativus
2073 3921 2319 3996 alicujus
2358 3918 2656 3995 suppositi,

249 4002 415 4060 nulla
454 4002 670 4079 quippe
711 4009 834 4059 erat
875 4001 1192 4060 similitudo
1233 4009 1451 4059 naturae
1498 4001 1650 4059 inter
1694 4000 2051 4058 Cherubinos
2089 4007 2148 4057 et
2182 3997 2464 4074 Angelos,
2511 3997 2664 4054 inter

324 1460 504 1505 Fontes
534 1460 672 1507 Solu·

401 1519 604 1563 tionum.

158 4093 163 4097 ’
254 4083 597 4158 Serpentem
626 4100 848 4139 aeneum
870 4088 929 4138 et
950 4080 1258 4154 Christum,
1291 4079 1395 4137 sed
1422 4087 1584 4137 erant
1610 4087 1835 4138 tantum
1863 4078 2171 4153 symbolicoe
2191 4084 2249 4134 et
2277 4076 2664 4134 emblematicae

250 4159 327 4218 ad
368 4159 831 4217 adumbrandum
869 4158 1120 4217 officium
1148 4166 1206 4216 et
1238 4158 1561 4234 qualitateS,
1606 4177 1713 4215 nec
1757 4156 1956 4215 haberi
1997 4156 2285 4215 debebant
2325 4173 2429 4231 pro
2459 4156 2662 4228 objecto

252 4241 341 4297 vel
376 4239 562 4297 medio
588 4240 782 4312 cultus,
826 4257 941 4313 quo
985 4256 1157 4295 sensu
1201 4237 1578 4313 prohibentur
1619 4236 1917 4313 imagines,
1963 4236 2065 4294 sed
2107 4242 2329 4292 tantum
2374 4252 2478 4307 pro
2505 4233 2663 4307 siqno

253 4337 435 4390 sacre,
466 4337 584 4394 quo
616 4317 777 4375 Deus
819 4316 1157 4391 mysterium
1199 4315 1435 4392 aliquod
1474 4315 1643 4373 nobis
1671 4315 2011 4373 adumbrare
2039 4313 2244 4371 voluit.
2332 4312 2494 4369 Licet
2523 4331 2664 4387 ergo

254 4396 638 4472 pertinuerint
686 4395 761 4452 ad
817 4394 1174 4471 religionem,
1223 4415 1340 4452 non
1389 4403 1551 4452 erant
1603 4404 1905 4471 propterea
1949 4393 2175 4468 objecta
2223 4390 2520 4466 religionis
2569 4391 2666 4448 vel

253 4476 463 4534 cultus.
551 4474 718 4532 Idem
747 4473 1054 4532 dicendum
1084 4473 1156 4530 de
1186 4482 1448 4551 serpente
1477 4493 1655 4549 aeneo,
1686 4473 1785 4550 qui
1814 4472 1922 4530 fuit
1950 4471 2180 4548 quidem
2206 4470 2530 4547 symbolum
2566 4490 2667 4527 seu

252 4561 430 4632 typus
459 4554 693 4626 Christi,
725 4553 828 4611 sed
855 4572 974 4612 non
1003 4553 1224 4629 Imag0.
