3221 5200
295 350 517 399 enzer.
548 332 645 413 11]
1306 352 1385 392 nt
1414 352 1567 393 mos
1595 353 1720 393 nm.
2243 346 2250 351 '
2633 342 2706 401 15

377 490 637 550 XXIV.
677 491 958 566 Christus,
989 491 1200 552 Matth.
1218 511 1277 551 v.
1299 495 1406 586 3..9’
1419 512 1597 569 quum
1619 493 1788 570 jubet
1813 492 2156 571 percutienti
2183 494 2392 553 malam
2420 494 2704 575 dextrum,

293 569 473 629 etiam
502 570 789 630 sinistram
828 570 1138 648 porrigere,
1181 581 1243 631 et
1224 572 1531 729 qeripienti
1559 573 1831 648 tunicam,
1861 573 2096 649 insuper
2121 573 2259 632 dare
2287 574 2543 651 pallium,
2587 596 2705 636 non

297 649 567 709 immutat
594 651 810 727 Legem
838 660 1075 725 naturae,
1264 651 1635 710 uamhomini
1661 653 1897 712 insitum
1925 661 2017 711 est
2050 653 2427 731 propulsare
2411 654 2700 733 injuriam,

290 737 358 787 et
377 729 496 786 vim
522 729 582 787 vi
609 746 671 787 re
672 670 904 806 {llere
950 730 1069 789 Sed
1224 671 1331 790 qat
1355 739 1578 790 tantum
1604 736 1660 789 τὶ
1688 736 2022 798 bamur-»⁴25
2048 752 2151 791 seu
2168 734 2445 826 talionem,
2475 735 2706 811 quando

294 808 375 865 ad
402 807 491 865 sui
517 808 911 867 defensionem
938 809 1228 868 additur‘
1211 829 1448 888 insuper
1488 811 1652 887 ultio,
1695 821 1755 871 et
1779 833 1884 889 par
1909 822 2011 870 aut
2036 812 2220 889 major
2245 812 2477 890 injuria.
2560 814 2701 873 Pro·

292 886 628 947 verbialiter
653 897 714 947 et
739 889 1110 965 hyperbolice
1136 888 1251 947 ista
1277 898 1415 949 sunt
1437 889 1834 968 intelligenda,
1855 911 1973 949 non
1997 894 2136 949 mel
2161 895 2217 949 τὶ
2246 897 2391 984 ῥισὶν,
2416 912 2523 951 nec
2550 893 2704 952 enim

293 966 559 1025 Christus
598 967 725 1045 ipse
764 968 1012 1061 praebuit
1051 968 1291 1027 alteram
1331 968 1633 1027 maxillam
1673 969 2033 1047 percutienti,
2076 971 2216 1030 soh.
2259 971 2427 1029 xviii.
2455 975 2554 1045 23,
2595 992 2703 1032 nec

294 1045 531 1138 Paulus,
562 1046 702 1106 Act.
730 1047 899 1106 xxiii.
927 1051 1000 1122 33
1044 1055 1111 1107 ιιι
1152 1067 1358 1107 sensus
1397 1048 1490 1122 sit,
1534 1048 1718 1108 satius
1757 1068 1885 1109 esse
1924 1057 2185 1127 paratum
2227 1069 2355 1109 esse
2391 1050 2466 1108 ad
2492 1070 2705 1111 novam

289 1123 563 1201 injuriam
591 1124 903 1200 ferendam,
934 1146 1107 1204 quam
1134 1126 1210 1184 ad
1234 1146 1432 1204 parem
1460 1127 1730 1204 injuriam
1756 1127 2111 1187 referendam
2152 1136 2254 1187 aut
2293 1129 2508 1188 malum
2549 1131 2702 1189 malo

291 1204 672 1280 pensandum,
700 1213 763 1263 et
787 1205 1022 1284 quidem
1049 1214 1336 1298 protextu
1367 1206 1544 1283 Legis
1571 1206 1786 1267 divinae
1813 1207 1886 1267 de
1913 1208 2146 1268 talione.
2195 1206 2306 1267 Ita
2316 1208 2699 1284 adversativa,

293 1291 366 1341 nt
377 1283 946 1422 ἶὲθνιιιῧὲιιὲοιῗιιι
986 1284 1722 1442 ,ἱιιεὲιιίῑθῐῗὶὲῃεοῗωωὲἐιιιῗιξ
1738 1366 1955 1443 Legem
1983 1365 2241 1442 scortari,
2270 1386 2321 1426 c.
2349 1365 2389 1426 i.
2417 1370 2475 1443 2,
2517 1366 2622 1427 sed
2649 1368 2705 1427 ei

290 1441 594 1500 mandavit
639 1451 707 1501 ιιι
748 1443 1113 1502 fornicariam
1159 1443 1395 1503 duceret
1439 1464 1700 1520 uxorem,
1750 1444 1909 1522 quod
1940 1446 2271 1522 parabolice
2296 1445 2490 1523 potius
2528 1466 2703 1523 quam

293 1520 567 1580 historice
594 1520 1036 1599 intelligendum
1084 1541 1212 1582 esse
1256 1524 1458 1600 regula
1501 1523 1822 1616 Augustini
1847 1532 2111 1599 testatur,
2155 1524 2258 1601 qui
2284 1525 2414 1585 vult
2443 1522 2700 1602 Scriptu-

292 1619 419 1658 ram
464 1599 711 1677 figurate
757 1601 1008 1679 intelligi
1050 1601 1278 1678 quoties
1325 1603 1421 1661 vel
1465 1602 1673 1662 vitium
1718 1603 1955 1680 aliquod
1994 1603 2167 1680 praeci
2208 1604 2257 1662 ιι
2297 1603 2395 1663 vel
2428 1604 2705 1664 virtutem

292 1678 578 1755 prohibet,
610 1688 669 1738 et
700 1680 921 1757 Seopus
951 1681 1065 1740 Pro
1105 1682 1273 1756 hetae,
1311 1682 1411 1758 qui
1458 1691 1584 1740 erat
1629 1682 1973 1758 redarguere
2019 1701 2136 1759 pop
2197 1702 2296 1741 um
2337 1683 2412 1741 ob
2458 1682 2704 1742 fornica-

294 1758 511 1816 tionem
538 1758 913 1835 spiritualem,
944 1701 1104 1836 quod
1127 1779 1244 1818 non
1272 1760 1518 1835 fecisset,
1550 1760 1601 1819 si
1629 1759 1769 1820 talia
1794 1760 2174 1838 praestitisset.
2230 1759 2496 1837 Denique
2524 1761 2706 1820 verba

292 1836 423 1913 ipsa
447 1837 559 1896 hoc
586 1839 918 1914 ostendunt,
960 1840 1195 1897 Assume
1237 1839 1338 1899 tibi
1378 1860 1615 1898 uxorem
1661 1848 1922 1913 scortum,
1952 1848 2006 1896 et
2030 1847 2192 1896 natos
2217 1840 2403 1914 scorti,
2428 1859 2558 1899 cum
2585 1860 2704 1899 non

290 1916 584 1993 potuerint
624 1916 800 1975 iidem
839 1918 1007 1976 liberi
1047 1918 1263 1977 assumi
1302 1938 1434 1977 cum
1461 1928 1645 1977 matre
1671 1927 1730 1977 et
1756 1937 1832 1977 ex
1860 1938 1929 1976 ea
1955 1917 2154 1994 gigni;
2197 1937 2403 1977 sensus
2429 1939 2568 1995 ergo
2596 1931 2704 1996 est,

293 1996 549 2054 Assume
577 1996 686 2054 tibi
713 2005 966 2057 scortum
992 2016 1058 2054 ar
1200 1998 1319 2057 euti
1361 1998 1506 2073 loco,
1549 1995 1810 2074 illudque
1837 2016 2093 2074 propone
2120 1997 2333 2074 populo
2363 1998 2701 2075 Israelitico,

293 2083 355 2133 et
383 2075 573 2133 simile
597 2076 710 2133 hoc
737 2075 810 2135 de
836 2095 1019 2134 uxore
1048 2018 1353 2137 fficaria
1379 2076 1664 2135 Israelitis
1705 2076 1947 2169 applica,
1979 2075 2117 2152 quia
2144 2076 2429 2153 spirituali
2455 2076 2700 2135 fornica-

292 2154 456 2229 tioni,
485 2153 829 2213 idololatriae
855 2155 1093 2230 scilicet,
1135 2155 1315 2214 dediti
1357 2163 1509 2215 sunt.
1593 2156 1718 2214 Nec
1745 2156 1794 2214 si
1822 2155 2224 2233 exprimuntur
2249 2154 2405 2231 apud
2447 2155 2700 2232 Prophe-

294 2242 418 2291 tam
444 2233 678 2292 nomina
703 2234 903 2293 uxoris
930 2242 990 2293 et
1015 2235 1212 2311 patris,
1236 2234 1617 2311 judicandum
1645 2241 1735 2292 est
1759 2252 1957 2292 veram
1985 2233 2163 2291 fuisse
2203 2232 2519 2309 historiam,
2563 2234 2702 2311 quia

294 2312 411 2371 hoc
435 2332 552 2370 nou
571 2331 697 2371 esse
724 2313 1048 2372 universale
1075 2323 1312 2391 apparet
1338 2333 1413 2372 ex
1441 2312 1717 2390 parabola
1743 2311 1966 2370 Lazari.
2037 2310 2211 2370 Adde
2237 2312 2393 2404 quod
2422 2311 2557 2372 dato
2583 2332 2703 2372 uon

301 2410 596 2466 concesso,
612 2391 735 2449 haec
751 2392 1021 2451 historice
1038 2391 1190 2451 facta
1207 2392 1403 2466 fuisse,
1425 2411 1542 2450 non
1560 2399 1897 2468 sequeretur
1918 2390 2299 2467 Prophetam
2273 2410 2502 2467 Jussum
2520 2391 2699 2452 fuisse

298 2470 557 2543 scortari,
582 2470 722 2547 quia
759 2471 920 2529 aliud
946 2480 1036 2529 est
1063 2470 1319 2546 scortari,
1358 2435 1517 2530 aliud
1545 2478 1799 2529 scortum
1827 2469 1888 2528 iu
1913 2468 2340 2528 matrimonium
2367 2490 2696 2548 assumere,

297 2548 420 2611 Sed
447 2549 593 2608 nihil
620 2549 813 2610 obstat
838 2549 1144 2628 quominus
1172 2549 1439 2610 executio
1467 2550 1542 2609 sit
1569 2549 1984 2624 emblematica,
2015 2556 2081 2609 ιιι
2107 2556 2167 2608 et
2192 2548 2519 2643 praeceptio.

373 2629 629 2723 XXVI.
674 2630 817 2690 Cum
845 2631 1179 2706 Polyyoemia
1204 2631 1538 2689 sinuatam
1564 2638 1848 2708 repugnet
1877 2629 2170 2706 primm
2195 2629 2527 2689 institutioni
2562 2650 2698 2689 con·

281 2708 456 2786 jugii‚
500 2709 563 2766 ιιι
590 2728 708 2785 quo
737 2709 896 2768 Deus
923 2709 1112 2768 virum
1139 2729 1315 2768 unum
1346 2718 1406 2768 et
1430 2729 1603 2768 unam
1647 2709 1940 2767 foeminam
1968 2708 2204 2782 creavit,
2247 2717 2315 2768 ut
2340 2717 2534 2769 essent
2561 2709 2695 2787 duo,

292 2808 410 2847 uon
436 2788 701 2866 plures,
685 2808 747 2845 m
774 2808 945 2847 earne
971 2808 1122 2863 una,
1168 2789 1247 2847 Et
1273 2789 1400 2866 ejus
1427 2790 1837 2868 confirmationi
1857 2808 1984 2881 per
1989 2788 2300 2862 Christum,
2331 2788 2542 2847 Matth.
2571 2789 2698 2850 xix.

294 2870 350 2942 8,
380 2867 520 2926 dum
547 2867 840 2926 licentiam
867 2867 1243 2926 divortiorum
1271 2886 1522 2944 arguens
1549 2868 1692 2926 dicit
1717 2889 1756 2926 a
1788 2867 2075 2943 principio
2109 2888 2223 2926 non
2244 2869 2432 2942 suinae
2457 2868 2577 2941 εἷος
2618 2869 2699 2928 Ει

291 2967 582 3005 samonem
616 2946 876 3006 Gentium
903 2947 1025 3004 testi
1022 2947 1221 3020 moni0,
1264 2947 1418 3023 apud
1459 2966 1602 3023 quas
1629 2946 1865 3004 infamia
1891 2953 2121 3004 notatur
2161 2946 2260 3022 qui
2302 2947 2446 3005 duas
2485 2967 2703 3005 uxores

294 3025 467 3084 simul
493 3025 793 3099 habuerit;
840 3024 1108 3084 Dubitari
1128 3045 1244 3083 non
1270 3033 1477 3102 potest,
1497 3024 1774 3103 quicquid
1801 3025 2040 3085 Ockinus
2066 3024 2142 3082 ad
2159 3027 2210 3102 ej
2215 3044 2286 3083 us
2305 3025 2699 3086 defensionem

300 3103 469 3178 dicat,
498 3123 626 3162 eam
647 3071 910 3162 illicitam
935 3123 1063 3163 esse
1082 3124 1159 3163 ex
1186 3124 1266 3179 se,
1295 3112 1355 3162 et
1383 3104 1530 3180 Legi
1557 3104 1805 3162 naturali
1832 3103 2148 3161 adversari.
2230 3103 2384 3177 Quid
2403 3124 2544 3163 vero
2565 3123 2696 3162 sen·

299 3182 554 3241 tiendum
583 3183 660 3242 sit
701 3182 774 3241 de
802 3183 1115 3242 Veteribus
1152 3183 1255 3260 qui
1297 3183 1605 3258 Polygami
1645 3182 1892 3255 fuerunt,
1936 3200 2053 3238 non
2085 3199 2287 3239 omnes
2312 3182 2697 3240 consentiunt.

301 3262 544 3336 Quidam
571 3262 779 3320 volunt
803 3262 899 3320 hie
926 3262 1317 3321 intercessisse
1357 3260 1703 3338 peculiarem
1731 3258 2020 3336 quandam
2063 3258 2175 3316 Dei

295 3350 354 3400 et
370 3360 777 3434 per-massonem
803 3342 1083 3416 Etlucam,
1111 3338 1451 3400 ”secundum
1478 3358 1652 3416 quam
1679 3337 1965 3397 remiserit
1989 3337 2107 3395 illis
2132 3337 2322 3414 legem
2347 3357 2522 3414 quam
2548 3338 2698 3397 tule-

292 3429 385 3479 rat
411 3421 488 3479 ab
514 3420 699 3495 initio,
729 3427 796 3478 ut
821 3420 991 3479 citius
1019 3420 1244 3497 impleri
1282 3427 1479 3497 posset
1514 3417 1819 3495 promissio
1846 3416 1922 3475 de
1959 3416 2435 3493 multiplicatione
2464 3417 2700 3476 seminis

293 3499 595 3558 Abrahae.
638 3499 777 3576 quia
801 3499 945 3558 alias
972 3500 1077 3557 vix
1103 3499 1327 3576 concipi
1354 3506 1562 3575 potest,
1596 3496 1889 3574 quomodo
1915 3504 2002 3555 tot
2029 3505 2090 3555 et
2114 3496 2261 3555 tales
2300 3496 2415 3555 viri
2439 3504 2558 3556 tam
2587 3496 2697 3555 fre-

292 3588 539 3654 quenter
565 3587 627 3637 et
664 3587 1098 3655 perseveranter
1124 3598 1250 3636 eam
1290 3578 1436 3637 inire
1460 3576 1751 3636 voluerint
1789 3575 2032 3634 vivendi
2068 3576 2368 3651 rationem,
2411 3595 2541 3653 quae
2571 3577 2704 3635 Deo

290 3657 645 3734 displiceret,
675 3665 739 3716 et
759 3657 1221 3717 benedictionem
1248 3656 1426 3734 prolis
1451 3655 1826 3732 quaesiverint
1852 3655 1914 3712 in
1941 3674 2010 3713 eo
2038 3655 2211 3748 quod·
2227 3656 2271 3715 J
2272 3675 2393 3715 uns
2420 3655 2700 3714 naturalis

291 3744 354 3794 et
380 3736 568 3793 divini
595 3736 829 3812 regulas
856 3744 1225 3813 perverteret.
1309 3735 1389 3794 Et
1413 3735 1525 3794 hoc
1551 3754 1623 3793 eo
1649 3734 1877 3793 facilius
1900 3733 2025 3792 fieri
2052 3734 2308 3810 potuisse
2328 3733 2699 3808 arbitrantur,

291 3814 453 3890 quod
478 3814 817 3891 polygamia
840 3815 954 3874 ista
979 3822 1262 3891 repugnet
1290 3814 1521 3890 quidem
1550 3814 1594 3873 J
1597 3833 1687 3873 un
1713 3812 1964 3871 naturali
1991 3812 2348 3887 secundario,
2392 3818 2452 3869 et
2477 3821 2699 3871 natmae

289 3893 601 3966 honestati,
634 3913 763 3970 quae
790 3893 1027 3953 mutatis
1053 3913 1243 3951 rerum
1275 3903 1335 3951 et
1362 3911 1744 3985 ’personarum
1772 3891 2216 3950 circumstantiis
2250 3889 2606 3966 aliquando
2589 3909 2697 3947 un-

288 3972 505 4030 mutari
531 3972 690 4030 licite
730 3972 930 4049 possit,
961 3972 1064 4030 sed
1091 3989 1208 4029 non
1244 3972 1289 4031 J
1291 3991 1379 4030 un
1407 3971 1693 4048 primario,
1737 3970 1895 4047 quod
1933 3969 2197 4027 absolute
2223 3969 2300 4027 sit
2338 3968 2696 4043 indispensa

288 4050 429 4109 bile.
513 3992 806 4108 VerumPo
763 4052 902 4127 quia
928 4051 1061 4110 talis
1088 4050 1439 4127 dispensatio
1479 4070 1556 4108 ex
1586 4049 1884 4126 Scriptura
1923 4046 2301 4106 demonstrari
2341 4066 2458 4104 non
2485 4053 2696 4122 potest,

286 4071 1869 4283 Eiopffiissubsshimiemmeimmmfflmamffl
1873 4126 2066 4271 Ἓῖἰ
2095 4133 2422 4280 {m
2341 4125 2697 4262 mkffli‘e'ss

288 4286 544 4344 ethicam
566 4227 936 4364 ,Ῑιιιιεέἳιικιο
960 4251 1134 4362 quam
1160 4306 1267 4345 nec
1296 4227 1632 4362 simplicitgi·
1657 4283 2027 4361 approbabat,
2070 4303 2179 4340 nec
2203 4280 2467 4340 absolute
2495 4290 2554 4340 et
2581 4281 2694 4341 for-

288 4365 524 4424 maliter
549 4365 936 4442 permittebat,
978 4374 1251 4441 tanquam
1279 4365 1511 4438 licitam,
1556 4363 1662 4422 sed
1701 4370 1927 4422 tantum
1966 4370 2033 4420 ut
2073 4360 2461 4419 infirmitatem
2489 4369 2548 4419 et
2578 4381 2697 4440 nse

288 4460 434 4501 vum
471 4443 725 4520 aliquem
754 4443 1155 4502 dissimulabat
1180 4452 1240 4502 et
1266 4442 1550 4501 tolerabat
1575 4442 1697 4501 suis
1723 4442 1797 4501 de
1825 4439 2053 4531 causis·
2101 4438 2271 4500 Unde
2312 4438 2472 4498 licita
2508 4433 2697 4517 potuit

288 4541 423 4580 esse
449 4522 512 4580 in
541 4521 666 4580 foro
696 4522 823 4595 soli,
852 4530 918 4581 ut
944 4522 1363 4581 immunitatem
1391 4520 1677 4582 obtineret
1703 4541 1739 4579 a
1778 4518 1966 4596 poenis
1994 4517 2266 4577 civilibus
2290 4526 2351 4577 et
2377 4518 2697 4578 Ecclesiae

287 4601 426 4660 ticis
452 4601 610 4678 apud
636 4601 918 4678 homines,
949 4601 1052 4660 sed
1078 4621 1194 4660 nou
1221 4602 1282 4659 in
1310 4600 1432 4659 foro
1461 4599 1579 4678 poli
1605 4599 1761 4676 apud
1791 4600 1997 4655 Deum.
