3221 5200
234 357 456 405 QuAEsr.
489 340 649 421 vnn]
1057 358 1135 397 m:
1166 358 1501 399 vocAriosi:
1533 359 1605 398 ΕΤ
1638 357 1794 398 rim-2.
2515 344 2631 400 495

232 518 291 555 x.
324 503 418 572 22,
451 501 578 558 vult
608 499 814 576 Apost.
846 506 909 556 ut
936 501 1266 557 accedamus
1287 519 1410 557 eum
1428 520 1559 558 vero
1582 501 1767 571 corde,
1794 498 1871 555 id.
1903 509 2058 557 recto
2076 507 2134 557 et
2153 500 2392 574 sincero,
2418 510 2456 556 i·
2476 521 2646 574 ‹ugo-

236 595 267 643 φ
271 605 351 648 ‘ne
318 585 365 631 la
389 607 440 633 a·
427 606 579 639 mm
612 580 687 636 id.
719 599 848 637 cum
879 593 1034 636 certa
1056 580 1265 636 mentis
1293 579 1679 670 persuasione,
1712 589 1770 636 ct
1810 579 1974 635 firma
2022 578 2212 637 cordis
2261 580 2413 639 fiduc
2438 602 2487 656 a,
2519 601 2649 657 quae

237 632 437 715 Verbo
464 659 574 716 Dei
603 658 895 716 innitatur.
981 658 1103 715 Ista
1132 668 1321 716 autem
1353 658 1647 749 persuasio
1676 677 1790 715 non
1820 657 1992 715 debet
2020 678 2144 716 esso
2166 667 2386 716 tantum
2415 660 2646 718 inchoa·

235 742 295 790 ta
324 745 381 793 et
411 738 742 814 semiplena,
775 757 902 812 quae
931 737 992 794 in
1021 738 1294 813 reprobos
1337 738 1511 795 etiam
1560 757 1972 813 nonnunquam
2023 738 2193 812 cadit,
2246 739 2345 814 qui
2393 739 2445 796 V
2451 740 2650 798 erbum

237 815 533 892 excipiunt
563 837 692 874 cum
723 816 973 894 gaudio·
961 862 973 890 ,
1020 817 1123 874 sed
1153 817 1321 892 plena
1349 827 1407 875 et
1435 816 1717 890 absoluta,
1748 837 1878 893 quse
1924 819 2281 876 voluntatem
2312 817 2653 878 determinet

238 902 296 951 et
324 905 454 971 post
484 917 544 954 se
574 898 799 970 trahat3
846 905 904 953 et
932 916 1059 971 quse
1083 897 1370 972 objectum
1425 897 1845 971 Evangelicum
1890 907 1948 954 et
1968 897 2403 974 promissionem
2434 899 2653 971 gratiae,

238 993 353 1031 non
380 977 552 1033 modo
582 986 645 1035 ut
689 996 903 1048 veram,
955 985 1014 1034 et
1060 976 1316 1034 bonitate
1365 976 1560 1051 aliqua
1603 976 1881 1033 imbutam
1932 977 2201 1048 intuetur,
2257 976 2359 1033 sed
2388 977 2559 1034 etiam
2591 987 2655 1035 ut

241 1073 524 1112 summum
551 1057 764 1114 bonum
794 1055 961 1112 nobis
992 1054 1049 1111 in
1076 1056 1199 1113 Deo
1221 1064 1652 1131 proponentem,
1684 1067 1742 1113 et
1765 1056 1994 1114 unicum
2013 1076 2079 1113 ac
2110 1055 2654 1113 sufficientissimum

240 1133 442 1192 salutis
472 1136 529 1192 in
562 1135 790 1193 Christo
820 1134 1092 1193 medium.

846 1214 1028 1272 VIII.
1075 1214 1325 1287 Quartus
1336 1224 1424 1271 est
1439 1215 1609 1272 Actus
1632 1214 1851 1289 refugii,
1873 1213 1972 1288 qui
1991 1214 2171 1271 oritur
2192 1234 2266 1271 ex
2286 1215 2654 1290 persuasione

763 1314 862 1368 pcr
889 1313 1060 1385 quem
1089 1293 1164 1351 ad
1194 1293 1483 1352 Christum
1512 1294 1594 1352 ita
1622 1314 1658 1351 a
1686 1293 1851 1350 nobis
1880 1293 2174 1368 cognitum
2206 1302 2339 1350 actu
2384 1293 2655 1352 desiderii

240 1371 667 1447 confugimu8‚
654 1394 711 1429 m
742 1373 865 1449 ipso
896 1373 1286 1431 remissionem
1318 1382 1682 1449 peccatorum
1711 1382 1768 1430 et
1797 1373 2039 1430 salutem
2083 1382 2422 1465 quaerentes.
2509 1374 2659 1447 Quia
2735 1364 2753 1382 ⁹

239 1450 360 1508 fieri
392 1471 506 1508 non
529 1461 720 1527 potest
746 1461 812 1510 ut
839 1453 1011 1510 homo
1040 1452 1140 1528 qui
1159 1472 1218 1510 se
1237 1453 1617 1514 miserrimum
1641 1453 1823 1525 novit,
1849 1463 1906 1510 et
1927 1453 2025 1528 qui
2052 1453 2519 1527 persuasissimus
2549 1463 2654 1528 est,

243 1530 506 1607 nuspiam
536 1532 694 1607 alibi,
726 1552 899 1609 quam
929 1532 988 1588 in
1018 1533 1141 1590 solo
1193 1532 1421 1590 Christo
1473 1533 1677 1591 salutis
1725 1531 1979 1589 medium
2025 1532 2289 1606 inveniri,
2341 1551 2447 1590 nec
2490 1552 2659 1609 posse

242 1628 566 1702 quenquam
598 1612 745 1669 hanc
764 1611 1006 1671 salutem
1026 1612 1301 1687 consequi
1319 1611 1432 1670 nisi
1453 1612 1738 1688 adipsum
1761 1611 1973 1686 veniat,
2007 1618 2064 1669 et
2092 1631 2221 1669 cum
2247 1612 2369 1687 ipso
2398 1612 2656 1672 uniatur:

241 1689 364 1746 fieri
393 1691 608 1766 nequit,
632 1692 882 1767 inquam,
908 1692 1043 1767 quia
1073 1692 1275 1749 salutis
1296 1700 1355 1750 et
1376 1691 1670 1750 beatitatis
1693 1692 1980 1767 appetitus
2003 1699 2093 1749 est
2113 1691 2347 1749 innatus
2369 1692 2656 1761 omnibus,

244 1777 308 1825 ut
336 1769 386 1826 is
409 1789 484 1826 ex
514 1771 706 1846 seipso
736 1772 936 1828 exiens
966 1781 1022 1828 et
1049 1771 1293 1846 propria}
1315 1772 1576 1847 justitiae,
1610 1772 1778 1846 cujus
1825 1770 2141 1828 vanitatem
2193 1771 2473 1846 agnoseit,
2518 1790 2661 1828 nun-

240 1848 392 1906 cium
421 1850 735 1924 remittens,
767 1870 882 1906 non
912 1850 1060 1907 serio
1088 1859 1147 1908 et
1174 1850 1572 1908 ardentissime
1592 1850 1667 1906 ad
1698 1850 1988 1908 Christum
2017 1860 2286 1922 recurrat,
2319 1850 2479 1906 illum
2506 1849 2656 1907 desi-

248 1926 426 2002 deret,
459 1939 696 2004 quaerat,
729 1938 785 1986 et
816 1929 1083 1986 omnibus
1111 1929 1298 1986 modis
1315 1929 1610 2005 possidere
1662 1928 1923 2003 studeat3
1969 1929 2125 2004 quod
2158 1929 2451 2006 Scriptura
2488 1929 2660 1987 modo

243 2026 344 2082 per
389 2019 696 2079 ηκαγωγὴν
738 2016 795 2066 et
823 2029 1099 2066 accessum
1128 2007 1204 2065 ad
1222 2009 1512 2067 Christum
1541 2016 1720 2082 notat,
1754 2009 1963 2066 Matth.
2015 2009 2095 2066 xi.
2127 2011 2222 2084 28,
2279 2010 2446 2066 Rom.
2492 2028 2548 2065 v.
2601 2014 2658 2083 2,

247 2086 395 2161 Eph.
427 2087 485 2145 ii.
520 2090 612 2160 18,
645 2087 816 2145 modo
846 2107 948 2163 per
974 2088 1093 2145 Dei
1117 2088 1519 2162 inquisitionem
1548 2098 1600 2146 et
1619 2089 1879 2161 studium,
1936 2089 2049 2144 [sa.
2099 2088 2180 2145 lv.
2234 2090 2288 2161 6,
2341 2088 2512 2146 modo
2558 2109 2660 2164 per

226 2168 445 2237 samem
475 2176 527 2224 et
550 2168 696 2224 sitim
708 2167 959 2241 justitiae,
988 2167 1197 2224 Mattb.
1228 2186 1286 2223 v.
1317 2169 1372 2242 6,
1407 2168 1560 2224 Psal.
1592 2168 1717 2224 xlii.
1755 2172 1804 2241 l,
1837 2171 1892 2238 2,
1924 2166 2110 2243 Apoc.
2142 2169 2285 2224 xxii.
2315 2171 2406 2242 17,
2435 2168 2547 2225 Isa.
2579 2169 2660 2225 lv.

251 2248 302 2318 l,
328 2249 381 2319 2,
407 2245 485 2302 id.
505 2265 607 2321 per
636 2246 981 2303 desiderium
1001 2245 1484 2304 ferventissimum
1506 2246 1734 2305 Christo
1757 2256 1814 2305 et
1839 2247 1964 2303 Deo
1982 2246 2226 2320 fruendi,
2252 2247 2404 2305 Psal.
2429 2247 2660 2304 lxxxiv.

252 2326 304 2396 1,
337 2328 392 2396 2,
426 2323 589 2384 Cant.
620 2326 657 2382 i.
689 2330 744 2398 2,
777 2334 834 2383 et
855 2326 935 2383 iii.
966 2329 1015 2399 l,
1068 2325 1233 2400 cujus
1262 2326 1591 2402 exemplum
1640 2327 1853 2402 passim
1902 2326 1962 2382 in
2014 2326 2240 2383 Davide
2286 2326 2549 2400 occurrit,
2601 2327 2661 2384 in

257 2404 497 2480 Sponsa,
532 2406 696 2463 Cant.
727 2405 786 2463 ii.
817 2414 875 2463 et
906 2426 960 2463 v.
1008 2406 1078 2462 In
1105 2405 1225 2462 filio
1255 2405 1515 2481 prodige,
1549 2407 1652 2481 qui
1679 2406 1877 2482 agnita
1905 2405 2135 2463 miseria
2164 2426 2268 2463 sua
2296 2415 2354 2463 et
2381 2405 2457 2462 ad
2485 2425 2545 2462 se
2575 2426 2661 2464 re-

250 2482 430 2557 diens,
464 2485 762 2543 constituit
790 2485 865 2542 ad
895 2485 1123 2543 Patrem
1153 2484 1381 2559 reverti,
1417 2489 1452 2517 ‘⁴
1476 2485 1722 2561 Surgam
1753 2495 1810 2543 et
1831 2485 2030 2543 redibo
2053 2485 2124 2542 ad
2153 2486 2379 2544 Patrem
2409 2487 2658 2544 meum.’'

252 2563 325 2621 In
356 2564 555 2639 Paulo,
605 2564 753 2622 Phil.
785 2564 865 2623 iii.
897 2568 951 2640 7,
984 2566 1038 2640 8,
1070 2564 1184 2623 alia
1213 2565 1403 2623 omnia
1431 2584 1532 2642 pro
1563 2564 1788 2625 damnis
1826 2565 2074 2625 habente
2123 2569 2157 2596 “
2175 2585 2292 2642 prae
2323 2565 2668 2625 excellentia

251 2644 598 2720 cognitionis
629 2646 844 2703 Christi
870 2655 935 2703 ut
964 2646 1289 2704 inveniatur
1316 2645 1375 2702 in
1403 2646 1546 2722 ips0,
1594 2646 1814 2704 habens
1858 2666 1975 2704 non
2004 2665 2165 2704 suam
2209 2645 2495 2722 justitiam
2525 2666 2657 2722 quse

252 2734 340 2782 est
369 2744 442 2782 cx
475 2726 650 2802 Lege,
683 2725 786 2783 sed
807 2725 1091 2802 justitiam
1121 2745 1249 2801 quse
1278 2733 1367 2784 est
1395 2746 1471 2784 ex
1498 2725 1610 2784 fide
1643 2726 1915 2785 Christi.'’

865 2804 983 2862 IX.
1029 2805 1277 2878 Quintus
1306 2816 1394 2865 est
1421 2806 1593 2864 Actus
1622 2807 1949 2881 receptionis
1978 2806 2207 2878 Christi,
2242 2806 2364 2864 sive
2393 2806 2664 2864 adhaesio·

252 2862 883 2968 ⁵33J25us1‘ffiffigisni3,
916 2893 966 2941 et
993 2884 1228 2958 unionis,
1260 2904 1361 2960 per
1381 2905 1549 2961 quem
1581 2905 1696 2944 non
1726 2885 1896 2943 modo
1926 2885 2234 2960 quaerimus
2255 2886 2543 2944 Christum
2569 2905 2672 2961 per

715 2955 726 2973 ’
781 2963 985 3019 animae
1015 2962 1378 3037 desiderium,
1411 2973 1469 3021 et
1497 2964 1571 3021 ad
1597 2965 1761 3022 illum
1782 2964 2162 3040 confugimus,
2195 2965 2296 3022 sed
2319 2965 2481 3023 illum
2511 2966 2668 3022 obla-

255 3048 376 3098 tum
406 3041 886 3118 apprehendimus
916 3050 974 3099 et
1004 3042 1327 3116 recipimus,
1359 3043 1658 3100 inventum
1688 3043 2102 3118 amplectimur,
2134 3051 2191 3100 et
2220 3044 2386 3101 nobis
2416 3045 2666 3119 applica-

256 3140 386 3180 mus
415 3121 613 3197 illique
643 3120 1019 3193 adhaeremuS,
1050 3129 1108 3178 et
1135 3140 1241 3178 nos
1269 3120 1516 3179 unimus,
1606 3122 1687 3180 Ut
1716 3124 1870 3179 enim
1913 3123 2072 3179 Deus
2117 3122 2320 3178 animae
2368 3123 2675 3198 peccatrici

257 3210 506 3259 oneratae
535 3220 602 3257 ac
632 3219 804 3257 sensu
833 3207 1194 3276 peccatorum
1227 3219 1458 3257 suorum
1488 3199 1728 3276 dejectae
1758 3210 1815 3258 et
1844 3200 2119 3273 contritae,
2153 3200 2368 3257 Filium
2398 3221 2582 3275 suum,
2614 3212 2674 3260 et

263 3280 526 3338 Christus
555 3279 807 3355 seipsum
838 3298 966 3337 cum
998 3279 1263 3336 omnibus
1293 3278 1585 3338 beneficiis
1634 3280 1770 3353 suiS,
1803 3288 1861 3338 et
1908 3279 2266 3356 plenitudine
2317 3280 2519 3338 salutis
2546 3300 2676 3356 quae

259 3360 317 3418 in
346 3361 472 3437 ipso
500 3360 714 3418 residet
743 3360 923 3435 gratis
952 3357 1117 3416 offert
1146 3358 1206 3416 in
1229 3359 1589 3434 Evangelio:
1676 3360 1768 3417 Ita
1789 3360 1979 3417 anima
2000 3359 2071 3417 de
2093 3360 2448 3435 plenitudine
2472 3361 2676 3418 salutis

258 3441 318 3498 in
350 3441 579 3499 Christo
608 3438 847 3497 firmiter
875 3458 1164 3515 persuasa,
1196 3448 1253 3497 et
1283 3438 1623 3515 confugiens
1672 3439 1745 3496 ad
1791 3440 1978 3515 ipsum
2029 3440 2194 3512 serio,
2227 3450 2284 3498 et
2323 3441 2673 3498 communio-

253 3542 385 3580 nem
409 3522 536 3597 ejus
557 3520 814 3596 impense
828 3517 1177 3593 desiderans,
1203 3538 1317 3576 non
1336 3527 1526 3594 potest
1553 3538 1668 3578 non
1693 3519 1946 3577 oblatum
1968 3539 2251 3577 summum
2275 3520 2420 3578 illud
2436 3520 2671 3594 bonum,

256 3610 314 3660 et
342 3599 801 3659 inaestimabilem
831 3600 1161 3656 thesaurum
1191 3618 1413 3656 summa
1459 3618 1587 3657 cum
1639 3600 1898 3657 lubentia
1941 3609 1999 3659 et
2046 3601 2342 3658 voluntate
2392 3600 2683 3676 amplecti,

258 3683 450 3738 omnia
469 3700 572 3756 pro
601 3680 728 3756 ipso
757 3679 1025 3752 vendere,
1053 3678 1262 3736 Matth.
1294 3677 1415 3735 xiii.
1447 3682 1542 3751 44,
1576 3679 1806 3738 Christo
1851 3679 2021 3737 unico
2073 3680 2445 3757 Redemptori
2489 3681 2674 3754 inniti,

261 3769 319 3818 et
346 3761 444 3818 ille
475 3780 535 3817 se
565 3759 790 3817 tradere
839 3768 897 3817 et
945 3758 1310 3834 mancipare3
1357 3758 1436 3816 Et
1484 3758 1566 3817 its.
1614 3758 1853 3817 firmiter
1893 3779 2021 3817 eum
2046 3760 2307 3833 retinere,
2353 3768 2419 3817 ut
2445 3760 2680 3835 quidvis

259 3838 453 3914 potius
496 3839 756 3896 amittere
785 3846 985 3913 parata
1034 3838 1126 3912 sit,
1177 3858 1348 3913 quam
1394 3838 1558 3896 illum
1608 3838 1874 3914 abjicere.
1960 3838 2157 3913 Atque
2187 3839 2281 3896 hic
2329 3838 2583 3895 formalis
2626 3850 2686 3897 et

261 3918 589 3994 praecipuus
618 3924 707 3973 est
733 3916 868 3973 fidei
891 3916 1266 3992 justificantis
1295 3926 1476 3991 actus,
1508 3918 1606 3993 qui
1636 3937 1740 3994 per
1786 3918 2153 3992 receptionem.
2197 3916 2485 3992 designari
2517 3917 2681 3993 solet,

257 3997 396 4056 Joh.
441 3995 478 4052 i.
515 3997 604 4067 12,
654 3994 1006 4070 “Quotquot
1035 4015 1166 4053 eum
1196 3998 1590 4073 receperunt,”
1623 3996 1701 4054 id.
1762 3996 1915 4073 “qui
1937 3996 2303 4054 crediderunt
2351 3996 2410 4053 in
2455 3997 2679 4055 Nomen

260 4075 448 4153 ejus,’'
481 4083 538 4133 et
562 4075 730 4132 Rom.
781 4094 838 4130 v.
874 4078 964 4149 17,
996 4075 1196 4133 fideles
1226 4076 1494 4135 dicuntur
1544 4076 1860 4152 “accipere
1902 4075 2116 4133 donum
2140 4076 2440 4151 justitiae,’'
2472 4085 2530 4134 et
2560 4076 2685 4135 Col.

261 4156 321 4216 ii.
355 4160 409 4231 6,
446 4155 757 4231 “accipere
789 4154 1139 4228 Christum,’'
1173 4156 1337 4213 Cant.
1368 4155 1448 4217 iii.
1480 4161 1534 4230 4,
1570 4158 1604 4188 “
1632 4156 1838 4213 Inveni
1888 4176 2059 4231 quem
2090 4155 2281 4231 diligit
2316 4156 2507 4212 anima
2534 4176 2678 4231 mea,

264 4235 620 4313 apprehendi
649 4254 798 4308 eum,
832 4253 936 4291 nec
966 4233 1217 4307 dimisi,''
1253 4234 1381 4309 δῖα,
1414 4236 1726 4312 aliquando
1756 4255 1858 4312 per
1886 4256 2036 4293 esum
2064 4243 2122 4293 et
2135 4245 2349 4310 potum,
2385 4235 2594 4293 Matth.
2626 4257 2683 4294 v.

267 4317 322 4388 6,
354 4316 394 4374 J
401 4317 493 4373 oh.
524 4315 604 4373 vi.
634 4334 736 4391 per
764 4314 1101 4372 indictionem
1134 4315 1359 4389 Christi,
1394 4316 1524 4373 Gal.
1556 4315 1637 4373 iii.
1662 4319 1757 4374 27.
1824 4316 1900 4373 Et
1918 4316 2054 4391 quia
2075 4315 2266 4373 anima
2289 4315 2579 4373 Christum
2602 4316 2684 4374 ita

266 4394 699 4469 apprehendens
720 4394 779 4450 in
809 4394 997 4470 ipsum
1025 4394 1324 4468 recumbit,
1376 4405 1433 4453 et
1477 4396 1563 4453 illi
1609 4395 1872 4454 innititur
1920 4404 1978 4453 et
2019 4394 2289 4465 adhaeret,
2340 4394 2483 4452 fides
2513 4396 2684 4453 etiam

268 4491 368 4548 per
389 4482 575 4530 actum
616 4474 992 4532 reclinatioms
1014 4494 1130 4532 non
1180 4474 1359 4532 semel
1407 4474 1767 4550 describitur,
1802 4474 1957 4533 Psal.
1986 4475 2132 4532 lxxi.
2163 4478 2217 4547 5,
2251 4475 2365 4533 I.sa
2396 4495 2455 4532 x.
2502 4478 2597 4550 20,
2629 4485 2688 4534 et

271 4551 460 4610 xlviii.
491 4556 546 4626 2,
578 4560 636 4609 et
662 4553 700 4610 l.
737 4557 828 4628 10,
862 4554 1042 4612 Mich.
1074 4553 1153 4612 iii.
1183 4556 1273 4627 ll,
1304 4562 1370 4613 ut
1398 4563 1456 4613 et
1484 4574 1585 4631 per
1632 4564 1817 4613 actum
1845 4555 2194 4629 adhaesionis,
2241 4563 2298 4613 et
2327 4555 2684 4631 conglutina-

273 4630 464 4705 tionis,
496 4597 555 4688 e’t
583 4632 811 4690 unionis
838 4633 1192 4707 arctissimae,
1223 4653 1339 4709 qua
1367 4635 1545 4691 simus
1595 4654 1661 4692 os
1710 4656 1784 4692 ex
1834 4635 2079 4710 ossibus,
2133 4645 2191 4693 et
2235 4655 2366 4693 caro
2416 4656 2489 4692 ex
2519 4657 2687 4694 carne

245 1272 288 1314 4
319 1273 480 1317 Actus
504 1274 704 1333 refugii;
