3221 5200
446 314 563 372 412
1257 340 1438 381 Locus
1469 340 1730 381 »scmus
1759 340 2054 389 Quaa‘rus.
2448 319 2703 402 [ouffisr.
2737 340 2858 380 xlv.

444 489 669 558 partum
720 481 1050 539 nullatenus
1091 489 1429 557 agnoscunt,
1488 489 1546 540 et
1605 481 1981 558 Pelagianum
2038 501 2287 541 errorem
2331 483 2405 541 ab
2454 482 2650 540 inferis
2689 503 2853 541 reve·-

443 561 637 619 cant.''

528 640 786 698 XXXI.
836 640 1073 698 Frustra
1115 660 1254 698 vero
1298 641 1394 698 hic
1441 640 1705 699 nonnulli
1750 642 2115 719 distinguunt
2161 643 2473 702 Decretum
2512 642 2584 700 de
2624 643 2852 702 Christo

443 721 615 779 morti
644 720 941 794 tradendO,
973 720 1045 777 ab
1075 720 1200 796 ipsa
1225 730 1427 794 morte,
1461 742 1589 799 quae
1634 723 1878 799 contigit
1921 723 1980 780 in
2015 730 2289 798 tempore,
2321 731 2386 780 ut
2427 723 2572 781 inud
2616 723 2845 800 quidem

441 801 849 860 antecedenter
876 820 937 858 se
966 800 1230 858 habuerit
1258 801 1331 858 ad
1373 802 1734 878 quorundam
1777 803 2132 878 electionem,
2166 802 2270 860 sed
2297 822 2411 860 non
2442 803 2568 877 ista,
2601 824 2729 880 quae
2760 823 2847 861 se-

443 894 580 941 cuta
608 890 695 940 est
734 882 1040 938 Decretum
1083 880 1390 939 electivum
1436 892 1739 941 certorum.
1825 883 1973 940 Nam
2013 884 2134 959 ipse
2178 882 2384 958 Amyr.
2430 883 2502 941 de
2548 883 2845 941 Praedesti.

441 983 497 1039 p.
532 966 625 1035 77,
657 963 900 1037 loquens
928 959 1000 1017 de
1028 969 1209 1019 morte
1240 961 1455 1020 Christi
1484 963 1543 1020 in
1565 971 1838 1040 tempore,
1870 963 2011 1021 dicit
2042 966 2076 994 ‘⁴
2099 962 2547 1039 redemptionem
2579 963 2847 1021 debuisse

441 1062 570 1100 esse
600 1040 895 1117 aequalem,
928 1040 1065 1115 quia
1110 1041 1390 1117 respicere
1441 1042 1690 1100 debebat
1731 1063 1947 1116 omneS,
1979 1051 2044 1101 ut
2074 1044 2378 1101 Creaturas
2411 1043 2518 1099 Dei
2548 1043 2847 1118 aequaliter

445 1121 741 1191 miseras‚''
775 1117 882 1177 &a
969 1120 1047 1178 Et
1076 1120 1157 1178 rei
1186 1121 1367 1198 ipsius
1396 1132 1600 1181 natura
1628 1123 1739 1180 hoc
1768 1122 2019 1198 evincit;
2066 1123 2210 1180 Cum
2241 1122 2392 1179 enim
2425 1122 2560 1179 Filii
2590 1122 2741 1181 idem
2773 1124 2849 1181 sit

442 1202 501 1258 in
530 1200 795 1259 omnibus
825 1220 1028 1258 sensus
1070 1209 1128 1259 et
1169 1200 1409 1260 affectus
1451 1222 1581 1261 cum
1620 1203 1807 1276 Patre,
1840 1211 1904 1261 ut
1930 1202 2186 1279 loquitur
2215 1202 2395 1275 Idem,
2427 1212 2557 1279 part
2584 1208 2640 1276 2,
2673 1204 2845 1280 speci.

439 1301 494 1358 p.
527 1284 662 1355 356,
695 1300 848 1337 mors
878 1280 1091 1339 Christi
1132 1281 1192 1337 in
1233 1292 1490 1358 tempore
1533 1282 1734 1340 debuit
1774 1281 2117 1340 conformari
2151 1282 2520 1340 destinationi
2555 1284 2742 1342 Patris
2771 1283 2843 1341 ab

439 1369 670 1432 aeterne,
702 1369 766 1418 ut
808 1360 1257 1418 satisfactionem
1300 1382 1415 1419 non
1459 1362 1671 1419 faceret
1712 1361 1824 1418 nisi
1864 1382 1941 1419 ex
1982 1362 2315 1438 praescripto
2351 1362 2613 1421 Paterno,
2701 1364 2845 1421 Cum

437 1461 576 1517 ergo
610 1441 919 1498 Decretum
951 1440 1139 1497 Patris
1168 1440 1240 1497 de
1271 1440 1499 1499 Christo
1527 1441 1699 1498 morti
1720 1439 1999 1498 tradendo
2029 1449 2216 1499 ortum
2246 1442 2321 1499 sit
2350 1461 2424 1498 ex
2453 1441 2663 1501 affectu
2691 1463 2844 1500 com-

437 1520 596 1577 muni
625 1540 764 1595 erga
793 1540 990 1578 omnes
1019 1520 1297 1593 homines,
1330 1529 1464 1578 ante
1506 1521 1685 1578 ullam
1724 1520 2240 1578 considerationem
2269 1520 2567 1579 electionis
2596 1542 2846 1597 quorun-

436 1601 567 1658 dam
598 1601 672 1658 ad
703 1600 907 1675 fidem;
954 1600 1217 1658 Christus
1244 1600 1366 1676 ipse
1393 1600 1456 1657 in
1484 1600 1609 1676 ipsa
1637 1608 1820 1658 morte
1842 1619 1957 1657 non
1981 1599 2149 1656 aliam
2182 1599 2554 1658 intentionem
2587 1612 2644 1659 et
2673 1601 2843 1659 finem

435 1681 646 1739 habere
675 1681 879 1757 potuit,
911 1689 975 1739 ut
1004 1688 1385 1756 exequeretur
1421 1680 1726 1738 consilium
1771 1680 1977 1739 Patris.
2066 1679 2291 1737 Deinde
2314 1679 2488 1755 juxta
2516 1680 2679 1738 illum
2709 1702 2844 1740 con·

435 1769 684 1837 ceptum,
719 1760 980 1818 Christus
1021 1760 1082 1816 in
1126 1768 1308 1817 morte
1337 1760 1482 1818 alios
1524 1769 1588 1817 ut
1633 1761 1865 1830 electos,
1897 1760 2042 1818 alios
2087 1769 2151 1817 ut
2179 1759 2453 1835 reprobos
2482 1760 2845 1820 considerare

435 1841 672 1913 debuit;
719 1860 851 1897 nam
881 1860 1009 1898 cum
1041 1840 1246 1898 electio
1268 1860 1384 1898 non
1413 1841 1489 1898 sit
1517 1840 1641 1898 sine
1671 1840 2086 1917 reprobatione,
2118 1859 2234 1896 non
2262 1839 2450 1915 potuit
2480 1840 2743 1898 Christus
2772 1841 2844 1899 de

434 1920 797 1997 quorundam
840 1919 1118 1979 electione
1161 1914 1433 1996 cogitare,
1479 1920 1619 1996 quin
1663 1929 1721 1978 et
1763 1920 1934 1977 simul
1977 1919 2049 1977 dc
2088 1919 2329 1977 aliorum
2373 1919 2757 1995 praeteritione
2789 1929 2846 1979 et

434 2001 833 2077 reprobatione
853 1999 1133 2075 cogitaret
1156 2021 1169 2072 3
1196 2000 1243 2057 si
1266 1999 1446 2076 igitur
1466 2020 1569 2076 pro
1592 2000 1710 2057 illis
1729 2020 1873 2076 quos
1896 2001 2110 2058 electos
2139 2008 2301 2057 notat
2323 1998 2603 2075 singulari
2634 2000 2842 2059 affectu

432 2081 579 2138 mori
611 2080 793 2138 voluit
821 2100 937 2156 qua
965 2079 1178 2137 talibus
1207 2080 1600 2155 consideratis,
1633 2080 1807 2138 etiam
1836 2101 1938 2156 pro
1967 2080 2097 2137 aliis
2125 2099 2271 2156 quos
2299 2080 2574 2155 reprobos
2604 2081 2840 2155 sciebat,

432 2181 549 2236 qua
597 2160 872 2237 reprobis,
922 2160 1036 2217 alio
1092 2159 1343 2235 quodam
1388 2159 1597 2219 affectu
1653 2160 1799 2218 mori
1858 2160 2058 2218 noluit.
2183 2160 2303 2217 Nec
2352 2160 2526 2236 juvat
2580 2180 2843 2237 regerere

434 2240 722 2299 Christum
756 2260 872 2298 non
900 2247 1188 2298 mortuum
1216 2260 1320 2316 pro
1350 2241 1607 2317 reprobis
1651 2241 1708 2298 in
1735 2261 1896 2298 sensu
1925 2241 2240 2315 composite,
2273 2249 2331 2297 et
2359 2239 2675 2299 formaliter
2703 2261 2843 2316 qua-

430 2329 599 2378 tenus
628 2320 854 2396 reprobi
885 2328 1035 2394 sunt,
1069 2318 1170 2378 sed
1216 2320 1272 2377 in
1310 2340 1472 2377 sensu
1517 2321 1709 2394 dimise,
1741 2330 1800 2380 et
1842 2319 2212 2379 materialiter
2259 2340 2364 2397 pro
2394 2320 2466 2377 iis
2493 2320 2841 2395 hominibuS,

429 2401 531 2476 qui
559 2400 617 2457 in
648 2400 761 2458 alio
792 2400 1006 2458 decreti
1036 2407 1325 2457 momento
1356 2400 1644 2475 reprobati
1685 2410 1836 2460 sunt.
1923 2400 2087 2474 Quia,
2119 2408 2501 2477 praetcrquam
2531 2401 2688 2477 quod
2716 2401 2846 2478 capi

429 2500 544 2536 non
574 2488 780 2556 potest,
813 2479 1101 2555 quomodo
1131 2478 1416 2553 ejusmodi
1445 2480 1862 2538 abstractiones
1886 2481 1942 2537 in
1972 2481 2143 2538 unico
2172 2488 2230 2537 et
2259 2480 2684 2555 simplicissimo
2713 2490 2846 2539 actu
2909 2516 2912 2517 ν

429 2558 643 2618 decreti
680 2560 787 2617 Dei
818 2561 1007 2617 locum
1037 2558 1245 2616 habere
1276 2559 1500 2634 possint
1525 2581 1537 2631 ;
1585 2559 1668 2617 sic
1712 2568 1984 2636 sequetur
2027 2559 2318 2618 Christum
2348 2579 2452 2635 pro
2484 2560 2703 2618 Electis
2731 2581 2847 2637 qua

429 2639 642 2697 talibus
673 2639 815 2696 mori
845 2659 961 2696 non
991 2639 1246 2714 potuisse
1273 2660 1286 2697 ε
1331 2638 1616 2713 siquidem
1646 2640 1846 2696 eadem
1877 2639 2048 2697 debet
2077 2659 2202 2697 esse
2232 2639 2379 2697 ratio
2410 2640 2842 2700 contrariorum.

434 2719 510 2777 Et
539 2718 946 2793 inexplicabile
990 2717 1221 2775 videtur
1261 2717 1551 2792 quomodo
1597 2718 1859 2776 Christus
1902 2718 1960 2775 in
1999 2727 2181 2777 morte
2211 2719 2467 2794 respexit
2495 2719 2568 2776 ad
2598 2719 2845 2795 primum

431 2806 490 2856 et
519 2805 785 2873 quartum
824 2797 1132 2855 Decretum
1155 2796 1347 2872 quoad
1377 2797 1628 2870 ElectOS,
1661 2797 1740 2855 id.
1783 2797 2034 2856 voluerit
2062 2798 2206 2855 mori
2234 2818 2338 2874 pro
2367 2798 2439 2856 iis
2469 2799 2846 2859 consideratis

427 2885 485 2936 et
513 2877 885 2935 materialiter
911 2897 1026 2954 qua
1053 2876 1401 2950 hominibuS,
1433 2884 1491 2935 et
1519 2876 1834 2936 formaliter
1862 2877 2061 2936 electis
2086 2900 2100 2936 ε
2143 2886 2423 2954 quantum
2468 2899 2606 2937 vero
2649 2879 2724 2936 ad
2756 2901 2842 2938 re-

424 2958 637 3035 probos
659 2957 1043 3016 abstractione
1073 2976 1211 3014 usus
1240 2955 1428 3031 fuerit,
1453 2965 1511 3015 et
1532 2957 1665 3015 illos
1687 2957 2064 3016 considerarit
2085 2966 2308 3016 tautum
2331 2967 2395 3017 ut
2417 2959 2697 3032 homines,
2728 2981 2842 3018 non

426 3046 491 3096 ut
510 3037 821 3115 reprobos3
868 3039 1013 3096 Cum
1047 3037 1253 3096 electio
1299 3046 1357 3096 et
1403 3038 1729 3114 reprobatio
1774 3039 1898 3117 pari
1942 3058 2118 3115 passu
2148 3038 2434 3113 incedant,
2467 3047 2525 3097 et
2555 3061 2614 3098 sc
2647 3051 2844 3098 mutuo

425 3127 644 3196 ponant
674 3128 733 3177 et
760 3118 988 3177 tollant.

507 3199 802 3257 XXXII.
849 3199 997 3273 Quia
1025 3219 1164 3256 vero
1213 3197 1342 3256 Viri
1373 3198 1529 3257 docti
1584 3199 1980 3273 observarunt,
2042 3218 2205 3256 suam
2249 3199 2399 3257 hanc
2455 3199 2840 3276 hypothesim,

423 3299 538 3355 qua
580 3279 927 3355 pertendunt
956 3279 1127 3336 fidem
1157 3298 1272 3334 non
1302 3298 1428 3336 esse
1471 3279 1720 3337 fructum
1749 3280 1937 3338 meriti
1980 3280 2183 3337 mortis
2231 3279 2461 3354 Christi,
2495 3278 2598 3336 sed
2626 3279 2839 3337 donum

426 3360 633 3430 Patris,
667 3359 843 3415 variis
872 3358 1052 3433 premi
1077 3358 1473 3430 incommodiS,
1497 3368 1554 3416 et
1577 3359 1844 3434 injuriam
1874 3379 2000 3416 esse
2025 3358 2270 3429 Christe,
2305 3367 2364 3417 et
2392 3358 2626 3417 noxiam
2650 3359 2838 3431 saluti,

422 3438 594 3493 aliam
619 3437 772 3493 viam
791 3437 1182 3510 quaesiverunt
1203 3436 1486 3507 elabendi,
1514 3436 1774 3495 docendo
1796 3436 2107 3513 aliquando
2134 3439 2169 3469 ‘⁴
2190 3437 2480 3495 Christum
2505 3437 2841 3510 impetrasse

422 3515 594 3573 fidem
624 3524 682 3572 et
711 3515 1163 3590 resipiscentiam
1185 3515 1452 3572 omnibus
1476 3516 1882 3587 conditionate,
1907 3515 2124 3573 Electis
2154 3515 2414 3574 absolute
2440 3515 2496 3586 ;''
2527 3514 2842 3590 aliquando

423 3598 592 3651 “non
623 3594 958 3669 impetrasse
988 3593 1221 3668 quidem
1252 3613 1353 3669 per
1394 3594 1545 3650 viam
1581 3594 2019 3666 SatisfactioniS,
2069 3602 2126 3651 et
2155 3613 2343 3651 causae
2365 3594 2689 3668 meritoriae,
2741 3594 2844 3652 sed

408 3694 523 3751 ,per
550 3673 705 3730 viam
736 3693 924 3730 causae
955 3672 1160 3743 finalis,
1192 3683 1477 3748 quatenus
1520 3673 1721 3730 electis
1759 3674 1904 3732 fides
1932 3673 2196 3746 donatur,
2231 3681 2294 3731 ut
2322 3673 2395 3730 ad
2417 3673 2712 3732 Christum
2741 3675 2841 3732 ad·

420 3754 762 3812 ducantur.’'
853 3752 969 3811 Sed
998 3760 1263 3810 neutrum
1310 3773 1445 3811 vere
1474 3752 1589 3810 dici
1619 3762 1842 3829 potest3
1891 3754 2019 3810 Non
2063 3753 2237 3829 prius,
2290 3753 2427 3829 quia
2473 3754 2695 3831 concipi
2727 3775 2842 3812 non

419 3842 610 3912 potest
639 3834 747 3892 sub
776 3853 892 3910 qua
921 3832 1248 3891 conditione
1278 3831 1423 3891 fides
1452 3832 1756 3908 impetrata
1783 3833 1952 3891 nobis
1982 3833 2073 3905 sit,
2126 3853 2254 3891 cum
2287 3834 2363 3892 sit
2393 3834 2519 3910 ipsa
2567 3834 2841 3892 conditio,

422 3916 587 3974 Licet
615 3935 753 3972 vero
784 3914 1023 3991 proponi
1055 3912 1238 3972 soleat
1268 3934 1369 3988 per
1396 3912 1630 3971 modum
1661 3913 2025 3985 conditionis,
2053 3913 2160 3971 sub
2190 3934 2305 3989 qua
2335 3915 2492 3973 salus
2522 3915 2580 3971 in
2613 3914 2844 3973 Christo

418 3996 787 4073 promittitur,
813 4003 1005 4053 tamen
1035 3994 1371 4070 proponitur
1392 3994 1563 4052 etiam
1587 4013 1690 4069 per
1712 3994 1943 4052 modum
1965 3994 2228 4052 beneficii
2257 3994 2316 4051 in
2339 3995 2583 4052 Foedere
2604 3994 2842 4066 Gratiae,

416 4076 576 4153 quod
605 4075 868 4133 Christus
888 4094 991 4132 sua
1020 4084 1202 4133 morte
1233 4073 1399 4131 nobis
1429 4073 1777 4150 impetravit.
1869 4073 2037 4132 Unde
2059 4094 2175 4131 non
2205 4074 2585 4151 acquisivisse
2616 4082 2842 4132 tantum

418 4155 742 4214 censendus
772 4163 859 4213 est
889 4155 1131 4213 salutem
1163 4155 1212 4212 si
1241 4154 1561 4227 credamus,
1593 4154 1698 4212 sed
1743 4163 1801 4213 et
1830 4153 2000 4211 fidem
2032 4162 2095 4212 ut
2138 4152 2456 4212 credamus,
2545 4153 2677 4210 Non
2709 4174 2840 4229 pos·

414 4236 613 4309 terius,
662 4235 797 4311 quia
843 4235 1103 4293 inaudita
1151 4233 1258 4292 fuit
1287 4235 1565 4292 hactenus
1610 4235 1671 4291 in
1721 4234 1948 4292 Scholis
1995 4233 2362 4309 Theologicis
2420 4233 2842 4309 impetrationis

413 4316 563 4374 ratio
583 4335 697 4390 per
724 4316 871 4372 viam
902 4335 1088 4372 causoe
1108 4315 1325 4392 finalis,
1368 4325 1426 4373 et
1455 4334 1569 4371 non
1592 4335 1703 4389 per
1730 4315 1879 4371 viam
1922 4314 2330 4386 Satisfactionr‘s
2359 4323 2417 4371 et
2446 4332 2636 4371 causae
2670 4313 2836 4371 meri-

412 4395 595 4468 toria),
643 4394 787 4452 Cum
818 4396 1004 4452 omnis
1034 4394 1357 4469 impetratio
1414 4394 1641 4470 proprie
1693 4393 1849 4452 dicta
1894 4392 2167 4452 fundetur
2212 4392 2270 4450 in
2321 4392 2721 4450 satisfactione
2778 4401 2836 4451 et

412 4476 619 4533 merito
649 4474 1026 4550 impetrantis.
1116 4474 1338 4531 Deinde
1369 4474 1417 4531 si
1448 4475 1713 4532 Christus
1736 4495 1839 4551 per
1889 4473 2041 4532 viam
2071 4492 2260 4531 causae
2307 4472 2617 4530 meritoriae
2663 4472 2835 4530 fidem

410 4573 527 4610 nen
558 4555 904 4629 impetravit,
950 4575 1077 4613 eam
1106 4574 1244 4629 ergo
1286 4574 1401 4611 non
1453 4554 1678 4613 meruit.
1768 4552 1884 4612 Sed
1914 4573 2016 4611 nec
2067 4572 2168 4628 per
2213 4552 2368 4610 viam
2398 4573 2591 4612 causae
2647 4552 2838 4609 finalis

408 4641 601 4707 potest
629 4633 744 4691 dici
774 4633 931 4691 illam
961 4633 1308 4711 quibusdam
1338 4634 1694 4711 impetrasse,
1727 4654 1857 4692 cum
1887 4633 2040 4692 nulli
2066 4632 2204 4691 dum
2236 4633 2424 4692 Electi
2454 4633 2832 4691 observaren-
