3221 5200
520 325 636 383 396
1322 333 1505 376 Locus
1534 334 1795 377 Dncmus
1823 332 2114 383 QUARTUS·
2509 315 2763 398 [QUAEST.
2793 340 2925 382 xm.

476 537 486 548 ,
514 481 707 561 quoad
730 477 1082 539 sanctionem
1102 495 1304 553 poenae,
1337 476 1438 534 sed
1466 476 1752 553 praecipue
1781 476 1972 553 quoad
2003 476 2463 535 observationem
2495 479 2922 543 Mandatorum.

516 569 571 625 3.
606 564 696 620 De
724 560 825 617 illa
837 579 965 635 quae
978 558 1434 615 vocaturdonmn
1449 557 1707 632 justitior.
1733 576 1853 614 ver.
1889 560 1978 630 17,
2012 556 2166 633 quod
2197 557 2268 614 de
2297 558 2665 633 passionibus
2706 561 2922 621 Christi

517 643 630 702 dici
661 660 777 698 non
814 644 1021 715 potest.
1066 640 1122 693 4.
1146 636 1234 693 De
1280 635 1380 692 illa
1428 657 1556 713 quae
1602 637 1911 712 opponitur
1955 635 2358 694 inobedientiae
2400 638 2652 715 Adami3
2698 649 2763 699 ut
2785 662 2924 701 vero

516 725 628 784 ista
654 721 763 779 suit
807 718 983 777 totius
1030 715 1206 792 Legis
1234 715 1488 791 violatio,
1554 716 1637 773 ita
1664 724 1723 774 et
1749 716 1851 773 illa
1877 715 2049 774 debet
2078 736 2204 774 esse
2232 716 2411 775 totius
2441 718 2619 794 Legis
2646 720 2922 796 impletio,

516 808 572 862 5.
605 804 694 860 De
723 800 824 856 illa
851 818 980 874 quae
1009 816 1043 853 a
1063 795 1230 853 nobis
1261 794 1592 869 debebatur,
1625 803 1741 853 tam
1772 795 1963 871 quoad
1981 816 2227 872 poenam,
2250 817 2420 873 quam
2444 798 2637 872 quoad
2654 799 2922 860 officium.

516 884 640 942 Nec
676 882 848 957 juvat
877 877 1065 934 dicere
1105 874 1491 933 obedientiam
1520 875 1690 933 istam
1718 876 1862 932 nihil
1890 875 2049 933 aliud
2078 896 2222 951 esse,
2267 896 2438 953 quam
2467 876 2508 935 ξ’»
2550 875 2817 955 δικαίωμα,
2850 880 2922 939 de

517 984 633 1041 quo
661 980 781 1018 ver.
818 959 908 1031 18,
940 954 1095 1032 quod
1126 955 1201 1012 sit
1243 961 1305 1020 ιίς
1353 952 1598 1012 δικαίωσιν
1646 956 1785 1031 ζωῆς,
1817 955 2104 1031 quomodo
2134 965 2326 1014 reatus
2354 957 2514 1015 venit
2542 978 2616 1016 ex
2643 979 2760 1016 uno
2788 969 2925 1019 actu

515 1039 776 1121 peecati;
823 1037 972 1111 Quia
1012 1032 1264 1110 δικαίωμα
1306 1055 1422 1092 non
1462 1044 1627 1093 notat
1654 1044 1878 1093 tantum
1925 1055 2102 1093 unum
2146 1044 2336 1094 actum
2367 1036 2408 1095 J
2412 1038 2641 1112 ustitiae,
2674 1039 2777 1096 sed
2805 1040 2846 1099 J
2854 1059 2923 1098 us

519 1121 677 1199 quod
705 1117 886 1176 oritur
913 1135 987 1173 ex
1016 1114 1374 1191 plenitudine
1404 1115 1767 1177 obedientiae.
1854 1115 1975 1172 Nec
2005 1115 2052 1172 si
2083 1136 2157 1173 ex
2185 1136 2300 1173 uno
2341 1127 2578 1192 peccato
2601 1126 2793 1177 reatus
2820 1140 2924 1177 ve-

518 1203 605 1259 nit
634 1200 691 1256 in
721 1215 936 1269 omnes,
969 1214 1043 1253 ex
1072 1214 1187 1252 uno
1229 1202 1363 1253 actu
1397 1195 1630 1271 justitia
1671 1195 1877 1253 transit
1918 1194 1995 1251 ad
2036 1214 2250 1270 omnes,
2296 1197 2433 1271 quia
2473 1198 2688 1256 malum
2732 1208 2821 1257 est
2848 1220 2924 1257 ex

518 1279 777 1358 quolibet
805 1275 1050 1349 defectu,
1083 1274 1186 1331 sed
1213 1274 1427 1332 bonum
1458 1274 1698 1350 requirit
1726 1294 1957 1332 causam
1985 1275 2315 1351 perfectam.

537 1400 582 1445 2·
601 1400 678 1444 Ε*
701 1396 827 1442 Ρω-
928 1394 977 1439 ⁸·
1034 1353 1857 1509 ..etflssqfflzsszzdazssziss
1870 1354 2925 1497 Cssffitffbgdssffi‘ffl{2‘53332323‘

515 1529 610 1580 tur
638 1518 868 1577 intensio
896 1516 1023 1593 ejus
1070 1480 1273 1590 quoad,
1291 1513 1550 1590 gradum,
1596 1512 1698 1589 qui
1733 1479 2170 1572 fuit’maximus
2225 1515 2326 1591 qui
2364 1523 2555 1591 potest
2608 1517 2813 1575 cadere
2862 1519 2924 1575 in

519 1600 868 1671 Creaturam,
900 1595 1001 1653 sed
1051 1593 1223 1652 etiam
1272 1593 1516 1651 extensio
1562 1602 1621 1651 et
1661 1594 1906 1667 dur-atie,
1938 1593 2074 1669 quia
2101 1614 2136 1650 a
2163 1593 2442 1671 principio
2471 1595 2607 1653 vitae
2634 1616 2817 1673 usque
2848 1598 2924 1655 ad

517 1688 759 1738 mortem
788 1677 850 1734 in
878 1696 946 1734 ea
963 1681 1292 1732 constanter
1305 1672 1714 1749 perseveravit.
1761 1672 1930 1746 Quod
1951 1682 2125 1750 patet,
2150 1682 2274 1731 tum
2292 1674 2428 1750 quia
2458 1675 2567 1733 ista
2595 1676 2925 1735 obedientia

518 1760 762 1819 refertur
782 1756 857 1814 ad
883 1764 1062 1813 totam
1089 1752 1272 1810 xivam
1294 1762 1351 1810 et
1376 1752 1833 1810 humiliationem
1855 1753 2084 1827 Christi,
2116 1772 2245 1828 quae
2273 1773 2390 1811 non
2419 1755 2479 1811 in
2495 1764 2678 1814 morte
2700 1765 2923 1816 tantum

517 1841 646 1898 visa
673 1846 778 1913 est,
812 1835 914 1895 sed
941 1835 1003 1891 in
1030 1843 1152 1891 tota
1179 1833 1316 1906 vita,
1361 1840 1483 1890 tum
1513 1852 1589 1890 ex
1620 1832 1764 1889 locis
1805 1832 1951 1907 aliie,
1992 1832 2094 1891 ubi
2121 1832 2450 1891 obedientia
2491 1835 2601 1893 ista
2649 1835 2924 1895 describi-

517 1929 610 1979 tur
637 1938 739 1995 per
767 1913 1198 1993 impressionem
1231 1912 1406 1988 Legis
1434 1912 1494 1968 in
1523 1911 1712 1986 corde,
1744 1920 1803 1969 et
1831 1912 1956 1988 ejus
1985 1912 2443 1971 observationem
2473 1915 2740 1989 activam,
2768 1916 2921 1974 Psal.

515 2001 604 2057 xl.
630 2008 689 2056 et
739 1996 892 2054 Heb.
922 2015 981 2052 X.
1029 1995 1106 2051 5:
1135 1992 1274 2049 alibi
1318 1992 1657 2068 proponitur
1704 2011 1806 2067 per
1855 1991 2104 2049 stadium
2146 1992 2303 2067 quod
2347 1993 2766 2052 decurrendum
2815 1995 2923 2054 fuit

518 2079 763 2151 Christo,
788 2074 939 2133 Heb.
963 2073 1064 2130 xii.
1095 2075 1144 2146 1,
1167 2075 1221 2145 2,
1244 2071 1381 2128 alibi
1399 2091 1501 2147 per
1522 2090 1668 2146 opus
1689 2070 1846 2147 quod
1866 2071 1951 2127 illi
1969 2071 2377 2146 perficiendum
2397 2072 2522 2148 fuit,
2539 2074 2581 2131 J
2585 2074 2677 2131 oh.
2701 2075 2842 2133 xvii.
2863 2081 2919 2151 4,

516 2158 672 2235 quod
693 2176 807 2214 non
836 2154 1006 2214 unico
1035 2160 1185 2226 actu,
1212 2151 1315 2209 sed
1342 2150 1630 2209 constanti
1659 2149 2001 2209 obedientiae
2029 2159 2226 2209 tenore
2254 2172 2358 2229 per
2377 2160 2557 2210 totam
2578 2154 2757 2211 vitam
2787 2175 2921 2213 con·

517 2237 792 2297 summati
820 2231 1037 2293 debuit.

1157 2310 1346 2369 XIX.
1390 2309 1603 2385 TertiO,
1638 2309 1786 2383 Quia
1805 2310 2067 2369 Christus
2085 2310 2285 2369 debuit
2305 2310 2431 2369 fieri
2458 2312 2517 2370 in
2547 2312 2919 2374 similitudine

512 2410 995 2465 3.ExRom.viii.3,4.
1037 2391 1225 2450 earnis
1253 2390 1491 2467 peccati,
1515 2398 1581 2448 ut
1631 2390 1923 2466 suppleret
1953 2391 2129 2467 Legis
2157 2388 2446 2467 ἀδυναμίαι,
2485 2402 2544 2449 et
2580 2393 2623 2452 J
2628 2413 2696 2451 us
2744 2395 2919 2471 Legis

1036 2471 1095 2527 in
1113 2469 1282 2528 nobis
1299 2470 1579 2546 impleret,
1607 2470 1775 2527 Rom.
1807 2470 1927 2527 viii.
1942 2473 1995 2543 3,
2018 2474 2074 2528 4.
2108 2470 2457 2548 Impotentia
2477 2480 2667 2530 autem
2686 2473 2799 2531 ista
2811 2475 2940 2532 Le*

517 2554 626 2631 gis,
660 2573 777 2612 non
806 2549 1186 2628 intelligenda
1208 2558 1296 2608 est
1322 2550 1624 2625 subjective,
1650 2549 1814 2626 quasi
1837 2549 2009 2608 fuerit
2037 2549 2095 2607 in
2119 2550 2246 2627 ipsa
2267 2551 2441 2628 Lege,
2468 2551 2569 2610 sed
2588 2554 2839 2628 objective
2859 2554 2919 2611 in

513 2641 811 2710 peccatore
840 2631 992 2688 circa
1013 2631 1245 2706 Legem,
1270 2629 1371 2704 qui
1389 2649 1461 2687 ne
1490 2649 1669 2688 unum
1692 2628 1925 2704 quidem
1956 2631 2082 2706 ejus
2109 2630 2445 2690 mandatum
2467 2652 2696 2690 servare
2713 2635 2918 2710 potuit.

515 2713 712 2787 Atque
755 2710 835 2768 ita
883 2711 1006 2767 Lex
1049 2709 1335 2785 impotens
1377 2708 1604 2781 dicitur,
1650 2728 1766 2766 non
1808 2709 2001 2784 quoad
2040 2729 2339 2785 poenarum
2382 2711 2771 2787 inflictionem,
2819 2713 2920 2772 sed

514 2790 706 2867 quoad
728 2789 1127 2847 mandatorum
1157 2787 1637 2845 observationem.
1711 2788 1973 2846 Christus
2003 2808 2141 2864 ergo
2171 2791 2491 2867 supplendo
2520 2791 2579 2848 id
2608 2793 2765 2868 quod
2795 2794 2920 2850 Lex

509 2878 781 2947 praestare
803 2889 917 2925 non
947 2868 1134 2945 potuit
1154 2868 1215 2924 in
1236 2866 1421 2941 nobis,
1443 2867 1644 2925 debuit
1670 2867 1942 2944 perficere
1978 2868 2132 2944 quod
2154 2889 2188 2926 a
2233 2870 2402 2928 nobis
2453 2871 2579 2928 Lex
2628 2872 2914 2948 exigebat,

511 2958 570 3008 et
597 2949 753 3026 quod
782 2955 1021 3007 vocatur
1047 2945 1316 3024 δικαίωμα,
1339 2967 1441 3006 seu
1468 2948 1509 3007 J
1515 2967 1583 3005 us
1615 2947 1808 3024 Legis,
1832 2948 2101 3006 nimirum
2138 2951 2249 3007 Jus
2277 2953 2360 3008 ad
2402 2951 2589 3025 vitam,
2641 2952 2797 3029 quod
2844 2973 2920 3010 ex

511 3031 638 3107 ejus
687 3029 1017 3106 impletione
1060 3030 1255 3104 oritur,
1308 3047 1425 3086 non
1472 3028 1672 3104 utique
1714 3028 1947 3105 passiva
1988 3036 2228 3104 tantum,
2263 3030 2365 3088 sed
2392 3038 2450 3088 et
2478 3032 2685 3090 activa.
2769 3032 2917 3089 Nam

512 3131 643 3170 curn
674 3110 801 3169 Lex
829 3118 887 3168 et
916 3110 1196 3168 Mandata
1226 3108 1338 3166 Dei
1381 3108 1534 3166 idem
1584 3108 1716 3184 sint,
1748 3128 1934 3185 poenae
1982 3129 2096 3166 non
2126 3119 2368 3186 possunt
2397 3110 2509 3168 diei
2539 3111 2776 3188 implere
2809 3111 2915 3170 Le-

511 3211 643 3268 gem
674 3211 776 3249 seu
819 3191 943 3267 ejus
971 3190 1257 3263 mandata,
1301 3188 1404 3246 sed
1425 3188 1596 3246 minis
1628 3188 1804 3264 Legis
1834 3188 2179 3247 satisfacere.
2267 3190 2409 3263 Quis
2437 3189 2610 3248 ferret
2638 3211 2785 3266 eum,
2817 3191 2918 3268 qui

510 3271 790 3331 latronem
821 3270 1006 3347 capite
1028 3270 1334 3328 multatum
1363 3268 1437 3325 ob
1464 3268 1847 3342 latrocinium,
1883 3268 2063 3344 Regis
2104 3269 2376 3327 mandato
2405 3278 2505 3326 aut
2533 3269 2648 3345 legi
2679 3271 2917 3329 obsecu-

513 3360 637 3410 tum
667 3351 843 3408 fuisse
873 3349 1128 3408 diceret?
1171 3347 1344 3406 Adde
1374 3347 1546 3422 quod,
1591 3350 1741 3404 cum?
1772 3347 1916 3421 Legi
1961 3366 2178 3404 morem
2208 3367 2406 3422 gerere
2437 3348 2510 3404 sit
2538 3368 2630 3405 res
2676 3349 2917 3408 honesta

511 3439 569 3487 et
596 3429 766 3486 laude
813 3427 1007 3501 digna,
1047 3447 1164 3483 non
1212 3433 1402 3503 potest
1450 3426 1559 3483 hoc
1588 3426 1705 3483 dici
1732 3426 1804 3482 de
1832 3446 2017 3500 poenae
2056 3427 2440 3501 perpessione,
2471 3426 2598 3507 nisi‘
2612 3426 2756 3484 forte
2786 3429 2916 3502 quis

508 3507 833 3564 laudandus
863 3506 953 3578 sit,
986 3505 1141 3580 quod
1170 3505 1227 3561 in
1257 3504 1521 3579 gehenna
1548 3512 1900 3579 torqueatur.

511 3625 541 3667 4
607 3623 737 3672 Quia
762 3621 991 3666 Christus
1116 3582 1269 3639 XX.
1316 3581 1548 3655 Quart0,
1586 3581 1912 3639 Satisfactio
1959 3582 2170 3639 Christi
2212 3581 2286 3638 ad
2314 3582 2377 3639 id
2417 3602 2583 3639 omne
2613 3582 2786 3641 debet
2814 3605 2913 3642 ex-

544 3654 992 3783 'tmffl‘asstffl
1033 3658 2041 3798 23¹3}’aiuss'fiaffssi'ssinssffiaffi’t
2059 3661 2696 3801 Sssffig‘ssss'wkffi,
2717 3662 2917 3801 (ἔξω

573 3803 670 3842 ”¹¹³
1033 3840 1098 3878 ac
1140 3819 1331 3896 passio
1374 3819 1573 3877 mortis
1615 3818 1689 3876 ad
1732 3819 1791 3876 id
1831 3820 2265 3896 requirebatur;
2309 3841 2424 3879 non
2468 3821 2639 3880 modo
2681 3824 2816 3901 quia
2844 3766 2918 3884 gd

515 3913 821 3977 utrumque
890 3899 1164 3958 Creatura
1230 3897 1523 3976 peccatrix
1605 3899 1908 3958 tenebatur
1943 3921 1957 3974 ;
2019 3900 2120 3959 sed
2191 3902 2363 3958 etiam
2419 3902 2555 3979 quia
2610 3911 2914 3981 utrumque

516 3980 898 4043 necessarium
930 3980 1039 4039 fuit
1060 3980 1134 4038 ad
1161 3988 1526 4057 peccatorum
1554 3979 1965 4055 remissionem,
1998 3989 2057 4038 et
2100 3981 2143 4039 J
2146 4001 2214 4039 us
2242 3981 2317 4039 ad
2337 3984 2552 4057 vitam;
2597 3983 2737 4041 Vita
2764 3985 2916 4042 enim

518 4086 593 4123 ex
623 4063 782 4138 Lege
813 4061 1180 4138 promittitur,
1211 4080 1326 4118 non
1348 4058 1605 4135 patienti,
1641 4059 1742 4116 sed
1772 4060 2021 4136 facienti,
2043 4063 2266 4135 kocsac
2294 4071 2346 4121 et
2371 4064 2534 4121 vives.
2621 4064 2780 4140 Ergo
2797 4084 2913 4121 non

515 4142 834 4204 suffecisset
860 4161 1060 4217 poenas
1106 4140 1251 4199 serre
1279 4138 1592 4212 moriendo,
1641 4139 1752 4197 nisi
1793 4139 1990 4198 addita
2033 4140 2235 4200 fuisset
2282 4142 2680 4201 mandatorum
2725 4143 2916 4201 obser-

516 4224 692 4281 vatio,
779 4221 900 4278 Nec
927 4221 1023 4278 hic
1061 4219 1468 4297 reponendum,
1517 4220 1690 4276 aliam,
1735 4240 1860 4278 esse
1920 4221 2196 4278 rationem
2235 4222 2666 4298 justificationis
2717 4223 2911 4280 Evan-

519 4302 719 4378 gelicae
769 4320 836 4357 ac
894 4300 1127 4375 Legalis
1151 4323 1164 4374 ;
1236 4301 1296 4357 in
1352 4300 1463 4357 ista
1519 4299 1696 4375 Legis
1753 4300 2211 4358 observationem
2282 4301 2514 4376 quidem
2580 4302 2912 4377 requisitam

518 4382 693 4439 fuisse
723 4387 788 4437 ut
816 4399 1047 4437 causam
1075 4379 1229 4452 vitae,
1262 4379 1364 4437 sed
1393 4379 1450 4435 in
1480 4379 1581 4435 illa
1601 4399 1719 4436 non
1745 4380 1901 4437 item.
1988 4379 2135 4451 Quia
2163 4379 2468 4439 discrimen
2485 4380 2915 4457 justificationis

518 4473 728 4518 nostrae
772 4479 888 4516 non
937 4458 1185 4535 positum
1233 4466 1322 4516 est
1362 4458 1422 4515 in
1449 4478 1510 4516 re
1556 4458 1698 4533 ipsa,
1746 4479 1874 4534 quae
1920 4459 2223 4534 utrobique
2269 4461 2470 4518 eadem
2519 4469 2622 4534 est,
2671 4460 2915 4519 Justitia

520 4539 739 4596 scilicet
782 4537 1033 4614 perfecta
1088 4547 1146 4595 et
1199 4538 1462 4595 absoluta
1519 4537 1784 4594 omnibus
1825 4538 2093 4613 numeris,
2146 4559 2273 4614 quae
2323 4549 2523 4597 exacte
2573 4540 2917 4616 respondeat

521 4617 697 4690 Legis
725 4618 974 4693 pactioni
1023 4618 1093 4674 de
1150 4617 1320 4675 modo
1364 4617 1498 4673 vitae
1529 4627 1756 4673 :eternae
1786 4616 2130 4691 obtinendae,
2163 4626 2220 4675 et
2264 4619 2397 4675 Juri
2446 4619 2556 4676 Dei
2602 4627 2814 4677 aeterno
2857 4629 2914 4678 et
