3221 5200
467 286 583 344 528
1260 300 1440 340 Locus
1473 301 1729 340 uncinus
1760 301 2031 349 Qumws.
2465 276 2721 359 [QUAEsT.
2754 300 2879 340 xvh

461 461 531 498 eo
560 461 675 498 non
705 442 987 500 influxum
1018 451 1240 500 tantum
1271 440 1470 517 gratiae
1501 443 1892 517 regenerantis
1920 441 2109 514 habet,
2151 438 2254 498 sed
2282 448 2341 497 et
2368 441 2568 515 gratiae
2610 442 2877 499 corrobo-

459 521 639 578 rantis
668 531 727 580 et
755 522 1168 595 conservantiS,
1200 531 1265 579 ut
1294 540 1408 576 non
1437 520 1607 577 modo
1631 521 1704 579 ab
1733 521 1987 580 externis
2016 519 2447 593 tentationibus,
2490 520 2593 578 sed
2615 530 2673 578 et
2700 521 2875 579 inter-

458 600 550 656 nis
579 602 799 675 peccati
829 613 887 660 et
916 602 1119 676 carnis,
1152 609 1549 677 praeservetur,
1585 600 1735 657 Phil.
1768 602 1804 658 i.
1838 604 1891 659 6.
1944 599 2113 659 Unde
2147 599 2397 674 August.
2429 599 2500 658 de
2533 600 2702 658 Doct.
2735 602 2870 660 Chr.

451 679 553 736 lib.
577 679 658 739 iii.
690 702 814 758 cap.
847 686 941 756 32,
991 684 1027 714 “
1049 682 1179 738 Non
1208 689 1296 737 est
1352 698 1553 737 revera
1583 680 1805 756 Corpus
1854 680 2084 754 Christi,
2137 679 2294 756 quod
2337 698 2453 736 non
2483 680 2591 738 erit
2638 700 2768 737 cum
2797 701 2866 738 eo

455 758 515 815 in
546 763 882 820 aeternum.’'
970 761 1046 820 Et
1064 771 1127 818 ut
1148 779 1182 816 a
1212 760 1460 834 Corpore
1491 760 1736 816 naturali
1769 760 1979 818 Christi
2004 760 2125 835 jam
2156 758 2476 835 glorificato
2516 759 2871 835 impossibile

454 848 542 897 est
570 842 890 899 membrum
920 861 1097 898 unum
1139 839 1353 896 avelli:
1400 838 1492 895 Ita
1533 851 1649 897 eta
1692 841 1941 916 Corpore
1986 839 2111 915 ejus
2153 839 2398 914 mystico
2428 838 2623 896 nullus
2677 839 2869 897 fidelis

453 919 629 977 avelli
657 930 865 997 potest.
953 919 1108 976 Hinc
1139 918 1203 976 fit
1232 927 1294 976 ut
1325 917 1522 975 fideles
1552 938 1655 995 per
1683 939 1876 977 veram
1909 918 2080 976 fidem
2112 919 2340 976 Christo
2390 918 2565 991 insiti,
2597 928 2655 976 et
2676 919 2868 995 quoad

452 1000 805 1074 praeteritum
835 999 1101 1056 dieantur
1121 1001 1245 1074 jam
1276 998 1569 1056 transiisse
1608 998 1681 1056 dc
1724 1009 1905 1057 morte
1942 999 2016 1055 ad
2046 998 2243 1071 vitam,
2295 1007 2353 1055 et
2380 997 2573 1074 quoad
2612 1018 2868 1074 praesens

454 1079 632 1136 vitam
664 1088 936 1135 aeternam
959 1079 1186 1151 habere,
1219 1087 1277 1135 et
1305 1077 1495 1154 quoad
1525 1077 1780 1136 futurum
1808 1099 1924 1136 non
1952 1078 2181 1136 venturi
2211 1077 2269 1133 in
2308 1076 2862 1152 condemnationem,

454 1176 560 1214 nec
601 1156 843 1233 perituri
898 1158 958 1214 in
1017 1168 1309 1231 aeternum,
1362 1157 1404 1215 J
1408 1157 1500 1214 oh.
1552 1178 1609 1215 v.
1662 1162 1756 1233 24,
1816 1167 1874 1217 et
1920 1179 1978 1216 x.
2036 1160 2132 1215 28.
2193 1156 2356 1214 Licet
2385 1176 2523 1213 vero
2568 1157 2723 1216 Unio
2753 1159 2865 1216 ista

451 1236 527 1293 sit
555 1237 862 1312 reciproca,
894 1246 959 1296 ut
987 1258 1103 1295 non
1133 1237 1303 1294 modo
1335 1237 1596 1294 Christus
1646 1248 1875 1296 mancat
1903 1237 1963 1294 in
2011 1237 2193 1308 nobis,
2228 1236 2330 1293 sed
2359 1255 2464 1293 nos
2493 1256 2721 1295 manere
2765 1237 2863 1295 de·

449 1315 688 1373 beamus
717 1315 778 1372 in
806 1316 949 1392 ipsc,
982 1317 1024 1375 J
1028 1318 1121 1374 oh.
1153 1337 1251 1374 xv.
1305 1318 1359 1390 5,
1390 1336 1507 1374 non
1550 1316 1773 1375 tollitur
1806 1317 1917 1375 ista
1956 1315 2257 1389 certitudO,
2290 1315 2425 1391 quia
2447 1315 2568 1391 ipse
2600 1316 2864 1375 Christus

450 1394 587 1453 facit
616 1404 680 1453 ut
709 1415 1058 1469 maneamus,
1091 1397 1229 1454 dum
1252 1415 1358 1453 nos
1386 1394 1460 1452 ad
1491 1395 1548 1453 id
1577 1396 1857 1472 hortatur,
1889 1417 1963 1454 ex
1993 1395 2180 1453 officio
2210 1394 2472 1452 faciendo
2501 1395 2861 1455 beneficium.

451 1474 624 1550 Hinc,
658 1476 822 1534 Cant.
873 1475 995 1533 viii.
1044 1478 1096 1548 6,
1141 1479 1195 1551 7,
1239 1476 1420 1532 Amor
1465 1475 1679 1533 Christi
1702 1474 1911 1533 dicitur
1958 1496 2084 1534 esse
2117 1475 2309 1548 sortes,
2363 1474 2421 1531 id
2451 1483 2538 1532 est
2567 1475 2859 1552 insupera-

446 1553 599 1628 bilis,
630 1564 693 1612 ut
713 1576 877 1628 mor-s,
905 1575 1033 1631 quae
1063 1555 1256 1613 omnia
1284 1555 1480 1629 vincit,
1526 1563 1584 1613 et
1609 1561 1756 1616 zelus
1804 1558 1981 1613 durus
2026 1556 2205 1613 instar
2230 1555 2524 1629 sepulchri,
2578 1564 2637 1612 ut
2653 1577 2865 1630 prunae

447 1633 633 1709 iynitoe
655 1635 782 1709 Dei,
808 1635 885 1693 id.
917 1634 1148 1692 flamma
1189 1633 1457 1708 maxima,
1503 1654 1676 1710 quam
1728 1635 1888 1692 Deus
1930 1635 2118 1693 calore
2161 1633 2559 1710 potentissimo
2614 1634 2863 1711 Spiritus

344 1725 351 1738 ·
447 1713 537 1771 sui
559 1714 620 1771 in
649 1723 926 1773 aeternum
955 1714 1288 1773 duraturam
1317 1713 1595 1788 accendit,
1628 1724 1690 1772 ut
1714 1735 1879 1790 aquae
1918 1718 2104 1772 multae
2144 1734 2255 1772 non
2288 1714 2506 1789 possint
2531 1715 2682 1772 illum
2704 1736 2859 1773 amo·

443 1814 563 1851 rem
592 1795 932 1870 extimuere,
958 1794 1115 1872 quod
1143 1815 1279 1853 sane
1299 1794 1413 1851 dici
1441 1794 1658 1870 nequit,
1692 1794 1739 1852 si
1791 1794 2023 1853 dilectio
2072 1795 2184 1852 ista
2225 1793 2451 1868 mutari,
2483 1801 2541 1852 et
2568 1795 2705 1851 unio
2734 1815 2859 1853 arc-

446 1873 670 1932 tissima
700 1895 774 1932 ex
803 1875 905 1932 illa
934 1874 1118 1933 fluens
1141 1874 1383 1932 dissolvi
1405 1882 1620 1951 posset.

527 1953 776 2012 XVIII.
825 1954 995 2012 Hanc
1025 1954 1253 2012 unionis
1283 1963 1340 2013 et
1368 1952 1578 2011 amoris
1608 1953 1822 2012 Christi
1851 1953 2253 2026 constantiam,
2289 1953 2507 2012 Paulus
2554 1954 2860 2031 magnifice

449 2033 742 2109 exprimit,
777 2034 944 2093 Rom.
977 2034 1097 2092 viii.
1132 2034 1445 2111 Postquam
1474 2034 1627 2091 enim
1657 2033 1823 2107 dixit,
1875 2054 1996 2092 ver.
2028 2036 2123 2108 28,
2175 2033 2380 2093 Omnia
2408 2036 2598 2092 Deum
2627 2036 2858 2111 diligen·

442 2113 597 2187 tibus,
630 2115 730 2189 qui
752 2115 935 2172 vocati
958 2124 1088 2172 sunt
1106 2122 1234 2168 κατὰ
1259 2122 1466 2187 «gunea,
1498 2115 1800 2190 cooperari
1823 2115 1879 2171 in
1908 2115 2125 2188 bonum,
2151 2113 2306 2190 quod
2330 2133 2528 2171 verum
2551 2135 2665 2172 non
2688 2125 2857 2183 essct,

442 2191 492 2250 si
521 2193 661 2269 quid
689 2214 886 2253 eorum
914 2194 1088 2253 fidem
1117 2202 1175 2251 et
1203 2193 1564 2252 sanctitatem
1594 2194 1933 2270 extinguere
1972 2202 2185 2271 posset,
2216 2193 2494 2251 rationem
2523 2193 2684 2252 addit
2712 2195 2855 2271 peti·

441 2280 558 2329 tam
582 2293 658 2331 ex
687 2274 1045 2333 connexione
1074 2272 1461 2331 indissolubili
1516 2273 1926 2332 beneficiorum
1985 2274 2113 2347 Dei,
2170 2272 2697 2333 Praedestinationis
2727 2295 2858 2333 cum

441 2350 782 2428 vocatione,
815 2353 1157 2412 Vocationis
1186 2372 1313 2410 cum
1344 2351 1388 2410 J
1391 2352 1790 2427 ustificatione‚
1823 2361 1881 2411 et
1918 2353 1962 2412 J
1965 2353 2365 2412 ustificationis
2394 2372 2523 2411 cum
2554 2353 2857 2412 Glorifica-

442 2433 631 2508 tione3
680 2433 852 2493 Unde
883 2434 990 2492 sub
1019 2434 1191 2491 finem
1220 2431 1421 2508 adjicit
1442 2432 1671 2508 plenam
1700 2432 1859 2490 illam
1887 2432 2174 2507 fiduciam,
2199 2432 2314 2489 imo
2344 2440 2402 2489 et
2430 2433 2852 2508 gloriationem,

438 2531 554 2588 qua
582 2513 778 2571 hostes
808 2532 1005 2571 omnes
1049 2511 1251 2572 salutis
1280 2520 1489 2568 nostrae
1516 2520 1812 2587 provocat,
1858 2512 2173 2570 certissime
2214 2530 2522 2586 persuasus
2562 2512 2709 2570 nihil
2750 2533 2855 2571 un-

439 2612 611 2668 quam
642 2613 905 2669 separare
935 2613 1040 2651 nos
1089 2610 1257 2667 posse
1287 2610 1320 2646 a
1348 2588 1655 2649 dilectione
1687 2589 1918 2648 Christi.
2006 2592 2042 2623 ‘⁴
2066 2589 2209 2664 Quis
2257 2590 2423 2663 nos,”
2471 2589 2674 2667 inquit,
2711 2595 2746 2625 ‘⁴
2766 2613 2854 2651 se·

436 2672 662 2748 parabit
691 2692 725 2728 a
753 2671 1058 2729 dilectione
1090 2669 1303 2727 Christi
1322 2669 1388 2726 ?’'
1421 2687 1538 2725 ver.
1571 2671 1669 2741 35,
1703 2671 1798 2738 37,
1830 2670 1925 2742 38,
1950 2671 1985 2701 “
2011 2670 2109 2725 An
2132 2667 2378 2740 afflictio,
2405 2670 2688 2744 angustia,
2720 2691 2850 2745 per·

438 2750 675 2823 secuti0,
735 2749 989 2823 nuditas,
1048 2747 1382 2824 periculum,
1441 2745 1671 2822 gladius
1692 2749 1721 2803 Ρ
1804 2745 1922 2805 Sed
1989 2747 2049 2803 in
2103 2746 2195 2804 his
2249 2746 2516 2804 omnibus
2563 2754 2858 2820 ὑπῳικῦμω

437 2848 636 2886 sumus
664 2828 971 2904 plusquam
1001 2828 1251 2886 victores
1280 2833 1512 2901 propter
1539 2845 1671 2882 eum
1714 2824 1815 2902 qui
1862 2845 1969 2884 nos
2017 2825 2241 2884 dilexit.
2328 2826 2645 2884 Persuasus
2700 2828 2857 2888 enim

439 2927 583 2982 sum,
615 2907 773 2984 quod
801 2926 987 2984 neque
1017 2925 1189 2981 mors,
1219 2923 1407 2979 neque
1449 2904 1587 2979 vita,
1640 2924 1828 2983 neque
1874 2905 2109 2984 Angeli‚
2158 2902 2286 2978 ἀι,
2334 2925 2521 2982 neque
2570 2906 2691 2965 ulla
2739 2909 2856 2969 alia

438 2995 698 3045 creatura
727 3007 989 3063 separare
1019 3005 1124 3044 nos
1172 2993 1363 3062 potest
1391 2984 1464 3042 ab
1509 3004 1703 3044 amore
1762 2985 1873 3044 Dei
1900 2987 1962 3044 in
2013 2985 2300 3047 Christ0.''
2386 2986 2688 3060 Quomodo
2711 3008 2851 3047 vero

437 3070 645 3143 Apost.
677 3067 758 3125 ita
786 3066 1140 3125 confidenter
1166 3073 1506 3142 provocaret
1548 3085 1749 3124 omnes
1788 3065 1987 3125 hostes
2031 3066 2234 3125 salutis
2274 3075 2503 3141 nostrae,
2536 3074 2594 3125 et
2621 3068 2851 3142 plenam

435 3146 864 3224 persuasionem
893 3154 1132 3223 poneret
1160 3145 1231 3204 de
1255 3145 1684 3221 perseverantia
1709 3146 1871 3204 finali
1905 3147 2162 3205 fidelium
2192 3166 2267 3204 ex
2295 3145 2683 3205 indissolubili
2709 3147 2849 3206 fide-

436 3227 579 3284 lium
609 3247 739 3285 cum
770 3226 998 3285 Christo
1029 3226 1256 3299 unione,
1290 3234 1348 3283 et
1388 3224 1715 3284 dilectionis
1764 3226 1891 3302 ejus
1940 3226 2297 3302 aeternitate3
2344 3225 2392 3284 si
2441 3246 2643 3284 verum
2699 3237 2853 3287 esset

439 3307 766 3380 Diabolum,
798 3305 1094 3379 mundum,
1126 3314 1183 3364 et
1212 3315 1527 3381 peccatum,
1559 3314 1660 3363 aut
1688 3306 1837 3364 ullas
1885 3306 2233 3365 tentationes
2276 3325 2444 3382 posse
2473 3306 2702 3364 fidelem
2723 3308 2850 3382 jus·

440 3386 719 3444 tificatum
751 3405 1014 3461 separare
1058 3385 1131 3443 ab
1174 3404 1366 3442 amore
1412 3384 1540 3460 Dei,
1566 3393 1626 3443 et
1652 3384 1714 3442 in
1756 3395 2031 3444 aeternum
2075 3384 2317 3451 exitium
2346 3385 2676 3444 adducere?
2702 3405 2855 3444 vana

435 3474 588 3522 esset
609 3465 987 3541 proculdubio
1019 3464 1184 3522 Pauli
1229 3463 1513 3540 gloriatiO,
1559 3473 1619 3522 et
1660 3463 1805 3522 falsa
1846 3485 2018 3541 quam
2047 3485 2121 3523 ex
2167 3464 2267 3523 illa
2322 3464 2555 3522 deducit
2594 3464 2852 3523 fidelium

432 3543 711 3602 adversus
740 3565 938 3602 omnes
967 3543 1314 3603 tentationes
1343 3543 1678 3601 consolatiO.
1745 3544 1865 3602 Nec
1897 3544 1990 3602 hic
2012 3543 2197 3620 regeri
2220 3552 2410 3620 potest
2435 3566 2448 3602 ε
2479 3544 2593 3602 Vel
2625 3548 2659 3579 ‘⁶
2684 3545 2853 3603 Pauli

433 3623 543 3681 hoc
572 3643 698 3681 esse
729 3624 1097 3701 privilegium
1129 3621 1393 3698 speciale,
1426 3641 1543 3679 non
1573 3642 1872 3681 commune
1903 3623 2124 3681 caeteris
2144 3623 2197 3697 ;'’
2251 3623 2395 3681 Cum
2425 3623 2578 3681 enim
2600 3643 2715 3682 non
2737 3624 2852 3684 alia

433 3702 494 3760 in
532 3723 593 3761 re
625 3724 784 3780 spem
813 3713 985 3780 atque
1013 3702 1282 3760 fiduciam
1315 3720 1477 3758 suam
1523 3701 1783 3776 collocet,
1837 3723 2009 3779 quam
2038 3702 2097 3759 in
2130 3702 2657 3761 Praedestinationis
2686 3713 2848 3762 oeter·

433 3803 522 3841 nae
550 3784 1033 3858 immutabilitate,
1066 3782 1385 3840 Vocatione
1414 3779 1647 3854 efficaci,
1678 3801 1869 3840 amore
1919 3803 1986 3840 ac
2014 3782 2226 3841 unione
2257 3782 2487 3857 Christi,
2539 3803 2666 3859 quae
2696 3804 2848 3842 com·

433 3864 630 3922 munia
657 3873 792 3922 sunt
819 3864 1085 3922 omnibus
1115 3862 1350 3935 Electis,
1381 3880 1499 3919 non
1525 3861 1655 3920 vult
1683 3861 1754 3919 de
1785 3882 1845 3921 se
1875 3871 2099 3921 tantum
2125 3862 2304 3939 loqui,
2354 3863 2470 3920 imo
2499 3883 2768 3939 expresse
2791 3864 2851 3921 in

431 3943 642 4020 plurali
668 3944 940 4020 loquitur,
992 3944 1132 4010 Quis
1160 3962 1259 4001 nos
1285 3942 1615 4017 separabit!
1646 3961 1707 3999 se
1738 3961 1867 4000 cum
1896 3942 2026 4000 aliis
2055 3943 2450 4019 conjungens;
2494 3943 2609 4001 Vel
2640 3949 2675 3976 “
2700 3943 2850 4002 Haec

433 4023 628 4081 omnia
696 4043 820 4082 esse
866 4022 1273 4096 conditionata,
1319 4021 1396 4079 id.
1441 4020 1613 4079 modo
1656 4022 1766 4097 ipsi
1806 4041 1913 4080 nos
1955 4041 2070 4080 non
2113 4041 2441 4098 separemus
2476 4042 2510 4079 a
2568 4024 2693 4080 Deo
2746 4043 2853 4099 per

431 4113 752 4180 peccatum,
797 4103 895 4161 vel
935 4102 1202 4160 hostibus
1244 4101 1456 4159 nostris
1481 4120 1585 4159 nos
1635 4121 1751 4159 non
1801 4101 2120 4178 dedamus;
2152 4102 2396 4178 ideoque
2445 4102 2688 4160 Paulum
2731 4122 2851 4159 non

433 4183 764 4241 meminisse
794 4183 1030 4258 peccati,
1063 4181 1219 4259 quod
1247 4190 1438 4240 tamen
1478 4182 1765 4257 praecipue
1810 4202 1916 4239 nos
1947 4202 2210 4258 separare
2259 4202 2429 4258 posse
2458 4202 2493 4239 a
2524 4182 2649 4240 Deo
2678 4202 2848 4240 nemo

434 4261 662 4321 dubitat
685 4264 741 4339 ;’'
789 4263 937 4320 Nam
966 4271 1346 4339 praeterquam
1375 4259 1532 4337 quod
1559 4261 1670 4319 hoc
1703 4270 1888 4337 pact0,
1938 4261 2085 4318 nihil
2133 4261 2418 4320 diceretur
2444 4261 2539 4319 hic
2569 4261 2639 4319 de
2667 4261 2844 4335 fideli,

432 4342 591 4419 quod
619 4342 690 4400 de
722 4341 951 4399 Adamo
980 4341 1192 4417 pariter
1220 4340 1333 4398 dici
1364 4360 1478 4397 non
1508 4340 1807 4416 potuisset,
1848 4341 2117 4398 nimirum
2155 4340 2299 4397 nihil
2328 4341 2583 4417 potuisse
2613 4361 2743 4399 eum
2773 4342 2847 4399 ab

430 4441 623 4480 amore
669 4422 779 4480 Dei
802 4441 1082 4498 separare,
1104 4420 1151 4477 si
1168 4419 1453 4496 justitiam
1476 4440 1638 4477 suam
1659 4420 2001 4492 retinuisset,
2037 4420 2235 4479 Oratio
2260 4420 2427 4477 Pauli
2456 4441 2685 4479 sensum
2710 4420 2848 4478 ridi·

429 4502 623 4558 culum
647 4501 926 4574 funderet,
952 4502 1088 4558 nim.
1118 4499 1264 4557 nihil
1283 4519 1390 4558 nos
1418 4519 1587 4576 posse
1612 4520 1873 4576 separare
1895 4519 1929 4556 a
1950 4499 2257 4558 dilectione
2282 4500 2512 4574 Christi,
2536 4500 2849 4559 dummodo

430 4599 764 4643 maneamus
793 4580 854 4638 in
895 4580 1014 4656 illa,
1044 4579 1107 4639 id
1134 4589 1239 4655 est,
1274 4599 1379 4639 nos
1408 4589 1877 4658 perseveraturos
1901 4580 1950 4638 si
1977 4600 2427 4657 perseveremuS,
2453 4581 2588 4657 quia
2619 4601 2848 4639 manere
