3221 5200
295 398 523 447 QUAEST.
555 376 673 458 111.]
1128 397 1205 435 1)ss
1239 394 1575 436 VOCATIONE
1607 396 1682 435 ΕΤ
1713 396 1867 435 rma.
2593 386 2702 440 451

285 538 542 613 Adultis,
605 538 889 614 Reprobis
939 546 1040 595 aut
1096 538 1333 612 Electis,
1365 539 1424 596 in
1454 546 1607 596 statu
1639 557 1834 595 eorum
1871 545 2003 614 post
2029 538 2272 614 lapsum,
2304 558 2408 615 pro
2438 540 2566 598 loco
2608 550 2708 599 aut

284 626 558 695 tempore,
591 618 839 677 mediate
867 627 968 676 aut
994 617 1341 692 immediate,
1375 617 1662 676 ordinarie
1693 617 1785 675 vel
1809 617 2280 691 extraordinarie,
2312 619 2557 694 gratiam
2592 640 2707 679 non

282 699 759 775 qualemcunque,
781 698 883 757 sed
902 696 1211 756 salutarem
1229 706 1288 756 et
1310 697 1686 756 sufficientem
1706 696 1780 755 ad
1799 698 2252 771 conversionem,
2278 718 2393 756 non
2406 707 2705 758 externam

279 786 520 853 tantum,
542 778 645 837 sed
665 778 1046 855 subjectivam
1076 786 1135 835 et
1156 777 1437 836 internam
1457 776 1842 836 communicet
1865 800 1878 850 ;
1932 777 2102 852 Quod
2115 778 2320 836 volunt
2340 779 2701 855 Adversarii,

287 858 408 917 Nos
436 879 508 917 ne
588 878 736 917 mus.

365 879 885 998 VIIIg.aPontificii
933 937 1282 1014 pertendunt
1331 937 1642 996 Auxilium
1685 936 1974 996 sufficiens
2023 937 2099 995 ad
2142 938 2404 1014 salutem,
2435 959 2541 1016 pro
2568 940 2700 998 loco

281 1028 340 1077 et
383 1027 656 1096 tempore,
687 1017 956 1076 omnibus
997 1017 1139 1092 dari,
1192 1027 1256 1075 ut
1285 1017 1481 1075 nullus
1530 1018 1622 1090 sit,
1681 1016 1781 1093 qui
1829 1037 1945 1075 nou
1991 1018 2303 1094 aliquando
2331 1019 2538 1077 saltem
2593 1020 2705 1080 hoc

280 1098 564 1157 auxilium
591 1099 820 1171 habeat,
853 1098 948 1156 vel
976 1097 1307 1156 immediate
1334 1117 1485 1173 resp.
1530 1097 1878 1172 adultorum,
1909 1096 2007 1154 vel
2047 1098 2295 1157 mediate
2324 1107 2591 1176 respectu
2618 1100 2704 1158 in-

279 1179 524 1238 fantium
546 1178 605 1236 in
623 1178 975 1255 parentibus,
1000 1177 1100 1253 qui
1119 1177 1466 1254 baptismum
1486 1177 1621 1235 filiis
1652 1178 1771 1235 suis
1789 1196 2093 1253 procurare
2121 1187 2380 1255 possunt.
2428 1179 2702 1241 Bellarm.

282 1258 366 1316 sic
395 1258 667 1334 loquitur,
698 1258 800 1316 lib.
830 1262 885 1332 2,
918 1257 989 1315 de
1021 1257 1225 1316 Gratia
1254 1268 1311 1316 et
1342 1257 1471 1314 Lib.
1501 1257 1651 1315 Arb.
1682 1278 1806 1334 cap.
1839 1260 1893 1329 5,
1935 1256 1994 1313 in
2025 1257 2239 1330 Quinta
2280 1259 2699 1335 Propositione,

280 1340 315 1370 “
340 1338 648 1397 Auxilium
678 1337 967 1397 sufficiens
993 1356 1098 1414 pro
1119 1337 1248 1395 loco
1295 1346 1354 1396 et
1393 1346 1667 1414 tempore,
1699 1337 1948 1395 mediate
1968 1337 2063 1395 vel
2081 1337 2411 1399 immediate
2434 1340 2704 1399 omnibus

283 1417 515 1476 datur.”

363 1498 481 1556 IX.
544 1498 872 1556 Arminiani
918 1497 1120 1556 eadem
1161 1505 1488 1575 prementes
1538 1496 1789 1574 vestigia
1833 1506 1965 1574 post
2017 1498 2375 1573 Socinianos,
2438 1509 2704 1560 asserunt

284 1578 492 1653 Deum,
524 1579 624 1655 qui
653 1578 1013 1638 voluntatem
1057 1577 1261 1636 habuit
1308 1577 1696 1636 universalem
1747 1597 1947 1636 omnes
1995 1589 2054 1636 et
2110 1578 2373 1656 singulos
2418 1580 2701 1654 salvandi,

290 1678 490 1716 omnes
519 1668 577 1717 et
606 1659 867 1735 singulos
910 1657 1251 1732 redimendi,
1284 1657 1454 1715 Velle
1511 1658 1686 1716 etiam
1735 1678 1837 1734 per
1865 1657 2241 1717 Vocationem
2300 1659 2704 1719 Universalem

281 1738 472 1798 media
493 1739 569 1796 ad
596 1739 770 1797 fidem
788 1747 846 1797 et
864 1737 1320 1815 resipiscentiam
1361 1736 1707 1796 sufficientia
1727 1737 1995 1796 omnibus
2013 1746 2071 1796 et
2089 1738 2335 1814 singulis
2354 1739 2551 1815 largiri
2573 1762 2587 1814 ;
2611 1741 2704 1798 Ita

281 1826 474 1876 tamen
501 1827 567 1877 ut
614 1839 755 1878 usus
801 1819 1029 1877 illorum
1079 1817 1416 1891 mediorum,
1450 1817 1791 1893 subjiciatur
1819 1837 2045 1893 semper
2064 1817 2246 1875 libero
2276 1818 2524 1876 hominis
2553 1819 2702 1876 arbi-

278 1898 405 1973 trie,
438 1918 615 1975 penes
644 1898 803 1975 quod
828 1899 906 1956 sit
953 1898 1142 1974 gratia
1167 1897 1269 1955 illa
1297 1897 1381 1955 uti
1410 1896 1509 1954 vel
1534 1917 1652 1955 non
1710 1896 1811 1970 uti,
1871 1897 2102 1955 credere
2144 1897 2240 1955 vel
2283 1917 2398 1956 non
2449 1899 2698 1959 credere.

285 1978 411 2036 Imo
455 1978 701 2037 ulterius
750 1978 1109 2054 aliquantum
1156 1976 1429 2035 videntur
1482 1976 1754 2053 progredi
1784 1976 1926 2053 ipsis
1975 1976 2312 2035 PontificiiS.
2399 1977 2507 2037 Isti
2548 1978 2702 2036 enim

279 2068 606 2132 agnoscunt
633 2058 878 2116 liberum
902 2056 1079 2116 fuisse
1099 2065 1157 2114 et
1173 2057 1462 2133 integrum
1490 2055 1616 2113 Deo
1645 2056 1889 2131 gratiam
1919 2056 2088 2114 istam
2110 2056 2484 2116 sufficientem
2515 2059 2698 2117 homi·

284 2139 456 2196 nibus
484 2138 817 2209 concedere,
860 2145 918 2195 et
960 2137 1177 2194 nullam
1208 2135 1457 2194 futuram
1503 2135 1863 2211 iniquitatem
1894 2135 1954 2192 in
1997 2156 2082 2209 eo,
2133 2137 2180 2192 si
2231 2137 2497 2196 omnibus
2541 2139 2702 2197 illam

279 2226 536 2291 negaret.
625 2217 742 2275 Sed
787 2216 1263 2274 Remonstrantcs
1291 2214 1496 2273 volunt
1553 2215 1744 2273 Deum
1774 2215 1957 2273 teneri
2012 2215 2073 2272 in
2130 2216 2298 2274 Novo
2329 2217 2571 2276 Foedere
2628 2219 2703 2279 ad

277 2296 824 2354 subministrandam
847 2296 1017 2353 istam
1040 2294 1304 2371 gratiam,
1338 2314 1409 2351 nc
1454 2295 1654 2371 iniqua
1676 2295 1784 2352 hac
1827 2295 2154 2371 suspicione
2211 2296 2443 2371 gravari
2498 2300 2699 2374 possit,

282 2376 437 2451 quod
479 2376 702 2451 aliquid
744 2375 945 2451 exigat
998 2395 1033 2432 a
1077 2374 1246 2431 nobis
1274 2393 1447 2451 supra
1490 2374 1646 2433 vires
1701 2383 1944 2449 nostras,
1976 2382 2041 2433 ut
2093 2375 2349 2452 loquitur
2407 2377 2705 2439 Amoldus

281 2465 483 2514 contra
512 2457 869 2514 Molinaeum.
1608 2516 1612 2519 ,

364 2536 448 2594 X.
496 2536 719 2614 Scopus
768 2543 1141 2612 utrorumque
1171 2534 1231 2591 in
1282 2534 1612 2612 adoptando
1641 2535 1750 2593 hoc
1810 2535 2125 2613 Pelagiano
2174 2555 2381 2612 errore,
2414 2546 2502 2596 cst
2533 2538 2702 2598 Idolo

280 2615 448 2676 liberi
470 2617 692 2676 arbitrii
719 2617 903 2690 litare,
935 2625 994 2675 et
1022 2624 1410 2675 commentum
1440 2635 1607 2675 suum
1639 2616 1710 2674 de
1767 2621 2004 2688 ἀδιαφιςίᾳ
2060 2617 2379 2676 voluntatis
2424 2619 2699 2696 stabilire,

279 2697 453 2755 talem
483 2698 727 2775 gratiam
756 2696 1148 2774 proponendO,
1178 2715 1308 2773 quae
1339 2716 1566 2773 semper
1591 2695 1667 2755 ab
1696 2695 1926 2754 homine
1949 2698 2133 2772 possit
2163 2698 2323 2773 rejici
2342 2699 2435 2757 vel
2454 2699 2701 2759 admitti.

280 2778 684 2838 Fundamenta
711 2778 880 2836 istius
909 2777 1208 2836 sententiae
1236 2777 1526 2853 praecipua
1555 2776 1671 2834 duo
1700 2787 1870 2835 sunt:
1935 2780 1986 2834 1.
2013 2777 2175 2835 Nihil
2199 2779 2388 2837 Deum
2416 2779 2490 2837 ab
2519 2780 2702 2838 homi-

278 2878 352 2916 ne
382 2859 634 2934 exigere,
666 2858 822 2935 quod
852 2857 926 2917 ab
955 2858 1081 2934 ipso
1109 2876 1226 2914 non
1255 2857 1439 2933 possit
1480 2857 1760 2933 praestari.
1846 2861 1902 2914 2.
1951 2857 2156 2915 Fidem
2198 2866 2257 2917 et
2284 2859 2700 2934 poenitentiam,

279 2957 408 3013 quae
438 2947 573 2996 sunt
601 2937 961 2996 conditiones
993 2937 1146 2996 Novi
1198 2936 1476 3009 Foederis,
1530 2956 1648 2995 uon
1694 2937 1928 3013 proecipi
1974 2938 2035 2994 in
2084 2938 2269 3013 primo
2302 2938 2563 3013 Foedere,
2595 2960 2701 2999 nec

282 3036 411 3074 esse
433 3017 505 3075 de
525 3017 720 3076 debito
743 3017 1026 3091 naturali;
1062 3016 1318 3092 Ideoque
1347 3017 1635 3075 neminem
1665 3016 1740 3073 ad
1768 3035 1867 3074 eas
1895 3016 2160 3094 obligari,
2193 3018 2303 3074 nisi
2332 3038 2531 3076 rursus
2550 3021 2703 3078 vires

283 3095 371 3152 illi
401 3096 784 3155 conferantur.

368 3174 487 3233 XI.
534 3174 859 3234 Orthodoxi
900 3193 1040 3232 vero
1095 3182 1401 3249 utrumque
1443 3182 1677 3249 negant,
1730 3173 1940 3232 Teneri
1991 3175 2177 3233 Deum
2224 3175 2398 3233 talem
2455 3177 2697 3252 gratiam

283 3255 552 3313 omnibus
578 3254 796 3331 largiri,
829 3254 907 3312 Et
944 3273 1072 3311 eam
1123 3252 1273 3310 velle
1316 3262 1450 3311 actu
1492 3252 1766 3327 conferre,
1799 3262 1857 3311 et
1884 3253 2074 3330 reipsa
2129 3254 2375 3331 singulis
2403 3256 2699 3332 impertiri,

282 3334 386 3393 sed
415 3343 639 3395 tantum
683 3335 817 3409 illis,
869 3334 970 3410 qui
1000 3340 1281 3391 vocantur
1309 3342 1438 3389 κατὰ
1462 3343 1657 3407 quun
1683 3333 1952 3391 nimirum
1978 3334 2216 3392 Electis.

281 3443 529 3486 Probatur
546 3455 641 3485 non
655 3442 761 3485 dm
885 3414 1039 3472 XII.
1086 3413 1364 3473 Rationes
1382 3422 1519 3472 sunt
1539 3409 1565 3473 ε’
1603 3416 1654 3471 l.
1680 3413 1829 3487 Quia
1852 3412 2055 3472 Gratia
2072 3415 2341 3473 salutaris
2363 3435 2480 3473 non
2500 3426 2700 3476 exten-

341 3503 550 3557 gratiam
591 3501 770 3569 sunffioi·
809 3494 966 3553 ditur
1013 3493 1166 3552 ultra
1220 3494 1551 3568 Decretum,
1603 3513 1735 3551 cum
1765 3493 1840 3551 sit
1888 3494 2016 3570 ejus
2071 3493 2326 3555 effectus.
2415 3496 2531 3556 Sed
2586 3517 2703 3556 non

342 3566 502 3604 eutem
526 3561 769 3605 ⁰¹¹²u¹b¹²³·
816 3574 1074 3634 decrevit
1104 3575 1283 3650 Deus,
1304 3583 1370 3633 ut
1399 3593 1599 3633 omnes
1642 3574 1887 3633 salutem
1943 3584 2402 3653 consequantur;
2447 3579 2584 3653 quia
2639 3589 2704 3638 ut

283 3655 327 3713 J
331 3653 576 3713 acobum
625 3653 849 3731 dilexit,
884 3655 1142 3716 Esavum
1165 3654 1298 3713 odio
1340 3654 1560 3714 habuit.
1649 3654 1733 3714 Ut
1760 3654 2042 3731 quosdam
2084 3656 2280 3732 elegit,
2312 3665 2370 3715 et
2390 3659 2587 3734 posuit
2627 3660 2701 3717 ad

284 3734 547 3808 salutem,
583 3734 676 3792 Ita
702 3736 849 3794 alios
892 3735 1240 3812 reprobavit,
1271 3743 1330 3793 et
1370 3735 1564 3812 posuit
1605 3735 1681 3793 ad
1725 3735 1906 3810 iram3
1952 3745 2017 3794 ut
2064 3745 2350 3795 certorum
2379 3738 2699 3814 miseretur,

283 3812 364 3870 ita
390 3812 536 3871 alios
564 3813 813 3888 indurat,
844 3815 1055 3891 quibus
1085 3815 1210 3872 dari
1238 3815 1483 3891 gratiam
1514 3814 1891 3874 sufficientem
1928 3834 2099 3872 nemo
2128 3816 2359 3874 dixerit.
2447 3817 2568 3876 Nec
2612 3837 2700 3876 re-

283 3892 421 3968 poni
450 3901 657 3967 potest,
693 3895 1004 3952 Decretum
1037 3895 1147 3952 Dei
1197 3914 1314 3952 non
1359 3914 1487 3953 esse
1530 3894 1878 3968 absolutum,
1928 3894 2031 3952 sed
2060 3914 2400 3971 suspensum
2432 3915 2506 3953 ex
2548 3897 2701 3956 bono

288 3971 386 4029 vel
415 3971 568 4028 malo
598 3991 708 4032 usu
734 3973 901 4031 liberi
930 3973 1168 4046 arbitrii,
1200 3973 1336 4048 quia
1363 3974 1545 4049 gratis
1593 3973 1935 4049 supponitur
1964 3972 2120 4049 quod
2150 3983 2237 4032 est
2264 3975 2323 4031 in
2366 3976 2702 4052 quaestione,

289 4060 349 4110 et
376 4050 531 4127 quod
564 4071 668 4109 suo
696 4052 825 4110 loco
854 4051 1249 4125 refutavimus,
1282 4072 1459 4128 quum
1488 4052 1559 4109 de
1602 4053 1851 4110 Decreto
1878 4053 2297 4129 reprobationis
2338 4055 2582 4131 egimus.

368 4131 559 4189 XIII.
605 4137 661 4189 2.
706 4132 855 4206 Quia
884 4131 1090 4190 Gratia
1129 4131 1422 4208 objectiva
1475 4139 1733 4206 externa,
1764 4151 1880 4189 non
1929 4141 2019 4190 est
2058 4134 2379 4192 communis
2416 4135 2703 4212 omnibus,

286 4222 556 4289 utsupra
584 4211 792 4270 visum.
879 4212 1038 4288 Ergo
1067 4210 1250 4269 multo
1298 4210 1490 4269 minus
1540 4211 1864 4288 subjectiva
1906 4220 1964 4270 et
2011 4212 2252 4271 interna.
2339 4214 2496 4272 Hinc
2543 4216 2705 4276 Deus

284 4293 496 4352 dicitur
550 4292 856 4370 praeteritis
912 4291 1179 4350 aetatibus
1229 4291 1436 4350 sivisse
1493 4291 1714 4350 Gentes
1771 4291 1891 4350 suis
1945 4292 2198 4369 ipsarum
2253 4294 2366 4353 viis
2416 4295 2700 4372 incedere,

287 4373 423 4431 Act.
454 4374 575 4431 xiv.
611 4377 702 4447 16,
754 4373 909 4449 quod
959 4371 1148 4430 adhuc
1194 4371 1332 4430 facit
1378 4372 1439 4429 in
1482 4371 1706 4446 TurciS,
1754 4372 1948 4430 Persis
1997 4381 2055 4431 et
2106 4373 2287 4431 Indis.
2374 4374 2517 4449 Quis
2562 4397 2703 4436 vero

287 4451 502 4510 dixerit
559 4454 821 4512 Gratiam
866 4452 1242 4512 sufficientem
1288 4452 1412 4510 dari
1454 4451 1542 4527 iis,
1573 4471 1721 4528 quos
1753 4453 1913 4511 Deus
1943 4452 2080 4511 sinit
2128 4454 2210 4513 ire
2253 4454 2364 4513 viis
2414 4456 2552 4532 suis,
2602 4458 2705 4517 ubi

288 4531 613 4590 dissimulat
636 4542 894 4611 tempora
913 4533 1257 4610 ignorantiae
1278 4536 1306 4591 P

372 4611 552 4669 XIV.
599 4615 654 4671 3.
700 4614 848 4687 Quia
876 4614 1020 4672 fides
1062 4634 1177 4672 non
1220 4621 1309 4672 est
1337 4613 1609 4687 omnium,
1643 4618 1679 4669 2
1711 4614 1914 4671 Thess.
1948 4613 2026 4670 iii.
2059 4619 2113 4689 2,
2146 4615 2249 4673 scd
2278 4624 2501 4674 tantum
2533 4618 2702 4677 Elec-

291 4699 496 4766 torum,
518 4692 632 4750 Tit.
662 4693 700 4750 i.
730 4697 779 4768 1,
812 4714 1009 4753 eorum
1028 4694 1265 4769 scilicet,
1292 4694 1392 4770 qui
1409 4693 1654 4753 ordinati
1679 4693 1902 4752 fuerant
1931 4691 2006 4752 ad
2034 4695 2213 4754 vitam
2243 4706 2530 4773 aeternam,
2564 4699 2701 4759 Act.
