3221 5200
558 329 673 385 572
1403 343 1582 384 Locus
1612 343 1872 383 nncmus
1903 343 2141 383 ssx'rus.
2598 319 2906 402 [Quaesrs
2920 343 3023 382 m.

550 485 645 542 tine
677 482 878 541 infusae
908 483 1305 558 obtinendum,
1338 493 1402 543 ut
1431 504 1548 541 non
1577 484 1753 542 alium
1783 484 1842 541 in
1869 486 2042 542 finem
2073 483 2374 559 imputatio
2402 481 2514 539 ista
2541 483 2662 556 fiat,
2696 504 2892 559 quam
2928 484 3015 542 ad

548 562 983 640 promerendam
1012 564 1180 622 nobis
1210 564 1454 640 gratiam
1484 563 1750 638 infusam,
1796 564 1961 638 cujus
1996 564 2209 621 virtute
2238 582 2346 621 nos
2393 561 2502 637 ipsi
2555 561 2787 638 Legem
2841 584 3011 640 prae·

550 652 784 715 stamus,
818 652 875 701 et
896 644 957 700 in
998 644 1166 701 nobis
1187 643 1337 716 justi
1360 643 1784 719 justificamur,
1853 644 1936 702 Ut
1965 643 2236 719 Vasques
2254 643 2293 700 l.
2325 642 2420 701 cit.
2457 662 2505 699 c.
2546 641 2626 698 iii.
2679 642 3006 702 observat-

552 722 723 781 Unde
755 723 1077 781 Bonavent.
1109 724 1168 780 in
1199 726 1253 781 3.
1290 722 1448 780 Sent.
1486 722 1637 779 Dist.
1672 724 1763 781 19.
1811 743 1867 799 q.
1903 725 1953 780 1.
1985 731 2161 798 negat
2179 722 2572 780 causalitatem
2598 722 3000 797 justificatio·

549 803 658 876 nis,
692 823 793 860 seu
822 802 1177 861 remissionis
1205 809 1589 878 peccatorum,
1613 803 1855 877 proprie
1883 802 2190 860 convenire
2219 802 2390 859 morti
2435 809 2534 859 aut
2562 803 3004 861 resurrectioni

552 883 783 958 Christi,
818 883 921 940 sed
949 891 1170 940 tantum
1216 900 1320 957 per
1368 883 1593 938 modum
1623 882 1809 938 meriti
1850 882 2273 954 intervenientis,
2333 879 2490 957 quod
2542 879 2851 939 reducitur
2913 883 3002 940 ad

550 982 782 1020 causam
811 961 1181 1034 materialem,
1214 960 1512 1018 formalem
1541 969 1734 1019 autem
1765 980 1891 1019 esse
1936 962 2137 1020 statuit
2167 961 2503 1019 charitatem
2531 959 2804 1017 infusam.
2886 962 2995 1019 Ex

550 1042 759 1118 quibus
788 1049 1014 1100 constat
1042 1040 1135 1098 hic
1164 1041 1360 1116 quaeri,
1395 1039 1492 1097 An
1522 1041 1564 1099 J
1568 1041 1768 1099 ustitia
1811 1049 1869 1099 et
1909 1041 2238 1099 Satisfactio
2289 1040 2503 1098 Christi
2551 1039 2633 1096 ita
2662 1039 2839 1097 nobis
2869 1041 2995 1098 irn-

548 1129 822 1197 putentur
849 1141 883 1178 a
915 1122 1056 1195 Deo,
1089 1128 1154 1178 ut
1200 1120 1315 1179 sint
1364 1120 1593 1178 unicum
1651 1120 2088 1179 fundamentum
2135 1129 2194 1178 et
2221 1140 2396 1178 causa
2441 1119 2750 1192 meritoria,
2805 1122 2994 1197 cujus

549 1201 727 1257 solius
756 1199 968 1258 intuitu
997 1220 1187 1258 coram
1220 1201 1345 1258 Deo
1367 1200 1724 1259 absolvimur
1741 1220 1776 1257 a
1803 1200 2071 1277 peccatiS,
2093 1209 2151 1259 et
2178 1200 2222 1260 J
2227 1220 2293 1258 us
2311 1199 2386 1258 ad
2414 1200 2593 1259 vitam
2617 1199 2990 1260 obtinemus,

548 1279 889 1336 Adversarii
918 1289 1150 1356 negant,
1186 1281 1306 1338 Nos
1335 1279 1700 1339 affirmamuS.

629 1358 808 1415 XIV.
855 1359 986 1416 Non
1015 1379 1160 1435 opus
1190 1368 1277 1416 est
1306 1369 1514 1433 autem,
1546 1369 1612 1417 ut
1640 1379 1974 1418 moneamus
2028 1379 2131 1437 per
2152 1359 2441 1436 justitiam
2487 1358 2701 1417 Christi
2728 1379 2844 1417 nos
2874 1361 2985 1419 hic

546 1457 663 1494 non
684 1437 1004 1513 intelligere
1021 1440 1311 1496 Justz'tiam
1336 1440 1705 1496 Essentialem
1725 1441 1843 1498 Dei
1866 1440 1926 1496 in
1955 1440 2122 1498 nobis
2150 1440 2524 1513 habitantem,
2547 1447 2612 1497 ut
2641 1441 2985 1499 somniabat

551 1517 831 1577 Osiander
885 1537 1015 1575 cum
1076 1517 1482 1591 SwenkfeldiO,
1541 1537 1838 1594 opponens
1895 1538 1955 1576 se
2015 1521 2294 1578 Stancaro
2368 1519 2620 1595 Collegae
2678 1538 2802 1593 suc,
2864 1522 2978 1596 qui

548 1597 837 1655 Christum
870 1595 1248 1655 Mediatorem
1279 1605 1501 1655 tantum
1531 1597 1883 1673 agnoscebat
1928 1598 2242 1657 secundum
2295 1599 2573 1657 Naturam
2611 1598 2974 1674 humanam;

546 1677 647 1753 qui
676 1697 832 1735 error
858 1677 1077 1754 pridem
1128 1678 1403 1753 explosus
1432 1685 1490 1734 et
1536 1697 1668 1734 cum
1717 1679 1956 1736 authore
2007 1698 2111 1736 suo
2141 1679 2328 1755 periit.
2415 1678 2563 1752 Quia
2590 1697 2708 1734 non
2762 1692 2977 1754 posset

546 1757 648 1814 illa
668 1758 898 1834 justitia
946 1757 1113 1816 nobis
1144 1757 1462 1833 subjective
1492 1765 1551 1815 et
1581 1757 1895 1815 formaliter
1936 1759 2361 1832 communicari,
2415 1757 2572 1833 quod
2599 1766 2688 1815 est
2714 1759 2973 1817 attribu-

546 1845 669 1894 tum
698 1837 1001 1896 essentiale
1035 1838 1161 1912 Dei,
1214 1837 1354 1913 quin
1386 1837 1485 1894 Dii
1540 1857 1769 1913 quoque
1826 1857 2103 1895 essemus,
2189 1839 2266 1896 Et
2327 1838 2622 1913 Scriptura
2669 1837 2972 1913 justitiam
3041 1852 3048 1857 ·

548 1917 761 1974 Christi
790 1938 918 1994 quae
946 1917 1114 1974 nobis
1144 1917 1471 1993 imputatur,
1502 1917 1717 1994 passim
1768 1917 1939 1975 refert
1968 1917 2042 1975 ad
2082 1917 2465 1976 obedientiam
2493 1918 2631 1975 vitae
2660 1926 2719 1974 et
2738 1920 2971 1993 passio-

544 2016 677 2054 nem
707 1997 924 2072 mortiS,
957 2017 1072 2072 qua
1098 1996 1393 2072 respondit
1424 1997 1570 2073 Legi
1599 2005 1657 2054 et
1685 1996 1934 2074 perfecte
1963 2017 2088 2055 eam
2139 1997 2418 2074 implevit.
2505 1997 2627 2054 Nec
2656 1997 2707 2055 si
2735 1997 2974 2057 infinita

535 2076 765 2152 justitia
793 2097 937 2154 opus
965 2076 1336 2149 habebamus,
1368 2075 1569 2135 debuit
1617 2096 1742 2135 esse
1771 2078 1903 2135 talis
1948 2077 2215 2152 essentia,
2274 2077 2376 2135 sed
2424 2085 2647 2135 tantum
2675 2077 2872 2135 valore
2904 2089 2974 2137 et

543 2156 766 2214 merito.
855 2157 918 2215 Si
948 2156 1211 2214 Christus
1240 2165 1328 2214 est
1354 2154 1398 2211 J
1401 2156 1587 2214 ehova
1607 2157 1837 2233 justitia
1865 2165 2077 2233 nostra,
2110 2165 2167 2215 et
2197 2158 2245 2216 si
2275 2157 2459 2215 factus
2503 2165 2592 2215 est
2640 2156 2809 2214 nobis
2829 2157 2967 2233 jus-

541 2235 670 2293 titia
698 2257 732 2294 a
763 2236 951 2307 Patre,
982 2237 1093 2294 hoc
1122 2256 1235 2294 non
1266 2236 1476 2295 dicitur
1503 2245 1768 2313 respectu
1787 2237 2032 2314 justitiae
2070 2237 2410 2310 essentialis,
2464 2236 2567 2294 sed
2594 2236 2968 2313 obedientiae,

542 2335 671 2392 quae
702 2317 869 2375 nobis
897 2318 1213 2393 imputatur
1240 2316 1315 2374 ad
1333 2315 1657 2392 justitiam3
1708 2338 1837 2393 quae
1887 2317 2097 2375 dicitur
2115 2317 2344 2393 justitia
2375 2317 2502 2390 Dei,
2534 2316 2670 2392 quia
2696 2325 2785 2374 est
2818 2316 2968 2374 Per-

544 2415 699 2452 sonae
728 2396 958 2471 divinae,
990 2405 1161 2472 atque
1208 2396 1337 2454 ideo
1385 2395 1594 2453 infiniti
1643 2397 1874 2470 valoris,
1920 2404 1978 2455 et
2006 2416 2136 2472 quae
2171 2396 2295 2454 Deo
2342 2415 2561 2454 summe
2591 2405 2754 2471 grata
2781 2405 2874 2454 est
2901 2407 2970 2455 et

541 2484 793 2551 accepta.
861 2478 974 2534 Per
999 2476 1149 2534 hanc
1178 2485 1370 2534 autem
1394 2475 1683 2551 justitiam
1712 2476 2089 2552 intelligimus
2108 2483 2287 2534 totam
2311 2475 2696 2534 obedientiam
2720 2475 2991 2550 Christi,

540 2561 657 2611 tam
688 2556 840 2630 vitae,
873 2576 1046 2632 quam
1075 2556 1291 2630 mortiS,
1324 2564 1440 2614 tam
1479 2554 1746 2631 activam,
1778 2575 1950 2633 quam
1998 2555 2307 2632 passivam,
2338 2565 2403 2615 ut
2432 2574 2605 2633 supra
2648 2555 2964 2632 probatum

540 2642 629 2689 est
658 2633 795 2692 Loc.
829 2636 1007 2693 XIV.
1040 2636 1107 2709 Q.
1142 2637 1234 2694 13.
1854 2676 1867 2687 ·
2252 2644 2255 2648 ’

537 2749 746 2795 Justitia
776 2754 1017 2807 imputata
1143 2716 1288 2772 XV.
1336 2715 1505 2773 Hanc
1535 2725 1727 2775 autem
1759 2716 1971 2774 Christi
1999 2716 2301 2775 Justitiam
2346 2736 2472 2774 esse
2515 2716 2960 2774 fundamentum

666 2811 926 2865 probatum
1061 2802 1117 2849 et
1146 2812 1374 2851 causam
1426 2795 1774 2854 meritoriam
1802 2804 2012 2853 nostrae
2049 2796 2497 2871 justificationiS,
2546 2795 2865 2853 Probamus
2897 2798 2957 2854 1.

539 2869 580 2915 1-
614 2870 689 2914 Ex
714 2868 853 2912 Rom.
877 2881 918 2911 v.
950 2866 1021 2923 18,
1065 2871 1212 2944 Quia
1241 2872 1410 2930 unius
1434 2874 1649 2932 Christi
1669 2874 1900 2950 justitia
1918 2884 1976 2932 et
1998 2875 2326 2934 obedientia
2347 2876 2492 2951 justi
2521 2875 2965 2935 constituimur:

746 2924 817 2971 19.
1052 2954 1086 2983 “
1114 2952 1277 3010 Sicut
1304 2972 1407 3029 per
1433 2973 1605 3012 unam
1653 2952 1986 3029 offensam,'’
2039 2955 2227 3032 inquit
2275 2955 2508 3028 Paulus,
2562 2955 2730 3013 Rom.
2761 2975 2818 3011 v.
2856 2956 2954 3030 18,

547 3034 638 3103 19,
675 3031 786 3088 “in
811 3050 1009 3091 omncs
1047 3032 1308 3091 homines
1336 3032 1411 3090 ad
1443 3034 2038 3106 condemnationem,’'
2069 3035 2290 3111 supple,
2315 3035 2477 3092 venit
2505 3042 2714 3107 reatuS,
2751 3035 2878 3091 “ita
2898 3039 2961 3088 δι’

540 3122 621 3173 1235
646 3118 962 3180 δικαιώματος,
993 3134 1093 3190 per
1122 3134 1292 3172 unam
1313 3114 1619 3190 justitiam,
1653 3115 1710 3170 in
1740 3134 1938 3172 omnes
1965 3116 2226 3173 homines
2256 3114 2328 3171 ad
2363 3114 2834 3191 justificationem
2862 3114 2957 3169 vi-

538 3194 668 3266 tae‚”
700 3191 919 3269 supple,
952 3194 1297 3252 redundavit
1327 3194 1685 3253 beneficium.
1773 3197 1807 3227 “
1834 3194 1916 3253 Ut
1944 3195 2096 3252 enim
2130 3214 2232 3270 per
2258 3194 2429 3252 unius
2477 3193 2725 3251 hominis
2753 3193 2956 3250 inobe-

539 3271 813 3329 dientiam
843 3283 1172 3348 peccatores
1202 3283 1335 3333 sunt
1363 3275 1662 3333 constituti
1689 3274 1856 3332 multi
1881 3297 1895 3333 ε
1941 3274 2034 3332 Ita
2073 3294 2174 3350 per
2196 3274 2366 3331 unius
2394 3273 2778 3331 obedientiam
2800 3273 2954 3348 justi

539 3351 959 3409 constituentur
1007 3353 1231 3411 multi.'’
1322 3354 1438 3411 Ubi
1468 3354 1686 3411 clarum
1732 3362 1820 3412 est
1875 3354 2085 3430 opponi
2113 3361 2153 3408 ἵν
2171 3364 2492 3427 πρόπωμα,
2544 3372 2717 3411 unam
2762 3362 2951 3409 trans·

538 3430 909 3504 gressionem‚
944 3439 999 3484 m
1022 3438 1307 3499 διωιύμπι,
1334 3433 1433 3489 uni
1455 3433 1717 3508 justitias,
1750 3442 1807 3491 et
1834 3432 2280 3491 inobedientiam
2327 3433 2497 3491 unius
2534 3432 2800 3505 hominis,
2833 3451 2953 3507 qua

537 3507 799 3564 homines
827 3518 1156 3582 peccatores
1186 3518 1243 3566 et
1271 3511 1353 3565 rei
1382 3512 1810 3570 constituuntur
1837 3532 2027 3569 eoram
2049 3513 2174 3570 Deo
2193 3532 2294 3588 per
2316 3512 2470 3569 illius
2492 3512 2678 3588 culpae
2698 3511 2950 3587 imputa·

539 3585 770 3658 tionem,
796 3586 965 3642 unius
996 3587 1208 3644 Christi
1239 3588 1597 3663 obedientiae,
1622 3611 1737 3666 qua
1768 3591 1953 3648 Electi
1984 3593 2409 3651 constituuntur
2435 3592 2599 3668 justi,
2630 3591 2708 3648 id.
2732 3591 2945 3667 justifi-

537 3673 740 3723 cantur
757 3683 947 3721 coram
970 3666 1111 3740 Deo,
1135 3684 1249 3722 non
1268 3666 1464 3741 utique
1484 3688 1585 3742 per
1596 3670 1989 3743 inhaesionem,
2006 3672 2106 3728 sed
2119 3691 2218 3747 per
2239 3672 2693 3748 imputationem.
2729 3675 2780 3728 1.
2797 3669 2950 3743 Quia

534 3744 706 3803 unius
735 3752 897 3803 actus
919 3765 1033 3803 non
1056 3752 1246 3822 potest
1262 3744 1386 3802 fieri
1408 3747 1673 3822 plurium,
1700 3750 1812 3806 nisi
1829 3769 1930 3824 per
1946 3750 2400 3826 imputationem.
2431 3755 2486 3808 2.
2519 3751 2669 3824 Quia
2698 3757 2944 3817 tenax-pm,

538 3845 653 3902 quo
683 3825 885 3884 nititur
912 3831 1133 3886 δικαίωσις
1162 3832 1293 3890 ζωῆς,
1342 3826 1652 3902 perfectam
1682 3838 1738 3887 et
1786 3829 2110 3887 absolutam
2151 3831 2437 3906 justitiam
2486 3830 2756 3907 postulat,
2788 3830 2948 3906 quod

536 3907 607 3964 de
632 3906 859 3982 justitia
886 3905 1199 3965 inhaerente
1229 3907 1343 3966 diei
1371 3907 1586 3984 n'equit.
1633 3912 1688 3967 3.
1721 3909 1868 3983 Quia
1897 3918 2183 3982 κατάκριμα,
2237 3910 2329 3968 cui
2386 3910 2693 3986 opponitur
2719 3914 2945 3969 Saul-m

536 3994 665 4051 ζωῖς,
719 4005 830 4042 non
862 3994 950 4042 est
978 3995 1140 4044 actus
1168 3988 1462 4065 physicae,
1494 3987 1598 4045 sed
1625 3987 1867 4046 forensis
1905 3997 1964 4047 et
1984 3988 2296 4065 judicialis.
2382 3990 2623 4047 'Frustra
2669 3988 2942 4047 Bellarm.

533 4064 660 4122 vult
690 4064 1088 4123 Obcdientiam
1119 4068 1329 4125 Christi
1360 4087 1484 4125 esse
1529 4067 1763 4143 quidem
1819 4087 2050 4127 causam
2105 4067 2444 4127 efficientem
2490 4068 2941 4144 justificationiS,

534 4144 635 4202 sed
664 4164 779 4201 non
808 4144 1121 4218 formalem,
1148 4156 1211 4204 ut
1260 4147 1648 4206 inobedientia
1687 4146 1902 4204 Adami
1957 4167 2062 4204 nos
2104 4148 2402 4206 constituit
2449 4158 2794 4226 peccatoreS,
2824 4167 2944 4206 non

533 4223 862 4297 formaliter,
898 4223 999 4281 sed
1027 4224 1351 4283 efficienter.
1439 4227 1587 4300 Quia
1614 4246 1729 4284 non
1770 4227 1964 4302 agitur
1990 4226 2061 4284 de
2107 4226 2392 4286 infusione
2430 4228 2689 4305 justitiae,
2722 4246 2822 4285 seu
2851 4247 2940 4285 re-

530 4302 857 4377 novatione,
890 4313 953 4361 ut
975 4305 1095 4377 jam
1126 4304 1341 4363 dictum
1367 4328 1380 4380 3
1431 4306 1547 4364 Sed
1589 4306 1661 4364 de
1691 4305 2098 4364 constitutione
2135 4307 2402 4383 juridica,
2448 4327 2575 4383 quae
2605 4326 2722 4363 non
2749 4315 2942 4381 potest

530 4382 653 4440 fieri
681 4382 791 4439 nisi
822 4403 923 4459 per
950 4384 1400 4460 imputationem,
1434 4406 1563 4442 cum
1594 4385 1669 4443 sit
1690 4385 1933 4462 justitiae
1962 4385 2183 4458 alienae,
2214 4406 2331 4444 non
2359 4387 2621 4464 propriae.
2710 4386 2940 4445 Deinde

527 4464 649 4539 ipse
681 4461 1069 4520 Bellarminus
1097 4464 1445 4522 contrarium
1474 4472 1718 4523 testatur
1737 4465 1837 4522 lib.
1868 4465 1946 4522 iv,
1978 4464 2048 4522 de
2073 4465 2292 4523 Amiss.
2325 4468 2462 4525 Gra.
2488 4486 2611 4542 cap.
2641 4467 2733 4538 10,
2757 4484 2939 4541 quum

527 4542 608 4599 ait
640 4545 675 4575 ‘⁸
697 4541 1001 4599 Peccatum
1037 4542 1251 4599 Adami
1279 4543 1359 4601 ita
1387 4545 1632 4618 posteris
1680 4544 1965 4621 imputari,
2019 4563 2085 4602 ac
2136 4545 2185 4602 si
2215 4565 2412 4604 omnes
2455 4546 2606 4603 idem
2636 4554 2941 4621 peccatum

524 4620 1033 4697 patravissemus.’'
1120 4622 1195 4679 Et
1223 4621 1324 4680 lib.
1377 4643 1432 4680 ν.
1481 4643 1603 4699 cap.
1661 4629 1751 4700 17,
1803 4624 2168 4682 “Peccatum
2220 4625 2434 4683 Adami
2480 4624 2943 4686 communicatur
