3221 5200
732 1145 1080 1222 LOCUS
1161 1146 1664 1225 DECIMUS
1744 1148 2290 1236 QUARTUS.

427 1464 572 1553 DE
658 1463 1155 1557 OFFICIO
1238 1464 1748 1571 CHRISTI
1835 1466 2615 1565 MEDIATORIO.

1156 1988 1543 2064 QUAESTIO
1590 1988 1882 2048 PRIMA.

730 2151 858 2216 Quo
897 2169 1059 2208 sensu
1099 2170 1298 2208 nomen
1338 2150 1678 2208 Mediator-is
1724 2147 1946 2207 Christo
1987 2151 2309 2224 competat!

395 2311 444 2368 I.
489 2310 803 2386 Postquam
847 2307 920 2365 de
948 2309 1203 2366 Persona
1232 2316 1291 2365 et
1327 2309 1493 2366 Statu
1523 2306 1739 2366 Christi
1778 2305 1996 2365 dictum
2025 2314 2151 2381 est;
2196 2307 2334 2366 Jam
2364 2308 2436 2367 de
2467 2311 2592 2387 ejus
2627 2315 2726 2388 Of-

292 2393 434 2470 ficio
455 2389 817 2462 Mediator-io,
848 2396 1081 2463 propter
1107 2386 1263 2463 quod
1291 2387 1476 2445 factus
1505 2396 1595 2446 est
1640 2386 1964 2465 &adrogas-05,
1996 2395 2054 2445 et
2093 2386 2378 2462 duplicem
2411 2390 2601 2449 subire
2632 2393 2728 2454 de-

312 2471 439 2530 buit
473 2471 714 2544 Statum,
747 2467 1035 2544 agendum
1065 2476 1170 2524 est.
1273 2466 1394 2526 Ubi
1423 2468 1606 2543 primo
1636 2467 1883 2525 occurrit
1925 2465 2306 2544 expendenda
2352 2468 2444 2526 vis
2482 2472 2731 2533 nominis

310 2550 665 2626 Mediator-2⁸3,
697 2546 854 2627 quod
884 2547 1030 2605 solet
1063 2545 1120 2603 in
1149 2546 1259 2604 hoc
1289 2548 1522 2624 negotio
1552 2547 1639 2606 illi
1666 2546 1858 2606 tribui.

914 2628 999 2685 11.
1039 2627 1345 2700 Mediator,
1377 2628 1476 2704 qui
1496 2632 1692 2703 μισίτιις
1718 2626 1872 2704 apud
1892 2626 2146 2702 Graecos,
2163 2646 2197 2685 a
2215 2629 2395 2687 medio
2408 2628 2729 2691 deducitur.

308 2696 786 2802 Μίἶὶὲἓοήῇθάἶὲὃξ
828 2708 905 2765 Et
924 2707 972 2766 is
989 2707 1170 2783 vulgo
1192 2705 1419 2781 dicitur,
1440 2709 1540 2783 qui
1561 2708 1787 2766 medius
1808 2707 2057 2765 estinter
2074 2714 2265 2782 partes
2288 2708 2651 2786 dissidente8‚
2673 2720 2732 2771 et

365 2821 467 2863 tm..
827 2788 928 2865 qui
1007 2785 1258 2862 μισ-πώεα,
1310 2787 1595 2863 siquidem
1657 2788 1949 2845 blediator
2016 2807 2127 2845 non
2176 2795 2256 2844 est
2314 2789 2492 2863 unius,
2536 2799 2603 2848 ut
2651 2791 2733 2851 ait

832 2868 1061 2943 Apost.,
1109 2867 1241 2925 Gal.
1286 2866 1366 2923 iii.
1428 2869 1524 2941 20,
1586 2866 1691 2924 sed
1758 2866 2007 2943 plurium
2068 2865 2216 2924 inter
2274 2886 2336 2925 se
2379 2870 2728 2928 contenden-

307 2947 470 3019 tium,
515 2946 591 3003 ad
631 2966 730 3004 eos
785 2947 1006 3004 scilicet
1053 2945 1526 3004 reconciliandos,
1615 2945 1787 3003 Unde
1852 2945 2060 3002 Suidas
2099 2947 2293 3019 peno-hm
2333 2948 2587 3023 explicat
2627 2970 2730 3025 per

307 3026 597 3105 ὶιςυοποιὶυ.
682 3024 912 3081 Dicitur
939 3033 997 3081 et
1041 3024 1267 3081 Latinis
1295 3024 1604 3098 sequester,
1649 3043 1764 3099 qua
1796 3042 1939 3080 voce
1968 3023 2150 3080 utitur
2177 3025 2418 3082 Tertull.
2449 3027 2728 3088 adversus

309 3106 593 3164 Praxeam
623 3103 699 3160 ad
726 3101 1150 3179 designandum
1180 3102 1491 3160 Christum.
1536 3103 1646 3160 Est
1674 3110 1866 3159 autem
1899 3101 2224 3176 Sequenter,
2257 3103 2356 3177 qui
2385 3105 2609 3163 medius
2638 3116 2727 3166 est

304 3186 457 3243 inter
499 3183 645 3241 duos
707 3181 1066 3254 altercante8‚
1113 3188 1171 3238 et
1233 3180 1387 3255 apud
1448 3201 1621 3258 quem
1670 3199 1762 3238 res
1802 3178 2036 3257 ponitur
2076 3179 2149 3236 de
2191 3199 2307 3256 qua
2349 3186 2724 3244 controverti-

305 3275 443 3339 tur;
490 3262 584 3322 Ita
626 3262 814 3320 dictus
856 3280 892 3319 a
933 3259 1243 3337 sequendo,
1288 3259 1446 3336 quod
1485 3259 1659 3318 fidem
1702 3259 1828 3337 ejus
1855 3265 2095 3335 uterque
2137 3259 2605 3320 contendentium
2636 3284 2723 3322 se-

340 3352 527 3404 uatur.

300 3367 340 3424 q
385 3424 506 3482 ΙΙΙ.
553 3423 637 3483 Ut
665 3429 858 3480 autem
888 3418 1102 3477 Christi
1144 3420 1439 3495 Mediatio,
1493 3418 1740 3496 spectari
1786 3426 1994 3495 potest,
2041 3418 2137 3475 vel
2179 3417 2398 3478 ratione
2426 3418 2718 3499 Personoe,

301 3505 400 3563 vel
427 3503 648 3563 ratione
684 3500 879 3573 officii,
910 3499 1007 3556 vel
1035 3509 1319 3574 quatenus
1366 3499 1579 3559 medius
1607 3507 1713 3573 est,
1744 3498 1841 3556 vel
1868 3497 2005 3574 quia
2024 3499 2236 3556 mediat
2251 3522 2276 3570 ;
2318 3498 2475 3558 Hinc
2505 3501 2716 3562 factum

299 3593 367 3644 ut
409 3604 446 3641 a
488 3581 832 3660 quibusdam
883 3578 1164 3638 Mediatio
1211 3579 1274 3637 in
1321 3580 1466 3638 duas
1508 3579 1730 3656 species
1759 3577 2031 3636 distincta
2059 3578 2151 3653 sit,
2182 3598 2424 3655 quarum
2452 3582 2712 3661 primam,

298 3663 713 3723 ncbsmntialem
733 3660 1022 3732 dixerunt,
1052 3678 1157 3735 per
1184 3679 1356 3736 quam
1387 3659 1651 3718 Christus
1679 3657 1904 3716 medius
1932 3666 2020 3716 est
2048 3657 2197 3716 inter
2226 3658 2414 3718 Deum
2444 3669 2501 3719 et
2530 3663 2712 3721 homi-

302 3762 453 3816 nem,
485 3742 722 3799 alteram
750 3758 888 3798 vero
916 3739 1191 3811 efficacem
1234 3748 1292 3798 et
1335 3739 1700 3815 operativam,
1730 3757 1836 3815 per
1875 3757 2045 3814 quam
2092 3738 2309 3796 Munus
2338 3739 2450 3797 sibi
2477 3761 2512 3798 a
2542 3742 2714 3803 Patre

303 3820 710 3878 demandatum
739 3818 1060 3893 exequitur.
1107 3818 1220 3877 Illa
1245 3827 1410 3877 notat
1437 3827 1650 3877 statum
1681 3817 1967 3891 Personae,
2001 3817 2124 3875 Ista
2151 3818 2276 3894 ejus
2305 3821 2711 3893 operationem.

303 3901 419 3959 Illa
461 3898 729 3957 unionem
773 3906 1121 3972 naturarum,
1175 3898 1298 3956 Ista
1342 3897 1529 3957 Officii
1577 3896 1976 3955 executionem
2020 3896 2081 3952 in
2131 3896 2385 3954 Persona
2427 3897 2711 3976 designat.

306 3979 424 4039 Sed
477 3978 633 4056 prior
676 3976 793 4051 illa,
824 3984 890 4034 ut
933 3976 1122 4035 minus
1151 3977 1395 4054 propria,
1446 3997 1482 4036 a
1523 3976 1693 4034 nobis
1724 3976 1821 4034 hic
1848 3995 1965 4033 non
1992 3975 2322 4049 attenditur,
2348 3975 2452 4034 sed
2480 3975 2710 4038 demum

300 4059 601 4140 posterior,
632 4077 762 4134 quae
790 4063 879 4113 est
904 4055 1080 4131 hujus
1108 4055 1240 4114 loci.

581 4201 591 4211 ,
685 4199 696 4210 ‚
902 4134 1015 4192 IV.
1059 4135 1348 4194 Mediator
1393 4156 1533 4213 ergo
1583 4134 1846 4194 Christus
1872 4133 2100 4212 proprie
2141 4133 2352 4192 dicitur
2377 4144 2507 4193 actu
2528 4143 2586 4194 et
2613 4156 2710 4196 ex·

299 4201 436 4251 0⁰⁰²
464 4200 620 4302 ¹¹23}ss
651 4199 780 4243 ‘²¹⁰⁸’
821 4214 1029 4289 ercitio,
1060 4214 1197 4291 quia
1225 4214 1489 4275 Officium
1536 4213 1877 4273 Mediatoris
1918 4222 2165 4287 exercet,
2195 4213 2271 4271 ad
2299 4214 2568 4272 unionem
2598 4216 2712 4275 Dei

822 4303 881 4353 et
909 4294 1227 4353 Hominum
1256 4315 1292 4353 a
1340 4314 1401 4354 se
1445 4294 1694 4353 invicem
1723 4301 1955 4370 propter
1994 4300 2292 4369 peccatum
2321 4303 2711 4369 separatorum

297 4375 726 4435 instituendam.
773 4375 858 4435 Ut
885 4394 1024 4434 vero
1054 4375 1343 4433 Mediator
1370 4374 1519 4434 inter
1564 4373 1827 4431 homines
1869 4371 2176 4448 multiplex
2202 4380 2308 4445 est,
2339 4372 2435 4430 vel
2461 4393 2563 4450 per
2590 4394 2710 4434 mo-

299 4455 437 4514 dum
465 4456 609 4514 meri
631 4456 993 4529 Inter-nuncii,
1024 4456 1125 4531 qui
1152 4455 1432 4531 interpres
1476 4462 1565 4513 est
1606 4452 1906 4529 utriusque
1949 4451 2146 4528 parthe,
2197 4452 2485 4528 quomodo
2515 4454 2714 4515 Moses

301 4534 590 4593 Mediator
631 4534 840 4594 dicitur
883 4535 943 4592 in
995 4534 1195 4595 Veteri
1238 4535 1626 4607 TestamentO,
1658 4531 1794 4609 quia
1841 4532 2032 4591 stabat
2077 4531 2302 4590 medius
2345 4532 2495 4591 inter
2524 4534 2712 4594 Deum

301 4624 359 4673 et
387 4615 679 4691 populum,
703 4616 875 4674 Deut.
907 4636 964 4672 v.
996 4617 1050 4689 5,
1073 4616 1166 4674 vel
1194 4634 1298 4691 per
1325 4613 1560 4672 modum
1589 4612 1823 4687 Arbitri,
1844 4612 1945 4689 qui
1973 4633 2008 4670 a
2033 4609 2398 4689 litigantibus
2427 4612 2709 4690 seligitur,
