3221 5200
507 295 620 357 132
1432 307 1616 360 Locus
1644 312 2004 359 usnscmus.
2454 291 2703 378 [QUAEST.
2735 312 2906 357 xxrv.

501 456 833 537 posthabito
876 455 1233 534 paedagogiae
1280 457 1516 535 Legalis
1559 459 1768 537 rigore,
1810 459 2199 518 characterem
2228 457 2364 516 Vet.
2395 456 2573 532 Test.,
2604 457 2706 534 qui
2748 457 2808 515 in
2837 477 2909 516 eo

502 539 867 617 potissimum
896 538 1176 612 consistit,
1222 557 1338 595 non
1365 550 1800 616 assequeretur:
1847 541 1940 597 lta
1979 540 2079 617 qui
2106 538 2354 615 legalem
2397 538 2636 595 nimium
2679 547 2908 615 urgent,

503 618 773 695 neglecta
798 626 857 676 et
884 637 999 674 non
1029 617 1170 676 satis
1208 638 1464 695 expensa
1493 619 1868 696 Evangelica,
1913 619 2155 696 gratiam
2190 618 2302 676 Dei
2331 618 2439 676 sub
2483 617 2583 675 illa
2611 617 2907 694 dispensa-

504 699 660 756 tione
690 717 815 756 sese
844 706 1175 756 exerentem
1203 717 1320 755 non
1362 718 1562 775 parum
1605 699 1929 772 obscurare,
1975 707 2033 757 et
2072 699 2309 758 Patrum
2336 697 2508 756 fidem
2540 706 2598 756 et
2639 697 2910 756 solatium

502 777 675 835 nimis
704 776 1024 854 deprimere
1073 785 1132 836 et
1159 777 1414 836 minuere
1443 778 1732 837 videntur.
1818 778 1990 838 Unde
2016 778 2208 836 media
2234 778 2330 836 hic
2358 777 2455 835 via
2483 777 2772 836 tutissima
2799 785 2907 851 est,

501 867 569 916 ut
595 866 904 934 utrumque
934 857 1102 915 istam
1133 859 1300 933 σχέο-ιν
1342 859 1417 917 ob
1462 859 1661 917 oculos
1691 877 1916 935 semper
1958 858 2308 933 habeamus;
2354 857 2435 916 ita
2462 866 2656 915 tamen
2684 867 2749 916 ut
2796 857 2908 914 Le-

505 938 655 1014 galis
699 937 936 995 inferior
964 936 1056 1011 sit,
1104 958 1234 1015 quae
1264 939 1589 997 subserviat
1633 938 2023 1016 Evangelicae,
2071 947 2131 996 et
2169 938 2343 996 finem
2383 937 2576 995 minus
2619 937 2908 1030 principa-

503 1019 619 1077 lem
647 1018 828 1077 totius
844 1017 1289 1094 dispensationis
1319 1019 1485 1076 istius
1512 1018 1815 1095 respiciat3
1862 1018 2219 1095 Evangelica
2235 1037 2375 1075 vero
2401 1018 2688 1094 primaria,
2708 1026 2909 1094 utpote

505 1118 634 1178 quoe
663 1096 1015 1175 praecipuum
1045 1097 1157 1156 Dei
1186 1107 1244 1157 et
1270 1098 1641 1156 ultimatum
1626 1118 1687 1155 m
1715 1099 1827 1156 ista
1854 1098 2173 1157 oeconomia
2200 1097 2371 1155 finem
2401 1097 2708 1156 contineat.

587 1177 779 1235 XIII.
825 1177 982 1235 Hinc
1010 1196 1127 1236 non
1174 1186 1366 1255 potest
1393 1178 1657 1237 absolute
1700 1178 1814 1236 dici
1859 1178 2076 1256 Legem
2122 1177 2576 1236 caeremonialem
2605 1198 2680 1235 ex
2721 1176 2809 1234 ira
2847 1175 2909 1234 in

505 1257 649 1316 iram
678 1257 872 1315 datam
901 1276 1045 1331 esse,
1090 1257 1164 1316 ad
1193 1257 1612 1334 obsignandam
1662 1266 1722 1317 et
1763 1257 2196 1335 aggravandam
2241 1258 2478 1315 Patrum
2509 1258 2617 1316 sub
2645 1266 2806 1315 reatu
2849 1265 2910 1314 et

507 1337 872 1395 execratione
921 1337 1294 1413 servitutem3
1341 1347 1398 1396 et
1428 1337 1708 1395 sacrificia
1734 1358 1839 1414 pro
1866 1346 2103 1415 peccato
2132 1357 2248 1396 non
2276 1337 2496 1395 fuisse
2481 1357 2542 1394 ιιι
2570 1336 2905 1410 remedium,

508 1416 611 1475 sed
641 1417 701 1475 in
745 1416 1227 1493 chirographum;
1273 1425 1331 1475 et
1360 1417 1569 1475 similia
1605 1417 1668 1474 id
1710 1437 1912 1493 genus,
1943 1418 2155 1493 quibus
2195 1418 2355 1493 rigor
2393 1417 2749 1494 paedagogiae
2797 1416 2907 1473 Le-

508 1497 659 1573 galis
704 1496 1048 1573 exponitur:
1096 1496 1258 1555 Licet
1307 1497 1460 1555 euim
1506 1516 1647 1555 sano
1690 1516 1863 1555 sensu
1900 1497 2023 1555 haec
2067 1496 2182 1555 dici
2225 1506 2468 1573 possunt
2507 1496 2699 1573 quoad
2744 1498 2914 1571 effla»

505 1577 755 1654 legalem
784 1576 1022 1653 praecise
1049 1577 1111 1634 in
1140 1597 1202 1635 se
1231 1576 1667 1650 consideratam,
1699 1596 1805 1635 nee
1827 1576 2006 1635 ullam
2033 1578 2194 1635 litem
2224 1577 2356 1635 ideo
2377 1576 2649 1635 fratribus
2669 1596 2910 1635 moven-

508 1656 642 1714 dam
671 1676 1052 1730 censeremus,
1098 1656 1147 1714 si
1176 1676 1244 1715 ea
1272 1666 1360 1714 est
1388 1657 1642 1733 ipsorum
1671 1677 1870 1716 mens:
1913 1677 2030 1715 non
2071 1666 2314 1734 possunt
2341 1666 2532 1715 tamen
2561 1657 2824 1716 absolute
2853 1666 2914 1717 et

508 1737 847 1814 simpliciter
872 1737 1066 1815 recipi,
1113 1737 1160 1794 si
1190 1737 1543 1795 caeremoniae
1587 1746 1917 1814 spectentur
1943 1738 2122 1796 relate
2164 1737 2239 1795 ad
2279 1736 2446 1813 σχίσιν
2474 1738 2909 1815 Evangelicam,

508 1837 543 1876 a
571 1838 687 1894 qua
714 1837 830 1875 non
860 1817 1072 1876 debent
1099 1836 1354 1893 unquam
1382 1817 1602 1875 divelli.
1688 1817 1834 1874 Nam
1875 1817 1924 1874 si
1952 1838 2152 1876 verum
2182 1826 2287 1892 est,
2332 1829 2396 1876 ut
2423 1819 2622 1894 negari
2651 1838 2766 1876 non
2808 1839 2911 1896 po-

506 1905 639 1973 test,
701 1898 890 1955 Deum
940 1898 1048 1956 sub
1097 1897 1214 1955 illis
1263 1896 1604 1954 adumbrare
1656 1905 1713 1955 et
1762 1897 2069 1973 obsignare
2116 1898 2286 1956 nobis
2333 1897 2588 1957 voluisse
2635 1898 2915 1975 mysteria

510 1978 887 2055 Evangelica,
929 1986 986 2037 et
1016 1978 1259 2054 gratiam
1289 1977 1593 2035 salutarem
1630 1976 1860 2050 Christi,
1906 1977 2063 2054 quod
2090 1977 2262 2036 toties
2290 1987 2350 2037 et
2378 1987 2494 2036 tam
2523 1998 2794 2054 expresse
2823 1979 2910 2036 in·

508 2059 697 2117 culcat
729 2058 1090 2135 Apostolus
1076 2078 1135 2115 m
1166 2057 1430 2135 Epistola
1451 2056 1532 2114 ad
1562 2056 1862 2131 Hebraeos,
1903 2066 1961 2114 et
1990 2058 2285 2135 Typorum
2313 2078 2379 2116 ac
2413 2059 2913 2117 sacramentorum

507 2138 656 2198 ratio
684 2140 794 2197 hoc
824 2138 1146 2197 necessario
1188 2137 1407 2213 exigit;
1453 2136 1756 2211 Quomodo
1788 2137 1911 2196 Lex
1942 2138 2054 2196 ista
2090 2158 2163 2195 ex
2195 2139 2278 2194 ira
2306 2138 2366 2194 in
2393 2138 2535 2195 iram
2578 2146 2768 2214 potest
2796 2138 2915 2197 dici

509 2218 662 2294 data,
693 2227 751 2277 et
779 2218 854 2276 ad
882 2218 1305 2295 obsignandum
1336 2237 1402 2276 ac
1431 2215 1868 2294 aggravandum
1916 2217 2152 2276 Patrum
2180 2226 2401 2275 reatum
2430 2226 2488 2276 et
2527 2218 2863 2277 servitutem
2884 2222 2915 2277 Ρ

510 2298 610 2357 An
639 2319 767 2376 quoe
797 2306 913 2357 tam
959 2307 1187 2376 gratum
1234 2307 1292 2356 et
1320 2318 1558 2356 suavem
1606 2317 1775 2355 usum
1804 2297 2023 2370 habuit,
2071 2297 2131 2354 in
2173 2305 2291 2355 tam
2335 2297 2540 2355 durum
2570 2307 2629 2356 et
2671 2318 2912 2374 gravem

507 2379 682 2437 finem
725 2379 1011 2437 censenda
1052 2387 1141 2437 est
1188 2378 1369 2436 data?
1449 2377 1530 2436 Et
1577 2378 1628 2435 si
1677 2376 1957 2435 sacrificia
2003 2377 2186 2453 ipsam
2225 2377 2611 2454 expiationem
2661 2377 2914 2436 futuram

510 2459 741 2533 Christi,
786 2458 860 2516 ad
886 2458 1285 2516 liberationem
1321 2458 1445 2534 jam
1476 2466 1597 2516 tum
1627 2456 1931 2532 efficacem,
1964 2457 2366 2533 obsignabant,
2392 2457 2681 2534 quomodo
2711 2459 2912 2517 dicun·

509 2546 604 2597 tur
644 2538 1069 2597 incumbentem
1117 2537 1386 2595 Patribus
1427 2545 1650 2595 reatum
1692 2537 2047 2615 obsignasse,
2093 2557 2224 2596 cum
2263 2537 2507 2596 molesta
2543 2538 2914 2598 conscientiis

509 2619 951 2697 exprobratione
971 2622 1000 2678 ἲ

592 2699 772 2756 XIV.
818 2699 939 2758 Nec
967 2699 1156 2758 evinci
1197 2709 1390 2777 potest
1417 2699 1703 2759 contraria
1731 2700 2031 2776 sententia,
2052 2701 2168 2760 Vel
2196 2721 2271 2759 ex
2299 2721 2368 2760 eo
2396 2701 2553 2778 quod
2584 2701 2709 2759 Lex
2738 2720 2912 2759 voca·

511 2788 605 2838 tur
616 2780 825 2857 jugum
848 2780 1188 2853 ἀβάστακτον,
1217 2781 1351 2840 Act.
1373 2801 1472 2839 xv.
1501 2784 1603 2854 103
1637 2780 1785 2855 Quia
1805 2781 1916 2839 hoc
1939 2781 2284 2857 intelligitur
2303 2780 2375 2839 de
2401 2781 2558 2859 Lege
2582 2781 2638 2838 in
2663 2801 2725 2839 se
2748 2800 2913 2858 spec-

508 2868 631 2918 tata
660 2861 919 2936 opposite
949 2861 1022 2918 ad
1069 2861 1473 2938 Evangelium,
1522 2881 1639 2937 quo
1668 2880 1840 2919 sensu
1885 2861 2265 2919 ministerium
2311 2869 2400 2919 est
2442 2861 2644 2919 mortis
2672 2869 2731 2920 et
2775 2881 2914 2919 con-

510 2939 910 3014 demnationis,
956 2939 1113 3017 quod
1139 2940 1444 2999 laboriosis
1486 2941 1988 2999 observationibus
2023 2941 2298 2999 onerabat
2338 2941 2752 3013 conscientias3
2795 2960 2915 2998 non

510 3020 582 3079 de
611 3041 680 3079 ea
714 3021 1084 3080 subordinate
1126 3021 1200 3079 ad
1244 3021 1649 3098 Evangelium,
1695 3040 1810 3097 quo
1849 3041 2020 3079 sensu
2058 3020 2168 3079 fuit
2208 3020 2564 3097 paedagogus
2601 3019 2676 3078 ad
2719 3020 2914 3079 Chris·

509 3110 650 3169 tum,
699 3102 831 3161 Gal.
863 3102 942 3159 iii.
975 3106 1090 3177 243
1137 3100 1250 3160 Vel
1293 3101 1450 3179 quod
1495 3122 1598 3178 per
1642 3121 1827 3178 egena
1870 3110 1928 3159 et
1969 3100 2196 3158 infirma
2236 3100 2522 3159 elementa
2566 3100 2766 3159 mundi
2810 3100 2912 3159 de-

509 3182 795 3257 scribitur,
829 3183 961 3241 Gal.
993 3182 1071 3240 iv.
1102 3184 1157 3250 9,
1202 3182 1414 3260 quibus
1442 3182 1646 3240 tribuit
1689 3181 2025 3258 Apostolus,
2073 3180 2227 3238 Heb.
2257 3179 2356 3238 vii.
2394 3183 2484 3254 18,
2529 3184 2584 3239 τὶ
2617 3182 2796 3244 αέα-θεὰς
2824 3184 2917 3239 καὶ

509 3266 748 3332 ἇνυφιλές
774 3286 787 3321 :
833 3262 981 3337 Quia
1012 3262 1228 3320 Paulus
1256 3283 1371 3320 non
1400 3262 1660 3338 loquitur
1688 3261 1759 3319 de
1790 3260 2145 3319 caeremoniis
2174 3260 2233 3317 in
2262 3260 2522 3337 legitimo
2552 3281 2658 3319 suo
2685 3281 2794 3319 usu
2836 3282 2915 3319 ex

513 3344 624 3401 Dei
654 3344 920 3401 instituto
951 3342 1058 3399 sub
1089 3342 1163 3399 V.
1195 3342 1282 3414 T.‚
1316 3341 1418 3399 sed
1449 3341 1520 3399 de
1552 3342 1668 3399 illis
1704 3342 1827 3418 jam
1859 3340 2155 3416 abrogatis
2183 3348 2240 3398 et
2269 3340 2545 3399 emortuis
2586 3360 2688 3417 per
2717 3340 2916 3399 Chris-

509 3432 651 3495 tum,
696 3422 792 3479 vel
841 3422 899 3477 in
948 3440 1008 3478 se
1050 3420 1427 3478 consideratis
1484 3430 1652 3479 extra
1699 3421 1950 3497 typicam
1995 3420 2347 3492 relationem,
2393 3420 2671 3496 separatis
2713 3420 2836 3479 scil.
2880 3441 2921 3479 a

513 3501 760 3573 Christo,
805 3507 976 3576 prout
1023 3519 1122 3557 eas
1149 3500 1534 3576 respiciebant
1574 3501 1618 3560 J
1623 3500 2003 3573 udai'zante33
2049 3499 2162 3557 Vel
2205 3499 2362 3575 quod
2405 3500 2529 3557 Lex
2574 3499 2785 3558 dicitur
2810 3500 2917 3558 ha-

510 3580 707 3637 buisse
749 3578 1010 3636 umbram
1054 3578 1372 3637 futurorum
1421 3579 1720 3654 bonorum,
1773 3600 1887 3638 non
1926 3580 2107 3657 ipsam
2151 3599 2340 3637 rerum
2382 3578 2711 3656 imaginem,
2759 3579 2916 3640 Heb.

511 3679 572 3716 x.
608 3662 637 3715 1
667 3682 681 3718 ι
726 3658 875 3733 Quia
904 3667 1138 3731 certum,
1186 3658 1535 3735 Apostolum
1574 3660 1736 3737 loqui
1779 3660 1850 3717 de
1883 3660 2041 3736 Lege
2069 3659 2130 3715 in
2160 3678 2221 3718 se
2265 3667 2525 3735 spectata
2557 3659 2914 3736 simpliciter,

514 3739 750 3797 seorsim
782 3759 816 3796 a
846 3738 1074 3797 Christo
1105 3739 1444 3813 Mediatore,
1490 3759 1605 3815 quo
1636 3759 1808 3798 sensu
1838 3759 2006 3797 nemo
2035 3748 2212 3815 negat
2238 3737 2507 3796 habuisse
2536 3748 2759 3797 tantum
2788 3759 2918 3797 um-

511 3819 674 3877 bram
703 3819 1043 3892 futurorum,
1068 3839 1174 3877 nec
1202 3819 1458 3896 potuisse
1482 3819 1716 3895 expiare
1746 3828 1983 3895 peccata
2003 3827 2062 3877 et
2090 3818 2445 3877 sanctificare
2467 3819 2879 3878 conscientiam
2902 3843 2918 3880 ε

517 3900 633 3959 Sed
660 3900 771 3959 hoc
798 3920 916 3957 non
945 3899 1139 3958 obstat
1159 3899 1466 3975 quominus
1494 3899 1746 3975 potuerit
1767 3898 1964 3957 referri
1992 3899 2067 3956 ad
2090 3898 2381 3956 Christum
2411 3897 2485 3955 ad
2514 3899 2642 3975 ejus
2670 3899 2919 3975 gratiam

511 3979 982 4054 adumbrandam,
1014 3980 1130 4038 imo
1158 3980 1337 4037 verba
1367 3978 1639 4055 Apostoli
1668 3999 1736 4037 eo
1765 3998 1871 4036 nos
1898 3978 2199 4036 manifeste
2229 3977 2462 4036 ducunt.

596 4060 740 4119 XV.
787 4061 919 4119 Non
960 4060 1167 4118 melius
1209 4058 1504 4135 colligitur
1541 4078 1615 4116 ex
1647 4058 1769 4117 Col.
1800 4058 1858 4115 ii.
1896 4061 1988 4131 14,
2032 4058 2131 4115 ubi
2173 4067 2417 4116 vocatur
2458 4056 2921 4135 Chirographum

508 4141 680 4199 nobis
722 4140 1064 4212 adversum,
1049 4162 1065 4176 ·
1109 4139 1267 4215 quod
1304 4139 1536 4197 videtur
1575 4147 1774 4197 notare
1814 4137 2275 4213 obsignationem
2316 4146 2376 4196 et
2415 4136 2923 4212 exprobrationem

511 4232 705 4279 reatus
747 4221 936 4278 adhuc
978 4219 1246 4278 fidelibus
1287 4218 1691 4277 incumbentis.
1777 4218 1925 4291 Quia
1965 4218 2075 4276 hoc
2124 4217 2335 4275 dicitur
2381 4225 2605 4275 tantum
2654 4227 2924 4292 respectu

513 4303 724 4376 σχέσεως
753 4301 1006 4378 Legalis,
1037 4317 1166 4376 quae
1195 4317 1559 4375 nequaquam
1600 4298 1684 4355 ita
1712 4297 1885 4355 debet
1911 4297 2121 4374 urgeri,
2166 4305 2233 4355 ut
2262 4296 2620 4373 Evangelica
2652 4296 2922 4355 oblitere-

515 4390 623 4451 tur,
656 4383 800 4439 alias
827 4399 1124 4458 perperam
1155 4378 1401 4437 dixisset
1444 4378 1662 4435 Paulus
1695 4377 2180 4436 circumcisionem
2205 4377 2389 4450 fitisse
2414 4377 2657 4451 sigillum
2682 4378 2926 4451 justittoe

494 4460 655 4538 fidei,
692 4461 858 4519 Rom.
889 4461 1084 4519 iv.11.
1135 4459 1325 4518 Juxta
1364 4458 1612 4536 priorem
1654 4456 1801 4515 bene
1845 4466 2037 4533 potest
2076 4456 2190 4514 dici
2233 4455 2411 4515 fuisse
2454 4456 2921 4533 chirographum,

514 4539 651 4615 quia
677 4539 738 4596 in
767 4560 835 4597 ea
863 4540 972 4599 fuit
999 4538 1284 4598 confessio
1310 4538 1533 4616 peccati
1563 4546 1622 4596 et
1642 4545 1851 4610 reatus,
1882 4556 2000 4596 non
2028 4536 2229 4595 aboliti
2257 4557 2361 4613 per
2387 4535 2655 4594 victimas
2680 4536 2924 4613 legales,

513 4625 579 4676 ut
605 4618 883 4696 patebat
867 4638 927 4676 ιιι
955 4619 1274 4695 iteratione,
1320 4617 1422 4678 sed
1451 4616 1721 4676 abolendi
1764 4636 1867 4693 per
1896 4616 2078 4675 solam
2110 4616 2324 4675 Christi
2352 4624 2629 4692 mortem;
2675 4615 2780 4675 sed
2820 4636 2928 4694 per
