3221 5200
366 354 593 403 QUAEs‘r.
626 337 741 418 nc]
1054 359 1130 397 DE
1161 358 1390 397 orricio
1421 357 1655 398 cums'rt
1688 321 2072 398 miserhomo.
2398 341 2405 342 ⁷
2651 346 2767 404 359

342 503 599 576 τιμαῖς,
636 497 788 554 Heb.
814 498 912 557 vii.
950 501 1040 573 16,
1070 502 1370 558 secundum
1399 501 1569 575 leyem
1589 499 1849 556 mandati
1871 500 2136 573 carnalis,
2168 499 2245 557 id.
2276 501 2453 559 variis
2481 502 2759 564 adhibitis

349 576 707 634 caeremoniis
754 579 1008 636 externis
1054 588 1111 637 et
1149 579 1555 655 corporalibuS,
1597 598 1726 654 quae
1775 577 2081 636 mutabiles
2110 588 2319 652 essent,
2352 589 2411 639 et
2438 581 2755 643 abolendae.

351 654 468 711 Sed
508 655 662 713 istud
687 660 828 713 κατὰ
866 654 1065 733 δύναμιν
1105 659 1225 735 ζωῆς
1263 657 1591 716 &marazana
1634 677 1706 714 ex
1753 658 1810 714 vi
1852 657 2236 716 indissolubilis
2263 660 2403 734 view,
2437 659 2514 718 id.
2544 682 2660 720 non
2688 685 2758 722 ea

343 733 475 810 lege
505 745 562 792 et
591 736 798 811 omine,
831 747 894 795 ut
920 738 1091 814 paulo
1141 747 1270 816 post
1299 739 1607 797 moriturus
1641 736 2034 795 Sacerdotium
2064 737 2136 794 ad
2174 747 2436 814 posteros
2464 744 2753 802 transmit-

344 821 507 888 teret,
539 815 643 872 sed
673 816 892 874 coelesti
932 818 1144 876 virtute
1189 839 1290 895 per
1323 818 1598 895 Spiritum
1652 816 1710 874 S.
1757 824 2140 891 consecratus,
2173 826 2231 877 et
2271 818 2346 875 ad
2372 819 2754 881 immortalem

342 893 526 951 vitam
555 893 948 972 inauguratus,
983 905 1046 955 ut
1075 907 1226 956 esset
1260 897 1537 955 Sacerdos
1567 897 1627 953 in
1657 903 1948 954 aeternum.

944 977 1017 1034 V.
1065 979 1120 1034 3.
1197 977 1441 1035 Ratione
1512 976 1814 1049 Efficaciae,
1888 974 2213 1033 Leviticum
2289 975 2396 1036 fuit
2448 982 2624 1045 ἀσθενὲς
2693 991 2752 1041 et

862 1058 1118 1130 ἇνυφιλὲς,
1151 1056 1308 1132 quod
1336 1076 1439 1133 per
1485 1075 1546 1113 se
1596 1055 1813 1113 nullam
1863 1054 1982 1112 vim
2028 1054 2231 1114 habuit
2278 1055 2353 1113 ad
2398 1059 2749 1135 expiandum

861 1146 1158 1212 peccatum
1188 1145 1245 1194 et
1271 1135 1629 1212 purgandam
1659 1133 2083 1209 conscientiam,
2118 1135 2271 1193 Heb.
2310 1135 2391 1194 ix.
2428 1140 2517 1212 13,
2568 1142 2659 1214 14,
2690 1150 2750 1200 et

335 1230 395 1267 x.
421 1212 476 1268 3.
507 1216 563 1269 4.
650 1212 793 1271 Ideo
825 1215 950 1272 Lex
979 1215 1121 1272 nihil
1151 1235 1576 1273 consummasse
1606 1213 1832 1288 dicitur,
1866 1213 2019 1272 Heb.
2050 1214 2149 1272 vii.
2186 1217 2276 1273 19.
2363 1214 2448 1275 At
2476 1219 2632 1293 quod
2660 1219 2745 1277 in·

335 1309 587 1349 numerae
618 1311 732 1349 non
761 1303 1070 1370 potuerunt
1100 1294 1348 1353 victimae
1379 1295 1587 1371 saepius
1609 1294 1835 1362 oblatae,
1883 1293 1953 1349 Id
2003 1301 2236 1370 praestat
2257 1293 2426 1352 unica
2452 1297 2577 1356 haec
2607 1298 2744 1357 Vic-

334 1369 476 1427 tima
525 1372 704 1429 semel
753 1373 962 1447 oblata,
1009 1374 1163 1432 Heb.
1194 1395 1252 1432 x.
1302 1377 1393 1433 10.
1478 1373 1693 1433 Christi
1726 1371 2122 1432 Sacerdotium
2153 1373 2609 1435 efficacissimum
2637 1387 2741 1455 cst,

329 1456 454 1505 tum
483 1449 558 1507 ad
590 1452 1079 1529 justificationem,
1111 1474 1213 1530 per
1240 1455 1504 1513 meritum
1555 1451 1838 1510 infinitum
1872 1452 2114 1529 justitiae
2158 1473 2293 1528 suae,
2326 1461 2449 1512 tum
2476 1456 2552 1513 ad
2580 1477 2742 1517 sanc-

332 1527 721 1604 tificationem,
753 1552 855 1609 per
883 1533 1154 1591 virtutem
1187 1533 1451 1611 Spiritus,
1505 1532 1677 1592 Unde
1707 1531 1937 1609 rejectis
1958 1533 2227 1591 Victimis
2250 1534 2516 1594 omnibus
2537 1536 2729 1614 legali·

331 1607 441 1745 buji
479 1608 584 1744 hin
650 1610 763 1670 isto
846 1612 969 1671 solo
1042 1613 1334 1672 Sacrificio
1406 1612 1698 1689 acquievit
1770 1612 1946 1686 Deus,
2009 1611 2161 1670 IIeb.
2228 1633 2288 1671 x.
2341 1616 2396 1688 6,
2456 1620 2509 1689 7,
2570 1618 2625 1691 8,
2684 1626 2742 1676 et

340 1690 368 1743 1
443 1708 477 1745 o
523 1732 536 1745 .
567 1688 604 1746 i.
638 1692 692 1747 7.

935 1770 1045 1829 VI.
1088 1774 1146 1831 4.
1192 1770 1438 1830 Ratione
1486 1770 1865 1845 Per-sectionis,
1900 1768 2047 1843 Quia
2095 1769 2245 1827 enim
2278 1770 2601 1830 Leviticum
2633 1771 2741 1831 fuit

329 1830 373 1875 4·
410 1831 809 1937 αἳῗζξθζῗῗῖθθ·
848 1849 1130 1925 inefficax,
1156 1851 1286 1909 ideo
1309 1850 1703 1927 imperfectum
1732 1850 1904 1908 etiam
1948 1848 2071 1922 fuit,
2104 1858 2338 1908 eatenus
2370 1859 2433 1908 ut
2462 1851 2740 1909 sacrificia

679 1926 690 1944 ’
852 1929 1052 1988 eadem
1082 1930 1405 2006 quotanniS,
1438 1939 1494 1988 et
1543 1929 1800 2006 quotidie
1832 1927 2092 1986 iteranda
2120 1937 2328 2003 essent,
2364 1929 2515 1987 Heb.
2547 1951 2604 1987 x.
2643 1934 2734 1989 11.

331 2003 447 2062 Sed
474 2007 611 2082 quia
642 2008 1037 2067 Sacerdotium
1062 2010 1273 2068 Christi
1303 2010 1515 2067 valoris
1544 2018 1602 2068 et
1630 2007 1893 2066 efficaciae
1924 2007 2031 2066 fuit
2059 2007 2313 2083 infinitae,
2349 2008 2490 2067 Ideo
2518 2009 2735 2086 perfec·

325 2084 612 2144 tissimum
663 2097 720 2146 et
768 2089 1095 2147 absolutum
1145 2089 1411 2147 omnibus
1456 2089 1710 2146 numeris
1750 2087 1872 2159 fuit,
1905 2091 1984 2145 ita
2023 2095 2087 2144 ut
2116 2087 2330 2145 oblatio
2361 2088 2536 2146 semel
2566 2089 2733 2165 facta,

329 2162 523 2221 iterari
546 2187 654 2225 nec
681 2168 865 2244 possit
894 2189 1000 2228 nec
1030 2168 1253 2243 debeat,
1284 2178 1350 2227 ut
1378 2168 1501 2226 fuse
1532 2167 1701 2225 docet
1731 2167 1957 2242 Apost.,
1993 2166 2144 2224 Heb.
2175 2187 2233 2224 x.

929 2248 1077 2306 VII.
1123 2249 1387 2324 Denique
1416 2246 1607 2323 quoad
1629 2247 2021 2319 Durationem,
2056 2245 2380 2304 Leviticum
2410 2246 2561 2304 enim
2592 2255 2732 2305 tem-

843 2328 1039 2404 porale
1081 2326 1205 2401 fuit,
1251 2336 1374 2386 tum
1415 2335 1680 2403 respectu
1721 2325 1954 2398 ordinis,
1999 2324 2100 2401 qui
2140 2325 2214 2382 ad
2250 2335 2466 2385 certum
2511 2335 2732 2386 tantum

605 2463 612 2470 ,
844 2416 1071 2483 tempus
1100 2406 1299 2465 debuit
1327 2405 1548 2480 durare,
1581 2414 1639 2463 et
1666 2415 1866 2482 postea
1894 2404 2126 2478 aboleri,
2155 2405 2302 2463 Dan.
2334 2405 2414 2464 ix.
2447 2410 2540 2481 27,
2576 2406 2729 2465 Heb.

326 2480 426 2540 vii.
461 2479 553 2558 16,
580 2493 705 2543 tum
733 2493 996 2563 respectu
1026 2486 1423 2559 Personarum,
1453 2506 1583 2562 quae
1612 2484 1883 2543 mortales
1926 2504 2053 2541 cum
2085 2493 2293 2558 essent,
2326 2505 2440 2543 non
2469 2495 2732 2562 poterant

325 2561 425 2621 diu
472 2563 694 2641 durare,
747 2566 854 2641 sed,
897 2586 1041 2644 opus
1069 2567 1392 2625 habuerunt
1421 2565 1864 2639 successoribuS,
1896 2564 1996 2640 qui
2026 2564 2085 2622 in
2111 2564 2302 2623 locum
2331 2564 2730 2625 defunctorum

322 2644 710 2719 succederent,
755 2656 820 2705 ut
861 2647 933 2705 ab
990 2668 1104 2705 uno
1152 2646 1546 2705 Sacerdotium
1589 2645 2070 2704 transmitteretur
2110 2644 2184 2702 ad
2225 2643 2420 2703 alium.
2496 2645 2612 2703 Sed
2665 2654 2731 2705 ut

326 2721 588 2783 Christus
630 2726 969 2785 immortalis
1011 2734 1099 2785 est
1152 2735 1212 2785 et
1268 2726 1473 2783 vivens
1550 2726 1609 2783 in
1666 2725 1876 2799 secula,
1937 2724 2030 2782 Ita
2086 2733 2359 2782 aeternum
2412 2734 2469 2783 et
2516 2726 2725 2806 aia-agd-

321 2811 479 2869 βαιτον
507 2804 681 2864 habet
714 2806 1126 2881 Sacerdotium,
1159 2807 1215 2864 in
1247 2826 1360 2882 quo
1390 2826 1495 2864 nec
1525 2805 1883 2863 decessorem
1932 2804 2150 2878 habuit,
2183 2824 2287 2862 nec
2319 2824 2723 2881 successorem,

323 2882 591 2958 quodque
619 2904 735 2942 non
765 2884 935 2945 modo
983 2886 1044 2943 in
1072 2886 1236 2943 terris
1264 2885 1704 2958 administravit,
1737 2884 1841 2942 sed
1882 2892 1940 2942 et
1980 2884 2039 2940 in
2068 2883 2230 2941 coelis
2256 2892 2533 2960 perpetuo
2561 2904 2723 2942 exer·

324 2967 416 3016 cet
445 2979 668 3038 semper
694 2964 917 3037 vivens,
947 2973 1013 3021 ut
1041 2963 1364 3039 interpellet
1390 2983 1494 3039 pro
1523 2963 1708 3036 nobiS,
1742 2963 1894 3020 Heb.
1926 2963 2025 3019 vii.
2056 2966 2151 3035 24,
2184 2966 2279 3021 25.

325 3076 662 3122 Sacerdotium
686 3080 805 3124 Mel·
929 3042 1110 3099 VIII.
1155 3042 1425 3100 Alterum
1480 3040 1863 3099 sacerdotium
1914 3040 2188 3116 typicum,
2222 3040 2323 3098 sed
2378 3042 2723 3116 praecedenti

383 3134 622 3179 chisedeoi
658 3140 807 3191 qnod.
846 3119 1020 3195 longe
1062 3120 1443 3196 praestantiuS,
1476 3128 1534 3177 et
1563 3140 1597 3176 a
1629 3139 1743 3195 quo
1791 3119 2185 3177 Sacerdotium
2215 3118 2428 3176 Christi
2467 3120 2721 3178 denomi-
2796 3126 2797 3129 ’

386 3205 498 3235 ”³¹¹¹
537 3194 720 3238 fuerit?
852 3207 1036 3274 natur,
1070 3208 1158 3258 est
1201 3197 1803 3270 Melchisedecianum,
1836 3198 2000 3272 cujus
2028 3197 2324 3254 historiam
2354 3197 2607 3256 breviter
2633 3219 2723 3258 rc-

323 3275 463 3334 citat
493 3273 705 3348 Moses),
740 3277 888 3336 Gen.
917 3278 1039 3336 xiV.
1124 3278 1352 3354 Typum
1384 3276 1578 3335 David
1619 3297 1734 3334 uno
1766 3276 1941 3333 verbo
1986 3275 2221 3351 attingit
2251 3275 2403 3332 Psal‘.
2435 3296 2527 3334 cx.
2556 3279 2612 3351 4,
2664 3286 2725 3336 et

324 3354 644 3433 Apostolus
675 3354 855 3416 fusius
885 3357 1137 3434 explicat
1166 3358 1222 3414 in
1252 3357 1416 3433 epist.
1446 3356 1520 3413 ad
1573 3355 1871 3430 HebraeOS,
1925 3354 2081 3432 quod
2135 3361 2535 3430 argumentum
2591 3376 2719 3415 cum

321 3438 397 3494 sit
440 3432 802 3514 δυστςμένιυτου
852 3437 1082 3495 difficile
1150 3437 1457 3513 explicatu,
1518 3436 1672 3493 Heb.
1716 3455 1772 3493 V.
1825 3438 1915 3509 11,
1974 3454 2081 3493 nec
2136 3433 2366 3492 aliunde
2428 3454 2599 3510 quam
2648 3436 2721 3494 ab

317 3516 443 3592 ipso
473 3515 570 3572 fax
601 3516 766 3575 nobis
809 3518 1056 3576 alluceat
1104 3516 1179 3574 ad
1227 3516 1484 3593 mysterii
1530 3515 1696 3574 istius
1744 3515 2006 3573 notitiam
2054 3513 2488 3590 assequendam,
2542 3515 2600 3572 in
2649 3516 2720 3574 iis

315 3597 438 3653 sine
495 3594 670 3653 dubio
716 3596 1195 3674 acquiescendum
1223 3597 1388 3655 nobis
1417 3605 1522 3671 est,
1554 3615 1682 3671 quae
1713 3595 1873 3653 Deus
1915 3596 2024 3652 hoc
2070 3594 2197 3652 loco
2245 3593 2412 3652 nobis
2456 3595 2721 3671 exposita

322 3668 523 3733 voluit.

331 1036 379 1081 3.
431 1037 604 1088 Quoad
664 1039 821 1086 effica-

508 1099 632 1142 ciam
651 1113 663 1152 ;

323 2306 368 2351 3.
425 2307 596 2358 Quoad
649 2312 804 2357 Dura·-

463 2369 659 2414 tionem.

923 3757 1039 3815 IX.
1088 3757 1170 3815 Ut
1224 3776 1362 3814 vero
1419 3753 1489 3813 de
1544 3774 1790 3831 persona
1844 3753 2063 3830 aliquid
2118 3752 2393 3827 dicamus,
2452 3754 2717 3829 quamvis

837 3835 1060 3893 facilius
1090 3837 1165 3894 sit
1186 3835 1375 3893 dicere
1397 3834 1526 3911 quis
1549 3854 1665 3891 non
1684 3834 1869 3907 fuerit,
1902 3853 2076 3909 quam
2098 3833 2226 3909 quis
2256 3831 2425 3889 fuerit
2459 3831 2713 3908 definire,

842 3915 1150 3991 Scripturae
1181 3915 1409 3973 silentio
1432 3913 1598 3971 nobis
1625 3914 1720 3970 hic
1749 3911 2173 3989 quodammodo
2204 3910 2497 3968 silentium
2534 3911 2717 3988 impo-

314 4002 503 4066 nente,
567 4000 625 4050 et
673 3992 908 4051 fibulam
953 3994 1269 4053 curiositati
1324 4002 1532 4052 nostrae
1579 3992 1889 4069 injiciente.
1998 3990 2191 4047 Primo
2245 3988 2362 4046 κατ’
2408 3987 2547 4068 ἔρα-ιι
2599 4011 2714 4048 non

313 4091 620 4147 possumus
650 4072 766 4129 illis
795 4075 1075 4148 assentiri,
1108 4075 1206 4150 qui
1237 4070 1743 4145 Melchisedecum,
1775 4089 1890 4127 non
1934 4070 2240 4141 homiuem,
2277 4069 2502 4126 sed‘vcl
2530 4068 2711 4145 Spiri-

310 4159 426 4210 tum
467 4154 752 4227 Sanctum,
802 4162 864 4211 ut
893 4161 1116 4211 veteres
1146 4153 1405 4211 nonnulli
1427 4151 1699 4225 haeretici,
1757 4149 1856 4225 qui
1885 4147 2371 4205 &selebi-sedeciam
2414 4157 2715 4224 propterea

312 4231 469 4307 dicti,
485 4232 556 4291 de
568 4232 777 4308 quibus
799 4233 1156 4309 Epiphanius
1180 4233 1236 4290 in
1254 4232 1429 4289 Pana.
1452 4231 1590 4288 haer.
1605 4231 1701 4303 55,
1723 4237 1780 4286 et
1802 4228 2001 4286 Sixtus
2020 4226 2151 4284 Sen.
2167 4226 2492 4285 Bibli0.lib.
2510 4231 2562 4301 5,
2579 4247 2710 4286 ann.

313 4314 406 4385 90,
433 4313 527 4370 vel
549 4313 729 4387 ipsum
743 4314 860 4370 Dei
878 4313 1101 4385 Filium,
1125 4332 1185 4371 se
1215 4312 1275 4368 in
1303 4312 1411 4369 hoc
1440 4309 1645 4368 futurae
1674 4307 2081 4366 incarnationis
2109 4305 2387 4384 praeludio
2417 4306 2711 4366 sistentem

313 4390 663 4465 AbrahamO,
690 4401 753 4450 ut
782 4392 966 4451 voluit
997 4393 1242 4450 Cunaeus
1261 4390 1330 4448 de
1357 4391 1502 4465 Rep.
1536 4388 1688 4445 Heb.
1718 4387 1818 4444 lib.
1851 4389 1905 4462 3,
1939 4407 1987 4445 c.
2019 4390 2075 4445 3.
2120 4386 2267 4460 Quia
2298 4389 2349 4444 1.
2383 4386 2512 4443 Non
2531 4388 2714 4463 major

310 4478 400 4526 est
430 4471 574 4527 ratio
614 4471 929 4547 symbolice
959 4470 1337 4548 ,intelligendi
1376 4487 1733 4545 quaecunque
1763 4465 1835 4523 de
1864 4486 1931 4524 eo
1980 4474 2323 4539 recensetur,
2373 4465 2521 4523 Gen.
2571 4468 2712 4542 xiv„

311 4568 483 4624 quam
513 4570 640 4626 quae
670 4550 991 4610 referuntur
1032 4551 1102 4609 de
1132 4551 1260 4609 aliis
1289 4549 1523 4625 regibus
1553 4546 1869 4605 Cananaeis.
1927 4551 1983 4603 2.
2015 4546 2213 4603 Moses
2268 4564 2435 4603 omne
2473 4545 2711 4604 dubium

312 4628 481 4686 nobis
523 4628 741 4705 eximit,
773 4651 903 4689 cum
947 4630 1134 4707 ipsum
1178 4651 1212 4687 a
1253 4628 1500 4703 nomine,
1532 4647 1566 4684 a
1608 4625 1762 4703 sede,
1793 4626 1921 4685 loco
1971 4625 2030 4683 in
2074 4624 2365 4684 Palestina
2393 4625 2710 4703 notissime,

318 3811 443 3861 Quis
484 3812 634 3856 suerit
675 3814 795 3859 Mel·

411 3870 724 3916 chisedecus?
