3221 5200
528 317 643 373 622
1323 333 1505 374 Locus
1537 334 1793 375 necinus
1824 334 2125 375 stri-ints.
2567 313 2815 397 [ραι-τ.
2850 336 2938 377 111.

525 492 630 533 suo
657 472 786 529 loco
828 471 1037 543 visum,
1081 491 1258 548 quum
1287 471 1358 530 de
1382 474 1642 532 clausula
1685 474 1948 532 Foedcris
2004 484 2212 532 actum.
2302 473 2465 531 Licet
2492 493 2631 532 vero
2665 474 2825 533 Deus
2853 496 2930 533 ex

521 549 797 629 peculiari
827 552 1012 627 gratia
1040 552 1164 608 haec
1192 552 1440 610 hominis
1470 553 1656 611 officia
1683 554 1826 612 velit
1854 573 1979 612 esse
2002 573 2105 610 sua
2124 552 2416 626 beneficia,
2442 572 2571 627 quse
2601 553 2659 610 in
2689 553 2806 611 illis
2828 574 2930 612 ex-

520 639 763 707 equatur
784 653 797 705 3
831 631 962 688 Non
992 630 1204 688 desinit
1232 641 1423 689 tamen
1446 632 1633 690 fidelis
1655 633 1729 690 ad
1757 631 1882 708 ejus
1905 632 2367 690 observationem
2390 631 2691 708 obstringi,
2717 633 2766 690 si
2787 634 2934 692 velit

521 710 803 768 bonorum
835 710 1097 768 Foederis
1125 729 1251 768 esse
1278 712 1580 788 particeps.

606 790 787 848 VIII.
835 790 919 849 Ut
946 799 1137 848 autem
1182 789 1484 864 promissio
1525 790 1726 866 gratiae
1768 789 1896 848 fluit
1923 811 1957 848 a
1983 790 2168 848 tribus
2200 790 2259 848 S.
2294 789 2352 848 S.
2383 788 2609 847 Triadis
2639 788 2932 861 Personis,

525 889 657 946 quse
686 889 884 927 omnes
911 869 987 927 ad
1015 889 1158 944 opus
1188 868 1624 944 Redemptionis
1646 879 2008 943 concurrunt,
2030 878 2087 927 et
2107 869 2453 946 peculiarem
2483 877 2641 938 σχίσιν
2668 869 2933 927 obtinent

524 968 629 1026 pro
670 950 842 1007 modo
884 946 1232 1024 operationis
1287 947 1492 1022 cuique
1535 949 1782 1025 proprio,
1831 949 2024 1006 Prima
2070 949 2304 1024 quidem
2345 947 2538 1004 Patris
2566 947 2628 1003 in
2656 947 2931 1006 familiam

528 1048 689 1086 suam
719 1048 824 1086 nos
852 1026 1196 1102 adoptantiS,
1233 1026 1498 1084 Secunda
1523 1030 1917 1103 Redemptor-is
1944 1037 2002 1086 et
2034 1029 2268 1103 Cupide,
2288 1026 2562 1103 populum
2585 1046 2750 1084 suum
2779 1027 2929 1085 redi·

523 1107 751 1177 mentis,
783 1114 840 1164 et
867 1105 928 1162 in
959 1104 1253 1162 Peculium
1297 1113 1356 1163 et
1399 1106 1620 1183 Corpus
1648 1107 1757 1165 sibi
1787 1108 2056 1180 unientis,
2087 1106 2283 1164 Tertia
2303 1105 2600 1163 Parae-leti
2624 1114 2682 1163 et
2708 1106 2928 1164 Sancti-

516 1186 783 1258 ficatoris,
814 1202 921 1240 nos
961 1183 1021 1240 in
1064 1184 1306 1260 Templa
1347 1185 1457 1242 sibi
1505 1187 1933 1245 consecrantis:
2000 1186 2092 1244 Ita
2119 1186 2431 1244 necessitas
2459 1184 2669 1260 triplex
2697 1185 2930 1261 exurgit

524 1263 714 1322 cultus
742 1271 801 1320 et
828 1262 1105 1338 obsequii,
1138 1271 1204 1321 ut
1231 1263 1405 1339 digne
1443 1265 1712 1322 vivamus
1743 1265 1909 1322 Filiis
1939 1265 2066 1339 Dei,
2100 1265 2380 1322 Membris
2410 1264 2639 1336 Christi,
2671 1272 2727 1321 et
2757 1264 2927 1321 Tem-

524 1343 636 1417 plis
678 1341 925 1416 Spiritus
978 1342 1192 1415 Sancti,
1241 1351 1306 1400 ut
1355 1343 1583 1399 Patrem
1627 1342 1929 1400 adoremus
1970 1352 2029 1401 et
2072 1344 2350 1418 ¹colamus,
2401 1347 2429 1399 1
2479 1343 2605 1401 Pet.
2636 1343 2673 1399 i.
2707 1345 2797 1415 15,
2832 1345 2924 1417 16,

528 1419 670 1477 Mal.
700 1419 737 1475 i.
786 1422 839 1491 6,
888 1419 1036 1494 Eph.
1068 1439 1124 1474 v,
1161 1422 1210 1491 1,
1256 1430 1321 1477 ut
1368 1420 1808 1494 Redemptorem
1841 1422 1946 1478 toti
1976 1422 2379 1497 glorificemuS,
2418 1426 2446 1478 1
2474 1423 2603 1480 Cor.
2633 1422 2712 1478 vi.
2741 1424 2834 1494 20,
2866 1430 2926 1480 et

521 1498 610 1555 illi
638 1498 955 1556 serviamus
977 1505 1039 1555 ut
1066 1497 1313 1572 populus
1343 1505 1575 1570 mecedem
1603 1505 1814 1561 ζηλωτὴς
1838 1506 1994 1551 2223·
2018 1508 2172 1570 req-2,
2197 1501 2310 1556 Tit.
2336 1501 2395 1558 ii.
2431 1503 2522 1573 14,
2554 1509 2620 1559 ut
2651 1500 2922 1578 Spiritum

523 1578 584 1634 in
611 1576 780 1634 nobis
806 1576 1159 1634 habitantem
1189 1594 1398 1651 magno
1441 1575 1633 1632 studio
1661 1593 2014 1648 veneremur,
2048 1585 2105 1633 et
2133 1578 2399 1635 viventes
2431 1580 2666 1654 Spiritu,
2712 1578 2924 1656 Spiritu

524 1657 698 1715 etiam
728 1655 1102 1726 ambulemus,
1129 1653 1260 1713 Gal.
1291 1675 1347 1711 v.
1378 1657 1472 1726 25,
1504 1673 1610 1711 nec
1639 1653 1939 1731 Templum
1983 1653 2110 1727 ejus
2139 1654 2405 1713 sordibus
2433 1658 2569 1716 ullis
2597 1659 2753 1716 infici
2780 1657 2925 1735 pati-

524 1756 704 1809 amur,
733 1739 761 1793 1
780 1736 910 1793 Cor.
934 1734 1011 1792 vi.
1042 1737 1131 1807 15,
1162 1737 1253 1792 19.
1299 1733 1467 1808 Quod
1490 1733 1548 1790 in
1573 1733 1871 1809 Baptismo
1893 1733 1952 1790 in
1974 1734 2202 1790 nomine
2220 1733 2398 1791 totius
2421 1735 2724 1795 Trinitatis
2746 1736 2927 1794 admi·

524 1816 784 1888 nistrat0,
815 1814 982 1872 nobis
1011 1813 1365 1890 obsignatur,
1410 1821 1470 1871 et
1520 1813 1751 1871 Unione
1791 1812 1972 1870 nostri
2002 1832 2130 1869 cum
2160 1812 2387 1870 Christo
2414 1824 2769 1889 procuratur,
2802 1835 2934 1892 quae

524 1916 663 1953 vera
685 1903 744 1953 et
772 1894 1039 1952 salutaris
1061 1912 1187 1950 esse
1209 1893 1425 1969 nequit,
1450 1892 1562 1949 nisi
1591 1891 2047 1950 conformitatem
2070 1912 2199 1950 cum
2228 1892 2351 1969 ipso
2380 1901 2510 1967 post
2538 1911 2600 1950 se
2623 1893 2835 1969 trahat,
2861 1893 2939 1952 ad

524 1994 697 2051 quam
727 1972 1117 2050 praedestinati
1159 1991 1373 2044 sumus,
1421 1971 1589 2029 Rom.
1623 1971 1741 2029 viii.
1773 1973 1868 2046 29,
1901 1980 1965 2029 ut
1993 1991 2121 2029 cum
2152 1971 2251 2028 illo
2274 1971 2581 2028 moriamur
2607 1982 2848 2045 peccato
2881 1983 2943 2033 et

525 2053 795 2112 vivamus
827 2053 969 2124 Dec,
1006 2052 1174 2109 Rom.
1197 2051 1275 2108 vi.
1305 2054 1395 2124 11,
1422 2058 1480 2108 et
1508 2051 1871 2108 ambulemus
1890 2050 2038 2108 sicut
2058 2051 2156 2108 ille
2185 2050 2518 2123 ambulavit,
2554 2053 2582 2107 1
2616 2049 2757 2108 Joh.
2788 2051 2854 2110 ii.
2881 2056 2939 2125 6,

522 2133 759 2209 ipseque
790 2131 850 2188 in
878 2131 1046 2189 nobis
1074 2139 1131 2187 et
1159 2130 1435 2187 formetur
1462 2138 1521 2187 et
1551 2129 1730 2203 vivat,
1764 2129 1895 2188 Gal.
1927 2128 1986 2187 ii.
2016 2132 2111 2204 20,
2137 2138 2196 2187 et
2222 2130 2300 2187 iv.
2328 2132 2421 2187 19.

937 2263 947 2273 ,
1131 2208 1249 2266 IX.
1294 2209 1506 2282 Terti0,
1552 2211 1788 2266 Verbum
1817 2209 1946 2278 Dei,
1992 2220 2093 2266 seu
2127 2210 2518 2285 Evanqelium,
2572 2208 2727 2284 quod
2767 2209 2943 2269 nobis

541 2261 587 2308 3.
614 2263 694 2308 Ab
714 2262 995 2319 Evangeho.
1050 2287 1396 2346 credendum
1425 2288 1778 2364 proponitur,
1799 2297 1864 2345 ut
1882 2286 2034 2359 fidei,
2061 2288 2271 2364 vitaeqe
2292 2288 2509 2364 regula,
2534 2287 2941 2346 necessitatem

522 2367 693 2426 istam
721 2387 839 2425 non
867 2367 1056 2425 minus
1085 2367 1317 2425 evincit.
1403 2368 1551 2441 Quia
1578 2386 1694 2423 non
1723 2375 1811 2424 est
1838 2366 2100 2424 doctrina
2119 2387 2273 2424 mere
2293 2367 2607 2441 theoretica,
2628 2386 2757 2442 quoe
2778 2367 2942 2426 inani

524 2447 852 2523 cognitione
902 2454 1151 2504 mentem
1193 2453 1407 2521 pascat,
1442 2446 1545 2503 sed
1576 2446 1843 2520 practica
1870 2465 1999 2520 quae
2027 2446 2383 2504 voluntatem
2430 2447 2615 2522 ipsam
2660 2445 2835 2503 afficit
2876 2456 2941 2506 et

523 2533 780 2598 renovat,
829 2545 957 2600 quse
1006 2524 1136 2582 ideo
1185 2523 1396 2582 dicitur
1441 2526 1775 2600 Mysterium
1812 2524 2058 2599 pietatis,
2106 2529 2134 2581 1
2169 2525 2317 2583 Tim.
2360 2525 2442 2582 iii.
2478 2528 2549 2583 16
2574 2546 2590 2600 3
2644 2524 2775 2581 Lux
2803 2543 2940 2600 quae

520 2605 906 2676 transformat,
963 2607 999 2660 2
1058 2605 1188 2661 Cor.
1247 2604 1325 2661 iii.
1387 2607 1459 2661 18
1493 2626 1507 2678 ;
1568 2605 1799 2662 Veritas
1854 2624 1983 2680 quae
2033 2605 2370 2678 sanctificat,
2435 2605 2478 2663 J
2483 2605 2576 2662 oh.
2634 2603 2775 2660 xvii.
2838 2607 2937 2680 17,

520 2702 649 2758 quae
679 2702 794 2739 non
838 2690 1062 2738 tantum
1091 2682 1393 2753 doctioreS,
1443 2682 1545 2739 sed
1589 2691 1649 2740 et
1695 2683 1962 2739 meliores
1990 2683 2195 2756 reddit,
2228 2683 2368 2741 Joh.
2401 2684 2523 2741 xiii.
2559 2686 2629 2739 17
2657 2704 2672 2757 3
2723 2682 2938 2741 Semen

518 2759 972 2836 regenerationis
1021 2767 1249 2829 nostrae,
1302 2760 1433 2817 Jac.
1465 2760 1501 2816 i.
1540 2762 1630 2833 18,
1662 2769 1720 2818 et
1753 2763 1778 2816 1
1833 2760 1954 2817 Pet.
1986 2762 2024 2817 i.
2055 2764 2171 2835 233
2220 2761 2346 2818 Lex
2395 2762 2643 2838 Spiritus
2685 2768 2742 2818 et
2772 2762 2933 2836 vitae,

523 2839 693 2897 Rom.
723 2837 845 2896 viii.
875 2842 930 2903 2,
964 2856 1091 2912 quae
1119 2856 1227 2894 nos
1264 2837 1562 2894 liberando
1591 2858 1626 2895 a
1657 2838 1814 2914 Lege
1842 2839 2064 2914 peccati
2092 2847 2151 2897 et
2179 2841 2396 2913 mortis,
2429 2860 2544 2898 non
2572 2839 2708 2897 facit
2737 2847 2935 2899 tamen

520 2919 775 2997 exleges,
829 2916 933 2976 sed
981 2916 1251 2992 subleges
1301 2916 1546 2991 Christo,
1595 2919 1623 2974 1
1660 2917 1788 2974 Cor.
1833 2917 1913 2975 ix.
1944 2922 2040 2990 21,
2087 2919 2220 2977 Gal.
2252 2919 2309 2977 ii.
2367 2922 2458 2977 19.
2546 2919 2635 2976 Eo
2678 2919 2939 2995 pertinet

518 3000 691 3059 etiam
720 2998 941 3075 Religio
968 3016 1139 3074 quam
1168 2995 1517 3073 profitemur,
1543 3017 1672 3072 quae
1695 3016 1810 3053 non
1831 3016 2043 3055 meram
2076 2998 2336 3056 veritatis
2364 2998 2775 3074 professionem
2797 3016 2943 3074 pos·

518 3079 684 3151 tulat,
731 3078 833 3137 sed
881 3077 1165 3155 praecipue
1194 3076 1425 3153 pietatis
1453 3085 1512 3135 et
1539 3076 1835 3136 charitatis
1879 3077 2121 3154 praxim,
2170 3079 2338 3136 Rom.
2368 3078 2426 3135 ii.
2458 3080 2552 3152 28,
2585 3080 2682 3150 29,
2727 3076 2859 3135 Jac.
2892 3078 2935 3137 i.

520 3163 616 3231 27,
652 3163 688 3193 “
713 3159 942 3237 Religio
992 3157 1359 3215 immaculata
1405 3157 1514 3215 Dei
1562 3157 1762 3231 nostri,
1813 3165 1903 3215 est
1950 3157 2185 3215 visitare
2229 3157 2436 3214 viduas
2463 3165 2524 3215 et
2551 3157 2839 3232 orphanos
2869 3157 2934 3215 in

520 3236 925 3297 afflictionibus
954 3237 1091 3310 suis,
1123 3245 1180 3294 et
1208 3236 1635 3295 immaculatum
1668 3256 1727 3295 se
1757 3258 1791 3294 a
1818 3236 2034 3294 mundo
2064 3237 2351 3294 servare.'’

1111 3315 1195 3373 X.
1221 3317 1454 3390 Quarto,
1469 3318 1662 3374 Status
1685 3316 1907 3375 Gratia*
1923 3325 1976 3373 et
1994 3316 2310 3387 Libertatis,
2336 3314 2394 3372 in
2417 3334 2586 3390 quem
2609 3314 2930 3391 Evangeli-

1036 3415 1134 3453 um
1153 3414 1259 3452 nos
1270 3394 1555 3465 transfert,
1578 3396 1685 3453 hoc
1697 3395 1966 3472 postulat.
1999 3394 2147 3468 Quia
2170 3394 2432 3452 Libertas
2450 3393 2763 3469 spiritualis
2785 3402 2877 3452 est
2895 3415 2930 3455 e

518 3472 695 3545 Legis
724 3472 1141 3544 maledictione,
1175 3473 1408 3530 Diaboli
1435 3474 1758 3548 tyrannide,
1804 3482 1863 3531 et
1911 3474 2140 3531 Peccati
2163 3475 2326 3549 jug0,
2359 3473 2460 3531 sed
2488 3492 2602 3530 non
2632 3472 2820 3531 carnis
2846 3472 2923 3530 li·

515 3549 736 3623 centia;
768 3569 897 3625 quae
925 3569 1032 3606 nos
1061 3568 1176 3606 non
1205 3552 1408 3608 eximit
1434 3553 1508 3608 ab
1537 3552 1865 3609 obedientia
1895 3552 2023 3625 Dei,
2055 3551 2158 3610 sed
2186 3552 2404 3610 fortiori
2432 3551 2666 3610 vinculo
2693 3569 2798 3608 nos
2827 3551 2920 3610 illi

515 3628 823 3703 obstringit
846 3649 860 3701 ;
885 3629 920 3659 “
943 3627 1196 3684 Liberati
1226 3649 1260 3684 a
1287 3632 1580 3703 peccat0,'¹
1602 3631 1790 3705 inquit
1813 3630 2046 3696 Paulus,
2081 3631 2248 3689 Rom.
2280 3632 2358 3688 vi.
2389 3635 2477 3705 18,
2513 3630 2715 3689 “servi
2741 3629 2918 3689 fimus

510 3707 805 3783 iustitiae,'’
851 3714 912 3765 et
956 3712 984 3762 1
1020 3706 1145 3763 Pet.
1176 3704 1233 3763 ii.
1269 3710 1359 3781 16,
1394 3709 1429 3739 ‘⁴
1451 3708 1616 3783 quasi
1644 3709 1836 3782 liberi,
1880 3709 1982 3766 sed
2030 3728 2144 3766 non
2193 3710 2358 3785 quasi
2386 3711 2653 3769 velamen
2677 3708 2917 3768 malitiae

512 3788 791 3847 habentes
818 3787 1160 3859 libertatem,
1192 3785 1295 3845 sed
1322 3787 1475 3844 servi
1498 3787 1669 3862 Dei,’'
1697 3789 1766 3845 In
1784 3789 1951 3865 cujus
1973 3788 2094 3846 scil.
2126 3789 2284 3846 cultu
2309 3809 2444 3846 vera
2460 3797 2658 3847 nostra
2675 3788 2918 3849 libertas

510 3868 699 3945 posita
726 3876 829 3943 est,
863 3868 997 3943 quia
1031 3867 1241 3925 servire
1282 3870 1408 3925 Deo
1455 3887 1697 3943 reynare
1744 3878 1840 3926 est.
1925 3868 2187 3927 Christus
2214 3868 2511 3927 liberando
2539 3888 2647 3927 nos
2674 3887 2710 3925 a
2733 3870 2915 3928 male-

511 3947 761 4005 dictione
790 3955 848 4005 et
876 3947 1065 4023 rigore
1088 3946 1282 4023 LegiS,
1313 3965 1428 4004 non
1455 3947 1663 4005 liberat
1688 3955 1879 4007 tamen
1910 3949 1983 4007 ab
2012 3948 2363 4024 obligatione
2391 3947 2750 4021 obedientiae,
2781 3966 2915 4023 quae

507 4026 975 4101 indispensabilis
1002 4033 1091 4084 est
1117 4045 1153 4083 a
1175 4026 1465 4085 Creatura.
1551 4025 1718 4084 Idem
1741 4028 1926 4104 exigit
1954 4028 2179 4100 Gratia,
2201 4047 2330 4103 quae
2350 4046 2466 4103 quo
2493 4028 2680 4105 major
2706 4034 2811 4101 est,
2843 4048 2916 4087 eo

506 4104 793 4162 efficacius
819 4105 895 4161 ad
922 4104 1331 4181 gratitudinem
1361 4106 1597 4182 obligat,
1650 4114 1716 4164 ut
1748 4127 1863 4164 non
1906 4116 2273 4165 convertatur
2300 4108 2359 4163 in
2388 4114 2653 4181 betarum,
2686 4106 2819 4165 Gal.
2850 4126 2908 4165 v.

507 4186 618 4257 133
663 4184 805 4242 Jud.
835 4187 891 4241 4.
924 4183 1027 4242 scd
1048 4191 1113 4241 ut
1141 4183 1215 4241 ad
1258 4185 1651 4243 sanctimoniae
1693 4185 1946 4243 studium
1977 4186 2269 4260 referatur,
2300 4185 2415 4243 Tit.
2441 4186 2499 4243 ii.
2537 4190 2628 4244 12.
2715 4185 2909 4260 Unde,

501 4262 669 4321 Rom.
701 4262 779 4319 vi.
828 4266 918 4337 14,
975 4264 1069 4331 15,
1111 4263 1334 4339 colligit
1363 4263 1571 4339 Apost.
1607 4284 1723 4322 non
1746 4284 1870 4323 esse
1900 4268 2236 4324 nmnendum
2271 4265 2329 4324 in
2349 4274 2600 4340 peccam,
2632 4265 2768 4342 quia
2796 4286 2912 4324 non

500 4360 688 4399 sumus
713 4342 811 4399 sub
838 4343 988 4418 Leqe
1012 4343 1115 4399 sed
1136 4344 1235 4400 sub
1268 4342 1497 4402 Gratia.

500 4463 545 4507 5.
561 4464 605 4512 A
625 4464 970 4511 Deibenefleus
1110 4420 1229 4479 XI.
1276 4422 1505 4497 Quinto,
1540 4423 1821 4501 Beneficia
1850 4423 2041 4481 omnia
2062 4423 2171 4483 Dei
2192 4444 2261 4483 eo
2280 4422 2540 4497 tendunt,
2566 4422 2690 4481 sive
2717 4423 2916 4499 quoad

948 4497 985 4508 ”
1028 4500 1377 4575 praeteritum
1420 4510 1751 4577 spectentur
1797 4503 1855 4559 in
1915 4503 2212 4562 Electione
2268 4512 2497 4577 aeterna,
2550 4502 2674 4561 sive
2718 4503 2919 4579 quoad

500 4591 753 4648 praesens
783 4575 840 4632 in
871 4577 1090 4652 Gratia,
1122 4578 1245 4636 sive
1273 4580 1464 4655 quoad
1485 4581 1739 4639 futurum
1769 4582 1827 4640 in
1851 4582 2070 4641 Gloria.
2118 4582 2238 4640 Ista
2261 4582 2412 4641 enim
2436 4582 2627 4641 omnia
2653 4601 2768 4640 non
2798 4583 2922 4641 alia

518 3363 561 3407 4.
578 3364 622 3409 A
649 3364 795 3409 Statu
811 3365 996 3422 gratim.
