3221 5200
253 347 484 395 Quisss'r.
516 328 677 409 vnn]
719 357 730 370 ·
1142 347 1219 384 De
1263 343 1768 386 dUSTlFICA'rlONE.
2584 327 2699 383 595

257 489 424 564 viva,
455 489 557 547 sed
585 497 809 548 mortua
839 511 852 563 3
915 487 1048 563 Sed,
1098 488 1195 545 An
1242 507 1356 563 qua
1368 485 1662 562 justificat,
1695 504 1795 543 seu
1826 485 1885 542 in
1912 493 2045 545 actu
2073 487 2199 565 ipso
2236 485 2686 565 justificationis,

259 570 376 629 sub
405 570 508 627 tali
537 577 692 637 σχίσει
721 568 1033 646 spectanda
1069 568 1145 626 sit
1174 591 1187 644 ;
1235 566 1401 642 Quod
1430 585 1728 642 negamus.

351 650 496 706 VII.
548 648 715 707 Unde
761 648 1016 722 Quaestio
1058 668 1127 708 eo
1169 648 1335 722 redit,
1382 647 1482 704 An
1542 644 1705 718 fides,
1751 665 1867 703 non
1924 653 1989 704 ut
2039 647 2296 722 objecti-ve
2337 654 2426 705 est
2483 646 2686 704 salutis

262 730 547 804 doctrina,
579 729 683 787 sed
710 729 1011 804 subjective,
1042 736 1108 786 ut
1136 726 1371 786 salutari
1401 726 1497 784 isti
1541 725 1817 784 doctrinae
1865 727 2177 787 assentitur
2204 735 2262 785 et
2290 746 2416 785 eam
2445 726 2557 784 sibi
2585 746 2685 803 ap-

261 810 483 887 plicat3
528 829 645 866 non
693 830 809 885 qua
855 808 1075 885 aliquid
1122 807 1508 885 promittimus
1552 814 1617 864 ut
1645 805 1761 880 fiat,
1795 805 1896 864 sed
1944 827 2060 882 qua
2106 805 2582 884 promissionibus
2625 806 2686 864 in

264 891 501 949 Christo
530 889 828 947 innitimur
855 897 921 947 ut
948 887 1227 963 satisfiat;
1256 890 1395 961 sola,
1427 905 1545 943 non
1584 885 1805 944 ratione
1847 887 2163 961 existentiae,
2211 886 2269 944 id
2325 894 2429 960 est,
2490 885 2684 944 solita-

262 970 354 1027 ria
382 971 599 1045 absque
620 990 719 1047 spe
742 978 800 1027 et
818 969 1112 1043 charitate,
1137 968 1240 1026 sed
1261 967 1480 1027 ratione
1501 966 1746 1024 muneris
1764 985 1866 1024 seu
1884 968 2197 1041 efficientiae,
2222 966 2502 1043 justificet
2524 987 2539 1040 ;
2570 986 2687 1024 non

264 1071 374 1127 per
413 1049 648 1108 modum
697 1048 1131 1126 praeparationis
1177 1067 1306 1106 cum
1336 1046 1558 1105 caeteris
1601 1044 1930 1121 virtutibus,
1963 1047 2061 1105 vel
2087 1046 2293 1123 meriti,
2326 1046 2429 1103 sed
2455 1047 2687 1105 relative

262 1150 372 1206 per
420 1129 656 1187 modum
705 1129 923 1206 organi,
957 1127 1423 1189 Satisfactionem
1452 1125 1667 1184 Christi
1715 1126 2215 1204 apprehendentiS,
2247 1134 2305 1185 et
2344 1126 2689 1186 fiducialiter

266 1209 631 1285 applicantis,
718 1210 951 1286 Negant
981 1208 1287 1284 Pontificii,
1321 1207 1444 1265 Nos
1472 1205 1799 1264 asserimms,

264 1329 437 1372 Fidem
461 1330 613 1373 solam
650 1329 751 1384 jus·
877 1288 1061 1346 VIII.
1108 1288 1318 1363 Primo,
1352 1287 1500 1360 Quia
1526 1287 1699 1344 homo
1720 1286 2072 1362 justificatur
2089 1285 2202 1344 fide
2232 1286 2354 1345 sine
2384 1285 2686 1364 operibus3

330 1388 516 1431 tineare
579 1389 748 1444 proba·
794 1369 954 1445 Ergo
984 1367 1107 1426 sola
1134 1367 1266 1426 fide.
1352 1367 1524 1425 Ratio
1574 1366 1999 1442 consequentiae
2048 1366 2367 1442 manifesta,
2410 1367 2546 1444 quia
2572 1387 2690 1425 non

330 1449 430 1488 ‘¹¹‘-
676 1505 722 1517 ,,
802 1448 1013 1508 dantur
1058 1448 1253 1526 plures
1295 1447 1452 1507 modi
1484 1445 1845 1525 justificandi
1885 1446 2044 1506 hisce
2093 1445 2336 1523 duobus,
2367 1468 2472 1525 per
2519 1447 2692 1505 fidem

267 1502 450 1607 1-281031
490 1503 634 1549 Rom.
675 1505 745 1548 ὡ·
804 1537 862 1588 et
889 1550 991 1606 per
1020 1549 1192 1607 opera
1215 1552 1230 1606 ;
1278 1529 1482 1606 Itaque
1526 1535 1747 1587 remoto
1776 1547 1908 1603 un0,
1940 1547 2175 1586 necesse
2205 1536 2293 1587 est
2321 1547 2438 1586 non
2466 1535 2690 1587 tantum

799 1609 1043 1668 alterum
1092 1609 1358 1686 relinqui,
1418 1608 1521 1666 sed
1565 1606 1740 1666 etiam
1790 1607 1993 1684 solum,
2047 1608 2300 1684 alioquin
2331 1609 2687 1668 enumeratio

267 1707 388 1745 non
417 1687 563 1746 foret
589 1688 867 1765 legitima.
935 1690 1050 1748 Cur
1079 1709 1216 1747 vero
1245 1690 1416 1748 toties
1445 1697 1503 1747 et
1530 1695 1650 1745 tam
1678 1707 1949 1764 expresse
1980 1686 2301 1764 Apostolus
2330 1686 2688 1746 Antithesim

268 1775 467 1842 posset
495 1768 793 1827 instituere
821 1769 972 1827 inter
993 1768 1164 1826 fidem
1194 1777 1252 1828 et
1280 1787 1453 1845 opera
1479 1767 1542 1824 in
1567 1767 1679 1825 hoc
1706 1766 1958 1843 negotiO,
1983 1766 2033 1824 si
2052 1785 2224 1842 opera
2251 1786 2382 1824 cum
2403 1766 2517 1825 fide
2547 1787 2688 1844 quo-

270 1866 499 1922 cunque
528 1847 700 1905 modo
722 1848 797 1905 ad
831 1848 1263 1923 justificationis
1285 1857 1476 1906 actum
1505 1849 1954 1904 concurrerent?
2036 1845 2240 1904 Nonne
2289 1846 2399 1904 hac
2426 1847 2486 1904 in
2528 1856 2689 1923 parte

269 1926 502 1984 errandi
550 1927 909 1986 occasionem
954 1928 1293 2003 praebuisset
1340 1926 1627 1999 fidelibus,
1660 1945 1832 2002 opera
1859 1925 2122 1984 absolute
2152 1935 2209 1984 et
2238 1926 2574 2003 simpliciter
2601 1947 2688 1986 re-

269 2008 561 2064 movendo
590 2006 663 2063 ab
693 2026 777 2081 ea,
810 2007 860 2064 si
887 2006 1107 2082 aliquid
1135 2007 1210 2065 ad
1239 2027 1363 2065 eam
1393 2005 1694 2065 conferunt
1714 2007 1742 2063 P
1824 2005 2243 2082 Expendantur
2290 2007 2419 2064 loca
2458 2007 2561 2064 illa
2589 2027 2691 2065 va-

270 2086 373 2159 ria,
406 2085 616 2160 quibus
645 2086 960 2144 exclusivae
988 2086 1351 2163 adhibentur,
1383 2093 1442 2145 et
1467 2105 1559 2144 res
1602 2085 1732 2143 luce
1761 2085 2077 2143 meridiana
2105 2084 2311 2144 clarior
2339 2086 2447 2145 erit
2471 2109 2486 2146 ι
2518 2088 2687 2147 Rom.

269 2164 353 2222 iii.
385 2167 479 2239 28,
510 2167 544 2196 “
564 2165 975 2224 Concludimus
1002 2166 1293 2226 hominem
1329 2166 1635 2244 justificari
1655 2164 1769 2223 fide
1800 2165 1923 2224 sine
1953 2164 2221 2242 operibus
2251 2165 2428 2242 Legis
2447 2167 2503 2242 ;''
2536 2167 2688 2244 Eph.

272 2243 331 2301 ii.
377 2246 432 2302 8.
521 2246 556 2276 “
581 2245 784 2303 Gratia
805 2246 943 2305 estis
974 2248 1188 2306 servati
1208 2268 1311 2325 per
1336 2246 1528 2321 fidem,
1558 2245 1733 2322 idque
1755 2265 1871 2304 non
1900 2266 1976 2304 ex
2004 2245 2189 2320 vobiS,
2214 2246 2322 2304 Dei
2346 2246 2561 2304 donum
2583 2255 2688 2323 est,

272 2343 390 2381 non
418 2344 493 2382 ex
522 2325 791 2401 operibus
811 2327 866 2401 ;'’
913 2327 993 2385 Et
1020 2327 1231 2387 clarius
1255 2327 1387 2387 Gal.
1416 2326 1476 2384 ii.
1512 2328 1603 2400 16,
1654 2327 1689 2357 “
1716 2325 1976 2385 Scientes
2004 2326 2295 2384 hominem
2324 2346 2440 2385 non
2474 2327 2687 2404 justifi-

271 2404 389 2461 cari
418 2424 494 2461 ex
523 2404 792 2481 operibus
823 2405 1017 2482 Legis,
1072 2417 1144 2461 aa»
1164 2416 1229 2476 μὴ
1254 2412 1325 2462 διὰ
1350 2414 1561 2472 ‹laert-5,
1592 2404 1694 2463 sed
1722 2425 1825 2483 per
1850 2405 2025 2463 fidem
2067 2407 2110 2466 J
2114 2426 2217 2464 esu
2245 2406 2460 2464 Christi
2489 2408 2544 2483 ;''
2589 2407 2690 2465 ubi

270 2492 490 2541 certum
519 2493 609 2542 est
636 2485 975 2560 particulam
1008 2496 1107 2557 εἰμὴ
1137 2506 1263 2544 esse
1292 2486 1721 2544 adversativam
1751 2494 1809 2545 et
1847 2485 2224 2561 exclusivam,
2256 2494 2321 2545 ut
2349 2506 2499 2564 saepe
2529 2487 2687 2564 alibi,

275 2562 515 2647 (Matth.
547 2564 648 2623 xii.
680 2568 734 2640 4,
767 2574 825 2625 et
872 2567 1037 2627 xxiv.
1089 2569 1184 2644 36,
1233 2566 1415 2625 Marc.
1445 2565 1569 2625 xiii.
1617 2569 1711 2640 32,
1757 2566 1800 2626 J
1804 2567 1897 2625 oh.
1962 2566 2105 2624 xvii.
2161 2570 2252 2642 12,
2299 2565 2487 2645 Apoc.
2517 2567 2599 2626 ix.
2630 2571 2685 2645 4,

271 2652 330 2702 et
359 2645 480 2702 xxi.
513 2649 607 2721 27,
669 2666 746 2704 ex
793 2646 855 2704 vi
900 2648 1244 2707 immediatae
1287 2646 1668 2725 oppositionis
1688 2647 1825 2706 fidei
1866 2654 1924 2706 et
1953 2667 2206 2725 operum,
2238 2668 2366 2725 quae
2397 2668 2457 2707 se
2487 2656 2688 2708 mutuo

271 2724 501 2783 tollunt.
661 2747 726 2785 ec
784 2727 1074 2787 Pontificii
1127 2727 1240 2805 ipsi
1287 2728 1398 2787 hoc
1446 2727 1677 2786 diffiteri
1721 2735 1980 2805 possunt.
2083 2729 2279 2785 Estz'us
2323 2728 2688 2790 doctissimos

270 2824 530 2881 quosque
577 2805 918 2883 interpretes
966 2810 1116 2868 hanc
1159 2807 1501 2867 sententiam
1551 2807 1716 2885 sequi
1745 2808 1863 2884 ait;
1896 2807 2052 2885 quod
2082 2808 2382 2867 confirmat
2409 2810 2685 2885 Salmero,

271 2884 646 2960 Justiuianus,
672 2895 731 2945 et
758 2888 875 2947 alii.
962 2890 1205 2948 Frustra
1251 2909 1391 2965 ergo
1420 2888 1520 2946 alii
1567 2888 1917 2965 pertendunt
1965 2889 2060 2946 hic
2104 2898 2176 2943 ἰὰ,
2197 2897 2262 2956 μὴ
2292 2909 2418 2947 esse
2448 2892 2690 2966 excepti-

271 2982 417 3036 vam,
451 2972 513 3021 ut
542 2965 616 3022 sit
646 2985 865 3042 senene,
897 2969 1187 3026 hominem
1217 2989 1332 3026 non
1353 2967 1662 3044 justificari
1689 2968 1977 3045 operibuS,
2008 2968 2121 3025 nisi
2141 2967 2287 3026 fides
2314 2968 2375 3025 in
2398 2969 2692 3029 Christum

274 3041 512 3100 accedat
560 3043 635 3099 ad
680 3063 870 3120 opera.
955 3047 1105 3120 Quia
1152 3047 1263 3105 hoc
1312 3048 1502 3123 ipsum
1557 3054 1663 3122 est,
1716 3046 1872 3123 quod
1919 3046 2137 3105 Paulus
2166 3055 2463 3123 oppugnat
2491 3058 2691 3107 contra

276 3121 873 3199 Pseudo-Apostolos,
905 3127 1005 3201 qui
1033 3145 1149 3184 non
1178 3145 1352 3202 opera
1380 3125 1503 3183 sola
1530 3124 1950 3202 pertendebant
1976 3126 2267 3183 hominem
2295 3146 2465 3202 posse
2516 3128 2689 3204 justi-

273 3200 460 3274 ficare,
493 3201 595 3260 sed
622 3202 797 3260 fidem
825 3224 956 3262 cum
985 3206 1254 3282 operibus
1301 3204 1638 3279 miscebant,
1668 3212 1734 3263 ut
1759 3204 1969 3282 partim
1996 3204 2149 3279 fidei,
2180 3206 2388 3282 partim
2418 3208 2688 3284 operibus

268 3281 605 3357 justificatio
634 3282 998 3360 tribueretur,
1019 3285 1175 3362 quod
1193 3292 1451 3340 ἀσύστατον
1473 3302 1599 3342 esse
1625 3284 1843 3343 Paulus
1860 3304 1978 3342 non
1995 3285 2172 3343 semel
2191 3293 2450 3361 testatur,
2475 3296 2541 3345 ut
2558 3289 2666 3346 Sal
2672 3323 2686 3333 -

272 3381 424 3419 mero
446 3370 505 3419 et
531 3363 726 3420 Estius
752 3363 862 3425 hoc
891 3372 1231 3442 agnoscunt.
1316 3363 1449 3422 Non
1476 3364 1684 3424 melius
1716 3364 2009 3424 Cornelius
2049 3386 2088 3423 α
2115 3366 2340 3441 Lepide
2368 3365 2565 3426 censet
2591 3367 2688 3427 hic

273 3440 506 3499 excludi
550 3450 774 3501 tantum
823 3464 996 3522 opera
1044 3445 1240 3522 Legis,
1292 3444 1395 3502 sed
1438 3464 1555 3502 non
1600 3466 1634 3505 o
1677 3464 1775 3504 era
1807 3445 1959 3522 Spei,
1992 3445 2240 3503 Timoris
2269 3453 2328 3504 et
2356 3446 2684 3525 eharitatis,

272 3540 400 3597 quae
428 3521 573 3580 fides
618 3523 809 3600 gignit
856 3534 915 3583 et
941 3525 1222 3603 producit,
1253 3544 1381 3601 quae
1411 3531 1547 3583 sunt
1575 3544 1644 3583 su
1728 3525 1858 3601 fide,
1883 3533 1948 3584 ut
1974 3525 2109 3584 filiae
2138 3526 2246 3584 sub
2274 3534 2474 3587 matre.
2541 3529 2691 3603 Quia

274 3619 444 3677 supra
470 3602 724 3662 vidimus
752 3623 787 3660 a
818 3605 1000 3665 Paulo
1028 3605 1263 3665 excludi
1306 3605 1499 3663 omnia
1536 3605 1770 3664 omnino
1799 3626 1988 3683 opera,
2030 3626 2146 3664 non
2175 3614 2398 3666 tantum
2421 3628 2688 3668 caeremo-

271 3681 460 3774 nialia,
487 3683 590 3742 sed
612 3691 670 3742 et
690 3685 946 3761 moralia,
978 3706 1084 3746 nec
1105 3694 1330 3746 tantum
1359 3685 1510 3745 facta
1525 3694 1660 3745 ante
1689 3687 1952 3765 gratiam,
1983 3686 2085 3746 sed
2114 3686 2286 3746 etiam
2316 3707 2390 3746 ex
2412 3690 2600 3765 gratia
2628 3691 2687 3747 in

274 3769 504 3819 renatis.

302 3874 307 3879 ·
878 3846 997 3904 IX.
1047 3846 1330 3921 SecundO,
1380 3846 1530 3921 Quia
1576 3866 1679 3923 per
1726 3846 1872 3904 illud
1918 3846 2105 3905 solum
2139 3845 2542 3923 justificamur,
2586 3868 2689 3924 per

275 3916 316 3961 2.
348 3915 478 3964 Quia
521 3919 632 3986 ‚⁸0¹⁸
671 3934 753 3989 BP·
795 3925 952 3999 quod
973 3925 1294 4001 applicatur
1333 3926 1502 3984 nobis
1537 3926 1768 4004 justitia
1798 3924 2026 3999 Christi,
2075 3926 2173 4002 qui
2212 3946 2315 4002 pro
2343 3926 2511 3984 nobis
2542 3927 2688 4005 Legi

302 3975 755 4089 ξξῗζιξξῗξζὲὴηε·
797 4003 1091 4062 satisfecit.
1178 4004 1263 4062 At
1316 4004 1426 4061 hoc
1454 4004 1520 4063 fit
1567 4024 1673 4081 per
1739 4005 1921 4063 solam
1975 4004 2187 4081 fidem3
2233 4005 2357 4063 Nec
2403 4006 2684 4085 charitati,

796 4081 893 4139 vel
920 4083 1043 4159 spei
1069 4084 1179 4141 hoc
1201 4083 1492 4160 competit.
1577 4084 1710 4142 Non
1733 4084 1871 4160 spei,
1903 4104 2032 4161 quae
2055 4105 2176 4143 rem
2203 4086 2543 4161 promissam
2573 4108 2689 4146 non

277 4157 668 4234 apprehendit,
700 4159 803 4218 sed
832 4171 1118 4238 expectat.
1204 4163 1337 4221 Non
1366 4163 1650 4238 charitati,
1681 4184 1810 4240 quae
1841 4172 2154 4241 occupatur
2209 4165 2361 4224 circa
2402 4166 2687 4244 impletio-

278 4257 406 4295 nem
433 4239 710 4315 mandati,
742 4259 858 4298 non
886 4242 1039 4300 circa
1065 4243 1461 4319 promissionis
1490 4243 2023 4320 apprehensionem.

276 4354 316 4398 3.
359 4355 489 4405 Quia
539 4358 758 4403 Abraha-
882 4321 967 4381 X.
1012 4322 1227 4397 Terti0,
1261 4322 1411 4396 Quia
1451 4321 1655 4381 eadem
1697 4323 1935 4399 ratione,
1968 4344 2084 4400 qua
2115 4323 2484 4385 Abrahamus
2516 4327 2689 4387 Pater

334 4427 452 4483 gnus.
504 4416 608 4459 sola
661 4415 759 4461 fide
801 4400 1156 4460 credentium
1176 4401 1530 4480 justificatus
1552 4410 1658 4477 est,
1684 4402 1885 4461 eadem
1913 4413 1971 4462 et
1992 4424 2099 4462 nos
2119 4404 2520 4483 justificamur,
2553 4409 2689 4483 quia

327 4471 636 4526 Justifieatus
673 4480 765 4521 θεῖ·
806 4481 963 4558 quod
993 4481 1062 4539 de
1092 4483 1193 4539 illo
1237 4482 1512 4559 scriptum
1556 4491 1662 4557 est,
1693 4503 1808 4541 non
1851 4481 1927 4541 ad
1955 4484 2117 4542 illum
2149 4482 2449 4559 duntaxat,
2483 4486 2586 4544 sed
2614 4488 2690 4546 ad

280 4574 382 4613 nos
409 4557 582 4616 etiam
611 4561 876 4636 pertinet,
911 4562 1079 4620 Rom.
1110 4561 1189 4620 iv.
1221 4566 1317 4620 24.
1402 4560 1487 4620 At
1514 4561 1879 4621 Abrahamus
1899 4564 2022 4621 sola
2050 4562 2163 4621 fide
2199 4564 2550 4641 justificatus
2580 4578 2685 4641 est,

279 4635 422 4695 Gen.
453 4656 553 4695 xv.
585 4640 640 4713 6,
691 4641 726 4672 “
749 4640 1008 4701 Credidit
1051 4642 1351 4701 Abraham
1375 4642 1519 4718 Dec,
1545 4650 1603 4701 ct
1646 4642 1733 4700 illi
1758 4643 2103 4721 imputatum
2129 4652 2217 4703 est
2244 4643 2318 4702 ad
2339 4645 2687 4724 justitiam,'’
