3221 5200
313 317 533 366 Quffisr.
565 295 636 376 1.]
1034 315 1111 353 m:
1143 315 1405 355 ransom
1435 313 1511 356 εἰ·
1540 317 1727 357 suro
1751 319 2010 360 cumsrr.
2611 309 2728 365 243

316 495 343 541 1
429 494 793 540 Demonstrati«)
919 455 1100 513 VIII.
1166 457 1367 513 Prima
1423 458 1847 517 Demonstratio
1901 460 2115 536 petitur
2158 481 2194 518 a
2247 464 2728 524 Decet-minatione

348 529 422 599 'de
563 553 796 598 Adventu
841 536 1147 610 TemporiS,
1162 555 1296 611 quo
1325 536 1660 613 contingere
1689 537 1891 598 debuit
1921 539 2154 598 Messiae
2184 540 2486 601 adventu&
2575 544 2724 601 Nam

368 612 562 657 Μθθδῑω
584 611 741 679 petita
767 625 797 654 ⁸
838 615 888 672 si
935 615 1189 691 Tempus
1238 615 1471 673 Messiae
1519 615 1798 676 adventui
1845 618 2231 695 praestitutum
2270 622 2497 698 jamdiu
2545 624 2722 698 venit,

366 673 579 727 tempore
596 669 756 721 3¹¹⁰¹¹³
839 694 1116 753 Messiam
1158 694 1329 752 etiam
1366 695 1487 770 jam
1517 697 1747 755 venisse
1768 717 2002 757 necesse
2032 707 2136 757 est.
2223 700 2308 758 At
2337 702 2564 760 venisse
2581 703 2723 779 jam,

306 783 367 832 et
404 774 766 850 praeteriisse,
799 793 873 830 ex
903 774 1079 831 variis
1108 774 1234 849 ejus
1276 775 1706 834 characteribus
1735 777 2052 836 clarissime
2098 779 2409 855 colligitur.
2498 781 2727 841 Primus

306 855 521 930 petitur
563 874 639 918 ex
680 853 914 911 oraculo
962 853 1190 925 Jacobi,
1224 854 1373 912 Gen.
1415 853 1561 912 xlix.
1598 858 1690 930 10,
1721 857 1822 914 ubi
1867 857 2155 916 adventus
2207 860 2440 918 Messias
2483 862 2722 938 conjun-

308 934 464 1010 gitur
491 953 620 991 cum
649 933 939 991 ablatione
968 932 1178 1009 sceptri
1206 932 1248 991 J
1255 932 1446 991 udai‘ci
1471 956 1485 1007 ;
1533 937 1568 966 ‘⁴
1593 935 1725 992 Non
1753 936 2099 1013 auferetur,''
2125 938 2328 1014 inquit,
2363 942 2400 971 ‘⁴
2423 938 2724 1016 Sceptrum

309 1033 338 1071 e
368 1013 546 1085 Juda,
576 1032 685 1070 nec
714 1011 1042 1087 Legislator
1082 1010 1154 1069 de
1195 1011 1387 1070 medio
1424 1012 1635 1089 pedum
1664 1015 1806 1091 ejus,
1858 1035 2041 1093 usque
2087 1016 2223 1075 dum
2255 1019 2452 1078 veniat
2499 1020 2722 1095 Siloh,''

309 1089 417 1150 ἕω.
506 1091 675 1152 Unde
705 1091 785 1150 ita
812 1099 1317 1167 argumentamur;
1367 1092 1430 1150 Si
1459 1112 1574 1152 non
1617 1093 1992 1153 auferendum
2021 1096 2129 1155 fuit
2151 1107 2440 1174 sceptrum
2469 1120 2501 1157 e
2544 1101 2586 1158 J
2591 1100 2725 1175 uda,

310 1170 493 1230 donec
543 1171 767 1229 veniret
818 1171 997 1245 Siloh,
1049 1170 1150 1247 qui
1190 1179 1280 1228 est
1321 1171 1586 1245 Messias,
1636 1174 1895 1249 sequitur
1936 1195 2066 1234 eum
2115 1177 2346 1235 venisse
2389 1179 2723 1254 certissime,
2835 1165 2855 1192 ⁸

310 1251 447 1327 quia
480 1251 603 1328 jam
633 1270 668 1308 a
704 1251 880 1325 longo
922 1259 1177 1327 tempore
1220 1249 1519 1325 impletum
1545 1260 1635 1310 est
1683 1252 1840 1311 istud
1877 1255 2189 1330 oraculum,
2235 1265 2294 1316 et
2337 1257 2593 1318 ablatum
2636 1269 2726 1320 est

315 1329 615 1406 Sceptrum
664 1330 999 1405 Juda'icum,
1040 1350 1146 1388 nec
1193 1329 1410 1388 habent
1451 1331 1493 1389 J
1497 1330 1648 1389 udaei
1678 1332 1828 1391 ullos
1872 1334 2186 1411 Principes.
2271 1335 2372 1393 Ad
2399 1340 2725 1415 argumenti

311 1409 798 1468 confirmationem
850 1419 1050 1468 contra
1097 1409 1308 1467 cavilla
1356 1410 1398 1468 J
1402 1410 1696 1469 udaeorum
1752 1412 1868 1472 duo
1917 1423 2052 1473 sunt
2107 1414 2442 1490 probanda:
2510 1421 2562 1476 1.
2615 1418 2728 1477 Per

316 1489 477 1547 Siloh
506 1489 600 1548 hic
644 1489 918 1548 Messiam
946 1489 1193 1565 intelligi
1218 1510 1233 1564 ;
1293 1493 1348 1548 2.
1394 1489 1518 1566 Agi
1565 1489 1638 1549 de
1667 1492 1956 1553 ablatione
1989 1494 2246 1553 Dominii
2280 1506 2338 1554 et
2360 1498 2726 1558 authoritatis

316 1568 574 1628 Politicae
602 1569 647 1628 J
650 1568 962 1628 udaeorum.

395 1648 514 1706 IX.
562 1651 614 1706 1.
647 1648 858 1723 Primo,
889 1648 1047 1707 Silolz
1073 1666 1189 1704 non
1212 1647 1359 1706 alius
1386 1658 1577 1725 potest
1605 1669 1732 1708 esse
1767 1671 1939 1728 quam
1970 1652 2236 1712 Messias.
2321 1654 2471 1711 Nam
2509 1651 2724 1731 qualis·

313 1747 538 1804 cunque
576 1727 653 1785 sit
679 1728 842 1785 vocis
869 1730 1032 1803 origo
1054 1735 1113 1786 et
1140 1726 1501 1802 significatiO,
1547 1738 1766 1788 certum
1796 1738 1884 1789 est
1921 1750 2036 1789 non
2067 1732 2245 1789 alium
2272 1733 2367 1789 hic
2396 1732 2722 1809 designari;

316 1807 454 1865 Sive
482 1816 804 1884 exponatur
830 1828 932 1884 per
957 1807 1328 1881 &manaim
1354 1808 1677 1866 mittendum
1725 1819 1790 1868 ut
1818 1809 2077 1886 Vulgata
2103 1811 2527 1887 interpretatur,
2558 1814 2726 1889 quasi

316 1886 623 1962 legendum
646 1896 800 1945 esset
826 1894 1012 1961 mbr}
1062 1886 1197 1944 Sive
1240 1906 1344 1963 per
1353 1887 1545 1964 filium
1587 1889 1762 1963 εἰη-«ιβ’
1807 1887 1904 1962 id.‚
1949 1898 2015 1947 ut
2063 1891 2294 1948 Kimchi
2338 1891 2593 1968 exponit,
2637 1914 2727 1967 aaa,

316 1966 416 2042 qui
442 1978 714 2026 nascetur
746 1971 909 2028 rn'av'n
953 1986 1027 2024 ex
1071 1966 1376 2024 secundina
1424 1967 1697 2042 mulieris,
1751 1987 1909 2026 more
1951 1969 2207 2027 omnium
2253 1969 2354 2046 qui
2391 1979 2721 2045 nascuntur,

315 2045 413 2103 vel
439 2054 503 2104 ut
531 2046 849 2106 deducatur
876 2064 951 2103 ex
970 2044 1225 2104 Arabica
1240 2045 1442 2120 lingua
1468 2046 1568 2104 ubi
1587 2052 1678 2109 ἔην’
1704 2056 1792 2106 est
1800 2049 2138 2123 profluvium
2158 2050 2462 2124 sanquimh,
2490 2052 2526 2081 “
2545 2049 2730 2109 donee

314 2125 512 2183 veniat
537 2127 664 2184 nab-5
703 2123 1051 2201 profluvium
1092 2124 1392 2200 sanguinis
1433 2125 1621 2200 ejus,”
1657 2125 1734 2184 id.
1766 2146 1963 2186 semen
1984 2126 2141 2203 quod
2169 2148 2244 2186 ex
2285 2148 2355 2186 eo
2383 2127 2632 2204 fluxerit,
2663 2138 2728 2188 ut

316 2204 444 2262 vult
471 2207 618 2263 Lud.
650 2207 719 2262 de
750 2205 904 2261 Dieu
926 2227 948 2275 ,·
994 2203 1131 2261 Sive
1175 2203 1492 2261 deducatur
1518 2223 1637 2262 vox
1667 2225 1702 2262 a
1729 2212 1837 2268 abu·
1868 2206 2025 2281 quod
2052 2215 2140 2264 est
2181 2206 2426 2266 feliciter
2470 2217 2529 2267 et
2567 2229 2727 2285 pros-

315 2303 449 2360 pere
477 2304 667 2361 agere,
691 2287 726 2316 ‘⁶
745 2283 928 2342 donec
956 2283 1154 2341 veniat
1173 2282 1506 2358 Sospitator,
1537 2284 1636 2342 vel
1656 2284 1932 2361 Paczficus
1966 2293 2024 2344 et
2044 2286 2330 2362 quietu8,'’
2359 2295 2424 2345 ut
2458 2289 2727 2364 oleaster,

316 2365 646 2438 Amnarius,
692 2372 753 2424 et
790 2362 891 2422 alii
916 2363 1160 2437 volunt3
1222 2361 1361 2420 Sive
1408 2382 1527 2420 vox
1556 2363 1875 2440 composita
1901 2365 2126 2423 dicatur
2167 2386 2242 2424 ex
2268 2379 2326 2428 πυ·
2356 2386 2485 2442 quae
2523 2387 2732 2428 munus

319 2443 624 2518 significat,
656 2451 715 2502 et
735 2442 909 2501 affixo
944 2446 1012 2514 ὑ,
1045 2441 1122 2500 id.
1154 2461 1352 2500 munus
1388 2442 1454 2516 ei,
1486 2442 1623 2519 quia
1663 2463 1902 2502 munera
1941 2445 2029 2502 illi
2065 2444 2297 2505 fuerunt
2336 2445 2643 2521 afferenda,
2668 2453 2733 2506 ut

316 2522 522 2582 R.S.J.
568 2521 892 2600 pertendit3
949 2522 1086 2581 Sive
1132 2521 1380 2598 denique
1421 2531 1746 2599 exponatur
1790 2543 1894 2600 per
1930 2528 1978 2583 π’»
2012 2535 2115 2586 wc-
2169 2526 2344 2602 Oujus
2390 2535 2484 2602 est,
2530 2527 2734 2604 supple

318 2623 576 2680 regnum,
608 2623 737 2679 quae
760 2603 1041 2663 sententia
1061 2602 1316 2663 omnium
1345 2604 1809 2662 commodissima
1837 2604 2084 2680 videtur,
2118 2617 2175 2666 et
2195 2606 2330 2665 huic
2357 2605 2487 2665 loco
2508 2627 2730 2665 accom-

316 2682 711 2741 modatissima
735 2706 748 2757 ;
771 2692 836 2742 ut
857 2703 1061 2743 sensus
1085 2683 1160 2741 sit
1186 2702 1303 2741 non
1324 2683 1698 2743 auferendum
1727 2705 1970 2761 regnum
1999 2706 2034 2743 a
2060 2686 2105 2745 J
2106 2687 2239 2760 uda,
2268 2690 2304 2719 “
2325 2686 2509 2745 donec
2537 2687 2734 2746 veniat

315 2761 414 2829 ille
436 2762 511 2819 ad
528 2782 697 2839 quem
720 2764 1024 2839 pertinet.''
1100 2763 1197 2821 Sic
1218 2763 1630 2822 intellexerunt
1654 2764 1899 2841 Paraph.
1921 2765 2127 2825 Onkel.
2152 2774 2210 2825 et
2233 2766 2464 2825 Hieros,
2488 2769 2524 2799 “
2546 2766 2731 2826 donec

316 2842 515 2899 veniat
546 2842 807 2915 MessiaS,
832 2844 997 2919 cujus
1026 2851 1115 2900 est
1154 2844 1456 2919 regnum.'’
1511 2843 1719 2916 LXX.
1749 2853 2002 2919 vertunt,
2032 2848 2100 2903 τὰ
2127 2845 2428 2921 ἐπικείμενοι
2453 2849 2604 2922 asty,
2634 2847 2732 2905 vel

318 2919 358 2996 ᾇ
385 2920 663 2992 «ἐπίκειται,
694 2929 760 2978 ut
807 2921 1025 2980 Justin.
1068 2921 1269 2979 Irenae.
1300 2922 1518 2980 Tertul.
1639 2923 1718 2981 Et
1744 2924 1848 2981 lux
1878 2931 2069 3000 potest
2097 2925 2293 2982 inferri
2335 2926 2472 2984 huic
2499 2926 2626 2984 loco
2656 2944 2731 2983 ex

318 2999 491 3055 Ezec.
542 2998 663 3055 xxi.
708 3002 803 3070 27,
834 2999 935 3055 ubi
963 2999 1154 3073 agitur
1181 2999 1253 3057 de
1284 3000 1510 3056 Corona
1550 3000 1870 3074 Jechoniae,
1920 3005 1956 3034 ‘⁴
1981 3002 2114 3059 Non
2161 3004 2271 3060 erit
2311 3003 2506 3077 haec,’'·
2528 3005 2733 3081 supple

324 3076 566 3148 Corona,
616 3079 650 3108 ‘⁴
669 3075 851 3133 donec
892 3076 1116 3134 venerit
1155 3077 1203 3131 ab
1226 3087 1329 3136 aazia
1360 3077 1452 3133 cui
1494 3085 1583 3134 est
1619 3077 1962 3151 judicium.’'
2026 3079 2553 3156 Quomodocunque
2595 3102 2735 3140 vero

321 3162 661 3230 exponatur,
708 3154 921 3230 optime
952 3155 1184 3213 Messiae
1212 3154 1488 3231 applicari
1515 3163 1723 3229 potest,
1748 3156 1998 3213 maxime
2028 3176 2159 3214 cum
2188 3158 2382 3215 statim
2409 3168 2548 3217 nota
2577 3161 2735 3218 Mes-

322 3234 424 3293 siae
447 3233 803 3309 subjiciatur,
827 3233 966 3292 nim.
996 3232 1154 3309 quod
1181 3234 1235 3291 ei
1258 3234 1366 3291 erit
1390 3233 1699 3292 obedientia
1726 3233 1822 3291 vel
1842 3236 2169 3310 aqyreqatio
2188 3239 2548 3312 populorum,
2581 3239 2740 3314 quod

319 3313 534 3392 passim
581 3313 814 3372 Messias
855 3312 1143 3387 tribuitur,
1176 3314 1324 3373 Gen.
1355 3312 1518 3386 xxii„
1553 3313 1768 3370 Isa.xi.
1803 3316 1895 3388 10,
1919 3314 2097 3372 Mich.
2127 3314 2207 3374 iv.
2243 3319 2295 3373 1.
2383 3316 2574 3375 Series
2615 3337 2732 3376 ser·

320 3393 510 3453 monis
537 3393 647 3452 hoc
689 3393 860 3451 etiam
890 3393 1162 3469 postulat.
1248 3394 1397 3453 Nam
1425 3400 1491 3451 ut
1527 3391 1704 3451 Judae
1747 3394 2185 3470 praerogativam
2229 3405 2287 3454 et
2315 3395 2633 3456 dominium
2673 3396 2735 3456 in

320 3474 526 3532 fratres
554 3482 613 3533 et
640 3473 790 3531 filios
817 3473 998 3550 patris
1027 3472 1118 3531 sui
1145 3473 1364 3547 tribuit,
1396 3472 1478 3533 ita
1518 3472 1590 3530 de
1643 3473 1861 3532 Messia
1899 3493 1975 3532 ex
2016 3494 2085 3533 eo
2126 3476 2345 3535 orituro
2387 3476 2545 3552 dicit,
2577 3478 2734 3555 quod

320 3574 437 3612 non
479 3552 650 3611 modo
680 3554 884 3611 fratres
911 3554 1039 3629 ejus
1081 3572 1212 3610 eum
1242 3553 1358 3612 siut
1384 3552 1694 3629 adoraturi,
1727 3553 1832 3612 sed
1872 3555 2045 3613 etiam
2072 3557 2271 3633 populi
2299 3577 2499 3617 omnes
2526 3557 2583 3617 ei
2619 3558 2736 3619 sint

319 3633 625 3693 obedituri.

405 3712 490 3772 X.
537 3712 699 3771 Nulli
737 3720 929 3789 potest
965 3711 1065 3770 alii
1107 3710 1433 3772 convenire.
1478 3712 1613 3770 Non
1640 3714 1809 3789 Mosi,
1840 3715 1978 3791 quia
2018 3715 2173 3791 apud
2214 3716 2433 3775 Judam
2475 3717 2732 3777 nondum

322 3791 526 3851 fuisset
571 3792 759 3868 Regia
798 3800 1071 3867 potestas,
1102 3811 1209 3850 nec
1246 3792 1529 3868 potuisset
1557 3812 1593 3850 a
1634 3794 1676 3852 J
1680 3793 1796 3851 uda
1835 3794 1911 3851 ad
1950 3795 2174 3853 Mosem
2203 3796 2518 3854 transferri.
2602 3796 2734 3855 Non

322 3872 501 3945 Sauli,
533 3871 634 3947 qui
661 3872 966 3947 ungendus
994 3871 1166 3929 fuerit
1192 3871 1253 3929 in
1286 3871 1466 3943 Siloh,
1496 3890 1601 3947 per
1627 3892 1799 3947 quem
1823 3882 2110 3948 sceptrum
2140 3894 2174 3930 a
2201 3875 2242 3932 J
2248 3874 2365 3932 uda
2391 3883 2645 3932 amotum
2675 3884 2733 3933 et

325 3950 402 4009 ad
449 3951 662 4009 tribum
701 3950 1010 4027 Benjamin
1052 3949 1127 4007 sit
1188 3951 1558 4024 translatum
1605 3950 1755 4008 Nam
1803 3954 1854 4007 1.
1903 3951 2043 4009 Saul
2083 3972 2200 4010 non
2242 3961 2452 4011 unctus
2513 3952 2623 4010 fuit
2671 3953 2732 4010 in

328 4030 510 4104 Siloh,
556 4029 659 4087 sed
696 4030 881 4106 primo
928 4031 991 4088 iu
1033 4028 1234 4103 Rama,
1287 4028 1600 4087 solenniter
1640 4029 2009 4087 renunciatus
2056 4030 2116 4087 in
2159 4030 2393 4107 Mitspa,
2438 4040 2496 4090 et
2544 4031 2734 4090 denuo

322 4108 696 4170 confirmatus
736 4110 798 4166 in
841 4108 1057 4186 Gilgal,
1106 4110 1136 4164 1
1174 4107 1327 4165 Sam.
1358 4108 1458 4182 ix„
1502 4128 1583 4181 x.,
1625 4116 1683 4165 et
1730 4107 1847 4182 xi.;
1893 4112 1949 4165 2.
1995 4107 2152 4169 Ante
2206 4110 2436 4168 Saulem
2479 4110 2736 4168 nondum

324 4189 436 4248 fuit
462 4197 751 4266 sceptrum
791 4189 1015 4265 regium
1057 4187 1116 4244 in
1145 4185 1322 4262 Juda,
1354 4186 1470 4244 imo
1514 4186 1772 4245 nondum
1815 4186 2190 4246 constitutum
2219 4197 2341 4247 erat
2381 4210 2625 4266 regnum
2673 4189 2734 4247 in

323 4269 515 4327 medio
555 4268 756 4346 populi
804 4269 864 4326 in
913 4276 1070 4327 certa
1116 4266 1313 4342 aliqua
1352 4264 1541 4339 tribu;
1607 4268 1664 4324 3.
1713 4265 1886 4324 Saule
1935 4277 2212 4342 regnante
2261 4269 2602 4327 translatum
2644 4279 2734 4329 est

326 4357 615 4425 sceptrum
657 4347 733 4406 ad
759 4348 804 4407 J
806 4348 979 4406 udam
1007 4356 1065 4406 et
1097 4346 1400 4419 Davidem,
1431 4365 1548 4407 non
1597 4364 1737 4420 ergo
1785 4345 2042 4403 ablatum
2087 4348 2159 4405 ab
2208 4348 2373 4423 ipso;
2441 4352 2498 4406 4.
2546 4348 2738 4408 Saulis

326 4448 444 4486 non
484 4428 674 4505 potuit
714 4447 840 4486 esse
884 4428 979 4486 vel
1008 4427 1331 4502 obedientia,
1362 4426 1460 4484 vel
1487 4426 1799 4501 expectatio
1824 4426 2187 4503 populorum.
2252 4428 2305 4485 N
2308 4447 2384 4485 on
2409 4429 2637 4502 Davidi,
2676 4428 2738 4487 in

324 4527 442 4583 quo
472 4508 657 4571 tribus
698 4508 740 4567 J
747 4507 874 4567 udae
916 4507 1237 4584 praelatura,
1269 4506 1330 4565 in
1359 4505 1605 4583 Regiam
1635 4505 1978 4581 dignitatem
2015 4506 2295 4566 translata
2336 4508 2426 4582 sit,
2458 4509 2595 4585 quia
2622 4529 2738 4568 non

323 4586 537 4646 dicitur
559 4596 845 4666 sceptrum
864 4586 1340 4661 transferendum,
1366 4585 1470 4645 sed
1489 4588 1874 4665 auferendum,
1899 4607 2006 4647 nec
2028 4586 2110 4646 ibi
2128 4587 2299 4648 desiit
2320 4596 2624 4668 sceptrum,
2638 4590 2740 4651 ubi
