3221 5200
511 340 627 398 598
1339 357 1522 398 Locus
1553 356 1812 397 naomus
1843 356 2082 396 ssx‘rus.
2509 333 2757 419 [QuAEs‘r.
2788 355 2919 395 vm.

510 506 702 556 torum
733 517 767 554 a
815 497 1027 574 priori;
1074 497 1260 556 Aliud
1289 518 1413 558 esse
1444 497 1706 557 effectum
1739 506 1797 556 et
1825 506 2225 573 argumentum
2255 518 2289 555 a
2317 497 2635 575 posteriori.
2722 498 2919 555 Poste·

510 578 631 635 rius
680 577 1007 653 affirmatur,
1056 579 1196 637 Luc.
1227 579 1326 637 vii.
1357 583 1452 653 47,
1498 598 1616 634 non
1658 578 1833 655 priuS,
1879 587 1943 636 ut
1981 578 2274 654 colligitur
2322 582 2371 635 l.
2406 579 2498 634 Ex
2547 598 2719 655 scopo
2758 598 2921 654 para-

510 656 677 729 bolae,
724 658 821 734 qui
866 667 954 717 est
992 659 1381 718 demonstrare
1428 667 1554 716 uter
1597 679 1671 716 ex
1717 658 1943 716 duobus
1989 657 2360 732 debitoribuS,
2409 659 2620 734 quibus
2665 658 2920 716 debitum

509 738 867 813 gratificatus
895 749 984 798 est
1012 739 1274 813 creditor,
1306 738 1435 815 plus
1465 737 1674 796 debeat
1702 739 1942 815 diligere
1963 737 2318 813 creditorem,
2350 740 2409 795 in
2441 740 2670 814 signum
2701 739 2921 796 scilicet

515 818 902 891 gratitudinis.
989 824 1043 877 2.
1104 820 1197 876 Ex
1226 818 1594 895 responsione
1630 819 1897 892 Simonis,
1933 821 1968 851 “
1988 818 2277 876 Existimo
2306 837 2434 875 eum
2465 818 2556 876 eui
2585 820 2715 894 plus
2745 818 2920 894 grati·

509 897 715 957 ficatus
744 899 889 973 est,''
920 899 1018 956 ubi
1050 898 1281 956 dilectio
1310 899 1559 976 ponitur,
1590 907 1656 956 ut
1686 918 2042 975 consequens
2072 899 2482 972 remissionem,
2520 918 2635 954 non
2664 907 2729 955 ut
2758 908 2916 955 ante-

510 977 739 1037 cedens.
825 982 880 1036 3.
941 979 1033 1034 Ex
1065 977 1195 1051 fine,
1228 999 1347 1036 ver.
1379 984 1473 1053 47,
1505 979 1605 1037 ubi
1636 999 1815 1055 parva
1843 978 2102 1037 remissio
2137 978 2371 1055 ponitur
2397 985 2462 1036 ut
2490 998 2662 1035 causa
2689 977 2917 1053 exiguae

508 1057 851 1130 dilectioniS,
888 1059 921 1089 ‘⁴
949 1057 1059 1114 Ille
1089 1058 1180 1115 cui
1210 1078 1409 1135 pamm
1439 1060 1765 1134 remittitur,
1803 1079 2004 1137 parum
2036 1058 2207 1116 etiam
2238 1059 2486 1135 diligit.''
2571 1062 2626 1117 4.
2674 1058 2766 1114 Ex
2795 1078 2915 1115 ver.

510 1140 605 1210 50,
637 1138 738 1194 ubi
767 1136 923 1193 salus
952 1136 1224 1196 tribuitur
1259 1139 1396 1197 fidei
1433 1139 1601 1197 istius
1644 1140 1916 1214 mulieris,
1961 1159 2079 1197 non
2121 1138 2432 1211 dilectioni,
2469 1141 2504 1170 “
2528 1137 2705 1196 Fides
2733 1149 2831 1196 tua
2861 1146 2916 1195 te

512 1216 732 1273 salvam
768 1215 963 1274 fecit.''
1050 1217 1172 1276 Nee
1202 1219 1394 1278 obstat
1422 1219 1703 1295 particula
1737 1227 1819 1286 ἴω,
1857 1219 2008 1296 quia,
2041 1227 2105 1276 ut
2132 1227 2349 1293 notum,
2397 1238 2547 1295 saepe
2577 1226 2663 1276 est
2692 1218 2917 1277 ratioci-

510 1296 708 1353 nativa
753 1303 995 1371 tantum,
1044 1317 1159 1355 non
1204 1299 1467 1372 causalis,
1518 1319 1692 1356 causa
1737 1299 2178 1374 consequentias,
2225 1318 2340 1355 non
2387 1300 2807 1374 consequentiS,
2853 1308 2919 1357 ut

507 1374 710 1432 innuat
738 1374 872 1432 inde
904 1377 1175 1452 cognosci
1205 1386 1263 1435 et
1291 1378 1488 1453 colligi
1523 1378 1705 1435 multa
1746 1388 1983 1454 peccata
2011 1378 2094 1433 illi
2125 1379 2364 1435 remissa
2406 1398 2548 1451 esse,
2594 1380 2730 1454 quia
2771 1378 2917 1436 mul-

505 1462 626 1511 tum
659 1454 957 1531 diligebat.

589 1534 768 1592 XVI.
829 1534 1019 1609 Quum
1048 1535 1349 1594 Johannes
1378 1534 1475 1608 ait,
1512 1538 1588 1592 1ae
1619 1556 1667 1593 c.
1697 1535 1778 1593 iii.
1808 1538 1897 1610 14,
1934 1536 2077 1592 “Ex
2106 1555 2174 1593 eo
2204 1535 2359 1611 quod
2388 1534 2685 1611 diligimus
2715 1535 2918 1594 fratres

504 1633 611 1672 nos
652 1615 814 1688 scire,
861 1615 1016 1691 quod
1045 1615 1308 1674 translati
1337 1635 1533 1673 sumus
1562 1635 1595 1672 a
1624 1624 1806 1673 morte
1835 1614 1910 1671 ad
1959 1615 2137 1672 vitam
2162 1615 2219 1690 ;”
2263 1615 2440 1672 Notat
2469 1615 2701 1690 quidem
2731 1616 2918 1672 chari·—

506 1702 683 1753 tatem
714 1715 839 1753 esse
869 1704 1271 1772 argumentum
1301 1704 1358 1754 et
1406 1696 1640 1772 signum
1669 1704 1878 1753 nostrae
1911 1694 2359 1771 justificationis,
2406 1715 2480 1752 ex
2510 1715 2624 1770 quo
2675 1715 2918 1772 cognos-

513 1775 697 1833 cimus
744 1796 851 1834 nos
902 1776 1207 1834 translatos
1250 1795 1374 1834 esse
1405 1795 1439 1832 a
1466 1785 1648 1833 morte
1679 1776 1750 1832 ad
1779 1776 1976 1849 vitam,
2021 1775 2156 1851 quia
2184 1775 2283 1851 qui
2313 1783 2401 1833 est
2427 1775 2488 1832 in
2517 1775 2793 1833 charitate
2833 1787 2918 1834 est

504 1855 563 1913 in
598 1857 739 1930 Dec,
786 1857 884 1932 qui
928 1856 1175 1914 charitas
1209 1864 1313 1930 est,
1350 1864 1408 1915 et
1435 1856 1536 1932 qui
1564 1863 1653 1914 est
1681 1855 1740 1912 in
1772 1855 1913 1929 Deo,
1940 1875 2055 1912 non
2083 1863 2274 1931 potest
2302 1875 2426 1913 esse
2457 1855 2517 1912 in
2545 1865 2728 1913 morte
2753 1878 2766 1929 ;
2816 1856 2918 1913 sed

510 1955 628 1992 non
659 1937 847 1993 innuit
875 1936 1209 1994 charitatem
1253 1955 1380 1994 esse
1424 1956 1654 1994 causam
1683 1935 1851 1993 istius
1879 1935 2287 2009 translationiS,
2333 1955 2462 2011 quae
2491 1935 2627 1993 alibi
2656 1935 2788 1992 fidei
2818 1936 2918 1992 tri-

505 2015 718 2090 buitur,
752 2017 792 2074 J
800 2015 892 2073 oh.
922 2035 980 2073 v.
1013 2019 1109 2074 24.
1190 2015 1362 2074 Unde
1391 2016 1536 2074 bene
1566 2017 1815 2073 Lorinus
1844 2025 1901 2073 et
1936 2015 2219 2091 G'aqnoeus
2246 2016 2302 2072 in
2334 2016 2391 2074 h.
2421 2016 2460 2073 l.
2491 2024 2693 2074 notant
2720 2035 2918 2072 causa·

506 2097 611 2152 lem
650 2097 999 2171 particulam
1042 2116 1270 2153 causam
1311 2105 1528 2171 notare,
1572 2117 1684 2155 non
1729 2097 1830 2170 rei,
1876 2098 1978 2153 sed
2019 2096 2357 2171 coquitebnis.
2444 2095 2532 2153 Eo
2576 2095 2669 2153 vel
2711 2095 2914 2171 magiS,

506 2175 665 2251 quod
694 2196 821 2234 cum
857 2176 1016 2233 Deus
1044 2195 1151 2239 nos
1178 2176 1337 2251 prius
1372 2176 1658 2249 dilexerit,
1703 2196 1820 2233 non
1848 2196 1955 2232 nos
1987 2176 2192 2249 Deum,
2230 2179 2258 2233 1
2293 2175 2432 2235 Joh.
2462 2175 2541 2232 iv,
2578 2179 2668 2249 10,
2707 2175 2916 2252 justifi-

507 2255 656 2312 catio
687 2276 788 2332 per
815 2276 985 2332 quam
1015 2276 1123 2313 nos
1152 2255 1345 2332 diligit
1375 2256 1553 2329 DeuS,
1585 2256 1759 2314 debet
1786 2256 2107 2333 praecedere
2139 2255 2503 2313 dilectionem
2536 2265 2808 2314 nostram.

588 2335 804 2393 XVII.
852 2335 1133 2411 ChristuS,
1165 2336 1208 2395 J
1213 2336 1305 2393 oh.
1337 2337 1459 2394 xiv.
1491 2339 1586 2411 23,
1618 2336 1902 2413 promittit
1931 2355 1992 2394 se
2022 2335 2398 2411 diligentibus
2429 2337 2623 2392 Patris
2651 2356 2915 2410 amorem,

504 2434 621 2473 non
650 2415 932 2490 affective,
966 2426 1024 2474 et
1052 2416 1243 2492 quoad
1274 2416 1518 2489 initium,
1564 2416 1730 2493 quasi
1758 2423 1895 2474 tunc
1924 2415 2163 2492 incipiat
2193 2416 2382 2474 Patris
2411 2435 2586 2490 amor,
2636 2415 2914 2492 siquidem

504 2495 661 2572 prior
687 2515 793 2553 nos
837 2495 1059 2569 dilexit,
1098 2499 1126 2553 1
1160 2495 1299 2554 Joh.
1333 2495 1412 2553 iv.
1448 2499 1538 2570 10,
1572 2496 1676 2554 sed
1717 2497 1970 2569 effective,
2003 2504 2061 2552 et
2088 2495 2278 2571 quoad
2329 2495 2816 2553 continuationem
2861 2504 2920 2553 et

504 2575 938 2649 incrementum,
971 2576 1106 2652 quia
1128 2595 1379 2633 amorem
1403 2595 1568 2634 suum
1593 2575 1982 2651 singularibus
2009 2574 2303 2633 beneficiis
2333 2585 2755 2634 contestaturus
2779 2585 2918 2651 erat,

505 2664 564 2712 et
591 2676 744 2712 nova
772 2655 861 2712 sui
889 2654 1347 2713 manifestatione
1371 2674 1469 2712 eos
1489 2656 1888 2712 consolaturus
1913 2677 1926 2728 ;
1953 2654 2054 2711 sed
2083 2655 2192 2711 hoc
2215 2655 2360 2710 nihil
2388 2656 2524 2712 facit
2543 2656 2615 2711 ad
2635 2656 2918 2730 justifica-

504 2734 740 2806 tionem,
787 2733 923 2809 quia
967 2733 1258 2791 Christum
1302 2733 1543 2808 diligere
1574 2742 1633 2790 et
1662 2734 1788 2810 ejus
1830 2742 2116 2809 praecepta
2159 2752 2404 2807 servare,
2451 2742 2539 2791 est
2579 2734 2829 2791 hominis
2859 2735 2919 2792 in

504 2813 692 2890 gratia
714 2814 837 2890 jam
867 2812 1167 2869 constituti
1196 2820 1252 2869 et
1273 2812 1594 2887 justificati.

588 2892 839 2950 XVIII.
902 2893 1096 2949 Timor
1138 2891 1390 2965 Domini,
1416 2891 1638 2950 scilicet
1678 2890 1871 2948 filialis
1901 2899 1958 2948 et
1987 2891 2400 2967 reverentialis,
2432 2901 2521 2950 est
2563 2913 2920 2970 consequens

498 2972 951 3050 justificationis,
995 2992 1111 3028 non
1155 2972 1372 3048 praevia
1400 2971 1475 3030 ad
1504 2971 1662 3029 illam
1693 2971 2012 3049 dispositio.
2099 2971 2220 3030 Nec
2263 2973 2474 3031 dicitur
2514 2974 2726 3031 initium
2769 2976 2919 3052 sapi-

507 3054 687 3127 entz‘ae,
736 3053 891 3112 Psal.
936 3053 1049 3111 cxi.
1095 3055 1187 3126 10,
1240 3053 1405 3129 quasi
1448 3052 1747 3111 initialiter
1791 3052 2057 3129 disponat
2107 3053 2180 3110 ad
2231 3054 2584 3130 sapientiam,
2638 3054 2738 3113 sed
2787 3055 2924 3131 quia

494 3143 596 3193 est
627 3136 753 3211 ejus
785 3134 973 3211 Caput
1015 3142 1072 3191 et
1115 3153 1353 3207 summa,
1400 3141 1466 3192 ut
1529 3133 1688 3191 Eccl.
1733 3133 1836 3190 xii.
1885 3136 1957 3191 13
2018 3132 2246 3209 dicitur,
2296 3155 2425 3210 quae
2469 3135 2543 3191 ab
2587 3155 2655 3192 co
2699 3135 2915 3211 incipit,

505 3216 682 3273 Prov.
713 3216 799 3272 ix.
830 3217 920 3289 10,
968 3225 1026 3272 et
1067 3214 1127 3270 in
1157 3234 1225 3271 eo
1256 3214 1485 3272 desinit.
1575 3214 1636 3272 Si
1663 3213 1894 3271 EccluS.
1926 3213 1963 3271 i.
2000 3217 2096 3287 21,
2143 3213 2353 3271 dicitur
2403 3225 2669 3269 ἀπωθεῖσθαι
2715 3224 2920 3286 ἁμαρτή-

504 3324 659 3369 ματα,
691 3296 802 3353 boc
831 3315 945 3351 non
976 3293 1148 3352 debet
1176 3293 1423 3370 intelligi
1454 3292 1525 3351 de
1548 3295 1870 3370 expulsione
1889 3294 2150 3368 positiva,
2182 3295 2346 3369 quasi
2375 3293 2608 3351 inducat
2631 3294 2724 3350 vel
2753 3293 2920 3349 meri·

504 3376 668 3448 torie‚
702 3375 799 3432 vel
833 3374 1172 3450 dispositive
1223 3374 1616 3431 remissionem
1670 3383 2051 3449 peccatorum,
2095 3373 2196 3430 sed
2226 3373 2296 3429 de
2326 3374 2600 3448 negativa,
2646 3373 2780 3448 quia
2823 3372 2922 3447 qui

506 3455 671 3511 timet
723 3454 911 3510 Deum
961 3453 1215 3528 peccatis
1263 3472 1379 3509 non
1429 3452 1712 3528 indulget,
1763 3472 1869 3509 nce
1920 3471 2116 3509 eorum
2167 3452 2669 3510 sollicitationibus
2724 3472 2916 3509 aurem

545 3532 739 3589 raebet.

502 3553 541 3609 p
587 3610 777 3669 XIX.
837 3608 1021 3667 Aliud
1064 3617 1153 3666 est
1195 3629 1356 3686 spem
1399 3629 1737 3668 concurrere
1768 3608 1841 3666 ad
1877 3610 2159 3684 salutem3
2208 3609 2391 3667 Aliud
2443 3608 2518 3665 ad
2551 3607 2916 3683 justificatio-

505 3712 656 3750 nem.
745 3689 914 3748 Prius
961 3688 1253 3764 asseritur,
1298 3689 1465 3746 Rom.
1496 3708 1553 3745 v.
1586 3692 1640 3761 5,
1673 3698 1730 3747 et
1757 3689 1879 3745 viii.
1911 3692 2005 3759 24,
2048 3708 2220 3764 quum
2267 3708 2398 3764 spes
2426 3707 2540 3744 non
2570 3687 2919 3747 confundere

507 3772 737 3846 dicitur,
784 3771 900 3828 imo
944 3779 1003 3828 et
1070 3789 1177 3827 nos
1224 3770 1487 3827 salvare:
1546 3768 1696 3842 Quia
1744 3768 1946 3826 salutis
1996 3768 2321 3844 expectatio
2367 3788 2466 3844 spe
2513 3787 2616 3825 suo
2661 3776 2918 3845 tempore

508 3852 879 3929 adimplenda
907 3859 1025 3909 tam
1055 3858 1212 3908 certa
1240 3850 1460 3921 nititur,
1493 3868 1558 3906 ac
1589 3849 1638 3906 si
1668 3848 1907 3907 salutem
1940 3848 2120 3924 ipsam
2145 3849 2266 3925 jam
2296 3848 2756 3925 possideremus:
2805 3849 2920 3907 Sed

504 3954 621 3991 non
651 3931 937 4010 posterius
963 3954 976 4006 3
1016 3931 1152 4007 quia
1181 3931 1304 4007 spei
1333 3930 1641 4007 objectum,
1673 3949 1788 3987 non
1817 3937 1906 3988 est
1933 3929 2193 3987 remissio
2221 3938 2604 4007 peccatorum,
2638 3929 2737 3988 sed
2769 3930 2918 3987 salu-

499 4015 578 4073 tis
606 4014 901 4091 promissae
938 4012 1437 4087 complementum.

588 4093 742 4151 XX.
804 4092 967 4150 Licet
1008 4091 1372 4149 Poenitentiae
1418 4089 1785 4167 promittatur
1828 4089 2089 4147 remissio
2133 4098 2515 4167 peecatorum,
2563 4089 2698 4166 quia
2747 4087 2918 4146 debet

505 4173 768 4232 comitari
796 4171 987 4247 fidem,
1021 4181 1077 4229 et
1106 4191 1232 4229 esse
1263 4171 1322 4228 in
1351 4192 1418 4229 eo
1450 4171 1550 4247 qui
1572 4170 1924 4247 justificatur
1967 4179 2236 4245 tanquam
2269 4170 2521 4228 conditio
2552 4168 2811 4245 quaedam
2843 4167 2916 4225 ab

503 4274 571 4315 eo
601 4252 891 4330 requisita,
924 4251 1061 4327 quia
1092 4252 1252 4309 Deus
1278 4271 1394 4308 non
1424 4259 1615 4327 potest
1644 4250 1967 4307 condonare
1995 4259 2294 4326 peccatum
2324 4249 2738 4326 impoenitenti3
2785 4248 2915 4305 Non

503 4335 764 4410 sequitur
807 4352 975 4408 posse
1008 4331 1121 4388 dici
1152 4351 1277 4388 eam
1308 4351 1437 4388 cum
1466 4330 1579 4388 fide
1603 4330 1940 4407 justificare,
1973 4331 2109 4405 quia
2137 4330 2279 4387 nihil
2321 4330 2554 4403 confert,
2601 4348 2706 4386 nec
2748 4328 2915 4385 mcri-

501 4414 664 4484 torie,
696 4432 802 4470 nec
833 4410 1362 4483 instrumentaliter,
1396 4411 1469 4467 ad
1491 4420 1682 4468 actum
1705 4410 2153 4487 justificationis

588 4492 778 4550 XXI.
837 4490 1022 4549 Aliud
1072 4498 1160 4549 est
1206 4491 1475 4567 operibus
1524 4490 1702 4548 vitam
1756 4499 2025 4547 aeternam
2076 4501 2134 4546 et
2181 4488 2573 4546 haercditatem
2625 4487 2915 4545 coelestem

506 4572 669 4629 reddi
702 4582 993 4647 tamquam
1025 4571 1213 4629 causis
1242 4569 1567 4643 meritoriiS,
1600 4571 1698 4627 vel
1739 4570 2272 4627 instrumentalibus
2309 4567 2740 4645 justificationis
2785 4587 2916 4624 nos-

502 4659 651 4724 trae3
714 4650 896 4707 Aliud
942 4659 1214 4725 tanquam
1262 4649 1482 4709 effectis
1530 4649 1684 4725 fidei,
1730 4658 1787 4707 et
1831 4649 2205 4725 qualitatibus
2255 4657 2310 4706 et
2341 4647 2813 4726 dispositionibus
2859 4648 2918 4704 in
