3221 5200
1280 443 1670 491 parsurm.
2535 431 2691 493 xxiii

285 629 729 702 argumentum.
834 621 900 684 N
902 641 999 684 am
1051 621 1105 685 si
1158 621 1318 684 serio
1350 622 1629 702 persuasi
1664 628 1810 687 sunt
1844 622 1921 685 de
1952 622 2271 686 Doctrinae
2327 644 2510 703 quam
2545 646 2694 707 pro-

284 720 542 783 fitentur
571 720 854 803 veritate,
891 719 1113 799 ecquid
1163 724 1292 781 tam
1323 720 1585 784 sollicite
1619 719 1752 799 ejus
1785 720 2105 800 refugiunt
2149 742 2407 785 examen
2438 723 2461 785 ‘2
2565 724 2689 787 Cur

281 824 380 880 tot
414 817 764 881 divertcula
797 825 863 881 et
896 818 1183 898 ambages
1236 817 1574 897 quaeruntZ
1680 817 1804 880 Cur
1855 839 1977 881 non
2033 819 2420 883 Constantini
2479 819 2690 902 Magni

282 915 363 978 ad
396 922 606 995 patres
637 915 702 977 N
704 916 928 979 icaenos
962 915 1285 979 consilium
1336 922 1693 996 sequuntur,
1751 917 2059 981 referente
2121 916 2530 999 TheodoretO,
2583 920 2687 998 qui

284 1013 421 1076 vult
485 1034 589 1077 eos
659 1020 749 1085 τὴν
819 1022 1164 1089 πολεμοποιὸν
1241 1021 1638 1083 ἁπελάσαντας
1692 1016 1788 1090 ἔριν
1839 1021 1898 1076 ἐκ
1952 1020 2051 1076 τῶν
2118 1019 2466 1078 θεοπνεύστων
2519 1025 2694 1099 λόγων

286 1114 482 1187 λαβεῖν
513 1118 614 1174 τῶν
652 1115 973 1194 ζητουμένων
1025 1117 1116 1182 τὴν
1166 1112 1364 1174 >semul
1468 1112 1594 1177 Sed
1625 1111 1762 1191 quis
1808 1132 1930 1175 nou
1961 1112 2132 1176 Videt
2181 1114 2297 1177 hoc
2330 1114 2691 1178 insidiosum

281 1216 348 1273 et
381 1209 560 1271 malae
584 1210 726 1272 fidei
761 1222 1185 1284 commentum,
1220 1229 1345 1274 non
1379 1210 1445 1272 in
1469 1210 1655 1273 alium
1680 1211 1864 1275 finem
1895 1211 2309 1291 excogitatum
2335 1233 2487 1287 esse,
2512 1234 2692 1292 quam

283 1314 358 1369 ιιι
388 1310 758 1387 ἀνεξετάστως
787 1308 1059 1387 recipere
1090 1328 1380 1389 cogamur
1410 1308 1699 1389 quicquid
1731 1308 2012 1371 Romano
2042 1308 2330 1373 Pontifici
2360 1311 2694 1374 obtrudere

283 1404 585 1467 libueritZ
715 1405 901 1481 Quasi
962 1406 1055 1468 vel
1136 1405 1538 1485 possessionis
1604 1413 1916 1485 praetensa
1983 1405 2379 1483 diuturnitas,
2443 1414 2508 1471 et
2567 1408 2612 1469 J
2615 1430 2686 1473 us

285 1502 791 1582 praescriptionis,
826 1503 987 1581 quod
1034 1523 1113 1567 ex
1168 1502 1276 1566 illa
1320 1503 1470 1567 oriri
1518 1504 1928 1583 praesumitur,
1963 1504 2083 1568 Vel
2116 1525 2414 1585 supremae
2447 1504 2692 1569 Antho-

286 1599 497 1662 ritatis
550 1606 616 1662 et
668 1608 1082 1675 ἀναμαρτησίας
1145 1600 1451 1681 gloriatiO,
1501 1602 1577 1663 ab
1630 1602 1794 1665 omni
1843 1602 2124 1665 examine
2174 1624 2314 1666 eum
2372 1604 2689 1679 eximeret,

288 1704 354 1760 et
403 1717 632 1760 coecam
686 1697 966 1760 omnibus
1018 1699 1393 1778 obsequendi
1445 1699 1875 1762 necessitatem
1926 1700 2290 1780 imponeret.
2394 1701 2545 1777 Quis
2598 1710 2692 1764 ta-

287 1815 427 1857 men
482 1816 607 1857 non
653 1795 887 1858 fatetur
937 1796 1168 1858 nullam
1231 1803 1448 1858 contra
1504 1796 1856 1860 Veritatem
1940 1797 2074 1858 dari
2133 1818 2312 1877 posse
2360 1800 2693 1879 praescrip-

286 1892 565 1956 tionem?
669 1892 762 1955 Ut
813 1893 1122 1972 sapienter
1179 1893 1312 1972 jam
1374 1894 1517 1957 olim
1581 1894 1932 1957 observavit
1995 1894 2253 1958 Tertull.
2283 1915 2298 1960 τ
2352 1903 2389 1931 “
2415 1896 2692 1960 Veritati

286 2010 467 2053 nemo
499 1990 900 2070 praescribere
928 1988 1194 2071 potest,’‘
1248 1991 1451 2071 inquit
1483 1992 1591 2055 lib.
1625 1992 1702 2055 de
1736 1991 1916 2055 Vela.
1971 1991 2149 2073 Virg.
2177 2014 2193 2065 3
2255 2000 2291 2028 ‘⁶
2312 1993 2458 2057 Non
2489 1995 2694 2073 spatia

288 2095 654 2167 temporum,
716 2108 838 2150 non
919 2089 1266 2169 patrocinia
1342 2109 1761 2169 personarum,
1847 2111 1966 2152 non
2047 2089 2434 2169 privilegium
2515 2091 2696 2153 Reli-

284 2179 597 2267 gionum.'‘
720 2185 856 2247 Imo
913 2186 1027 2249 hac
1088 2187 1451 2266 exceptione
1514 2186 1695 2250 facile
1747 2207 1813 2249 se
1863 2187 2025 2248 tueri
2082 2193 2337 2266 possent
2394 2186 2692 2263 GentileS,

289 2283 565 2363 urgendo
629 2303 766 2346 cum
822 2281 1166 2348 Pontificiis
1237 2304 1361 2346 non
1411 2283 1633 2346 minori
1714 2284 1822 2346 sed
1887 2283 2112 2363 potiori
2158 2286 2303 2363 jure
2358 2284 2693 2365 longaevam

296 2400 469 2444 suam
497 2381 973 2460 possessionem;
1011 2381 1114 2444 Ne
1138 2381 1271 2459 jam
1307 2382 1503 2445 dicam
1540 2383 1775 2443 frustra
1801 2381 2240 2461 possessionem
2276 2383 2546 2458 obtrudi,
2573 2384 2691 2446 nisi

291 2479 655 2541 ostendatur
677 2499 715 2540 a
735 2500 855 2559 quo
888 2486 1167 2559 tempore
1198 2479 1517 2552 obtineat;
1571 2477 1680 2540 An
1709 2498 1747 2539 a
1777 2477 2141 2558 quibusdam
2173 2480 2415 2542 demum
2447 2482 2690 2557 seculiS,

289 2576 400 2640 An
431 2597 470 2640 a
497 2576 699 2657 prima
727 2582 913 2640 aetate
946 2583 1012 2641 et
1063 2577 1430 2657 Apostolico
1479 2576 1702 2652 seculo,
1736 2596 1774 2639 a
1827 2596 1948 2657 quo
1976 2578 2172 2641 omnis
2220 2577 2497 2659 legitima
2554 2598 2693 2659 pos-

288 2676 577 2739 sessionis
608 2676 776 2756 origo
809 2675 876 2738 in
911 2675 1256 2757 Religionis
1306 2676 1553 2756 negotio
1583 2675 1862 2738 ducenda
1920 2682 2058 2738 est:
2163 2675 2338 2753 Quod
2385 2697 2524 2740 cum
2580 2699 2693 2742 nec

287 2773 702 2853 praestiterint
732 2793 1024 2855 unquam,
1059 2794 1172 2838 nec
1230 2781 1529 2854 praestare
1559 2773 1799 2852 possint
1829 2773 1908 2835 in
1930 2782 2249 2854 aeternum,
2284 2775 2526 2838 inanem
2557 2796 2692 2839 esse

287 2892 526 2934 omnem
556 2871 959 2951 possessionis
992 2871 1416 2952 gloriationem
1457 2877 1724 2936 constat.
1830 2870 1952 2934 Sed
1986 2893 2107 2934 non
2140 2872 2339 2936 minus
2373 2893 2594 2935 vanum
2629 2880 2695 2936 et

288 2970 684 3033 temerarium
708 2976 806 3032 est
838 2989 1138 3048 supremae
1182 2968 1610 3033 Authoritatis
1642 2970 2017 3050 figmentum,
2045 2990 2225 3049 quam
2254 2977 2485 3049 praeter
2515 2992 2692 3034 omne

286 3067 392 3145 jus
425 3073 492 3130 et
515 3069 608 3129 fas
639 3067 758 3130 sibi
793 3074 1103 3148 arrogant,
1139 3074 1211 3130 ut
1243 3068 1309 3130 in
1341 3069 1595 3147 propria
1646 3087 1833 3130 causa
1888 3065 1931 3128 J
1935 3066 2142 3130 udices
2187 3068 2442 3131 sedeant
2467 3090 2482 3141 ;
2538 3068 2689 3132 Cum

293 3170 535 3227 constet
553 3165 668 3228 hoc
698 3165 901 3245 ipsum
931 3185 1064 3228 esse
1090 3165 1252 3244 quod
1283 3166 1577 3227 internos
1607 3164 1873 3226 maxime
1898 3165 2397 3238 controvertitur,
2434 3173 2499 3227 et
2530 3166 2694 3242 quod

290 3260 681 3325 falsissimum
699 3281 834 3325 esse
857 3262 1104 3326 invictis
1127 3262 1503 3343 argumentis
1528 3281 1653 3324 non
1677 3262 1860 3324 semel
1893 3280 1931 3322 a
1951 3259 2204 3323 Nostris
2225 3267 2322 3324 est
2340 3262 2689 3340 probatum.

291 3359 537 3440 Ecquid
572 3360 736 3423 enim
772 3359 1044 3441 Spiritus
1079 3360 1346 3423 Sanctus
1375 3378 1486 3421 nos
1519 3358 1706 3421 toties
1760 3358 1841 3420 ad
1889 3358 2179 3438 legendas
2229 3365 2295 3421 et
2329 3359 2691 3422 scrutandas

288 3457 669 3538 Scripturas,
701 3464 769 3521 et
796 3459 999 3539 omnia
1031 3458 1368 3539 probanda,
1400 3457 1589 3521 etiam
1627 3455 1898 3536 Spiritus
1927 3455 2117 3537 ipsOS,
2154 3478 2233 3520 an
2263 3457 2391 3520 sint
2420 3478 2499 3520 ex
2534 3457 2690 3533 Deo,

288 3555 664 3631 hortaretur,
703 3556 756 3618 si
798 3556 1017 3635 jurare
1073 3557 1139 3618 in
1173 3556 1363 3619 verba
1410 3555 1795 3637 cujusquam,
1846 3561 1912 3618 et
1961 3555 2146 3618 fidem
2199 3561 2475 3619 nostram
2527 3575 2695 3620 coeca

287 3653 643 3717 obedientia
705 3653 798 3716 illi
848 3653 1132 3717 addicere
1188 3651 1578 3717 teneremur?
1708 3650 1751 3713 J
1755 3659 1966 3716 actent
2019 3672 2165 3733 ergo
2219 3653 2692 3717 Authoritatem

286 3770 459 3813 suam
527 3750 908 3814 infallibilem
970 3751 1318 3826 Pontifices,
1398 3757 1464 3814 et
1526 3751 1605 3812 ad
1660 3748 1954 3814 Ecclesiae
2016 3749 2315 3813 Tribunal
2364 3754 2696 3813 ἀνυπεύθυνον

287 3856 645 3929 provocent.
751 3848 887 3911 Nos
938 3849 1120 3912 aliter
1154 3849 1468 3912 Christum
1513 3847 1740 3923 edocti,
1772 3850 1850 3910 ab
1894 3847 2027 3925 ejus
2060 3848 2241 3911 unius
2270 3869 2375 3911 ore
2420 3849 2691 3929 pendere

288 3946 581 4010 volumus.
686 3944 872 4010 Hunc
906 3946 1100 4009 solum
1142 3946 1208 4009 in
1265 3946 1562 4022 Ecclesia,
1626 3952 1700 4008 ut
1733 3945 1777 4008 J
1780 3945 2018 4009 udicem
2058 3944 2438 4008 infallibilem
2467 3945 2691 4020 audiri,

290 4043 474 4108 Hunc
520 4045 715 4107 solum
771 4043 1020 4106 admitti
1048 4044 1343 4124 cupimus,
1376 4065 1489 4109 nec
1533 4043 1700 4107 aliud
1732 4043 2030 4107 Tribunal
2082 4062 2433 4123 supremum
2468 4061 2693 4122 agnos-

291 4142 502 4221 cimus,
560 4162 743 4221 quam
806 4141 1161 4222 Scripturas
1205 4142 1447 4218 Sacras,
1503 4142 1564 4204 in
1630 4142 1850 4222 quibus
1917 4141 2062 4205 solis
2105 4142 2276 4203 Deus
2343 4148 2524 4220 Λόγια
2581 4159 2695 4202 sua

292 4243 645 4310 θεοπνεύστως
675 4246 741 4303 et
771 4239 1121 4319 plenissime
1154 4241 1232 4303 ad
1262 4241 1522 4304 salutem
1554 4239 1957 4321 consignavit.
2048 4238 2156 4300 Ad
2189 4239 2351 4301 hunc
2382 4236 2691 4300 Canonem

293 4357 431 4402 vere
482 4346 685 4410 ἀκλινῆ
712 4344 777 4401 et
834 4340 1109 4418 ἄψευστον
1158 4339 1363 4402 omnia
1395 4338 1698 4419 exigenda
1745 4357 1878 4401 esse
1911 4336 2347 4416 pertendimus,
2391 4341 2465 4397 ut
2515 4356 2692 4399 nemo

295 4436 420 4511 παρ’
456 4444 483 4497 ὅ
515 4442 833 4518 γέγραπται
861 4457 1078 4518 sapere
1111 4443 1461 4516 praesumat.
1567 4435 1721 4500 Haec
1755 4436 1942 4498 etiam
1976 4454 2152 4497 sacra
2184 4432 2502 4514 Cynosura
2534 4455 2690 4497 sem-

294 4552 401 4612 per
432 4534 584 4596 mihi
615 4535 953 4617 proposita,
991 4555 1029 4596 a
1062 4555 1183 4614 qua
1207 4535 1403 4598 sicubi
1435 4553 1765 4609 recessere,
1791 4532 1969 4596 facile
2006 4532 2217 4612 patiar
2249 4552 2348 4595 me
2381 4540 2692 4595 errantem

295 4649 335 4690 a
364 4630 454 4695 Te
487 4632 733 4713 corrigi,
769 4639 836 4695 et
868 4632 932 4696 in
966 4632 1127 4697 viam
1160 4634 1414 4705 reduci;
1473 4632 1570 4696 sin
1614 4632 1853 4695 fidelem
1889 4650 1986 4693 me
2047 4630 2182 4708 ejus
2235 4632 2691 4695 observatorem
