3221 5200
339 375 561 424 QuAEsr.
593 352 755 435 v111.]
1042 374 1120 413 nn
1151 374 1413 414 ransom
1443 373 1513 412 ET
1543 373 1721 414 su‘ru
1751 373 1998 413 cnmsrr.
2560 435 2575 446 .
2636 359 2749 414 287

343 516 523 574 Marc.
557 515 634 573 vi.
667 518 702 573 6
729 537 742 590 ;
790 515 920 573 Non
971 514 1028 570 in
1079 516 1464 589 Exaltatione,
1518 514 1654 591 quia
1703 534 1807 572 nec
1838 513 1896 571 in
1926 513 2092 572 terris
2121 514 2309 572 adhuc
2338 515 2592 572 versanti
2623 515 2758 574 data

339 604 445 671 est,
481 595 690 653 Matth.
740 595 947 653 xxviii.
980 598 1033 670 5,
1087 599 1140 668 6,
1191 599 1226 627 “
1254 596 1385 653 Scio
1431 615 1538 652 vos
1580 595 1788 652 Jcsum
1833 594 2169 652 crucifixum
2199 614 2491 671 quaercre3
2524 614 2638 652 non
2668 605 2756 654 est

339 676 453 750 hic,
486 675 798 733 resurrexit
843 675 993 732 enim
1039 685 1208 751 prout
1256 675 1444 749 dixit3
1493 673 1688 731 videte
1718 674 1907 732 locum
1939 674 2037 731 ubi
2057 674 2291 750 jacebat
2321 674 2665 750 Dominus,’'
2697 685 2755 734 et

345 754 484 813 Luc.
517 755 680 814 xxiv.
726 757 821 829 39,
853 758 949 828 40,
998 757 1033 786 ⁴⁴
1059 755 1269 812 Videte
1318 775 1523 812 manus
1571 773 1730 811 meas
1769 761 1825 812 et
1866 753 2044 830 pedes
2087 774 2283 828 meos;
2328 774 2460 811 nam
2492 775 2601 830 ego
2632 755 2754 832 ipse

342 837 527 902 sum‚'’
557 833 684 908 δια,
717 855 822 893 nec
851 835 911 891 in
941 835 1149 893 coelum
1179 843 1398 909 evecto,
1429 834 1565 912 quia
1593 833 1863 910 praedixit
1906 854 1967 891 se
2010 853 2083 891 ex
2113 833 2327 891 mundo
2357 835 2752 910 migraturum,

342 922 400 972 et
429 935 544 972 non
574 915 821 991 amplius
850 915 969 972 fore
999 915 1092 972 hic
1121 924 1479 991 praesentem,
1527 913 1738 972 Matth.
1781 913 1945 971 xxvi.
2008 916 2099 988 11,
2148 917 2183 945 “
2210 914 2500 989 Pauperes
2530 935 2755 992 semper

340 994 641 1052 vobiscum
691 995 996 1068 habebitis,
1054 1015 1145 1052 me
1203 1015 1341 1052 vero
1389 1014 1504 1052 non
1556 1012 1781 1069 semper
1812 993 2158 1069 habebitis,'’
2209 1003 2267 1051 et
2314 995 2354 1051 ,J
2361 995 2453 1052 oh.
2502 995 2622 1053 xvi.
2655 998 2749 1069 28,

344 1076 379 1106 ⁴⁴
406 1074 602 1131 Prodii
631 1094 665 1131 a
696 1075 884 1148 Patre,
918 1083 976 1132 et
1023 1075 1154 1131 veni
1205 1075 1263 1131 in
1311 1074 1607 1148 mundum,
1642 1074 1848 1132 iterum
1884 1073 2144 1150 relinquo
2173 1072 2468 1147 mundum,
2495 1083 2551 1131 et
2579 1076 2750 1150 profi·

341 1153 525 1211 ciscor
552 1154 625 1210 ad
659 1154 948 1226 Patrem,''
994 1163 1051 1211 et
1080 1154 1218 1212 Joh.
1264 1155 1406 1211 xvii.
1444 1157 1534 1228 ll,
1582 1156 1619 1186 ⁴⁴
1645 1154 1777 1210 Non
1824 1153 2072 1229 amplius
2122 1173 2250 1212 sum
2279 1153 2337 1209 in
2365 1154 2639 1228 mund0,''
2673 1155 2750 1213 id.

343 1233 521 1290 Brevi
548 1253 664 1290 non
694 1253 820 1291 sum
850 1233 1091 1292 futurus,
1124 1238 1179 1292 2.
1211 1254 1412 1291 revera
1429 1254 1504 1291 ex
1532 1234 1642 1291 hoc
1671 1233 1886 1291 mundo
1915 1233 2167 1307 recessit,
2202 1233 2341 1291 Luc.
2372 1234 2536 1291 xxiv.
2569 1237 2663 1307 51,
2696 1245 2754 1294 et

342 1312 476 1370 Act.
509 1312 546 1369 i.
578 1315 633 1370 9.
668 1317 723 1371 3.
754 1313 812 1369 in
859 1314 1005 1370 coelo
1054 1333 1207 1371 nunc
1247 1314 1422 1389 degit,
1457 1333 1561 1371 nec
1610 1312 1900 1370 rediturus
1929 1322 2018 1371 est
2044 1333 2225 1390 usque
2249 1313 2323 1370 ad
2351 1313 2503 1371 diem
2524 1314 2750 1390 judicii,

341 1392 477 1451 Act.
511 1392 588 1450 iii.
622 1397 715 1466 21,
767 1395 801 1425 ⁴⁴
825 1393 1007 1466 Quem
1038 1401 1262 1469 oportet
1280 1393 1408 1450 coeli
1441 1392 1757 1468 suscipiant
1796 1412 1978 1468 usque
2021 1393 2095 1452 ad
2118 1402 2343 1470 tempus
2372 1394 2752 1453 restitutionis

340 1473 654 1546 omnium‚”
686 1483 744 1531 et
777 1473 927 1530 Heb.
959 1473 1079 1531 viii.
1112 1477 1167 1546 4,
1217 1475 1251 1506 ⁴⁴
1275 1473 1335 1530 Si
1365 1482 1517 1530 esset
1545 1473 1605 1529 in
1651 1482 1818 1547 terra,
1849 1492 1920 1530 ne
1969 1472 2249 1532 Sacerdos
2277 1473 2507 1549 quidem
2540 1476 2751 1550 esset,”

344 1555 372 1609 1
407 1553 609 1610 Thess.
640 1553 716 1610 iv.
755 1556 845 1620 16,
885 1556 972 1623 17,
1022 1556 1057 1585 “
1080 1553 1363 1610 Dominus
1392 1573 1422 1610 e
1453 1553 1599 1611 coelo
1629 1552 1998 1610 descendet.'’

420 1632 600 1690 XVI.
634 1633 764 1690 Non
792 1641 982 1709 potest
1010 1633 1196 1709 regeri
1222 1655 1235 1690 :
1271 1635 1321 1690 1.
1353 1635 1643 1691 Naturam
1666 1634 1969 1690 humanam
1988 1633 2489 1708 omnipraesentium
2527 1635 2582 1691 in
2604 1643 2753 1693 statu

340 1713 734 1770 exinanitionis
774 1714 1022 1770 habuisse
1065 1715 1122 1770 in
1151 1722 1280 1770 actu
1305 1713 1517 1788 primo,
1560 1715 1665 1770 sed
1707 1734 1818 1770 non
1845 1733 1903 1771 se
1944 1713 2241 1786 exeruisse,
2286 1717 2374 1771 vel
2398 1716 2749 1791 declarasse;

342 1791 491 1865 Quia
520 1793 857 1868 supponitur
885 1793 1066 1869 gratis
1095 1794 1254 1870 quod
1293 1792 1655 1870 probandum
1685 1791 1827 1867 fuit3
1874 1793 1996 1850 Nec
2039 1792 2300 1850 absolute
2330 1802 2388 1850 et
2417 1793 2752 1869 simpliciter

339 1881 578 1947 negaret
627 1872 920 1949 Scriptura
969 1873 1260 1931 Christum
1311 1872 1487 1931 fuisse
1537 1880 1876 1948 praesentem
1922 1872 2154 1948 ubique,
2187 1872 2236 1929 si
2275 1872 2386 1930 hoc
2417 1882 2636 1931 tantum
2661 1895 2750 1933 re-

340 1952 535 2010 stricte
584 1961 641 2010 et
688 1952 948 2026 limitato,
1002 1952 1442 2029 intelligendum
1472 1961 1643 2011 esset.
1695 1956 1755 2010 2.
1806 1952 2088 2011 Christum
2137 1952 2420 2027 reliquisse
2462 1956 2746 2029 mundum,

339 2034 533 2107 quoad
557 2032 816 2090 visibilem
845 2041 897 2090 et
906 2033 1264 2107 familiarem
1284 2053 1514 2090 suorum
1536 2034 2006 2090 conversationem
2024 2041 2077 2089 et
2094 2033 2346 2089 servilem
2364 2034 2746 2109 conditionem,

339 2132 453 2168 non
480 2132 611 2169 vero
641 2115 836 2188 quoad
859 2115 1068 2170 realem
1097 2122 1150 2170 et
1194 2114 1612 2171 substantialem
1642 2113 2009 2187 praesentiam
2030 2136 2053 2183 ‚·
2093 2114 2391 2169 secundum
2420 2133 2589 2188 quam
2618 2115 2753 2172 dicit

339 2212 397 2248 se
410 2194 676 2264 futurum
696 2213 818 2249 cum
840 2193 1123 2267 discipulis
1145 2213 1315 2268 usque
1332 2196 1414 2250 ad
1432 2193 1973 2263 com-summationem
1994 2192 2178 2250 seculi.
2221 2192 2370 2266 Quia
2398 2202 2461 2250 ut
2494 2193 2749 2271 Scriptu-

339 2290 403 2326 ra
457 2271 675 2328 nullam
730 2273 1093 2348 praesentiam
1148 2273 1496 2330 invisibilem
1548 2272 1817 2348 Corporis
1874 2272 2087 2330 Christi
2137 2272 2357 2348 uspiam
2408 2272 2612 2348 docet3
2661 2275 2754 2332 Ita

339 2349 518 2406 verba
547 2351 758 2408 Christi
788 2352 1104 2427 quamlibet
1134 2353 1492 2428 praesentiam
1525 2352 1795 2428 Corporis
1825 2352 2038 2411 Christi
2067 2351 2401 2426 excludunt,
2435 2353 2750 2411 secundum

340 2449 513 2505 quam
543 2430 845 2488 relicturus
874 2430 1084 2488 dicitur
1111 2432 1405 2505 mundum,
1439 2432 1514 2490 id.
1549 2442 1774 2506 terram,
1807 2441 1864 2489 et
1893 2452 2235 2490 ascensurus
2266 2432 2322 2489 in
2353 2433 2579 2492 coelum.
2626 2434 2747 2492 Nec

339 2510 389 2566 si
419 2510 803 2586 metaphorice
828 2510 899 2568 de
919 2511 1065 2586 Λόγῳ
1086 2511 1311 2586 dieitur,
1345 2512 1500 2588 quod
1522 2512 1730 2571 exierit
1752 2533 1786 2570 a
1820 2513 1987 2570 Patre
2017 2522 2073 2570 ct
2102 2511 2461 2571 descenderit
2485 2513 2553 2570 de
2579 2514 2742 2589 coe10,

337 2589 537 2648 eadem
567 2599 656 2650 est
684 2592 827 2649 ratio
858 2592 1170 2651 relictionis
1201 2592 1399 2651 mundi
1427 2592 1619 2670 quoad
1650 2595 1909 2668 Carnem,
1932 2614 2060 2670 quae
2088 2593 2315 2670 proprie
2345 2592 2428 2651 illi
2459 2594 2745 2654 tribuitur.

339 2671 630 2730 Promittit
660 2692 797 2730 vero
827 2693 888 2731 se
919 2693 1142 2750 semper
1170 2674 1422 2732 futurum
1453 2694 1582 2732 cum
1614 2673 1913 2750 discipulis
1957 2673 2272 2732 secundum
2307 2674 2598 2750 Spiritum,
2631 2695 2748 2734 non

339 2751 652 2809 seeundum
683 2773 930 2812 carnem.
977 2757 1031 2811 3.
1081 2756 1219 2812 Tres
1247 2775 1359 2812 esse
1391 2754 1664 2829 Corporis
1698 2755 1911 2812 Christi
1953 2764 2245 2830 respectus,
2279 2755 2527 2829 primum
2556 2776 2746 2814 secun·

336 2833 469 2888 dum
498 2842 719 2889 naturoe
745 2854 860 2890 suae
899 2836 1298 2909 proprietates,
1329 2837 1629 2892 secundum
1657 2836 1834 2908 juoeta
1874 2837 2119 2909 ylori'am
2165 2836 2601 2911 resurrectionis,
2636 2845 2743 2892 ter·

337 2911 472 2967 tium
497 2915 796 2969 secundum
821 2916 1072 2988 qratiam
1091 2915 1412 2988 personalis
1450 2914 1683 2971 Unionis
1703 2936 1716 2988 ;
1739 2915 2028 2989 prioribus
2056 2915 2233 2971 modis
2262 2934 2374 2971 esse
2396 2924 2608 2972 tantum
2637 2937 2748 2974 uno

336 2991 394 3047 in
425 2994 558 3063 loce,
589 2994 691 3048 sed
705 2994 1016 3066 posteriori
1040 3014 1151 3049 esse
1199 2995 1413 3067 ubique.
1499 2992 1648 3064 Quia
1695 3013 1768 3049 ex
1813 2994 1980 3050 tertio
2009 3001 2271 3068 respectu
2302 3013 2415 3050 non
2444 2995 2629 3069 magis
2660 3017 2745 3053 se-

338 3070 533 3145 quitur
562 3072 815 3145 corporis
845 3072 1324 3146 omniproesentia,
1355 3091 1528 3146 quam
1548 3091 1623 3127 ex
1653 3072 1891 3145 caeteriS,
1924 3072 2059 3147 quia
2087 3072 2311 3129 unitum
2345 3073 2559 3130 Deitati
2588 3094 2745 3131 man-

337 3149 412 3206 sit
440 3159 736 3223 quantum,
768 3157 833 3206 ut
862 3170 1067 3224 corpus
1096 3150 1325 3207 mansit.

421 3228 635 3286 XVII.
681 3232 736 3286 2.
789 3229 1266 3304 Omnipraescntia
1316 3227 1584 3305 Corporis
1615 3227 1826 3285 Christi
1875 3248 1991 3285 non
2039 3236 2228 3302 potest
2277 3229 2588 3287 consistere
2618 3251 2748 3289 cum

338 3309 513 3366 variis
543 3308 827 3367 Articulis
875 3308 1028 3366 fidei.
1115 3310 1263 3366 Nam
1314 3308 1360 3366 si
1411 3307 1651 3383 fingitur
1689 3308 2116 3384 omnipraesenS,
2149 3328 2223 3364 ex
2252 3308 2310 3364 vi
2346 3308 2592 3367 Unionis
2620 3331 2745 3387 per·

335 3389 569 3464 sonalis,
602 3409 708 3447 nec
737 3389 926 3465 potuit
953 3390 1169 3465 concipi
1209 3389 1267 3446 in
1317 3397 1479 3447 utero
1505 3389 1573 3445 B.
1606 3387 1887 3464 Virginis,
1920 3407 2025 3445 nec
2054 3389 2213 3445 nasci
2237 3397 2401 3446 extra
2430 3408 2556 3446 cum
2590 3399 2647 3449 et
2689 3392 2750 3449 in

333 3470 522 3529 lucem
571 3470 817 3546 prodire,
871 3490 977 3527 nec
1025 3471 1186 3544 mori,
1234 3469 1370 3545 quia
1418 3468 1608 3525 anima
1658 3488 1692 3525 a
1721 3488 1955 3544 corpore
1986 3468 2233 3544 separari
2262 3488 2377 3525 non
2406 3469 2609 3545 potuit,
2643 3491 2748 3531 nec

334 3551 574 3625 sepeliri,
607 3550 743 3626 quia
786 3550 843 3606 in
874 3550 1176 3627 sepulchro
1211 3550 1334 3627 jam
1363 3556 1502 3624 erat,
1545 3568 1651 3606 nec
1679 3568 1989 3624 resuryere,
2022 3547 2158 3624 quia
2186 3558 2353 3607 extra
2381 3550 2744 3626 sepulchrum

333 3631 687 3704 versabatur,
714 3631 895 3689 necin
923 3634 1117 3688 caelum
1145 3632 1460 3703 ascendere,
1493 3629 1591 3686 ubi
1615 3630 1739 3705 jam
1757 3628 2022 3706 degebat,
2054 3629 2149 3686 vel
2180 3632 2509 3688 descendere
2536 3634 2748 3707 poterit

334 3709 405 3766 de
435 3711 583 3766 coelo
612 3710 671 3766 iu
700 3718 908 3767 terram
937 3710 1010 3768 ad
1047 3710 1348 3788 judicium,
1382 3709 1430 3767 si
1460 3709 1674 3786 ubique
1717 3730 1968 3786 praesens
1997 3717 2085 3767 est
2113 3709 2356 3767 futurus,
2404 3710 2523 3767 Nec
2554 3711 2748 3771 dicen-

335 3788 473 3844 dum
505 3789 793 3846 Christum
824 3790 882 3846 in
912 3800 1063 3849 statu
1098 3789 1504 3848 exinanitionis
1534 3789 2011 3848 communicatam
2042 3790 2401 3866 majestatem
2433 3790 2600 3848 Carni
2632 3813 2747 3851 non

337 3868 648 3933 exeruisse,
701 3869 802 3925 scd
851 3870 1143 3943 localitati,
1197 3871 1437 3946 aliisque
1488 3870 1914 3928 conditionibus
1959 3870 2135 3946 hujus
2184 3869 2363 3927 seculi
2410 3869 2743 3945 subjecisse.

338 3946 487 4021 Quia
526 3948 863 4023 supponitur
891 3949 1087 4024 gratis,
1133 3969 1246 4005 non
1275 3950 1564 4025 probatur,
1615 3950 1739 4006 dari
1789 3949 2104 4026 majestatis
2154 3949 2746 4011 communicationem.

338 4027 563 4085 Deinde
608 4028 955 4086 localitatem
1011 4049 1086 4086 ex
1134 4029 1396 4086 libertate
1447 4029 1763 4086 voluntatis
1806 4028 2072 4105 pendere,
2126 4048 2241 4085 non
2287 4048 2360 4085 ex
2406 4030 2748 4092 necessitate

334 4116 554 4165 naturae
609 4107 875 4166 humanae
932 4107 1125 4167 fluere.
1237 4108 1615 4166 Ascensionis
1671 4108 1910 4165 historia
1958 4108 2127 4165 docet
2175 4108 2302 4183 ejus
2347 4107 2582 4183 abitum,
2631 4131 2745 4170 non

333 4188 509 4247 fuisse
539 4198 763 4248 tantum
792 4188 1094 4246 convictus
1143 4197 1240 4246 aut
1290 4188 1744 4247 conversationis
1773 4187 2270 4260 intermissionem,
2304 4185 2403 4244 sed
2434 4191 2688 4265 eorporis
2716 4214 2748 4252 e

333 4278 485 4327 terra
509 4269 565 4327 in
585 4269 812 4343 coelum,
835 4276 986 4327 etex
1009 4269 1136 4326 loco
1160 4267 1424 4326 inferiore
1448 4268 1507 4325 in
1530 4267 1880 4344 superiorem
1901 4267 2353 4341 translationem,
2389 4266 2570 4326 Marc.
2601 4273 2743 4351 xvi„

337 4349 471 4408 Act.
503 4351 539 4408 i.

418 4430 630 4488 XVII.
676 4434 731 4488 3.
783 4430 1093 4506 Repugnat
1120 4437 1341 4487 naturae
1388 4427 1660 4503 corporis,
1693 4425 1849 4502 quod
1878 4434 1965 4484 est
2003 4425 2496 4502 circumscriptum
2534 4437 2592 4487 et
2620 4430 2746 4489 fini-

334 4516 475 4581 tum,
508 4510 661 4585 quod
691 4510 864 4568 habet
892 4518 1084 4586 partes
1113 4517 1278 4567 extra
1305 4517 1516 4584 partes,
1549 4516 1606 4565 et
1649 4525 1750 4583 per
1778 4527 1838 4564 se
1868 4506 2115 4580 visibile,
2148 4515 2205 4563 et
2247 4506 2535 4582 palpabile
2578 4510 2750 4572 debet

336 4606 481 4644 esse.
569 4589 688 4646 Nec
717 4590 904 4667 excipi
935 4598 1159 4666 potcst3
1211 4593 1258 4645 1.
1297 4589 1563 4664 Iniquum
1593 4607 1706 4645 esse
1735 4607 1936 4662 corpus
1972 4588 2279 4662 yloriosum
2307 4587 2572 4661 subjicere
2600 4613 2744 4650 com-

336 4666 516 4723 munis
544 4678 761 4725 natm-ce
804 4671 1023 4745 leyibus.
1109 4669 1256 4743 Quia
1285 4668 1471 4744 gloria
1519 4687 1636 4725 non
1681 4666 1925 4725 destruit
1966 4688 2071 4725 nec
2121 4674 2304 4725 mutat
2332 4677 2611 4748 naturam,
2645 4676 2748 4734 sed
