<?xml version="1.0" encoding="UTF-8"?>
<!DOCTYPE html PUBLIC "-//W3C//DTD XHTML 1.0 Transitional//EN"
    "http://www.w3.org/TR/xhtml1/DTD/xhtml1-transitional.dtd">
<html xmlns="http://www.w3.org/1999/xhtml" xml:lang="en" lang="en">
 <head>
  <title>
</title>
<meta http-equiv="Content-Type" content="text/html;charset=utf-8" />
  <meta name='ocr-system' content='tesseract 3.04.00' />
  <meta name='ocr-capabilities' content='ocr_page ocr_carea ocr_par ocr_line ocrx_word'/>
</head>
<body>
  <div class='ocr_page' id='page_1' title='image "./institutiotheol01turrgoog_0333.png"; bbox 0 0 3221 5200; ppageno 0'>
   <div class='ocr_carea' id='block_1_1' title="bbox 277 388 2689 469">
    <p class='ocr_par' dir='ltr' id='par_1_1' title="bbox 277 388 2689 469">
     <span class='ocr_line' id='line_1_1' title="bbox 277 388 2689 469; baseline -0.001 -21"><span class='ocrx_word' id='word_1_1' title='bbox 277 407 495 456; x_wconf 69' lang='lat' dir='ltr'><strong>QUAEs’r.</strong></span> <span class='ocrx_word' id='word_1_2' title='bbox 530 388 666 469; x_wconf 70' lang='lat' dir='ltr'><strong>xm]</strong></span> <span class='ocrx_word' id='word_1_3' title='bbox 1101 407 1177 447; x_wconf 78' lang='lat' dir='ltr'><strong>m:</strong></span> <span class='ocrx_word' id='word_1_4' title='bbox 1202 407 1465 448; x_wconf 61' lang='lat' dir='ltr'><strong>pensons</strong></span> <span class='ocrx_word' id='word_1_5' title='bbox 1485 407 1560 446; x_wconf 73' lang='lat' dir='ltr'><strong>m·</strong></span> <span class='ocrx_word' id='word_1_6' title='bbox 1583 407 1771 446; x_wconf 71' lang='lat' dir='ltr'><strong>smru</strong></span> <span class='ocrx_word' id='word_1_7' title='bbox 1796 403 2046 446; x_wconf 68' lang='lat' dir='ltr'><strong>cniusri.</strong></span> <span class='ocrx_word' id='word_1_8' title='bbox 2574 391 2689 446; x_wconf 88' lang='grc'><strong>305</strong></span> 
     </span>
    </p>
   </div>
   <div class='ocr_carea' id='block_1_2' title="bbox 265 545 2695 1100">
    <p class='ocr_par' dir='ltr' id='par_1_2' title="bbox 272 545 2690 625">
     <span class='ocr_line' id='line_1_2' title="bbox 272 545 2690 625; baseline -0 -20"><span class='ocrx_word' id='word_1_9' title='bbox 272 548 460 607; x_wconf 89' lang='lat' dir='ltr'><strong>Filius</strong></span> <span class='ocrx_word' id='word_1_10' title='bbox 483 552 748 619; x_wconf 56' lang='grc' dir='ltr'><strong>ἀγαπητὴ</strong></span> <span class='ocrx_word' id='word_1_11' title='bbox 776 548 838 606; x_wconf 91' lang='lat' dir='ltr'><strong>iu</strong></span> <span class='ocrx_word' id='word_1_12' title='bbox 865 568 980 625; x_wconf 92' lang='lat' dir='ltr'><strong>quo</strong></span> <span class='ocrx_word' id='word_1_13' title='bbox 1005 548 1130 606; x_wconf 91' lang='lat' dir='ltr'><strong>Deo</strong></span> <span class='ocrx_word' id='word_1_14' title='bbox 1159 548 1563 625; x_wconf 89' lang='lat' dir='ltr'><strong>complacitum</strong></span> <span class='ocrx_word' id='word_1_15' title='bbox 1595 555 1701 620; x_wconf 90' lang='lat' dir='ltr'><strong>est,</strong></span> <span class='ocrx_word' id='word_1_16' title='bbox 1736 546 1946 603; x_wconf 84' lang='lat' dir='ltr'><strong>Matth.</strong></span> <span class='ocrx_word' id='word_1_17' title='bbox 1978 545 2058 603; x_wconf 91' lang='lat' dir='ltr'><strong>iii.</strong></span> <span class='ocrx_word' id='word_1_18' title='bbox 2095 547 2186 604; x_wconf 99' lang='grc'><strong>17.</strong></span> <span class='ocrx_word' id='word_1_19' title='bbox 2220 545 2341 602; x_wconf 89' lang='lat' dir='ltr'><strong>Nec</strong></span> <span class='ocrx_word' id='word_1_20' title='bbox 2370 545 2442 603; x_wconf 91' lang='lat' dir='ltr'><strong>de</strong></span> <span class='ocrx_word' id='word_1_21' title='bbox 2477 547 2690 605; x_wconf 79' lang='lat' dir='ltr'><strong>Gratia</strong></span> 
     </span>
    </p>

    <p class='ocr_par' dir='ltr' id='par_1_3' title="bbox 279 625 2686 705">
     <span class='ocr_line' id='line_1_3' title="bbox 279 625 2686 705; baseline -0.001 -19"><span class='ocrx_word' id='word_1_22' title='bbox 279 629 527 702; x_wconf 77' lang='lat' dir='ltr'><strong>Unz&#39;ont‘s,</strong></span> <span class='ocrx_word' id='word_1_23' title='bbox 558 648 661 705; x_wconf 90' lang='lat' dir='ltr'><strong>per</strong></span> <span class='ocrx_word' id='word_1_24' title='bbox 687 648 859 703; x_wconf 89' lang='lat' dir='ltr'><strong>quam</strong></span> <span class='ocrx_word' id='word_1_25' title='bbox 893 627 1237 686; x_wconf 81' lang='lat' dir='ltr'><strong>Humanitas</strong></span> <span class='ocrx_word' id='word_1_26' title='bbox 1283 636 1578 704; x_wconf 86' lang='lat' dir='ltr'><strong>assumpta</strong></span> <span class='ocrx_word' id='word_1_27' title='bbox 1607 635 1697 685; x_wconf 89' lang='lat' dir='ltr'><strong>est</strong></span> <span class='ocrx_word' id='word_1_28' title='bbox 1725 646 1759 683; x_wconf 91' lang='lat' dir='ltr'><strong>a</strong></span> <span class='ocrx_word' id='word_1_29' title='bbox 1785 626 1934 695; x_wconf 68' lang='grc' dir='ltr'><strong>Λόγῳ</strong></span> <span class='ocrx_word' id='word_1_30' title='bbox 1975 625 2035 681; x_wconf 90' lang='lat' dir='ltr'><strong>in</strong></span> <span class='ocrx_word' id='word_1_31' title='bbox 2084 625 2364 683; x_wconf 87' lang='lat' dir='ltr'><strong>unitatem</strong></span> <span class='ocrx_word' id='word_1_32' title='bbox 2396 626 2686 683; x_wconf 73' lang='lat' dir='ltr'><strong>Personae.</strong></span> 
     </span>
    </p>

    <p class='ocr_par' dir='ltr' id='par_1_4' title="bbox 272 703 2687 862">
     <span class='ocr_line' id='line_1_4' title="bbox 274 703 2687 783; baseline 0 -19"><span class='ocrx_word' id='word_1_33' title='bbox 274 707 391 765; x_wconf 87' lang='lat' dir='ltr'><strong>Sed</strong></span> <span class='ocrx_word' id='word_1_34' title='bbox 413 707 484 764; x_wconf 90' lang='lat' dir='ltr'><strong>de</strong></span> <span class='ocrx_word' id='word_1_35' title='bbox 519 707 736 767; x_wconf 58' lang='lat' dir='ltr'><strong>&amp;otiis</strong></span> <span class='ocrx_word' id='word_1_36' title='bbox 753 708 1135 782; x_wconf 77' lang='lat' dir='ltr'><strong>habitualz’bus,</strong></span> <span class='ocrx_word' id='word_1_37' title='bbox 1170 727 1271 765; x_wconf 86' lang='lat' dir='ltr'><strong>seu</strong></span> <span class='ocrx_word' id='word_1_38' title='bbox 1289 706 1456 766; x_wconf 91' lang='lat' dir='ltr'><strong>donis</strong></span> <span class='ocrx_word' id='word_1_39' title='bbox 1485 715 1544 764; x_wconf 89' lang='lat' dir='ltr'><strong>et</strong></span> <span class='ocrx_word' id='word_1_40' title='bbox 1564 704 2030 783; x_wconf 79' lang='lat' dir='ltr'><strong>perfectionibus„</strong></span> <span class='ocrx_word' id='word_1_41' title='bbox 2054 725 2128 762; x_wconf 87' lang='lat' dir='ltr'><strong>ex</strong></span> <span class='ocrx_word' id='word_1_42' title='bbox 2151 703 2211 760; x_wconf 86' lang='lat' dir='ltr'><strong>vi</strong></span> <span class='ocrx_word' id='word_1_43' title='bbox 2236 704 2484 763; x_wconf 89' lang='lat' dir='ltr'><strong>Unionis</strong></span> <span class='ocrx_word' id='word_1_44' title='bbox 2504 705 2687 782; x_wconf 87' lang='lat' dir='ltr'><strong>hypo·</strong></span> 
     </span>
     <span class='ocr_line' id='line_1_5' title="bbox 272 786 1327 862; baseline -0.001 -17"><span class='ocrx_word' id='word_1_45' title='bbox 272 787 509 862; x_wconf 82' lang='lat' dir='ltr'><strong>staticae,</strong></span> <span class='ocrx_word' id='word_1_46' title='bbox 541 787 806 845; x_wconf 83' lang='lat' dir='ltr'><strong>humanae</strong></span> <span class='ocrx_word' id='word_1_47' title='bbox 834 796 1054 845; x_wconf 83' lang='lat' dir='ltr'><strong>naturae</strong></span> <span class='ocrx_word' id='word_1_48' title='bbox 1085 786 1327 845; x_wconf 77' lang='lat' dir='ltr'><strong>collatis,</strong></span> 
     </span>
    </p>

    <p class='ocr_par' dir='ltr' id='par_1_5' title="bbox 876 863 2687 941">
     <span class='ocr_line' id='line_1_6' title="bbox 876 863 2687 941; baseline 0 -19"><span class='ocrx_word' id='word_1_49' title='bbox 876 867 959 925; x_wconf 94' lang='grc' dir='ltr'><strong>ΙΙ.</strong></span> <span class='ocrx_word' id='word_1_50' title='bbox 1004 867 1176 923; x_wconf 88' lang='lat' dir='ltr'><strong>Tales</strong></span> <span class='ocrx_word' id='word_1_51' title='bbox 1205 866 1423 941; x_wconf 82' lang='lat' dir='ltr'><strong>gratias</strong></span> <span class='ocrx_word' id='word_1_52' title='bbox 1473 864 1703 922; x_wconf 88' lang='lat' dir='ltr'><strong>Christo</strong></span> <span class='ocrx_word' id='word_1_53' title='bbox 1753 864 1993 922; x_wconf 89' lang='lat' dir='ltr'><strong>collatas</strong></span> <span class='ocrx_word' id='word_1_54' title='bbox 2039 883 2164 922; x_wconf 89' lang='lat' dir='ltr'><strong>esse</strong></span> <span class='ocrx_word' id='word_1_55' title='bbox 2214 883 2350 922; x_wconf 85' lang='lat' dir='ltr'><strong>vere</strong></span> <span class='ocrx_word' id='word_1_56' title='bbox 2389 872 2448 921; x_wconf 89' lang='lat' dir='ltr'><strong>et</strong></span> <span class='ocrx_word' id='word_1_57' title='bbox 2475 863 2687 938; x_wconf 87' lang='lat' dir='ltr'><strong>plenis-</strong></span> 
     </span>
    </p>

    <p class='ocr_par' dir='ltr' id='par_1_6' title="bbox 265 942 2695 1021">
     <span class='ocr_line' id='line_1_7' title="bbox 265 942 2695 1021; baseline -0.003 -14"><span class='ocrx_word' id='word_1_58' title='bbox 265 963 465 1008; x_wconf 75' lang='lat' dir='ltr'><strong>Gratias</strong></span> <span class='ocrx_word' id='word_1_59' title='bbox 546 964 747 1009; x_wconf 74' lang='lat' dir='ltr'><strong>christo</strong></span> <span class='ocrx_word' id='word_1_60' title='bbox 796 946 955 1019; x_wconf 91' lang='lat' dir='ltr'><strong>sime,</strong></span> <span class='ocrx_word' id='word_1_61' title='bbox 982 945 1402 1021; x_wconf 88' lang='lat' dir='ltr'><strong>Scripturanon</strong></span> <span class='ocrx_word' id='word_1_62' title='bbox 1440 964 1555 1003; x_wconf 89' lang='lat' dir='ltr'><strong>uno</strong></span> <span class='ocrx_word' id='word_1_63' title='bbox 1593 943 1722 1001; x_wconf 89' lang='lat' dir='ltr'><strong>loco</strong></span> <span class='ocrx_word' id='word_1_64' title='bbox 1752 944 1935 1017; x_wconf 88' lang='lat' dir='ltr'><strong>docet,</strong></span> <span class='ocrx_word' id='word_1_65' title='bbox 1980 943 2094 1000; x_wconf 92' lang='lat' dir='ltr'><strong>lsa.</strong></span> <span class='ocrx_word' id='word_1_66' title='bbox 2129 964 2208 1000; x_wconf 78' lang='lat' dir='ltr'><strong>xl.</strong></span> <span class='ocrx_word' id='word_1_67' title='bbox 2250 947 2305 1017; x_wconf 81' lang='lat'><strong>2,</strong></span> <span class='ocrx_word' id='word_1_68' title='bbox 2353 942 2452 1001; x_wconf 90' lang='lat' dir='ltr'><strong>ubi</strong></span> <span class='ocrx_word' id='word_1_69' title='bbox 2485 942 2695 1002; x_wconf 89' lang='lat' dir='ltr'><strong>dicitur</strong></span> 
     </span>
    </p>

    <p class='ocr_par' dir='ltr' id='par_1_7' title="bbox 325 1022 2689 1100">
     <span class='ocr_line' id='line_1_8' title="bbox 325 1022 2689 1100; baseline -0 -18"><span class='ocrx_word' id='word_1_70' title='bbox 325 1023 526 1066; x_wconf 67' lang='lat' dir='ltr'><strong>collatas</strong></span> <span class='ocrx_word' id='word_1_71' title='bbox 568 1036 670 1067; x_wconf 74' lang='lat'><strong>0⁰⁸0</strong></span> <span class='ocrx_word' id='word_1_72' title='bbox 688 1026 738 1066; x_wconf 79' lang='lat'><strong>0¹²</strong></span> <span class='ocrx_word' id='word_1_73' title='bbox 784 1025 1031 1100; x_wconf 83' lang='lat' dir='ltr'>Spiritus</span> <span class='ocrx_word' id='word_1_74' title='bbox 1054 1025 1366 1100; x_wconf 66' lang='lat' dir='ltr'><strong>sapientise,</strong></span> <span class='ocrx_word' id='word_1_75' title='bbox 1420 1024 1690 1097; x_wconf 73' lang='lat' dir='ltr'><strong>scientiae,</strong></span> <span class='ocrx_word' id='word_1_76' title='bbox 1730 1029 1846 1097; x_wconf 84' lang='lat' dir='ltr'><strong>&amp;c.,</strong></span> <span class='ocrx_word' id='word_1_77' title='bbox 1894 1022 2254 1099; x_wconf 79' lang='lat' dir='ltr'>requieturus</span> <span class='ocrx_word' id='word_1_78' title='bbox 2294 1042 2465 1098; x_wconf 89' lang='lat' dir='ltr'><strong>super</strong></span> <span class='ocrx_word' id='word_1_79' title='bbox 2495 1023 2689 1081; x_wconf 89' lang='lat' dir='ltr'><strong>Chris-</strong></span> 
     </span>
    </p>
   </div>
   <div class='ocr_carea' id='block_1_3' title="bbox 322 1085 2689 1194">
    <p class='ocr_par' dir='ltr' id='par_1_8' title="bbox 322 1085 2689 1194">
     <span class='ocr_line' id='line_1_9' title="bbox 322 1085 2689 1194; baseline 0.006 -47"><span class='ocrx_word' id='word_1_80' title='bbox 322 1085 737 1194; x_wconf 43' lang='lat' dir='ltr'><strong>{egssatfai-.P¹⁰n⁹’</strong></span> <span class='ocrx_word' id='word_1_81' title='bbox 783 1112 926 1162; x_wconf 86' lang='lat' dir='ltr'><strong>tum.</strong></span> <span class='ocrx_word' id='word_1_82' title='bbox 1000 1104 1075 1162; x_wconf 86' lang='lat' dir='ltr'><strong>Et</strong></span> <span class='ocrx_word' id='word_1_83' title='bbox 1097 1123 1164 1161; x_wconf 90' lang='lat' dir='ltr'><strong>eo</strong></span> <span class='ocrx_word' id='word_1_84' title='bbox 1210 1103 1322 1160; x_wconf 88' lang='lat' dir='ltr'><strong>fine</strong></span> <span class='ocrx_word' id='word_1_85' title='bbox 1359 1111 1601 1162; x_wconf 82' lang='lat' dir='ltr'><strong>vocatur</strong></span> <span class='ocrx_word' id='word_1_86' title='bbox 1637 1103 1810 1161; x_wconf 90' lang='lat' dir='ltr'><strong>toties</strong></span> <span class='ocrx_word' id='word_1_87' title='bbox 1844 1103 2057 1178; x_wconf 87' lang='lat' dir='ltr'><strong>justus,</strong></span> <span class='ocrx_word' id='word_1_88' title='bbox 2110 1110 2359 1175; x_wconf 83' lang='lat' dir='ltr'><strong>sanctus,</strong></span> <span class='ocrx_word' id='word_1_89' title='bbox 2397 1101 2689 1177; x_wconf 90' lang='lat' dir='ltr'><strong>innocens,</strong></span> 
     </span>
    </p>
   </div>
   <div class='ocr_carea' id='block_1_4' title="bbox 262 1180 2692 4729">
    <p class='ocr_par' dir='ltr' id='par_1_9' title="bbox 270 1180 2692 1660">
     <span class='ocr_line' id='line_1_10' title="bbox 781 1180 2688 1256; baseline -0.001 -15"><span class='ocrx_word' id='word_1_90' title='bbox 781 1184 896 1241; x_wconf 90' lang='lat' dir='ltr'><strong>Isa.</strong></span> <span class='ocrx_word' id='word_1_91' title='bbox 941 1182 1045 1239; x_wconf 90' lang='lat' dir='ltr'><strong>liii.</strong></span> <span class='ocrx_word' id='word_1_92' title='bbox 1070 1185 1161 1256; x_wconf 92' lang='grc'><strong>11,</strong></span> <span class='ocrx_word' id='word_1_93' title='bbox 1213 1182 1354 1240; x_wconf 89' lang='lat' dir='ltr'><strong>Luc.</strong></span> <span class='ocrx_word' id='word_1_94' title='bbox 1411 1181 1448 1239; x_wconf 91' lang='lat' dir='ltr'><strong>i.</strong></span> <span class='ocrx_word' id='word_1_95' title='bbox 1479 1185 1575 1255; x_wconf 89' lang='lat'><strong>35,</strong></span> <span class='ocrx_word' id='word_1_96' title='bbox 1625 1181 1761 1240; x_wconf 91' lang='lat' dir='ltr'><strong>Act.</strong></span> <span class='ocrx_word' id='word_1_97' title='bbox 1809 1181 1889 1238; x_wconf 91' lang='lat' dir='ltr'><strong>iii.</strong></span> <span class='ocrx_word' id='word_1_98' title='bbox 1946 1185 2037 1252; x_wconf 88' lang='lat'><strong>14,</strong></span> <span class='ocrx_word' id='word_1_99' title='bbox 2064 1181 2218 1239; x_wconf 90' lang='lat' dir='ltr'><strong>Heb.</strong></span> <span class='ocrx_word' id='word_1_100' title='bbox 2249 1180 2348 1238; x_wconf 86' lang='lat' dir='ltr'><strong>vii.</strong></span> <span class='ocrx_word' id='word_1_101' title='bbox 2380 1183 2476 1239; x_wconf 77' lang='lat'><strong>26.</strong></span> <span class='ocrx_word' id='word_1_102' title='bbox 2553 1181 2688 1241; x_wconf 90' lang='lat' dir='ltr'><strong>Huc</strong></span> 
     </span>
     <span class='ocr_line' id='line_1_11' title="bbox 270 1260 2687 1339; baseline 0.001 -22"><span class='ocrx_word' id='word_1_103' title='bbox 270 1260 407 1320; x_wconf 90' lang='lat' dir='ltr'><strong>facit</strong></span> <span class='ocrx_word' id='word_1_104' title='bbox 444 1263 601 1339; x_wconf 89' lang='lat' dir='ltr'><strong>quod</strong></span> <span class='ocrx_word' id='word_1_105' title='bbox 630 1262 842 1321; x_wconf 90' lang='lat' dir='ltr'><strong>dicitur</strong></span> <span class='ocrx_word' id='word_1_106' title='bbox 868 1270 1076 1320; x_wconf 89' lang='lat' dir='ltr'><strong>unctus</strong></span> <span class='ocrx_word' id='word_1_107' title='bbox 1109 1261 1323 1339; x_wconf 87' lang='lat' dir='ltr'>Spiritu</span> <span class='ocrx_word' id='word_1_108' title='bbox 1355 1269 1414 1319; x_wconf 85' lang='lat' dir='ltr'><strong>et</strong></span> <span class='ocrx_word' id='word_1_109' title='bbox 1439 1261 1671 1335; x_wconf 86' lang='lat' dir='ltr'><strong>virtute,</strong></span> <span class='ocrx_word' id='word_1_110' title='bbox 1705 1260 1840 1318; x_wconf 90' lang='lat' dir='ltr'><strong>Act.</strong></span> <span class='ocrx_word' id='word_1_111' title='bbox 1872 1280 1930 1317; x_wconf 87' lang='lat' dir='ltr'><strong>x.</strong></span> <span class='ocrx_word' id='word_1_112' title='bbox 1962 1263 2056 1333; x_wconf 87' lang='grc'><strong>38,</strong></span> <span class='ocrx_word' id='word_1_113' title='bbox 2083 1269 2290 1318; x_wconf 89' lang='lat' dir='ltr'><strong>unctus</strong></span> <span class='ocrx_word' id='word_1_114' title='bbox 2308 1261 2436 1318; x_wconf 92' lang='lat' dir='ltr'><strong>oleo</strong></span> <span class='ocrx_word' id='word_1_115' title='bbox 2453 1260 2687 1335; x_wconf 81' lang='lat' dir='ltr'><strong>laetitiae,</strong></span> 
     </span>
     <span class='ocr_line' id='line_1_12' title="bbox 273 1338 2688 1418; baseline -0 -20"><span class='ocrx_word' id='word_1_116' title='bbox 273 1341 427 1399; x_wconf 86' lang='lat' dir='ltr'><strong>Psal.</strong></span> <span class='ocrx_word' id='word_1_117' title='bbox 459 1342 580 1403; x_wconf 82' lang='lat' dir='ltr'><strong>xlv.</strong></span> <span class='ocrx_word' id='word_1_118' title='bbox 614 1346 668 1416; x_wconf 87' lang='grc'><strong>7,</strong></span> <span class='ocrx_word' id='word_1_119' title='bbox 694 1341 850 1418; x_wconf 91' lang='lat' dir='ltr'><strong>quod</strong></span> <span class='ocrx_word' id='word_1_120' title='bbox 879 1361 995 1398; x_wconf 89' lang='lat' dir='ltr'><strong>non</strong></span> <span class='ocrx_word' id='word_1_121' title='bbox 1023 1341 1137 1398; x_wconf 87' lang='lat' dir='ltr'><strong>alio</strong></span> <span class='ocrx_word' id='word_1_122' title='bbox 1159 1349 1351 1418; x_wconf 86' lang='lat' dir='ltr'><strong>potest</strong></span> <span class='ocrx_word' id='word_1_123' title='bbox 1378 1341 1680 1418; x_wconf 89' lang='lat' dir='ltr'><strong>pertinere,</strong></span> <span class='ocrx_word' id='word_1_124' title='bbox 1702 1359 1873 1416; x_wconf 91' lang='lat' dir='ltr'><strong>quam</strong></span> <span class='ocrx_word' id='word_1_125' title='bbox 1904 1338 1978 1396; x_wconf 88' lang='lat' dir='ltr'><strong>ad</strong></span> <span class='ocrx_word' id='word_1_126' title='bbox 2001 1338 2152 1397; x_wconf 88' lang='lat' dir='ltr'><strong>dona</strong></span> <span class='ocrx_word' id='word_1_127' title='bbox 2184 1340 2432 1416; x_wconf 80' lang='lat' dir='ltr'>Spiritus</span> <span class='ocrx_word' id='word_1_128' title='bbox 2478 1340 2536 1397; x_wconf 88' lang='lat' dir='ltr'><strong>S.</strong></span> <span class='ocrx_word' id='word_1_129' title='bbox 2568 1341 2688 1397; x_wconf 90' lang='lat' dir='ltr'><strong>ani-</strong></span> 
     </span>
     <span class='ocr_line' id='line_1_13' title="bbox 270 1418 2692 1495; baseline 0 -19"><span class='ocrx_word' id='word_1_130' title='bbox 270 1440 426 1477; x_wconf 91' lang='lat' dir='ltr'><strong>mum</strong></span> <span class='ocrx_word' id='word_1_131' title='bbox 457 1421 694 1479; x_wconf 86' lang='lat' dir='ltr'><strong>mirifice</strong></span> <span class='ocrx_word' id='word_1_132' title='bbox 723 1420 1093 1480; x_wconf 72' lang='lat' dir='ltr'><strong>laetificantia.</strong></span> <span class='ocrx_word' id='word_1_133' title='bbox 1177 1420 1475 1478; x_wconf 82' lang='lat' dir='ltr'><em>Plenitudo</em></span> <span class='ocrx_word' id='word_1_134' title='bbox 1497 1420 1669 1478; x_wconf 89' lang='lat' dir='ltr'><strong>etiam</strong></span> <span class='ocrx_word' id='word_1_135' title='bbox 1689 1438 1883 1477; x_wconf 89' lang='lat' dir='ltr'><strong>earum</strong></span> <span class='ocrx_word' id='word_1_136' title='bbox 1902 1418 2254 1495; x_wconf 87' lang='lat' dir='ltr'><strong>designatur,</strong></span> <span class='ocrx_word' id='word_1_137' title='bbox 2280 1439 2456 1494; x_wconf 85' lang='lat' dir='ltr'><strong>quum</strong></span> <span class='ocrx_word' id='word_1_138' title='bbox 2481 1419 2692 1479; x_wconf 89' lang='lat' dir='ltr'><strong>dicitur</strong></span> 
     </span>
     <span class='ocr_line' id='line_1_14' title="bbox 272 1497 2688 1577; baseline 0.001 -22"><span class='ocrx_word' id='word_1_139' title='bbox 272 1500 535 1558; x_wconf 90' lang='lat' dir='ltr'><strong>Christus</strong></span> <span class='ocrx_word' id='word_1_140' title='bbox 587 1504 623 1532; x_wconf 79' lang='lat'><strong>‘⁴</strong></span> <span class='ocrx_word' id='word_1_141' title='bbox 643 1500 851 1577; x_wconf 89' lang='lat' dir='ltr'><strong>plenus</strong></span> <span class='ocrx_word' id='word_1_142' title='bbox 878 1500 1065 1576; x_wconf 87' lang='lat' dir='ltr'><strong>gratia</strong></span> <span class='ocrx_word' id='word_1_143' title='bbox 1109 1507 1168 1557; x_wconf 91' lang='lat' dir='ltr'><strong>et</strong></span> <span class='ocrx_word' id='word_1_144' title='bbox 1195 1499 1496 1574; x_wconf 83' lang='lat' dir='ltr'><strong>veritate,&#39;’</strong></span> <span class='ocrx_word' id='word_1_145' title='bbox 1552 1499 1596 1556; x_wconf 87' lang='lat' dir='ltr'><strong>J</strong></span> <span class='ocrx_word' id='word_1_146' title='bbox 1598 1498 1692 1556; x_wconf 90' lang='lat' dir='ltr'><strong>oh.</strong></span> <span class='ocrx_word' id='word_1_147' title='bbox 1743 1498 1780 1555; x_wconf 89' lang='lat' dir='ltr'><strong>i.</strong></span> <span class='ocrx_word' id='word_1_148' title='bbox 1837 1501 1927 1572; x_wconf 95' lang='lat'><strong>14,</strong></span> <span class='ocrx_word' id='word_1_149' title='bbox 1979 1505 2038 1556; x_wconf 89' lang='lat' dir='ltr'><strong>et</strong></span> <span class='ocrx_word' id='word_1_150' title='bbox 2074 1497 2361 1575; x_wconf 87' lang='lat' dir='ltr'><strong>accepisse</strong></span> <span class='ocrx_word' id='word_1_151' title='bbox 2411 1499 2688 1575; x_wconf 85' lang='lat' dir='ltr'><strong>Spiritum</strong></span> 
     </span>
     <span class='ocr_line' id='line_1_15' title="bbox 272 1578 1367 1660; baseline -0.001 -23"><span class='ocrx_word' id='word_1_152' title='bbox 272 1578 488 1660; x_wconf 55' lang='lat' dir='ltr'><strong>&amp;pirgus</strong></span> <span class='ocrx_word' id='word_1_153' title='bbox 518 1580 640 1638; x_wconf 89' lang='lat' dir='ltr'><strong>sine</strong></span> <span class='ocrx_word' id='word_1_154' title='bbox 668 1599 953 1651; x_wconf 88' lang='lat' dir='ltr'><strong>mensura,</strong></span> <span class='ocrx_word' id='word_1_155' title='bbox 986 1579 1125 1637; x_wconf 89' lang='lat' dir='ltr'><strong>Joh.</strong></span> <span class='ocrx_word' id='word_1_156' title='bbox 1157 1578 1238 1636; x_wconf 92' lang='lat' dir='ltr'><strong>iii.</strong></span> <span class='ocrx_word' id='word_1_157' title='bbox 1271 1581 1367 1636; x_wconf 88' lang='grc'><strong>34.</strong></span> 
     </span>
    </p>

    <p class='ocr_par' dir='ltr' id='par_1_10' title="bbox 270 1657 2689 2848">
     <span class='ocr_line' id='line_1_16' title="bbox 352 1657 2685 1735; baseline 0 -20"><span class='ocrx_word' id='word_1_158' title='bbox 352 1659 473 1716; x_wconf 89' lang='lat' dir='ltr'><strong>IlI.</strong></span> <span class='ocrx_word' id='word_1_159' title='bbox 519 1659 648 1716; x_wconf 89' lang='lat' dir='ltr'><strong>Non</strong></span> <span class='ocrx_word' id='word_1_160' title='bbox 678 1658 998 1735; x_wconf 88' lang='lat' dir='ltr'><strong>putandum</strong></span> <span class='ocrx_word' id='word_1_161' title='bbox 1026 1667 1218 1716; x_wconf 87' lang='lat' dir='ltr'><strong>tamen</strong></span> <span class='ocrx_word' id='word_1_162' title='bbox 1268 1657 1686 1735; x_wconf 80' lang='lat' dir='ltr'><strong>plenitudinem</strong></span> <span class='ocrx_word' id='word_1_163' title='bbox 1734 1658 1903 1717; x_wconf 84' lang='lat' dir='ltr'><strong>istam</strong></span> <span class='ocrx_word' id='word_1_164' title='bbox 1954 1678 2080 1716; x_wconf 88' lang='lat' dir='ltr'><strong>esse</strong></span> <span class='ocrx_word' id='word_1_165' title='bbox 2127 1658 2464 1735; x_wconf 89' lang='lat' dir='ltr'><strong>simpliciter</strong></span> <span class='ocrx_word' id='word_1_166' title='bbox 2493 1657 2685 1716; x_wconf 87' lang='lat' dir='ltr'><strong>infini-</strong></span> 
     </span>
     <span class='ocr_line' id='line_1_17' title="bbox 276 1737 2684 1815; baseline -0.001 -19"><span class='ocrx_word' id='word_1_167' title='bbox 276 1746 412 1810; x_wconf 91' lang='lat' dir='ltr'><strong>tam,</strong></span> <span class='ocrx_word' id='word_1_168' title='bbox 434 1747 554 1796; x_wconf 91' lang='lat' dir='ltr'><strong>tum</strong></span> <span class='ocrx_word' id='word_1_169' title='bbox 584 1739 720 1815; x_wconf 89' lang='lat' dir='ltr'><strong>quia</strong></span> <span class='ocrx_word' id='word_1_170' title='bbox 741 1739 867 1814; x_wconf 87' lang='lat' dir='ltr'><strong>ipsa</strong></span> <span class='ocrx_word' id='word_1_171' title='bbox 892 1739 1221 1797; x_wconf 84' lang='lat' dir='ltr'><strong>humanitas</strong></span> <span class='ocrx_word' id='word_1_172' title='bbox 1244 1737 1304 1795; x_wconf 92' lang='lat' dir='ltr'><strong>in</strong></span> <span class='ocrx_word' id='word_1_173' title='bbox 1335 1758 1395 1796; x_wconf 89' lang='lat' dir='ltr'><strong>se</strong></span> <span class='ocrx_word' id='word_1_174' title='bbox 1424 1737 1586 1796; x_wconf 89' lang='lat' dir='ltr'><strong>finita</strong></span> <span class='ocrx_word' id='word_1_175' title='bbox 1615 1746 1719 1811; x_wconf 89' lang='lat' dir='ltr'><strong>est,</strong></span> <span class='ocrx_word' id='word_1_176' title='bbox 1740 1757 1847 1795; x_wconf 91' lang='lat' dir='ltr'><strong>nec</strong></span> <span class='ocrx_word' id='word_1_177' title='bbox 1876 1745 2213 1814; x_wconf 86' lang='lat' dir='ltr'><strong>potestesse</strong></span> <span class='ocrx_word' id='word_1_178' title='bbox 2244 1738 2453 1795; x_wconf 88' lang='lat' dir='ltr'><strong>infiniti</strong></span> <span class='ocrx_word' id='word_1_179' title='bbox 2482 1758 2684 1814; x_wconf 81' lang='lat' dir='ltr'>capax,</span> 
     </span>
     <span class='ocr_line' id='line_1_18' title="bbox 273 1816 2685 1894; baseline -0.001 -19"><span class='ocrx_word' id='word_1_180' title='bbox 273 1825 395 1875; x_wconf 84' lang='lat' dir='ltr'><strong>tum</strong></span> <span class='ocrx_word' id='word_1_181' title='bbox 425 1818 563 1893; x_wconf 91' lang='lat' dir='ltr'><strong>quia</strong></span> <span class='ocrx_word' id='word_1_182' title='bbox 591 1818 778 1894; x_wconf 88' lang='lat' dir='ltr'><strong>gratia</strong></span> <span class='ocrx_word' id='word_1_183' title='bbox 805 1819 917 1875; x_wconf 84' lang='lat' dir='ltr'><strong>ista</strong></span> <span class='ocrx_word' id='word_1_184' title='bbox 945 1826 1032 1875; x_wconf 89' lang='lat' dir='ltr'><strong>est</strong></span> <span class='ocrx_word' id='word_1_185' title='bbox 1055 1817 1275 1893; x_wconf 84' lang='lat' dir='ltr'><strong>aliquid</strong></span> <span class='ocrx_word' id='word_1_186' title='bbox 1313 1826 1585 1890; x_wconf 88' lang='lat' dir='ltr'><strong>creatum,</strong></span> <span class='ocrx_word' id='word_1_187' title='bbox 1618 1817 1711 1874; x_wconf 89' lang='lat' dir='ltr'><strong>cui</strong></span> <span class='ocrx_word' id='word_1_188' title='bbox 1758 1816 1998 1893; x_wconf 83' lang='lat' dir='ltr'><strong>proinde</strong></span> <span class='ocrx_word' id='word_1_189' title='bbox 2029 1825 2312 1892; x_wconf 85' lang='lat' dir='ltr'>repugnat</span> <span class='ocrx_word' id='word_1_190' title='bbox 2339 1837 2465 1875; x_wconf 87' lang='lat' dir='ltr'><strong>esse</strong></span> <span class='ocrx_word' id='word_1_191' title='bbox 2494 1817 2685 1874; x_wconf 85' lang='lat' dir='ltr'><strong>infini-</strong></span> 
     </span>
     <span class='ocr_line' id='line_1_19' title="bbox 270 1896 2682 1973; baseline 0 -19"><span class='ocrx_word' id='word_1_192' title='bbox 270 1905 411 1955; x_wconf 90' lang='lat' dir='ltr'><strong>tum.</strong></span> <span class='ocrx_word' id='word_1_193' title='bbox 460 1897 574 1954; x_wconf 85' lang='lat' dir='ltr'><strong>Sed</strong></span> <span class='ocrx_word' id='word_1_194' title='bbox 591 1898 702 1954; x_wconf 89' lang='lat' dir='ltr'><strong>hoc</strong></span> <span class='ocrx_word' id='word_1_195' title='bbox 724 1896 1165 1972; x_wconf 86' lang='lat' dir='ltr'><strong>intelligendum</strong></span> <span class='ocrx_word' id='word_1_196' title='bbox 1181 1899 1481 1954; x_wconf 81' lang='lat' dir='ltr'><strong>secundum</strong></span> <span class='ocrx_word' id='word_1_197' title='bbox 1502 1897 1672 1971; x_wconf 81' lang='lat' dir='ltr'><strong>quid:</strong></span> <span class='ocrx_word' id='word_1_198' title='bbox 1697 1897 1747 1952; x_wconf 93' lang='lat'><strong>1.</strong></span> <span class='ocrx_word' id='word_1_199' title='bbox 1771 1896 2057 1971; x_wconf 85' lang='lat' dir='ltr'><strong>Respectu</strong></span> <span class='ocrx_word' id='word_1_200' title='bbox 2083 1896 2415 1972; x_wconf 88' lang='lat' dir='ltr'><strong>gratiarum,</strong></span> <span class='ocrx_word' id='word_1_201' title='bbox 2440 1917 2569 1973; x_wconf 85' lang='lat' dir='ltr'><strong>quae</strong></span> <span class='ocrx_word' id='word_1_202' title='bbox 2591 1897 2682 1954; x_wconf 83' lang='lat' dir='ltr'><strong>vel</strong></span> 
     </span>
     <span class='ocr_line' id='line_1_20' title="bbox 273 1974 2689 2052; baseline 0 -19"><span class='ocrx_word' id='word_1_203' title='bbox 273 1974 525 2052; x_wconf 79' lang='lat' dir='ltr'><strong>Angelis</strong></span> <span class='ocrx_word' id='word_1_204' title='bbox 553 1976 649 2034; x_wconf 87' lang='lat' dir='ltr'><strong>vel</strong></span> <span class='ocrx_word' id='word_1_205' title='bbox 690 1976 1021 2034; x_wconf 89' lang='lat' dir='ltr'><strong>hominibus</strong></span> <span class='ocrx_word' id='word_1_206' title='bbox 1052 1975 1563 2050; x_wconf 82' lang='lat' dir='ltr'><strong>communicantur,</strong></span> <span class='ocrx_word' id='word_1_207' title='bbox 1596 1975 1807 2051; x_wconf 90' lang='lat' dir='ltr'><strong>quibus</strong></span> <span class='ocrx_word' id='word_1_208' title='bbox 1863 1975 2064 2051; x_wconf 84' lang='lat' dir='ltr'><strong>gratiae</strong></span> <span class='ocrx_word' id='word_1_209' title='bbox 2109 1976 2321 2034; x_wconf 83' lang='lat' dir='ltr'><strong>Christi</strong></span> <span class='ocrx_word' id='word_1_210' title='bbox 2350 1975 2524 2052; x_wconf 89' lang='lat' dir='ltr'><strong>longe</strong></span> <span class='ocrx_word' id='word_1_211' title='bbox 2554 1986 2689 2035; x_wconf 89' lang='lat' dir='ltr'><strong>sunt</strong></span> 
     </span>
     <span class='ocr_line' id='line_1_21' title="bbox 273 2055 2686 2133; baseline 0 -21"><span class='ocrx_word' id='word_1_212' title='bbox 273 2057 522 2133; x_wconf 90' lang='lat' dir='ltr'><strong>majores</strong></span> <span class='ocrx_word' id='word_1_213' title='bbox 547 2079 560 2113; x_wconf 77' lang='lat' dir='ltr'><em>z</em></span> <span class='ocrx_word' id='word_1_214' title='bbox 606 2056 678 2112; x_wconf 93' lang='lat' dir='ltr'><strong>In</strong></span> <span class='ocrx_word' id='word_1_215' title='bbox 707 2055 835 2112; x_wconf 89' lang='lat' dir='ltr'><strong>aliis</strong></span> <span class='ocrx_word' id='word_1_216' title='bbox 865 2062 954 2113; x_wconf 89' lang='lat' dir='ltr'><strong>est</strong></span> <span class='ocrx_word' id='word_1_217' title='bbox 971 2055 1265 2131; x_wconf 78' lang='lat' dir='ltr'><strong>plenitudo</strong></span> <span class='ocrx_word' id='word_1_218' title='bbox 1292 2055 1644 2129; x_wconf 73' lang='lat' dir='ltr'><strong>sufficientiae,</strong></span> <span class='ocrx_word' id='word_1_219' title='bbox 1677 2062 1961 2131; x_wconf 85' lang='lat' dir='ltr'><strong>quatenus</strong></span> <span class='ocrx_word' id='word_1_220' title='bbox 1990 2063 2212 2112; x_wconf 89' lang='lat' dir='ltr'><strong>tantum</strong></span> <span class='ocrx_word' id='word_1_221' title='bbox 2242 2056 2553 2131; x_wconf 88' lang='lat' dir='ltr'><strong>gratiarum</strong></span> <span class='ocrx_word' id='word_1_222' title='bbox 2584 2055 2686 2113; x_wconf 93' lang='lat' dir='ltr'><strong>ob·</strong></span> 
     </span>
     <span class='ocr_line' id='line_1_22' title="bbox 272 2133 2685 2211; baseline 0 -19"><span class='ocrx_word' id='word_1_223' title='bbox 272 2135 459 2192; x_wconf 81' lang='lat' dir='ltr'><strong>tinent</strong></span> <span class='ocrx_word' id='word_1_224' title='bbox 486 2155 521 2192; x_wconf 87' lang='lat' dir='ltr'><strong>a</strong></span> <span class='ocrx_word' id='word_1_225' title='bbox 552 2136 694 2208; x_wconf 90' lang='lat' dir='ltr'><strong>De0,</strong></span> <span class='ocrx_word' id='word_1_226' title='bbox 725 2143 1004 2211; x_wconf 90' lang='lat' dir='ltr'><strong>quantum</strong></span> <span class='ocrx_word' id='word_1_227' title='bbox 1034 2135 1176 2211; x_wconf 89' lang='lat' dir='ltr'><strong>ipsis</strong></span> <span class='ocrx_word' id='word_1_228' title='bbox 1203 2134 1279 2192; x_wconf 90' lang='lat' dir='ltr'><strong>ad</strong></span> <span class='ocrx_word' id='word_1_229' title='bbox 1301 2133 1544 2192; x_wconf 90' lang='lat' dir='ltr'><strong>salutem</strong></span> <span class='ocrx_word' id='word_1_230' title='bbox 1584 2133 1826 2207; x_wconf 88' lang='lat' dir='ltr'><strong>sufficit;</strong></span> <span class='ocrx_word' id='word_1_231' title='bbox 1876 2133 1990 2191; x_wconf 88' lang='lat' dir='ltr'><strong>Sed</strong></span> <span class='ocrx_word' id='word_1_232' title='bbox 2028 2134 2086 2191; x_wconf 90' lang='lat' dir='ltr'><strong>in</strong></span> <span class='ocrx_word' id='word_1_233' title='bbox 2139 2134 2368 2193; x_wconf 91' lang='lat' dir='ltr'><strong>Christo</strong></span> <span class='ocrx_word' id='word_1_234' title='bbox 2397 2143 2484 2192; x_wconf 87' lang='lat' dir='ltr'><strong>est</strong></span> <span class='ocrx_word' id='word_1_235' title='bbox 2502 2134 2685 2210; x_wconf 77' lang='lat' dir='ltr'><strong>pleni-</strong></span> 
     </span>
     <span class='ocr_line' id='line_1_23' title="bbox 276 2212 2686 2291; baseline 0 -20"><span class='ocrx_word' id='word_1_236' title='bbox 276 2217 410 2271; x_wconf 75' lang='lat' dir='ltr'><strong>tudo</strong></span> <span class='ocrx_word' id='word_1_237' title='bbox 436 2215 815 2286; x_wconf 80' lang='lat' dir='ltr'><strong>abundantiae,</strong></span> <span class='ocrx_word' id='word_1_238' title='bbox 847 2234 976 2290; x_wconf 81' lang='lat' dir='ltr'><strong>quae</strong></span> <span class='ocrx_word' id='word_1_239' title='bbox 1004 2233 1121 2271; x_wconf 90' lang='lat' dir='ltr'><strong>non</strong></span> <span class='ocrx_word' id='word_1_240' title='bbox 1150 2213 1258 2291; x_wconf 90' lang='lat' dir='ltr'><strong>ipsi</strong></span> <span class='ocrx_word' id='word_1_241' title='bbox 1281 2221 1505 2271; x_wconf 89' lang='lat' dir='ltr'><strong>tantum</strong></span> <span class='ocrx_word' id='word_1_242' title='bbox 1528 2212 1633 2270; x_wconf 89' lang='lat' dir='ltr'><strong>sed</strong></span> <span class='ocrx_word' id='word_1_243' title='bbox 1661 2222 1717 2271; x_wconf 92' lang='lat' dir='ltr'><strong>et</strong></span> <span class='ocrx_word' id='word_1_244' title='bbox 1746 2213 1875 2270; x_wconf 86' lang='lat' dir='ltr'><strong>aliis</strong></span> <span class='ocrx_word' id='word_1_245' title='bbox 1905 2213 2130 2286; x_wconf 89' lang='lat' dir='ltr'><strong>sufficit,</strong></span> <span class='ocrx_word' id='word_1_246' title='bbox 2155 2222 2221 2271; x_wconf 90' lang='lat' dir='ltr'><strong>ut</strong></span> <span class='ocrx_word' id='word_1_247' title='bbox 2248 2214 2319 2272; x_wconf 92' lang='lat' dir='ltr'><strong>de</strong></span> <span class='ocrx_word' id='word_1_248' title='bbox 2349 2214 2474 2290; x_wconf 90' lang='lat' dir='ltr'><strong>ejus</strong></span> <span class='ocrx_word' id='word_1_249' title='bbox 2501 2214 2686 2289; x_wconf 89' lang='lat' dir='ltr'><strong>pleni-</strong></span> 
     </span>
     <span class='ocr_line' id='line_1_24' title="bbox 273 2292 2688 2369; baseline 0.002 -20"><span class='ocrx_word' id='word_1_250' title='bbox 273 2293 474 2350; x_wconf 87' lang='lat' dir='ltr'><strong>tudine</strong></span> <span class='ocrx_word' id='word_1_251' title='bbox 492 2292 822 2350; x_wconf 84' lang='lat' dir='ltr'><strong>hauriamus</strong></span> <span class='ocrx_word' id='word_1_252' title='bbox 835 2312 1051 2366; x_wconf 91' lang='lat' dir='ltr'><strong>omnes,</strong></span> <span class='ocrx_word' id='word_1_253' title='bbox 1072 2294 1115 2351; x_wconf 85' lang='lat' dir='ltr'><strong>J</strong></span> <span class='ocrx_word' id='word_1_254' title='bbox 1119 2293 1212 2351; x_wconf 90' lang='lat' dir='ltr'><strong>oh.</strong></span> <span class='ocrx_word' id='word_1_255' title='bbox 1234 2293 1271 2351; x_wconf 85' lang='lat' dir='ltr'><strong>i.</strong></span> <span class='ocrx_word' id='word_1_256' title='bbox 1302 2295 1392 2350; x_wconf 88' lang='lat'><strong>16.</strong></span> <span class='ocrx_word' id='word_1_257' title='bbox 1433 2297 1488 2351; x_wconf 83' lang='lat'><strong>2.</strong></span> <span class='ocrx_word' id='word_1_258' title='bbox 1512 2293 1759 2350; x_wconf 86' lang='lat' dir='ltr'><strong>Ratione</strong></span> <span class='ocrx_word' id='word_1_259' title='bbox 1776 2296 2081 2368; x_wconf 73' lang='lat' dir='ltr'><strong>qraduum,</strong></span> <span class='ocrx_word' id='word_1_260' title='bbox 2096 2294 2232 2369; x_wconf 89' lang='lat' dir='ltr'><strong>quia</strong></span> <span class='ocrx_word' id='word_1_261' title='bbox 2253 2294 2454 2369; x_wconf 77' lang='lat' dir='ltr'><strong>gratiae</strong></span> <span class='ocrx_word' id='word_1_262' title='bbox 2474 2293 2688 2353; x_wconf 85' lang='lat' dir='ltr'><strong>Christi</strong></span> 
     </span>
     <span class='ocr_line' id='line_1_25' title="bbox 274 2371 2688 2450; baseline 0.001 -21"><span class='ocrx_word' id='word_1_263' title='bbox 274 2391 476 2430; x_wconf 91' lang='lat' dir='ltr'><strong>omnes</strong></span> <span class='ocrx_word' id='word_1_264' title='bbox 503 2372 828 2430; x_wconf 89' lang='lat' dir='ltr'><strong>habuerunt</strong></span> <span class='ocrx_word' id='word_1_265' title='bbox 857 2371 1088 2448; x_wconf 88' lang='lat' dir='ltr'><strong>gradus,</strong></span> <span class='ocrx_word' id='word_1_266' title='bbox 1147 2372 1475 2449; x_wconf 88' lang='lat' dir='ltr'><strong>quicunque</strong></span> <span class='ocrx_word' id='word_1_267' title='bbox 1525 2392 1600 2430; x_wconf 85' lang='lat' dir='ltr'><strong>ex</strong></span> <span class='ocrx_word' id='word_1_268' title='bbox 1634 2372 1744 2430; x_wconf 89' lang='lat' dir='ltr'><strong>Dei</strong></span> <span class='ocrx_word' id='word_1_269' title='bbox 1792 2372 1923 2450; x_wconf 92' lang='lat' dir='ltr'><strong>lege</strong></span> <span class='ocrx_word' id='word_1_270' title='bbox 1978 2371 2176 2430; x_wconf 87' lang='lat' dir='ltr'><strong>haberi</strong></span> <span class='ocrx_word' id='word_1_271' title='bbox 2225 2382 2483 2449; x_wconf 83' lang='lat' dir='ltr'><strong>possunt,</strong></span> <span class='ocrx_word' id='word_1_272' title='bbox 2516 2392 2688 2449; x_wconf 86' lang='lat' dir='ltr'><strong>supra</strong></span> 
     </span>
     <span class='ocr_line' id='line_1_26' title="bbox 273 2451 2685 2530; baseline 0.001 -22"><span class='ocrx_word' id='word_1_273' title='bbox 273 2471 420 2528; x_wconf 87' lang='lat' dir='ltr'><strong>quos</strong></span> <span class='ocrx_word' id='word_1_274' title='bbox 450 2451 595 2507; x_wconf 91' lang='lat' dir='ltr'><strong>nihil</strong></span> <span class='ocrx_word' id='word_1_275' title='bbox 623 2451 746 2507; x_wconf 89' lang='lat' dir='ltr'><strong>dari</strong></span> <span class='ocrx_word' id='word_1_276' title='bbox 774 2460 981 2527; x_wconf 89' lang='lat' dir='ltr'><strong>potest,</strong></span> <span class='ocrx_word' id='word_1_277' title='bbox 1020 2451 1115 2508; x_wconf 84' lang='lat' dir='ltr'><strong>vel</strong></span> <span class='ocrx_word' id='word_1_278' title='bbox 1143 2451 1354 2528; x_wconf 91' lang='lat' dir='ltr'><strong>quibus</strong></span> <span class='ocrx_word' id='word_1_279' title='bbox 1395 2451 1546 2509; x_wconf 89' lang='lat' dir='ltr'><strong>inter</strong></span> <span class='ocrx_word' id='word_1_280' title='bbox 1586 2451 1849 2510; x_wconf 87' lang='lat' dir='ltr'><strong>homines</strong></span> <span class='ocrx_word' id='word_1_281' title='bbox 1890 2451 2036 2509; x_wconf 88' lang='lat' dir='ltr'><strong>nihil</strong></span> <span class='ocrx_word' id='word_1_282' title='bbox 2064 2472 2169 2528; x_wconf 91' lang='lat' dir='ltr'><strong>par</strong></span> <span class='ocrx_word' id='word_1_283' title='bbox 2208 2460 2309 2510; x_wconf 89' lang='lat' dir='ltr'><strong>aut</strong></span> <span class='ocrx_word' id='word_1_284' title='bbox 2337 2452 2556 2528; x_wconf 82' lang='lat' dir='ltr'><strong>aequale</strong></span> <span class='ocrx_word' id='word_1_285' title='bbox 2583 2472 2685 2530; x_wconf 90' lang='lat' dir='ltr'><strong>po-</strong></span> 
     </span>
     <span class='ocr_line' id='line_1_27' title="bbox 273 2530 2686 2608; baseline 0.001 -20"><span class='ocrx_word' id='word_1_286' title='bbox 273 2539 390 2588; x_wconf 89' lang='lat' dir='ltr'><strong>test</strong></span> <span class='ocrx_word' id='word_1_287' title='bbox 416 2550 731 2589; x_wconf 88' lang='lat' dir='ltr'><strong>occurrere.</strong></span> <span class='ocrx_word' id='word_1_288' title='bbox 816 2531 938 2588; x_wconf 91' lang='lat' dir='ltr'><strong>Nec</strong></span> <span class='ocrx_word' id='word_1_289' title='bbox 981 2531 1189 2605; x_wconf 87' lang='lat' dir='ltr'><strong>obstat,</strong></span> <span class='ocrx_word' id='word_1_290' title='bbox 1235 2530 1391 2608; x_wconf 88' lang='lat' dir='ltr'><strong>quod</strong></span> <span class='ocrx_word' id='word_1_291' title='bbox 1445 2531 1669 2589; x_wconf 90' lang='lat' dir='ltr'><strong>nullum</strong></span> <span class='ocrx_word' id='word_1_292' title='bbox 1712 2531 1937 2589; x_wconf 88' lang='lat' dir='ltr'><strong>finitum</strong></span> <span class='ocrx_word' id='word_1_293' title='bbox 1982 2531 2073 2606; x_wconf 91' lang='lat' dir='ltr'><strong>sit,</strong></span> <span class='ocrx_word' id='word_1_294' title='bbox 2118 2531 2275 2608; x_wconf 90' lang='lat' dir='ltr'><strong>quod</strong></span> <span class='ocrx_word' id='word_1_295' title='bbox 2316 2532 2389 2589; x_wconf 88' lang='lat' dir='ltr'><strong>ab</strong></span> <span class='ocrx_word' id='word_1_296' title='bbox 2428 2531 2541 2590; x_wconf 90' lang='lat' dir='ltr'><strong>alio</strong></span> <span class='ocrx_word' id='word_1_297' title='bbox 2569 2552 2686 2590; x_wconf 91' lang='lat' dir='ltr'><strong>non</strong></span> 
     </span>
     <span class='ocr_line' id='line_1_28' title="bbox 276 2607 2687 2689; baseline 0.001 -21"><span class='ocrx_word' id='word_1_298' title='bbox 276 2611 391 2669; x_wconf 92' lang='lat' dir='ltr'><strong>dici</strong></span> <span class='ocrx_word' id='word_1_299' title='bbox 421 2607 604 2688; x_wconf 78' lang='lat' dir='ltr'><strong>possit</strong></span> <span class='ocrx_word' id='word_1_300' title='bbox 632 2611 941 2686; x_wconf 83' lang='lat' dir='ltr'><strong>exaequari.</strong></span> <span class='ocrx_word' id='word_1_301' title='bbox 1028 2611 1176 2685; x_wconf 85' lang='lat' dir='ltr'><strong>Quia</strong></span> <span class='ocrx_word' id='word_1_302' title='bbox 1223 2611 1333 2669; x_wconf 90' lang='lat' dir='ltr'><strong>hoc</strong></span> <span class='ocrx_word' id='word_1_303' title='bbox 1389 2611 1547 2669; x_wconf 86' lang='lat' dir='ltr'><strong>valet</strong></span> <span class='ocrx_word' id='word_1_304' title='bbox 1600 2610 1835 2688; x_wconf 89' lang='lat' dir='ltr'><strong>quidem</strong></span> <span class='ocrx_word' id='word_1_305' title='bbox 1891 2612 1951 2669; x_wconf 91' lang='lat' dir='ltr'><strong>in</strong></span> <span class='ocrx_word' id='word_1_306' title='bbox 1979 2611 2051 2669; x_wconf 90' lang='lat' dir='ltr'><strong>iis</strong></span> <span class='ocrx_word' id='word_1_307' title='bbox 2079 2633 2208 2689; x_wconf 84' lang='lat' dir='ltr'><strong>quae</strong></span> <span class='ocrx_word' id='word_1_308' title='bbox 2264 2621 2400 2671; x_wconf 89' lang='lat' dir='ltr'><strong>sunt</strong></span> <span class='ocrx_word' id='word_1_309' title='bbox 2426 2612 2687 2689; x_wconf 88' lang='lat' dir='ltr'><strong>ejusdem</strong></span> 
     </span>
     <span class='ocr_line' id='line_1_29' title="bbox 276 2691 2684 2769; baseline 0.001 -21"><span class='ocrx_word' id='word_1_310' title='bbox 276 2691 506 2767; x_wconf 90' lang='lat' dir='ltr'><strong>generis</strong></span> <span class='ocrx_word' id='word_1_311' title='bbox 534 2699 593 2749; x_wconf 90' lang='lat' dir='ltr'><strong>et</strong></span> <span class='ocrx_word' id='word_1_312' title='bbox 620 2691 876 2749; x_wconf 85' lang='lat' dir='ltr'><strong>rationis.</strong></span> <span class='ocrx_word' id='word_1_313' title='bbox 962 2691 1047 2748; x_wconf 87' lang='lat' dir='ltr'><strong>At</strong></span> <span class='ocrx_word' id='word_1_314' title='bbox 1077 2691 1289 2749; x_wconf 88' lang='lat' dir='ltr'><strong>Christi</strong></span> <span class='ocrx_word' id='word_1_315' title='bbox 1346 2692 1533 2767; x_wconf 87' lang='lat' dir='ltr'><strong>gratia</strong></span> <span class='ocrx_word' id='word_1_316' title='bbox 1580 2712 1698 2750; x_wconf 91' lang='lat' dir='ltr'><strong>non</strong></span> <span class='ocrx_word' id='word_1_317' title='bbox 1752 2691 1885 2750; x_wconf 89' lang='lat' dir='ltr'><strong>talis</strong></span> <span class='ocrx_word' id='word_1_318' title='bbox 1909 2698 1997 2750; x_wconf 86' lang='lat' dir='ltr'><strong>est</strong></span> <span class='ocrx_word' id='word_1_319' title='bbox 2051 2701 2314 2769; x_wconf 87' lang='lat' dir='ltr'><strong>respectu</strong></span> <span class='ocrx_word' id='word_1_320' title='bbox 2370 2692 2684 2769; x_wconf 87' lang='lat' dir='ltr'><strong>gratiarum</strong></span> 
     </span>
     <span class='ocr_line' id='line_1_30' title="bbox 279 2770 2523 2848; baseline 0.001 -21"><span class='ocrx_word' id='word_1_321' title='bbox 279 2770 522 2829; x_wconf 89' lang='lat' dir='ltr'><strong>aliarum</strong></span> <span class='ocrx_word' id='word_1_322' title='bbox 555 2770 974 2845; x_wconf 89' lang='lat' dir='ltr'><strong>Creaturarum,</strong></span> <span class='ocrx_word' id='word_1_323' title='bbox 1006 2771 1142 2847; x_wconf 90' lang='lat' dir='ltr'><strong>quia</strong></span> <span class='ocrx_word' id='word_1_324' title='bbox 1169 2770 1271 2828; x_wconf 90' lang='lat' dir='ltr'><strong>illa</strong></span> <span class='ocrx_word' id='word_1_325' title='bbox 1314 2770 1423 2829; x_wconf 90' lang='lat' dir='ltr'><strong>fuit</strong></span> <span class='ocrx_word' id='word_1_326' title='bbox 1450 2770 1813 2845; x_wconf 79' lang='lat' dir='ltr'><strong>universaliS,</strong></span> <span class='ocrx_word' id='word_1_327' title='bbox 1847 2771 1949 2830; x_wconf 87' lang='lat' dir='ltr'><strong>sed</strong></span> <span class='ocrx_word' id='word_1_328' title='bbox 1976 2771 2101 2829; x_wconf 82' lang='lat' dir='ltr'><strong>istae</strong></span> <span class='ocrx_word' id='word_1_329' title='bbox 2133 2773 2523 2848; x_wconf 57' lang='lat' dir='ltr'><strong>particulare&amp;</strong></span> 
     </span>
    </p>

    <p class='ocr_par' dir='ltr' id='par_1_11' title="bbox 262 2850 2687 3873">
     <span class='ocr_line' id='line_1_31' title="bbox 355 2850 2687 2929; baseline 0.002 -23"><span class='ocrx_word' id='word_1_330' title='bbox 355 2850 464 2909; x_wconf 90' lang='lat' dir='ltr'><strong>IV.</strong></span> <span class='ocrx_word' id='word_1_331' title='bbox 514 2851 682 2907; x_wconf 90' lang='lat' dir='ltr'><strong>Dona</strong></span> <span class='ocrx_word' id='word_1_332' title='bbox 711 2850 821 2908; x_wconf 87' lang='lat' dir='ltr'><strong>ista</strong></span> <span class='ocrx_word' id='word_1_333' title='bbox 854 2850 1103 2926; x_wconf 87' lang='lat' dir='ltr'><strong>Spiritus</strong></span> <span class='ocrx_word' id='word_1_334' title='bbox 1136 2850 1333 2908; x_wconf 85' lang='lat' dir='ltr'><strong>Sancti</strong></span> <span class='ocrx_word' id='word_1_335' title='bbox 1360 2850 1422 2905; x_wconf 92' lang='lat' dir='ltr'><strong>in</strong></span> <span class='ocrx_word' id='word_1_336' title='bbox 1470 2851 1827 2926; x_wconf 87' lang='lat' dir='ltr'><strong>plenitudine</strong></span> <span class='ocrx_word' id='word_1_337' title='bbox 1877 2871 1997 2925; x_wconf 84' lang='lat' dir='ltr'><strong>sua,</strong></span> <span class='ocrx_word' id='word_1_338' title='bbox 2030 2852 2153 2909; x_wconf 88' lang='lat' dir='ltr'><strong>sive</strong></span> <span class='ocrx_word' id='word_1_339' title='bbox 2183 2853 2466 2909; x_wconf 75' lang='lat' dir='ltr'><strong>extensiva</strong></span> <span class='ocrx_word' id='word_1_340' title='bbox 2494 2853 2687 2929; x_wconf 87' lang='lat' dir='ltr'><strong>quoad</strong></span> 
     </span>
     <span class='ocr_line' id='line_1_32' title="bbox 262 2929 2682 3006; baseline 0.002 -21"><span class='ocrx_word' id='word_1_341' title='bbox 262 2938 465 3004; x_wconf 79' lang='lat' dir='ltr'><strong>partes</strong></span> <span class='ocrx_word' id='word_1_342' title='bbox 486 2936 544 2986; x_wconf 89' lang='lat' dir='ltr'><strong>et</strong></span> <span class='ocrx_word' id='word_1_343' title='bbox 566 2930 804 3005; x_wconf 91' lang='lat' dir='ltr'><strong>species,</strong></span> <span class='ocrx_word' id='word_1_344' title='bbox 836 2929 960 2987; x_wconf 84' lang='lat' dir='ltr'><strong>sive</strong></span> <span class='ocrx_word' id='word_1_345' title='bbox 989 2931 1258 2986; x_wconf 77' lang='lat' dir='ltr'><strong>intensiva</strong></span> <span class='ocrx_word' id='word_1_346' title='bbox 1286 2929 1477 3005; x_wconf 89' lang='lat' dir='ltr'><strong>quoad</strong></span> <span class='ocrx_word' id='word_1_347' title='bbox 1500 2933 1738 3003; x_wconf 74' lang='lat' dir='ltr'><strong>yradus,</strong></span> <span class='ocrx_word' id='word_1_348' title='bbox 1787 2938 2156 2988; x_wconf 88' lang='lat' dir='ltr'><strong>recensentur</strong></span> <span class='ocrx_word' id='word_1_349' title='bbox 2184 2931 2257 2988; x_wconf 87' lang='lat' dir='ltr'><strong>ab</strong></span> <span class='ocrx_word' id='word_1_350' title='bbox 2288 2931 2402 2988; x_wconf 89' lang='lat' dir='ltr'><strong>Isa.</strong></span> <span class='ocrx_word' id='word_1_351' title='bbox 2433 2931 2514 2988; x_wconf 86' lang='lat' dir='ltr'><strong>xi.</strong></span> <span class='ocrx_word' id='word_1_352' title='bbox 2543 2935 2594 3005; x_wconf 90' lang='lat'><strong>1,</strong></span> <span class='ocrx_word' id='word_1_353' title='bbox 2627 2937 2682 3006; x_wconf 82' lang='lat'><strong>2,</strong></span> 
     </span>
     <span class='ocr_line' id='line_1_33' title="bbox 272 3008 2684 3085; baseline 0.002 -21"><span class='ocrx_word' id='word_1_354' title='bbox 272 3008 567 3080; x_wconf 78' lang='lat' dir='ltr'><strong>sapientia,</strong></span> <span class='ocrx_word' id='word_1_355' title='bbox 615 3008 992 3081; x_wconf 74' lang='lat' dir='ltr'><strong>intelliyentia,</strong></span> <span class='ocrx_word' id='word_1_356' title='bbox 1014 3008 1629 3080; x_wconf 78' lang='lat' dir='ltr'><strong>consilium,fortitud0,</strong></span> <span class='ocrx_word' id='word_1_357' title='bbox 1649 3009 1895 3080; x_wconf 79' lang='lat' dir='ltr'><strong>scientia,</strong></span> <span class='ocrx_word' id='word_1_358' title='bbox 1916 3009 2098 3080; x_wconf 82' lang='lat' dir='ltr'><strong>timor,</strong></span> <span class='ocrx_word' id='word_1_359' title='bbox 2119 3009 2328 3085; x_wconf 90' lang='lat' dir='ltr'><strong>quibus</strong></span> <span class='ocrx_word' id='word_1_360' title='bbox 2357 3028 2391 3065; x_wconf 90' lang='lat' dir='ltr'><strong>a</strong></span> <span class='ocrx_word' id='word_1_361' title='bbox 2417 3010 2684 3069; x_wconf 88' lang='lat' dir='ltr'><strong>Scholas-</strong></span> 
     </span>
     <span class='ocr_line' id='line_1_34' title="bbox 277 3084 2683 3161; baseline 0.002 -19"><span class='ocrx_word' id='word_1_362' title='bbox 277 3085 411 3143; x_wconf 86' lang='lat' dir='ltr'><strong>ticis</strong></span> <span class='ocrx_word' id='word_1_363' title='bbox 439 3085 672 3142; x_wconf 86' lang='lat' dir='ltr'><strong>additur</strong></span> <span class='ocrx_word' id='word_1_364' title='bbox 700 3104 776 3141; x_wconf 85' lang='lat' dir='ltr'><strong>ex</strong></span> <span class='ocrx_word' id='word_1_365' title='bbox 804 3084 982 3157; x_wconf 90' lang='lat' dir='ltr'><strong>V.V.,</strong></span> <span class='ocrx_word' id='word_1_366' title='bbox 1014 3085 1116 3142; x_wconf 90' lang='lat' dir='ltr'><strong>sed</strong></span> <span class='ocrx_word' id='word_1_367' title='bbox 1146 3086 1268 3141; x_wconf 89' lang='lat' dir='ltr'><strong>sine</strong></span> <span class='ocrx_word' id='word_1_368' title='bbox 1313 3084 1685 3142; x_wconf 85' lang='lat' dir='ltr'><strong>fundamento</strong></span> <span class='ocrx_word' id='word_1_369' title='bbox 1715 3094 1773 3143; x_wconf 92' lang='lat' dir='ltr'><strong>et</strong></span> <span class='ocrx_word' id='word_1_370' title='bbox 1800 3085 2160 3158; x_wconf 88' lang='lat' dir='ltr'><strong>necessitate,</strong></span> <span class='ocrx_word' id='word_1_371' title='bbox 2197 3088 2400 3161; x_wconf 75' lang='lat' dir='ltr'><strong>pietas,</strong></span> <span class='ocrx_word' id='word_1_372' title='bbox 2433 3106 2563 3161; x_wconf 78' lang='lat' dir='ltr'><strong>quae</strong></span> <span class='ocrx_word' id='word_1_373' title='bbox 2611 3089 2683 3146; x_wconf 90' lang='lat' dir='ltr'><strong>ti-</strong></span> 
     </span>
     <span class='ocr_line' id='line_1_35' title="bbox 277 3162 2686 3239; baseline 0.001 -18"><span class='ocrx_word' id='word_1_374' title='bbox 277 3184 437 3221; x_wconf 88' lang='lat' dir='ltr'><strong>more</strong></span> <span class='ocrx_word' id='word_1_375' title='bbox 469 3163 576 3221; x_wconf 87' lang='lat' dir='ltr'><strong>Dei</strong></span> <span class='ocrx_word' id='word_1_376' title='bbox 601 3164 725 3239; x_wconf 89' lang='lat' dir='ltr'><strong>jam</strong></span> <span class='ocrx_word' id='word_1_377' title='bbox 752 3162 1103 3237; x_wconf 89' lang='lat' dir='ltr'><strong>includitur;</strong></span> <span class='ocrx_word' id='word_1_378' title='bbox 1149 3182 1265 3219; x_wconf 92' lang='lat' dir='ltr'><strong>non</strong></span> <span class='ocrx_word' id='word_1_379' title='bbox 1294 3162 1451 3237; x_wconf 89' lang='lat' dir='ltr'><strong>quod</strong></span> <span class='ocrx_word' id='word_1_380' title='bbox 1479 3182 1717 3220; x_wconf 90' lang='lat' dir='ltr'><strong>numero</strong></span> <span class='ocrx_word' id='word_1_381' title='bbox 1746 3163 1847 3220; x_wconf 91' lang='lat' dir='ltr'><strong>illo</strong></span> <span class='ocrx_word' id='word_1_382' title='bbox 1886 3163 2077 3220; x_wconf 88' lang='lat' dir='ltr'><strong>omnia</strong></span> <span class='ocrx_word' id='word_1_383' title='bbox 2106 3165 2522 3239; x_wconf 86' lang='lat' dir='ltr'><strong>contineantur,</strong></span> <span class='ocrx_word' id='word_1_384' title='bbox 2555 3187 2686 3224; x_wconf 90' lang='lat' dir='ltr'><strong>cum</strong></span> 
     </span>
     <span class='ocr_line' id='line_1_36' title="bbox 275 3240 2685 3318; baseline 0 -18"><span class='ocrx_word' id='word_1_385' title='bbox 275 3243 413 3300; x_wconf 85' lang='lat' dir='ltr'><strong>alibi</strong></span> <span class='ocrx_word' id='word_1_386' title='bbox 444 3242 546 3299; x_wconf 91' lang='lat' dir='ltr'><strong>fiat</strong></span> <span class='ocrx_word' id='word_1_387' title='bbox 572 3242 788 3300; x_wconf 87' lang='lat' dir='ltr'><strong>mentio</strong></span> <span class='ocrx_word' id='word_1_388' title='bbox 818 3241 1059 3299; x_wconf 89' lang='lat' dir='ltr'><strong>aliorum</strong></span> <span class='ocrx_word' id='word_1_389' title='bbox 1090 3241 1408 3315; x_wconf 82' lang='lat' dir='ltr'><strong>donorum3</strong></span> <span class='ocrx_word' id='word_1_390' title='bbox 1455 3240 1557 3299; x_wconf 88' lang='lat' dir='ltr'><strong>sed</strong></span> <span class='ocrx_word' id='word_1_391' title='bbox 1600 3240 1890 3318; x_wconf 82' lang='lat' dir='ltr'><strong>praecipua</strong></span> <span class='ocrx_word' id='word_1_392' title='bbox 1930 3241 2272 3316; x_wconf 86' lang='lat' dir='ltr'><strong>indicantur,</strong></span> <span class='ocrx_word' id='word_1_393' title='bbox 2317 3262 2446 3318; x_wconf 86' lang='lat' dir='ltr'><strong>quae</strong></span> <span class='ocrx_word' id='word_1_394' title='bbox 2476 3244 2552 3301; x_wconf 89' lang='lat' dir='ltr'><strong>ad</strong></span> <span class='ocrx_word' id='word_1_395' title='bbox 2577 3245 2685 3302; x_wconf 91' lang='lat' dir='ltr'><strong>im-</strong></span> 
     </span>
     <span class='ocr_line' id='line_1_37' title="bbox 275 3320 2685 3399; baseline 0.001 -19"><span class='ocrx_word' id='word_1_396' title='bbox 275 3322 448 3399; x_wconf 89' lang='lat' dir='ltr'><strong>positi</strong></span> <span class='ocrx_word' id='word_1_397' title='bbox 479 3322 709 3379; x_wconf 87' lang='lat' dir='ltr'><strong>Christo</strong></span> <span class='ocrx_word' id='word_1_398' title='bbox 763 3321 1017 3380; x_wconf 86' lang='lat' dir='ltr'><strong>muneris</strong></span> <span class='ocrx_word' id='word_1_399' title='bbox 1073 3320 1626 3378; x_wconf 87' lang='lat' dir='ltr'><strong>administrationem</strong></span> <span class='ocrx_word' id='word_1_400' title='bbox 1683 3320 1966 3397; x_wconf 76' lang='lat' dir='ltr'><strong>praecipue</strong></span> <span class='ocrx_word' id='word_1_401' title='bbox 2021 3322 2477 3397; x_wconf 87' lang='lat' dir='ltr'><strong>requirebantur.</strong></span> <span class='ocrx_word' id='word_1_402' title='bbox 2562 3324 2685 3384; x_wconf 90' lang='lat' dir='ltr'><strong>Nec</strong></span> 
     </span>
     <span class='ocr_line' id='line_1_38' title="bbox 276 3399 2682 3480; baseline 0.001 -21"><span class='ocrx_word' id='word_1_403' title='bbox 276 3409 498 3460; x_wconf 87' lang='lat' dir='ltr'><strong>tantum</strong></span> <span class='ocrx_word' id='word_1_404' title='bbox 530 3400 911 3459; x_wconf 80' lang='lat' dir='ltr'><strong>conferendus</strong></span> <span class='ocrx_word' id='word_1_405' title='bbox 940 3400 1150 3458; x_wconf 88' lang='lat' dir='ltr'><strong>dicitur</strong></span> <span class='ocrx_word' id='word_1_406' title='bbox 1182 3399 1428 3476; x_wconf 88' lang='lat' dir='ltr'><strong>Spiritus</strong></span> <span class='ocrx_word' id='word_1_407' title='bbox 1475 3400 1581 3457; x_wconf 88' lang='lat' dir='ltr'><strong>iste</strong></span> <span class='ocrx_word' id='word_1_408' title='bbox 1612 3420 1743 3458; x_wconf 92' lang='lat' dir='ltr'><strong>cum</strong></span> <span class='ocrx_word' id='word_1_409' title='bbox 1773 3399 1940 3458; x_wconf 89' lang='lat' dir='ltr'><strong>donis</strong></span> <span class='ocrx_word' id='word_1_410' title='bbox 1981 3402 2100 3459; x_wconf 91' lang='lat' dir='ltr'><strong>suis</strong></span> <span class='ocrx_word' id='word_1_411' title='bbox 2131 3401 2376 3475; x_wconf 78' lang='lat' dir='ltr'><strong>Christo,</strong></span> <span class='ocrx_word' id='word_1_412' title='bbox 2405 3405 2509 3461; x_wconf 79' lang='lat' dir='ltr'><strong>sed</strong></span> <span class='ocrx_word' id='word_1_413' title='bbox 2531 3405 2682 3480; x_wconf 83' lang='lat' dir='ltr'><strong>quie-</strong></span> 
     </span>
     <span class='ocr_line' id='line_1_39' title="bbox 275 3482 2681 3560; baseline 0.002 -21"><span class='ocrx_word' id='word_1_414' title='bbox 275 3490 434 3539; x_wconf 78' lang='lat' dir='ltr'><strong>turus</strong></span> <span class='ocrx_word' id='word_1_415' title='bbox 459 3502 632 3557; x_wconf 78' lang='lat' dir='ltr'><strong>super</strong></span> <span class='ocrx_word' id='word_1_416' title='bbox 658 3502 799 3555; x_wconf 82' lang='lat' dir='ltr'><strong>eum,</strong></span> <span class='ocrx_word' id='word_1_417' title='bbox 848 3500 963 3556; x_wconf 91' lang='lat' dir='ltr'><strong>quo</strong></span> <span class='ocrx_word' id='word_1_418' title='bbox 1005 3488 1252 3555; x_wconf 88' lang='lat' dir='ltr'><strong>notatur,</strong></span> <span class='ocrx_word' id='word_1_419' title='bbox 1304 3499 1420 3537; x_wconf 91' lang='lat' dir='ltr'><strong>non</strong></span> <span class='ocrx_word' id='word_1_420' title='bbox 1450 3488 1674 3538; x_wconf 88' lang='lat' dir='ltr'><strong>tantum</strong></span> <span class='ocrx_word' id='word_1_421' title='bbox 1703 3500 1841 3538; x_wconf 83' lang='lat' dir='ltr'><strong>vera</strong></span> <span class='ocrx_word' id='word_1_422' title='bbox 1896 3487 1954 3538; x_wconf 90' lang='lat' dir='ltr'><strong>et</strong></span> <span class='ocrx_word' id='word_1_423' title='bbox 2000 3482 2173 3539; x_wconf 89' lang='lat' dir='ltr'><strong>realis</strong></span> <span class='ocrx_word' id='word_1_424' title='bbox 2201 3483 2681 3560; x_wconf 89' lang='lat' dir='ltr'><strong>communicatio;</strong></span> 
     </span>
     <span class='ocr_line' id='line_1_40' title="bbox 277 3557 2681 3639; baseline 0.001 -20"><span class='ocrx_word' id='word_1_425' title='bbox 277 3561 381 3619; x_wconf 89' lang='lat' dir='ltr'><strong>sed</strong></span> <span class='ocrx_word' id='word_1_426' title='bbox 409 3569 468 3619; x_wconf 90' lang='lat' dir='ltr'><strong>et</strong></span> <span class='ocrx_word' id='word_1_427' title='bbox 496 3561 843 3619; x_wconf 86' lang='lat' dir='ltr'><strong>diuturnitas</strong></span> <span class='ocrx_word' id='word_1_428' title='bbox 872 3569 929 3618; x_wconf 89' lang='lat' dir='ltr'><strong>et</strong></span> <span class='ocrx_word' id='word_1_429' title='bbox 957 3560 1309 3636; x_wconf 88' lang='lat' dir='ltr'><strong>perpetuitas</strong></span> <span class='ocrx_word' id='word_1_430' title='bbox 1332 3558 1631 3633; x_wconf 90' lang='lat' dir='ltr'><strong>donorum,</strong></span> <span class='ocrx_word' id='word_1_431' title='bbox 1679 3557 1891 3636; x_wconf 83' lang='lat' dir='ltr'><strong>quippe</strong></span> <span class='ocrx_word' id='word_1_432' title='bbox 1940 3580 2069 3638; x_wconf 81' lang='lat' dir='ltr'><strong>quae</strong></span> <span class='ocrx_word' id='word_1_433' title='bbox 2100 3560 2363 3620; x_wconf 90' lang='lat' dir='ltr'><strong>Christus</strong></span> <span class='ocrx_word' id='word_1_434' title='bbox 2407 3563 2681 3639; x_wconf 88' lang='lat' dir='ltr'><strong>possedit,</strong></span> 
     </span>
     <span class='ocr_line' id='line_1_41' title="bbox 274 3638 2685 3717; baseline 0.003 -21"><span class='ocrx_word' id='word_1_435' title='bbox 274 3659 391 3698; x_wconf 90' lang='lat' dir='ltr'><strong>non</strong></span> <span class='ocrx_word' id='word_1_436' title='bbox 413 3648 684 3717; x_wconf 88' lang='lat' dir='ltr'><strong>tanquam</strong></span> <span class='ocrx_word' id='word_1_437' title='bbox 704 3648 913 3715; x_wconf 83' lang='lat' dir='ltr'><strong>actum,</strong></span> <span class='ocrx_word' id='word_1_438' title='bbox 939 3648 998 3697; x_wconf 89' lang='lat' dir='ltr'><strong>et</strong></span> <span class='ocrx_word' id='word_1_439' title='bbox 1021 3649 1084 3698; x_wconf 91' lang='lat' dir='ltr'><strong>ut</strong></span> <span class='ocrx_word' id='word_1_440' title='bbox 1105 3647 1322 3696; x_wconf 91' lang='lat' dir='ltr'><strong>motum</strong></span> <span class='ocrx_word' id='word_1_441' title='bbox 1340 3638 1630 3715; x_wconf 85' lang='lat' dir='ltr'><strong>quendam</strong></span> <span class='ocrx_word' id='word_1_442' title='bbox 1649 3647 2055 3715; x_wconf 89' lang='lat' dir='ltr'><strong>transeuntem,</strong></span> <span class='ocrx_word' id='word_1_443' title='bbox 2081 3649 2181 3698; x_wconf 90' lang='lat' dir='ltr'><strong>aut</strong></span> <span class='ocrx_word' id='word_1_444' title='bbox 2217 3640 2468 3716; x_wconf 87' lang='lat' dir='ltr'><strong>labilem,</strong></span> <span class='ocrx_word' id='word_1_445' title='bbox 2494 3643 2597 3701; x_wconf 87' lang='lat' dir='ltr'><strong>sed</strong></span> <span class='ocrx_word' id='word_1_446' title='bbox 2617 3652 2685 3703; x_wconf 90' lang='lat' dir='ltr'><strong>ut</strong></span> 
     </span>
     <span class='ocr_line' id='line_1_42' title="bbox 275 3718 2680 3799; baseline 0.002 -23"><span class='ocrx_word' id='word_1_447' title='bbox 275 3726 702 3794; x_wconf 87' lang='lat' dir='ltr'><strong>permanentem</strong></span> <span class='ocrx_word' id='word_1_448' title='bbox 731 3727 790 3778; x_wconf 91' lang='lat' dir='ltr'><strong>et</strong></span> <span class='ocrx_word' id='word_1_449' title='bbox 816 3719 1015 3793; x_wconf 84' lang='lat' dir='ltr'><strong>fixum,</strong></span> <span class='ocrx_word' id='word_1_450' title='bbox 1048 3739 1162 3795; x_wconf 92' lang='lat' dir='ltr'><strong>quo</strong></span> <span class='ocrx_word' id='word_1_451' title='bbox 1190 3718 1480 3777; x_wconf 89' lang='lat' dir='ltr'><strong>liberrime</strong></span> <span class='ocrx_word' id='word_1_452' title='bbox 1509 3737 1650 3777; x_wconf 89' lang='lat' dir='ltr'><strong>usus</strong></span> <span class='ocrx_word' id='word_1_453' title='bbox 1677 3727 1782 3794; x_wconf 90' lang='lat' dir='ltr'><strong>est,</strong></span> <span class='ocrx_word' id='word_1_454' title='bbox 1808 3730 2314 3798; x_wconf 86' lang='lat' dir='ltr'><strong>quantumcunque</strong></span> <span class='ocrx_word' id='word_1_455' title='bbox 2344 3730 2402 3780; x_wconf 88' lang='lat' dir='ltr'><strong>et</strong></span> <span class='ocrx_word' id='word_1_456' title='bbox 2429 3724 2680 3799; x_wconf 89' lang='lat' dir='ltr'><strong>quoties-</strong></span> 
     </span>
     <span class='ocr_line' id='line_1_43' title="bbox 277 3798 716 3873; baseline 0.002 -19"><span class='ocrx_word' id='word_1_457' title='bbox 277 3817 501 3873; x_wconf 91' lang='lat' dir='ltr'><strong>cunque</strong></span> <span class='ocrx_word' id='word_1_458' title='bbox 527 3798 716 3855; x_wconf 86' lang='lat' dir='ltr'><strong>libuit.</strong></span> 
     </span>
    </p>

    <p class='ocr_par' dir='ltr' id='par_1_12' title="bbox 276 3879 2680 4039">
     <span class='ocr_line' id='line_1_44' title="bbox 878 3879 2680 3956; baseline 0.003 -20"><span class='ocrx_word' id='word_1_459' title='bbox 878 3879 953 3936; x_wconf 89' lang='lat' dir='ltr'><strong>V.</strong></span> <span class='ocrx_word' id='word_1_460' title='bbox 999 3879 1251 3953; x_wconf 74' lang='lat' dir='ltr'><strong>Quaestio</strong></span> <span class='ocrx_word' id='word_1_461' title='bbox 1280 3880 1374 3938; x_wconf 90' lang='lat' dir='ltr'><strong>hic</strong></span> <span class='ocrx_word' id='word_1_462' title='bbox 1403 3889 1670 3940; x_wconf 86' lang='lat' dir='ltr'><strong>movetur</strong></span> <span class='ocrx_word' id='word_1_463' title='bbox 1698 3901 1732 3939; x_wconf 90' lang='lat' dir='ltr'><strong>a</strong></span> <span class='ocrx_word' id='word_1_464' title='bbox 1764 3882 2152 3956; x_wconf 88' lang='lat' dir='ltr'><strong>Scholasticis,</strong></span> <span class='ocrx_word' id='word_1_465' title='bbox 2195 3881 2292 3940; x_wconf 90' lang='lat' dir='ltr'><strong>An</strong></span> <span class='ocrx_word' id='word_1_466' title='bbox 2323 3883 2586 3941; x_wconf 88' lang='lat' dir='ltr'><strong>Christus</strong></span> <span class='ocrx_word' id='word_1_467' title='bbox 2612 3883 2680 3940; x_wconf 87' lang='lat' dir='ltr'><strong>fi-</strong></span> 
     </span>
     <span class='ocr_line' id='line_1_45' title="bbox 276 3954 2679 4039; baseline 0.002 -24"><span class='ocrx_word' id='word_1_468' title='bbox 276 3955 358 3999; x_wconf 78' lang='lat' dir='ltr'><strong>An</strong></span> <span class='ocrx_word' id='word_1_469' title='bbox 402 3954 622 4024; x_wconf 54' lang='lat' dir='ltr'><strong>caristus</strong></span> <span class='ocrx_word' id='word_1_470' title='bbox 668 3960 749 3999; x_wconf 65' lang='grc' dir='ltr'><strong>Μ·</strong></span> <span class='ocrx_word' id='word_1_471' title='bbox 793 3957 921 4015; x_wconf 90' lang='lat' dir='ltr'><strong>dem</strong></span> <span class='ocrx_word' id='word_1_472' title='bbox 946 3966 1004 4016; x_wconf 90' lang='lat' dir='ltr'><strong>et</strong></span> <span class='ocrx_word' id='word_1_473' title='bbox 1033 3978 1192 4036; x_wconf 87' lang='lat' dir='ltr'><strong>spem</strong></span> <span class='ocrx_word' id='word_1_474' title='bbox 1213 3960 1480 4018; x_wconf 88' lang='lat' dir='ltr'><strong>habuerit</strong></span> <span class='ocrx_word' id='word_1_475' title='bbox 1499 3963 1528 4018; x_wconf 69' lang='grc' dir='ltr'>Ρ</span> <span class='ocrx_word' id='word_1_476' title='bbox 1610 3962 1689 4019; x_wconf 89' lang='lat' dir='ltr'><strong>Et</strong></span> <span class='ocrx_word' id='word_1_477' title='bbox 1715 3981 1832 4018; x_wconf 91' lang='lat' dir='ltr'><strong>non</strong></span> <span class='ocrx_word' id='word_1_478' title='bbox 1860 3961 2028 4036; x_wconf 86' lang='lat' dir='ltr'><strong>pauci</strong></span> <span class='ocrx_word' id='word_1_479' title='bbox 2051 3982 2126 4018; x_wconf 83' lang='lat' dir='ltr'><strong>ex</strong></span> <span class='ocrx_word' id='word_1_480' title='bbox 2153 3961 2294 4039; x_wconf 88' lang='lat' dir='ltr'><strong>ipsis</strong></span> <span class='ocrx_word' id='word_1_481' title='bbox 2324 3960 2511 4018; x_wconf 88' lang='lat' dir='ltr'><strong>dicam</strong></span> <span class='ocrx_word' id='word_1_482' title='bbox 2541 3963 2679 4020; x_wconf 91' lang='lat' dir='ltr'><strong>scri·</strong></span> 
     </span>
    </p>

    <p class='ocr_par' dir='ltr' id='par_1_13' title="bbox 331 4014 2677 4117">
     <span class='ocr_line' id='line_1_46' title="bbox 331 4014 2677 4117; baseline 0.001 -23"><span class='ocrx_word' id='word_1_483' title='bbox 331 4014 495 4116; x_wconf 50' lang='lat' dir='ltr'><strong>{²³53ss</strong></span> <span class='ocrx_word' id='word_1_484' title='bbox 530 4014 673 4057; x_wconf 78' lang='lat' dir='ltr'><strong>fldem</strong></span> <span class='ocrx_word' id='word_1_485' title='bbox 695 4017 746 4058; x_wconf 73' lang='lat'><strong>⁶¹²</strong></span> <span class='ocrx_word' id='word_1_486' title='bbox 786 4036 931 4094; x_wconf 92' lang='lat' dir='ltr'><strong>bunt</strong></span> <span class='ocrx_word' id='word_1_487' title='bbox 954 4037 1213 4113; x_wconf 85' lang='lat' dir='ltr'><strong>CalvinO,</strong></span> <span class='ocrx_word' id='word_1_488' title='bbox 1229 4047 1288 4097; x_wconf 90' lang='lat' dir='ltr'><strong>et</strong></span> <span class='ocrx_word' id='word_1_489' title='bbox 1310 4039 1731 4097; x_wconf 86' lang='lat' dir='ltr'><strong>Feuardentius</strong></span> <span class='ocrx_word' id='word_1_490' title='bbox 1761 4040 2055 4115; x_wconf 78' lang='lat' dir='ltr'><strong>imprimiS,</strong></span> <span class='ocrx_word' id='word_1_491' title='bbox 2086 4040 2187 4097; x_wconf 92' lang='lat' dir='ltr'><strong>lib.</strong></span> <span class='ocrx_word' id='word_1_492' title='bbox 2217 4040 2339 4096; x_wconf 86' lang='lat' dir='ltr'><strong>viii.</strong></span> <span class='ocrx_word' id='word_1_493' title='bbox 2367 4042 2677 4117; x_wconf 63' lang='grc' dir='ltr'><strong>θτοιιαχιάς,</strong></span> 
     </span>
    </p>

    <p class='ocr_par' dir='ltr' id='par_1_14' title="bbox 273 4086 2680 4729">
     <span class='ocr_line' id='line_1_47' title="bbox 355 4086 2680 4197; baseline 0.003 -26"><span class='ocrx_word' id='word_1_494' title='bbox 355 4086 388 4129; x_wconf 86' lang='lat' dir='ltr'><strong>p</strong></span> <span class='ocrx_word' id='word_1_495' title='bbox 796 4116 953 4192; x_wconf 87' lang='lat' dir='ltr'><strong>quod</strong></span> <span class='ocrx_word' id='word_1_496' title='bbox 980 4116 1151 4173; x_wconf 85' lang='lat' dir='ltr'><strong>fidem</strong></span> <span class='ocrx_word' id='word_1_497' title='bbox 1183 4117 1410 4175; x_wconf 88' lang='lat' dir='ltr'><strong>Christo</strong></span> <span class='ocrx_word' id='word_1_498' title='bbox 1454 4118 1688 4192; x_wconf 88' lang='lat' dir='ltr'><strong>tribuat,</strong></span> <span class='ocrx_word' id='word_1_499' title='bbox 1735 4138 1908 4193; x_wconf 89' lang='lat' dir='ltr'><strong>quem</strong></span> <span class='ocrx_word' id='word_1_500' title='bbox 1946 4138 2193 4176; x_wconf 88' lang='lat' dir='ltr'><strong>errorem</strong></span> <span class='ocrx_word' id='word_1_501' title='bbox 2221 4128 2393 4177; x_wconf 84' lang='lat' dir='ltr'><strong>vocat</strong></span> <span class='ocrx_word' id='word_1_502' title='bbox 2417 4120 2680 4197; x_wconf 90' lang='lat' dir='ltr'><strong>impium,</strong></span> 
     </span>
     <span class='ocr_line' id='line_1_48' title="bbox 274 4195 2679 4273; baseline 0.001 -18"><span class='ocrx_word' id='word_1_503' title='bbox 274 4205 333 4255; x_wconf 89' lang='lat' dir='ltr'><strong>et</strong></span> <span class='ocrx_word' id='word_1_504' title='bbox 364 4196 673 4273; x_wconf 84' lang='lat' dir='ltr'><strong>Scripturae</strong></span> <span class='ocrx_word' id='word_1_505' title='bbox 716 4195 1082 4254; x_wconf 87' lang='lat' dir='ltr'><strong>contrarium.</strong></span> <span class='ocrx_word' id='word_1_506' title='bbox 1171 4196 1287 4255; x_wconf 88' lang='lat' dir='ltr'><strong>Sed</strong></span> <span class='ocrx_word' id='word_1_507' title='bbox 1327 4217 1444 4255; x_wconf 90' lang='lat' dir='ltr'><strong>non</strong></span> <span class='ocrx_word' id='word_1_508' title='bbox 1485 4217 1613 4255; x_wconf 86' lang='lat' dir='ltr'><strong>esse</strong></span> <span class='ocrx_word' id='word_1_509' title='bbox 1656 4197 1992 4273; x_wconf 86' lang='lat' dir='ltr'><strong>simpliciter</strong></span> <span class='ocrx_word' id='word_1_510' title='bbox 2048 4197 2445 4273; x_wconf 87' lang='lat' dir='ltr'><strong>denegandam</strong></span> <span class='ocrx_word' id='word_1_511' title='bbox 2506 4199 2679 4257; x_wconf 88' lang='lat' dir='ltr'><strong>fidem</strong></span> 
     </span>
     <span class='ocr_line' id='line_1_49' title="bbox 276 4275 2678 4353; baseline 0.002 -20"><span class='ocrx_word' id='word_1_512' title='bbox 276 4276 503 4335; x_wconf 87' lang='lat' dir='ltr'><strong>Christo</strong></span> <span class='ocrx_word' id='word_1_513' title='bbox 531 4277 827 4353; x_wconf 88' lang='lat' dir='ltr'><strong>Scriptura</strong></span> <span class='ocrx_word' id='word_1_514' title='bbox 855 4294 971 4332; x_wconf 90' lang='lat' dir='ltr'><strong>non</strong></span> <span class='ocrx_word' id='word_1_515' title='bbox 999 4295 1114 4333; x_wconf 89' lang='lat' dir='ltr'><strong>uno</strong></span> <span class='ocrx_word' id='word_1_516' title='bbox 1141 4275 1270 4333; x_wconf 91' lang='lat' dir='ltr'><strong>loco</strong></span> <span class='ocrx_word' id='word_1_517' title='bbox 1293 4277 1561 4350; x_wconf 89' lang='lat' dir='ltr'><strong>ostendit,</strong></span> <span class='ocrx_word' id='word_1_518' title='bbox 1587 4277 1723 4334; x_wconf 89' lang='lat' dir='ltr'><strong>dum</strong></span> <span class='ocrx_word' id='word_1_519' title='bbox 1749 4276 2040 4335; x_wconf 90' lang='lat' dir='ltr'><strong>Christum</strong></span> <span class='ocrx_word' id='word_1_520' title='bbox 2060 4286 2229 4335; x_wconf 87' lang='lat' dir='ltr'><strong>vocat</strong></span> <span class='ocrx_word' id='word_1_521' title='bbox 2251 4277 2495 4352; x_wconf 90' lang='lat' dir='ltr'><strong>fidelem,</strong></span> <span class='ocrx_word' id='word_1_522' title='bbox 2524 4279 2678 4337; x_wconf 90' lang='lat' dir='ltr'><strong>Heb.</strong></span> 
     </span>
     <span class='ocr_line' id='line_1_50' title="bbox 274 4354 2679 4431; baseline 0.002 -20"><span class='ocrx_word' id='word_1_523' title='bbox 274 4354 335 4412; x_wconf 91' lang='lat' dir='ltr'><strong>ii.</strong></span> <span class='ocrx_word' id='word_1_524' title='bbox 369 4359 460 4430; x_wconf 86' lang='lat'><strong>17,</strong></span> <span class='ocrx_word' id='word_1_525' title='bbox 493 4364 552 4413; x_wconf 89' lang='lat' dir='ltr'><strong>et</strong></span> <span class='ocrx_word' id='word_1_526' title='bbox 578 4356 658 4414; x_wconf 89' lang='lat' dir='ltr'><strong>iii.</strong></span> <span class='ocrx_word' id='word_1_527' title='bbox 691 4361 746 4414; x_wconf 84' lang='lat'><strong>2.</strong></span> <span class='ocrx_word' id='word_1_528' title='bbox 833 4355 1058 4427; x_wconf 91' lang='lat' dir='ltr'><strong>Petrus,</strong></span> <span class='ocrx_word' id='word_1_529' title='bbox 1082 4354 1216 4413; x_wconf 89' lang='lat' dir='ltr'><strong>Act.</strong></span> <span class='ocrx_word' id='word_1_530' title='bbox 1247 4355 1325 4430; x_wconf 92' lang='lat' dir='ltr'><strong>ii.,</strong></span> <span class='ocrx_word' id='word_1_531' title='bbox 1346 4356 1519 4414; x_wconf 88' lang='lat' dir='ltr'><strong>refert</strong></span> <span class='ocrx_word' id='word_1_532' title='bbox 1540 4355 1615 4413; x_wconf 89' lang='lat' dir='ltr'><strong>ad</strong></span> <span class='ocrx_word' id='word_1_533' title='bbox 1645 4356 1938 4413; x_wconf 90' lang='lat' dir='ltr'><strong>Christum</strong></span> <span class='ocrx_word' id='word_1_534' title='bbox 1959 4356 2139 4414; x_wconf 82' lang='lat' dir='ltr'><strong>verba</strong></span> <span class='ocrx_word' id='word_1_535' title='bbox 2166 4356 2321 4414; x_wconf 86' lang='lat' dir='ltr'><strong>Psal.</strong></span> <span class='ocrx_word' id='word_1_536' title='bbox 2353 4358 2493 4431; x_wconf 62' lang='lat' dir='ltr'><strong>xvi„</strong></span> <span class='ocrx_word' id='word_1_537' title='bbox 2522 4358 2679 4418; x_wconf 78' lang='lat' dir='ltr'><strong>Caro</strong></span> 
     </span>
     <span class='ocr_line' id='line_1_51' title="bbox 274 4434 2678 4510; baseline 0.003 -21"><span class='ocrx_word' id='word_1_538' title='bbox 274 4453 399 4491; x_wconf 81' lang='lat' dir='ltr'><strong>mea</strong></span> <span class='ocrx_word' id='word_1_539' title='bbox 436 4436 737 4510; x_wconf 77' lang='lat' dir='ltr'><strong>requiescet</strong></span> <span class='ocrx_word' id='word_1_540' title='bbox 762 4436 820 4492; x_wconf 83' lang='lat' dir='ltr'><strong>in</strong></span> <span class='ocrx_word' id='word_1_541' title='bbox 846 4454 960 4510; x_wconf 77' lang='lat' dir='ltr'><strong>spe,</strong></span> <span class='ocrx_word' id='word_1_542' title='bbox 991 4443 1066 4508; x_wconf 88' lang='lat' dir='ltr'><strong>et,</strong></span> <span class='ocrx_word' id='word_1_543' title='bbox 1101 4435 1309 4494; x_wconf 88' lang='lat' dir='ltr'><strong>Matth.</strong></span> <span class='ocrx_word' id='word_1_544' title='bbox 1340 4435 1525 4492; x_wconf 83' lang='lat' dir='ltr'><strong>xxvii.</strong></span> <span class='ocrx_word' id='word_1_545' title='bbox 1571 4438 1667 4506; x_wconf 84' lang='lat'><strong>46,</strong></span> <span class='ocrx_word' id='word_1_546' title='bbox 1715 4434 1977 4493; x_wconf 89' lang='lat' dir='ltr'><strong>Christus</strong></span> <span class='ocrx_word' id='word_1_547' title='bbox 2010 4436 2237 4493; x_wconf 87' lang='lat' dir='ltr'><strong>Patrem</strong></span> <span class='ocrx_word' id='word_1_548' title='bbox 2292 4436 2479 4494; x_wconf 91' lang='lat' dir='ltr'><strong>Deum</strong></span> <span class='ocrx_word' id='word_1_549' title='bbox 2510 4456 2678 4496; x_wconf 90' lang='lat' dir='ltr'><strong>suum</strong></span> 
     </span>
     <span class='ocr_line' id='line_1_52' title="bbox 273 4513 2678 4592; baseline 0.004 -24"><span class='ocrx_word' id='word_1_550' title='bbox 273 4532 506 4586; x_wconf 82' lang='lat' dir='ltr'><strong>vocans,</strong></span> <span class='ocrx_word' id='word_1_551' title='bbox 538 4513 710 4572; x_wconf 86' lang='lat' dir='ltr'><strong>fidem</strong></span> <span class='ocrx_word' id='word_1_552' title='bbox 739 4534 901 4572; x_wconf 89' lang='lat' dir='ltr'><strong>suam</strong></span> <span class='ocrx_word' id='word_1_553' title='bbox 931 4515 989 4571; x_wconf 91' lang='lat' dir='ltr'><strong>in</strong></span> <span class='ocrx_word' id='word_1_554' title='bbox 1012 4515 1199 4590; x_wconf 89' lang='lat' dir='ltr'><strong>ipsum</strong></span> <span class='ocrx_word' id='word_1_555' title='bbox 1229 4523 1489 4573; x_wconf 88' lang='lat' dir='ltr'><strong>testatur.</strong></span> <span class='ocrx_word' id='word_1_556' title='bbox 1578 4513 1695 4572; x_wconf 90' lang='lat' dir='ltr'><strong>Sed</strong></span> <span class='ocrx_word' id='word_1_557' title='bbox 1722 4534 1836 4572; x_wconf 90' lang='lat' dir='ltr'><strong>non</strong></span> <span class='ocrx_word' id='word_1_558' title='bbox 1866 4523 2057 4590; x_wconf 89' lang='lat' dir='ltr'><strong>potest</strong></span> <span class='ocrx_word' id='word_1_559' title='bbox 2105 4524 2426 4592; x_wconf 89' lang='lat' dir='ltr'><strong>competere</strong></span> <span class='ocrx_word' id='word_1_560' title='bbox 2456 4517 2541 4574; x_wconf 90' lang='lat' dir='ltr'><strong>illi</strong></span> <span class='ocrx_word' id='word_1_561' title='bbox 2570 4518 2678 4577; x_wconf 90' lang='lat' dir='ltr'><strong>sub</strong></span> 
     </span>
     <span class='ocr_line' id='line_1_53' title="bbox 275 4591 2676 4727; baseline 0.003 -78"><span class='ocrx_word' id='word_1_562' title='bbox 275 4591 434 4727; x_wconf 85' lang='lat' dir='ltr'><strong>omnil</strong></span> <span class='ocrx_word' id='word_1_563' title='bbox 459 4591 559 4649; x_wconf 89' lang='lat' dir='ltr'><strong>illo</strong></span> <span class='ocrx_word' id='word_1_564' title='bbox 588 4592 828 4667; x_wconf 87' lang='lat' dir='ltr'><strong>formali,</strong></span> <span class='ocrx_word' id='word_1_565' title='bbox 872 4614 987 4669; x_wconf 90' lang='lat' dir='ltr'><strong>quo</strong></span> <span class='ocrx_word' id='word_1_566' title='bbox 1016 4593 1345 4652; x_wconf 90' lang='lat' dir='ltr'><strong>hominibus</strong></span> <span class='ocrx_word' id='word_1_567' title='bbox 1374 4593 1664 4670; x_wconf 86' lang='lat' dir='ltr'><strong>competit,</strong></span> <span class='ocrx_word' id='word_1_568' title='bbox 1697 4613 1827 4653; x_wconf 89' lang='lat' dir='ltr'><strong>cum</strong></span> <span class='ocrx_word' id='word_1_569' title='bbox 1884 4614 1951 4652; x_wconf 91' lang='lat' dir='ltr'><strong>eo</strong></span> <span class='ocrx_word' id='word_1_570' title='bbox 1990 4595 2161 4652; x_wconf 89' lang='lat' dir='ltr'><strong>modo</strong></span> <span class='ocrx_word' id='word_1_571' title='bbox 2191 4596 2676 4672; x_wconf 89' lang='lat' dir='ltr'><strong>imperfectionem</strong></span> 
     </span>
     <span class='ocr_line' id='line_1_54' title="bbox 273 4671 555 4729; baseline 0.004 -1"><span class='ocrx_word' id='word_1_572' title='bbox 273 4671 411 4728; x_wconf 84' lang='lat' dir='ltr'><strong>invo</strong></span> <span class='ocrx_word' id='word_1_573' title='bbox 438 4679 555 4729; x_wconf 84' lang='lat' dir='ltr'><strong>vat.</strong></span> 
     </span>
    </p>
   </div>
   <div class='ocr_carea' id='block_1_5' title="bbox 2159 4773 2199 4813">
    <p class='ocr_par' dir='ltr' id='par_1_15' title="bbox 2159 4773 2199 4813">
     <span class='ocr_line' id='line_1_55' title="bbox 2159 4773 2199 4813; baseline 0 0"><span class='ocrx_word' id='word_1_574' title='bbox 2159 4773 2199 4813; x_wconf 84' lang='lat' dir='ltr'>U</span> 
     </span>
    </p>
   </div>
  </div>
 </body>
</html>
