3221 5200
444 348 561 404 252
1251 364 1432 404 Locus
1462 364 1722 404 naeuius
1751 363 2034 405 rannus:
2522 345 2775 426 [QUAEs'r.
2809 366 2847 407 1.

438 504 612 562 fanda
656 502 859 577 medes,
893 511 950 561 et
994 523 1028 560 a
1057 522 1196 561 vera
1249 504 1361 563 fide
1409 506 1712 582 apostasia,
1745 506 1805 563 in
1833 526 1949 582 qua
1997 506 2071 563 ad
2098 505 2439 564 hodiernum
2481 526 2663 582 usque
2692 506 2845 565 diem

437 591 783 660 perseverat.
856 583 910 640 N
914 603 976 640 ec
994 583 1088 640 hic
1107 583 1376 641 audiendi
1398 585 1440 642 J
1444 585 1610 658 udaei,
1633 585 1733 661 qui
1751 586 2128 643 communiter
2139 586 2434 661 excipiunt
2455 585 2610 644 hunc
2632 586 2846 644 adven-

436 671 558 720 tum
590 661 803 719 differri
832 671 1064 740 propter
1089 672 1341 739 peccata,
1373 672 1495 722 tum
1525 685 1645 739 sua,
1670 673 1791 722 tum
1821 673 2064 742 patrum,
2095 685 2224 741 quae
2254 666 2360 723 sub
2398 675 2639 742 utraque
2678 665 2850 723 domo

438 742 863 800 commiserunt.
950 741 1097 815 Quia
1125 762 1256 800 cum
1283 743 1376 801 hic
1407 753 1613 819 agatur
1633 764 1748 802 non
1771 744 1843 802 de
1871 764 1986 802 uno
2015 745 2111 803 vel
2138 745 2318 803 altero
2349 744 2612 818 Oraculo,
2644 744 2747 803 sed
2776 744 2849 802 de

439 821 728 879 constanti
781 822 1195 896 Prophetarum
1236 832 1295 881 et
1353 823 1790 899 Prophetiamm
1819 824 1949 898 fide,
1982 824 2142 881 nulla
2183 825 2308 900 ejus
2337 824 2620 882 certitudo
2650 843 2846 900 super-

438 909 609 969 esset,
650 901 697 957 si
736 901 795 957 in
844 900 954 957 hoc
1004 902 1207 978 capite,
1255 921 1290 959 a
1338 922 1453 978 quo
1504 902 1725 979 reliqua
1769 904 1960 960 omnia
2006 902 2348 980 dependent,
2381 923 2495 960 non
2524 911 2844 979 praestetur.

443 979 684 1053 Deinde,
718 980 766 1036 si
809 979 949 1054 quid
978 980 1113 1037 olim
1157 982 1418 1056 promisit
1459 983 1672 1058 populo
1716 1002 1838 1057 suo,
1884 1003 2000 1040 non
2043 982 2256 1059 legitur
2296 983 2370 1040 ob
2411 990 2648 1059 peccata
2688 981 2845 1040 illius

438 1079 691 1135 unquam
739 1058 1129 1134 intermisisse,
1163 1069 1226 1118 ut
1274 1081 1348 1118 ex
1378 1060 1716 1119 liberatione
1747 1082 1821 1120 ex
1851 1063 2119 1138 lEgypto
2162 1071 2221 1120 et
2270 1062 2571 1138 Babylone
2601 1069 2843 1136 constat,

438 1158 611 1215 quam
645 1138 803 1195 Deus
833 1138 1067 1214 praecise
1096 1149 1352 1216 tempore
1394 1141 1718 1216 praestituto
1747 1140 2029 1218 implevit,
2062 1142 2197 1199 licet
2238 1142 2486 1218 populus
2513 1160 2629 1199 non
2657 1141 2848 1198 minus

437 1218 689 1294 peccatis
739 1226 891 1275 esset
933 1228 1175 1278 onustus
1203 1239 1270 1277 ac
1318 1239 1488 1278 nunc.
1577 1220 1694 1278 Cur
1723 1241 1861 1297 ergo
1904 1220 2057 1278 idem
2086 1221 2144 1277 in
2173 1221 2450 1297 palmaria
2468 1221 2579 1279 ista
2605 1219 2844 1297 promis-

438 1299 616 1371 sione,
649 1298 708 1354 in
737 1317 851 1374 qua
902 1297 1079 1355 totius
1124 1299 1315 1374 gentis
1360 1299 1576 1357 bonum
1607 1301 1780 1358 situm
1811 1300 1935 1375 fuit,
1985 1320 2103 1357 non
2152 1300 2363 1359 factum
2394 1300 2654 1373 dicetur;
2701 1300 2846 1358 Cum

437 1386 628 1435 tamen
660 1378 809 1434 ultra
844 1380 913 1434 16
945 1376 1139 1435 secula
1171 1379 1293 1454 jam
1339 1378 1517 1437 dilata
1546 1379 1621 1437 sit
1664 1380 1808 1438 tanti
1838 1379 2106 1455 promissi
2134 1379 2417 1455 impletiO,
2440 1399 2546 1436 nec
2576 1379 2696 1436 ulla
2718 1379 2847 1455 ejus

435 1456 713 1531 implendi
745 1476 874 1531 spes
898 1458 1188 1531 supersit?
1230 1457 1441 1532 Terti0,
1475 1459 1523 1516 si
1552 1468 1783 1535 propter
1810 1468 2045 1535 peccata
2071 1459 2269 1535 populi
2302 1458 2532 1515 Messiae
2561 1457 2846 1516 adventus

437 1535 712 1609 differtur,
750 1537 906 1612 Ergo
929 1556 1220 1613 nunquam
1250 1546 1529 1595 venturus
1559 1547 1664 1608 est,
1697 1558 1825 1595 cum
1855 1557 2147 1613 nunquam
2177 1537 2249 1594 ab
2279 1537 2434 1594 omni
2457 1537 2671 1594 scelere
2700 1536 2848 1595 liber

436 1615 512 1673 sit
542 1614 782 1689 futuruS,
816 1615 917 1672 sed
946 1624 1167 1673 tantum
1212 1618 1390 1688 abest,
1423 1625 1488 1675 ut
1515 1625 1751 1693 peccata
1779 1617 1934 1674 illius
1975 1616 2287 1674 adventum
2328 1616 2538 1674 morari
2580 1624 2638 1673 et
2666 1615 2842 1692 impe-

436 1694 558 1752 dire
589 1694 851 1769 debeant,
885 1703 948 1752 ut
976 1696 1168 1771 potius
1197 1695 1445 1754 debeant
1465 1696 1630 1753 illum
1649 1696 1983 1769 accelerare,
2006 1715 2135 1754 cum
2159 1695 2232 1752 ad
2251 1715 2319 1753 ea
2346 1695 2603 1753 tollenda
2631 1696 2844 1753 veniat.

435 1812 583 1914 ²¹1³}ss
605 1813 915 1915 gffffflffl:
958 1774 1310 1912 1ᾱὲῗοῖιῖἓῴ
1344 1776 2022 1930 Ξῲαῖῗὲἑαῗιὲνῖἑίἷζ,
2047 1774 2676 1930 ⁰13z22¹¹⁰323r531535⁰
2682 1783 2848 1911 ”2:⁸33

495 1930 720 1972 structio.
960 1934 1190 1992 Messiae
1218 1944 1473 2009 tempore
1519 1935 1822 2009 Prophetae
1850 1954 1965 1990 non
1995 1934 2170 1992 semel
2201 1933 2601 2010 praedixerant,
2637 1933 2751 1990 Isa.
2782 1932 2842 1988 ii.

442 2015 533 2087 18,
566 2016 662 2087 20,
697 2014 870 2071 Zach.
914 2013 1035 2070 xiii.
1068 2018 1122 2071 2.
1209 2013 1455 2071 Oracula
1484 2032 1739 2071 cessasse
1769 2012 2023 2071 adventu
2053 2013 2281 2087 Christi,
2312 2013 2565 2072 historiae
2594 2011 2846 2088 profante

434 2112 552 2150 non
582 2093 965 2151 dissimulant.
1053 2093 1208 2151 Hinc
1238 2092 1451 2150 Tiberii
1471 2101 1725 2168 tempore
1748 2101 1896 2150 natae
1919 2093 2265 2168 questiones,
2293 2093 2410 2150 Cur
2427 2092 2849 2150 obmutuissent

437 2172 699 2244 Oracula,
734 2173 850 2229 Cur
880 2173 1185 2230 Daemones
1214 2182 1277 2230 ut
1305 2181 1473 2230 antea
1515 2192 1628 2229 non
1660 2181 2046 2249 operarentur,
2080 2180 2138 2230 et
2165 2172 2309 2230 adeo
2338 2172 2633 2248 repentina
2656 2178 2712 2229 et
2740 2170 2843 2226 mi-

437 2252 635 2309 rabilis
664 2252 771 2310 fnit
801 2251 899 2309 illa
929 2253 1185 2326 mutatio,
1217 2260 1281 2310 ut
1310 2251 1658 2309 adversariis
1695 2252 1836 2329 ipsis
1879 2251 2188 2310 Christiani
2231 2251 2479 2309 nominis
2520 2251 2692 2308 fuerit
2734 2249 2846 2308 for-

438 2331 727 2389 midabilis
769 2340 826 2388 et
869 2331 1170 2407 stupenda.
1258 2331 1614 2407 Porphyrius
1659 2331 1916 2409 queritur
1962 2333 2118 2389 Deos
2169 2331 2344 2389 iratos
2388 2351 2462 2389 ex
2508 2350 2622 2406 quo
2668 2330 2847 2388 Jesus

438 2412 601 2469 venit
648 2411 792 2467 nihil
842 2410 1207 2485 respondere.
1293 2412 1493 2469 Cicero
1527 2412 1567 2468 l.
1615 2417 1670 2484 2,
1712 2411 1782 2468 de
1817 2411 2014 2468 Divin.
2045 2419 2288 2469 testatur
2335 2411 2688 2486 temporibus
2730 2408 2850 2466 suis

439 2490 687 2548 Oracula
728 2489 1023 2563 defecisse,
1056 2499 1112 2548 et
1141 2509 1370 2547 causam
1414 2491 1662 2548 absurde
1707 2490 1879 2548 refert
1923 2491 1982 2547 in
2033 2491 2143 2548 loci
2193 2498 2557 2561 vetustatem,
2610 2509 2683 2546 ex
2731 2507 2847 2563 quo

439 2569 727 2627 anhelitus
774 2569 962 2641 fiebat,
1011 2588 1125 2644 quo
1159 2569 1370 2644 Pythia
1413 2577 1604 2627 mente
1644 2569 1880 2626 incitata
1909 2568 2117 2627 edebat
2145 2569 2393 2627 oracula.
2481 2567 2844 2641 PlutarchuS,

438 2650 538 2724 qui
583 2648 734 2705 vixit
782 2648 1015 2722 Trajani
1065 2656 1336 2723 tempore,
1389 2647 1465 2704 id.
1518 2656 1745 2704 centurn
1793 2656 1923 2722 post
1969 2648 2258 2705 Christum
2305 2646 2487 2718 anniS,
2540 2655 2846 2704 tractatum

438 2726 620 2785 edidit
648 2727 719 2783 de
756 2728 1131 2783 Oraculorum
1161 2729 1389 2799 defectu,
1436 2727 1608 2784 refert
1640 2726 1982 2802 Epithersen
2015 2726 2339 2783 Echinades
2367 2726 2585 2783 insulas
2613 2734 2847 2801 praeter·

435 2805 804 2880 navigantem
827 2804 1117 2862 audivisse
1139 2824 1339 2861 vocem
1362 2806 1748 2878 nunciantem,
1766 2807 2040 2879 Magnum
2057 2807 2228 2861 Pana
2248 2814 2526 2861 mortuum
2549 2825 2676 2878 esse,
2704 2815 2845 2861 tem-

437 2904 575 2962 pore
606 2884 825 2941 scilicet
841 2883 1057 2940 Tiberii
1078 2903 1193 2960 quo
1224 2884 1486 2943 Christus
1508 2884 1819 2942 crucifixus
1848 2892 1952 2941 est.
2020 2884 2096 2942 Et
2118 2884 2225 2942 sub
2245 2883 2518 2961 Augusto
2541 2884 2851 2943 Oraculum

440 2963 735 3040 Apollinis
763 2963 848 3020 illi
878 2964 1216 3039 consulenti,
1241 2965 1371 3040 quis
1400 2972 1531 3041 post
1559 2984 1689 3021 eum
1719 2971 2063 3039 regnaturus
2109 2971 2279 3036 esset,
2325 2964 2689 3039 respondisse
2738 2964 2848 3021 fer·

435 3053 547 3117 tur,
583 3046 618 3075 “
644 3044 740 3101 Me
770 3063 912 3118 puer
942 3044 1226 3102 Hebraeus
1255 3043 1366 3101 diis
1388 3044 1571 3102 beatis
1600 3044 1904 3120 imperanS,
1931 3043 2100 3120 jubet
2128 3043 2232 3100 has
2262 3043 2414 3101 aedes
2444 3044 2763 3120 relinquere
2793 3053 2853 3102 et

439 3124 632 3183 statim
663 3124 722 3180 in
752 3144 945 3182 orcum
975 3123 1192 3181 abire.''

444 3242 632 3292 Quinta
714 3242 833 3286 Dem
837 3257 919 3285 on·
1043 3203 1336 3262 XXXII.
1383 3203 1660 3278 Quintum
1711 3203 2137 3281 Argumentum
2195 3203 2564 3279 suppeditant
2623 3203 2849 3276 Confes-

497 3302 672 3345 stratio
701 3315 763 3346 ex
796 3301 920 3345 con·
959 3284 1137 3341 sione-9
1166 3285 1304 3360 ipsae
1326 3285 1369 3342 J
1374 3284 1685 3341 udaeorum.
1745 3283 1905 3341 Inter
1926 3303 2086 3359 quas,
2123 3286 2174 3340 1.
2207 3282 2461 3339 Celebris
2479 3291 2567 3339 est
2594 3282 2850 3340 Traditio

496 3360 780 3427 sessionibus
822 3359 921 3402 Ad·
964 3365 1181 3419 Domus
1225 3364 1394 3436 Elioe,
1446 3362 1518 3420 de
1563 3383 1679 3439 qua
1728 3361 1868 3420 Cod.
1924 3361 2172 3419 Sanhed.
2238 3362 2386 3417 Dist.
2436 3361 2672 3433 Chelek,
2720 3380 2848 3435 quae

496 3430 833 3460 versarnorum.
959 3441 1158 3496 mundi
1188 3450 1444 3516 tempora
1473 3441 1531 3497 in
1560 3449 1677 3499 tres
1703 3440 1970 3515 periodos
1999 3440 2306 3511 distribuit,
2354 3457 2694 3513 omnemque
2723 3440 2851 3514 ejus

436 3519 797 3577 durationem
828 3538 931 3576 sex
962 3538 1235 3575 annorum
1281 3519 1536 3577 millibus
1579 3519 1887 3591 concludit,
1920 3538 1987 3574 ac
2016 3527 2334 3593 postremos
2363 3517 2452 3575 bis
2479 3518 2638 3575 mille
2667 3538 2849 3576 annos

443 3598 675 3655 Messiae
704 3616 883 3671 regno
914 3596 1131 3670 tribuit,
1165 3598 1268 3654 Bis
1296 3599 1445 3654 mille
1487 3599 1764 3671 Inanitas,
1809 3598 1887 3653 bis
1926 3598 2074 3653 mille
2115 3598 2259 3670 Lex,
2291 3597 2371 3654 bis
2398 3597 2546 3654 mille
2588 3598 2847 3656 Messias·

442 3677 563 3735 Nec
586 3678 757 3752 juvat
786 3676 940 3751 ipsos
970 3695 1260 3751 reponere,
1287 3676 1399 3734 Vel
1429 3676 1683 3753 Tempus
1706 3675 1992 3733 adventus
2001 3676 2123 3752 jam
2148 3675 2405 3751 elapsum
2431 3696 2573 3750 esse,
2608 3677 2708 3734 sed
2739 3676 2847 3734 dif-

434 3756 570 3814 ferri
598 3765 831 3832 propter
858 3765 1093 3831 peccata
1120 3756 1334 3831 populi,
1381 3755 1545 3830 Quia,
1589 3776 1718 3814 cum
1764 3755 2064 3831 promissio
2094 3776 2209 3812 non
2239 3755 2629 3814 conditionata
2659 3757 2749 3831 sit,
2783 3765 2847 3816 ut

429 3837 552 3913 jam
603 3835 838 3907 dictum,
871 3835 972 3892 sed
1001 3834 1282 3910 absoluta,
1330 3843 1549 3894 tantum
1594 3836 1760 3894 abest
1801 3843 1864 3893 ut
1905 3843 2137 3911 propter
2164 3844 2400 3911 peccata
2427 3837 2623 3913 populi
2655 3836 2845 3895 differ-

434 3916 634 3989 enduS,
667 3924 732 3974 ut
759 3916 951 3991 potius
979 3915 1385 3973 accelerandus
1430 3916 1616 3992 magis
1666 3925 1819 3973 esset
1846 3915 1920 3972 ad
1949 3935 2016 3972 ea
2044 3915 2335 3991 tollenda;
2382 3916 2494 3973 Vel
2539 3925 2845 3975 venturum

432 3996 666 4072 quidem
695 3995 869 4052 fuisse
899 3994 956 4051 in
986 3990 1257 4069 διο-χιλίαν,
1285 3995 1385 4053 sed
1415 4015 1532 4052 non
1562 3996 1693 4069 dici,
1739 4015 1812 4052 an
1861 3995 1921 4052 in
1970 3995 2133 4053 initio
2163 4006 2440 4055 venturus
2469 4005 2637 4069 esset,
2670 4016 2744 4052 an
2787 3995 2846 4051 in

433 4076 562 4149 fine,
612 4074 759 4148 Quia
800 4095 868 4131 eo
911 4073 1083 4132 modo
1113 4075 1481 4151 assignantur
1508 4075 1595 4132 illi
1637 4075 1727 4134 bis
1756 4074 1912 4132 mille
1942 4074 2093 4148 anni,
2126 4074 2415 4151 quomodo
2443 4075 2539 4131 alii
2564 4074 2654 4131 bis
2684 4073 2843 4129 mille

428 4154 694 4213 inanitati
739 4162 797 4211 et
840 4154 1003 4230 Legi,
1053 4154 1130 4211 id.
1180 4165 1246 4213 ut
1292 4154 1518 4213 duratio
1550 4154 1728 4231 Legis
1757 4154 2008 4231 excipiat
2037 4154 2389 4225 inanitatem,
2443 4162 2501 4210 et
2545 4153 2633 4210 bis
2683 4151 2843 4209 mille

426 4253 608 4291 annos
650 4232 883 4309 explere
926 4233 1204 4293 debuerit.
1291 4234 1383 4292 Ita
1431 4235 1717 4292 adventus
1762 4234 1991 4291 Messiae
2034 4234 2233 4292 debuit
2255 4232 2518 4307 excipere
2547 4231 2717 4287 finem
2751 4229 2843 4287 bis

426 4314 583 4371 mille
606 4333 883 4370 annorum
917 4313 1108 4389 Legis,
1139 4322 1205 4372 ut
1233 4334 1335 4390 per
1362 4314 1506 4371 alios
1536 4314 1626 4371 bis
1664 4314 1819 4371 mille
1864 4332 2043 4370 annos
2094 4312 2277 4370 duret.
2363 4316 2417 4368 2.
2464 4309 2672 4386 Opinio
2702 4329 2842 4367 con-

425 4402 584 4450 stans
614 4392 766 4468 apud
794 4392 837 4450 J
843 4392 1035 4449 udaeos
1054 4393 1375 4452 invaluerat
1394 4403 1648 4469 tempore
1669 4392 1880 4449 Christi
1909 4399 2214 4449 venturum
2247 4390 2538 4463 Messiam,
2563 4388 2638 4445 ad
2666 4408 2845 4465 quem

424 4472 681 4529 fidelium
709 4472 884 4529 animi
914 4473 1118 4530 arrecti
1152 4481 1348 4547 erant,
1396 4473 1566 4532 Unde
1601 4473 1831 4530 Simeon
1875 4480 1931 4528 et
1975 4470 2150 4526 Anna
2191 4470 2460 4527 dicuntur
2500 4479 2842 4545 expectasse

423 4551 868 4608 consolationem
904 4552 1153 4625 Israelis
1201 4552 1342 4609 Luc.
1374 4553 1431 4609 ii.
1462 4560 1520 4610 et
1549 4551 1754 4609 mulier
1805 4550 2164 4607 Samaritana
2206 4557 2448 4607 testatur
2492 4568 2553 4607 se
2603 4549 2838 4609 credere

422 4629 694 4688 Messiam
726 4630 891 4687 brevi
918 4639 1240 4703 venturum,
1266 4632 1309 4688 J
1313 4631 1404 4689 oh.
1427 4632 1504 4699 iv.
1530 4635 1625 4693 25,
1651 4640 1707 4688 et
1731 4630 1874 4687 varii
1901 4628 2371 4687 Pseudo-Christi
2395 4637 2530 4687 tunc
2560 4629 2834 4707 temporis
