3221 5200
467 246 583 304 472
1248 264 1429 304 Locus
1463 263 1718 303 nnc-ntus
1757 261 2030 310 me'rus.
2519 241 2797 322 [ῥυεὶς-ι’.
2834 262 2939 303 ιτ.

469 405 618 462 filios
657 405 777 478 Dei,
809 405 970 480 loqui
997 413 1056 463 et
1084 406 1331 463 clamare
1361 405 1422 463 in
1450 406 1634 478 nobis,
1678 405 1981 463 sublevare
2011 402 2371 461 infirmit-ates
2415 413 2673 478 nostras,
2733 416 2798 463 et
2834 407 2935 463 in-

468 486 758 542 tercedere
788 506 890 561 pro
919 485 1087 543 nobis
1117 485 1427 561 gemitibus
1448 485 1854 557 ineffabilibus,
1880 485 2046 541 Rom.
2068 482 2187 540 viii.
2210 486 2306 556 26,
2332 502 2439 541 nos
2461 485 2833 543 confirmare
2870 501 2934 544 et

469 564 773 637 obsignare
805 566 863 622 in
892 565 1044 623 diem
1071 565 1500 641 redemptionis,
1534 569 1568 622 2
1623 565 1751 623 Cor.
1783 565 1820 621 i.
1852 569 1947 636 22,
1979 563 2129 639 Eph.
2162 563 2237 620 iv.
2290 565 2384 636 30,
2418 566 2673 621 scrutari
2707 566 2931 641 corda,

469 653 526 700 et
555 645 628 701 ad
656 646 890 703 modum
914 646 1083 720 igniS,
1110 645 1239 718 olei,
1271 645 1433 719 lucis,
1467 644 1621 718 vitre,
1653 645 1727 702 ad
1756 644 1989 702 intimos
2037 643 2227 700 cordis
2275 663 2535 701 recessus
2563 655 2927 720 penetrare,

470 733 527 781 ct
556 724 669 781 alia
713 725 772 782 id
814 746 1031 802 genus;
1083 725 1145 783 Si
1186 732 1310 782 tota
1352 726 1478 800 ejus
1528 724 1714 782 virtus
1756 744 1872 781 non
1929 723 2168 781 ulterius
2205 723 2554 797 extenditur,
2608 744 2806 800 quam
2842 727 2929 784 ad

467 804 774 864 mediatam
821 806 1104 864 actionem
1160 824 1264 879 per
1318 804 1597 877 Verbum,
1656 824 1772 862 non
1827 824 1965 861 vero
2013 802 2406 860 immediatum
2450 803 2525 860 sit
2581 824 2926 880 regenera-

467 885 640 942 tionis
669 885 1030 961 principium,
1062 883 1219 959 quod
1247 883 1444 958 vitam,
1477 884 1667 959 fidem,
1710 883 2072 942 sanctitatem
2119 892 2176 940 et
2206 882 2481 957 gaudium
2512 883 2737 942 animis
2772 906 2922 945 nos-

468 965 571 1022 tris
601 965 909 1022 infundat?
994 965 1120 1021 Imo
1149 963 1452 1021 antithesis
1480 983 1652 1039 quam
1704 963 2024 1040 Apostolus
2080 962 2328 1020 instituit
2375 963 2525 1019 inter
2552 963 2823 1023 Carnem
2858 976 2927 1024 et

473 1044 768 1119 Spiritum,
793 1044 959 1100 Rom.
985 1043 1124 1117 viii„
1151 1043 1422 1120 postulat,
1447 1053 1510 1101 ut
1538 1043 2020 1120 quemadmodum
2047 1043 2192 1101 Caro
2222 1052 2309 1100 est
2338 1041 2684 1119 principium
2722 1045 2923 1103 inter·

468 1144 604 1181 num
629 1131 687 1180 et
714 1122 1109 1180 immediatum
1139 1124 1198 1180 in
1227 1123 1458 1181 homine
1488 1124 1703 1181 carnali
1733 1123 1987 1181 omnium
2017 1133 2382 1199 peccatorum
2408 1145 2423 1180 ε
2509 1123 2603 1180 Ita
2638 1123 2923 1200 Spiritus

469 1203 543 1260 sit
572 1203 914 1279 principium
944 1204 1233 1262 internum
1262 1213 1321 1261 et
1350 1203 1747 1262 immediatum
1773 1204 1831 1259 in
1861 1203 2092 1260 homine
2122 1202 2281 1260 fideli
2324 1210 2380 1260 et
2408 1203 2675 1277 regenito
2711 1207 2923 1262 omni·

469 1302 565 1339 um
595 1283 873 1340 bonorum
905 1304 1157 1359 operum,
1191 1303 1292 1359 per
1320 1303 1490 1359 quem
1518 1284 1724 1341 vivant
1751 1291 1809 1340 et
1838 1283 2149 1355 ambulent,
2183 1291 2240 1340 et
2274 1283 2448 1358 juxta
2478 1283 2591 1339 Dei
2622 1283 2916 1342 Verbum

468 1363 723 1420 act-iones
752 1382 951 1420 omnes
980 1383 1113 1420 suas
1143 1371 1503 1439 componant.
1592 1364 1680 1420 Eo
1723 1362 1971 1439 pertinet
2015 1361 2171 1437 quod
2200 1362 2425 1435 dicitur,
2478 1361 2621 1420 Joh.
2674 1364 2812 1421 xiv.
2846 1375 2915 1423 et

468 1441 608 1515 xvi„
659 1442 991 1500 Paracletus
1021 1442 1211 1499 omnia
1246 1462 1381 1500 suos
1411 1443 1704 1516 docturus,
1736 1451 1794 1500 et
1842 1443 1902 1499 in
1950 1462 2175 1499 omnem
2206 1441 2506 1499 veritatem
2538 1461 2642 1499 eos
2671 1442 2912 1502 deduc·

466 1531 670 1592 turus;
715 1522 883 1595 Quod
912 1542 982 1580 ne
1026 1524 1157 1599 quis
1186 1522 1260 1579 ad
1301 1522 1672 1598 privilegium
1714 1522 1947 1598 aliquod
1990 1522 2277 1597 peculiare
2308 1522 2611 1597 Apostolis
2655 1523 2905 1596 referat,

465 1601 506 1658 J
514 1601 768 1659 ohannes
803 1606 878 1659 1oe
909 1623 957 1660 c.
1015 1603 1073 1660 ii.
1105 1607 1200 1675 27,
1260 1603 1334 1659 ad
1363 1623 1561 1660 omnes
1617 1602 1817 1660 fideles
1874 1601 2151 1674 extendit,
2215 1605 2248 1633 “
2277 1602 2390 1659 Sed
2447 1602 2613 1672 νοε,”
2677 1602 2904 1679 inquit,

469 1685 504 1713 “
527 1681 579 1740 U
587 1683 873 1740 nctionem
899 1683 1124 1740 hahetis
1153 1703 1189 1740 a
1221 1683 1449 1774 Sancte),
1482 1691 1540 1739 et
1568 1683 1753 1739 nostis
1782 1684 1992 1755 omnia,
2044 1702 2150 1739 nec
2156 1702 2325 1786 opus
2373 1681 2598 1738 habetis
2630 1691 2697 1739 ut
2729 1684 2902 1759 quis-

465 1782 637 1837 quam
667 1783 772 1820 vos
797 1763 1036 1834 doceat;
1073 1763 1286 1820 Unctio
1315 1763 1467 1819 enim
1499 1762 1623 1837 ipsa
1650 1782 1756 1819 vos
1802 1762 1971 1820 docet
2016 1762 2225 1819 omnia.
2233 1763 2267 1787 ''
2356 1761 2406 1819 U
2415 1761 2472 1817 bi
2502 1781 2605 1836 per
2640 1761 2903 1821 Unctio-

466 1863 596 1899 nem
628 1852 855 1900 constat
882 1842 1131 1918 intelligi
1181 1843 1456 1919 Spiritum
1491 1843 1783 1914 Sanctum,
1810 1863 1923 1899 non
1956 1851 2191 1899 externe
2216 1851 2437 1899 tantum
2468 1861 2569 1916 per
2597 1840 2657 1899 Υ
2661 1842 2900 1918 erbum,

463 1922 564 1978 sed
594 1923 816 1980 interne
849 1931 907 1980 et
964 1922 1296 1980 immediate
1342 1922 1544 1979 fideles
1602 1889 1944 1980 docentem.
2031 1922 2158 1995 Quo
2205 1942 2377 1979 sensu
2422 1921 2564 1978 alibi
2594 1931 2903 1981 vocantur

464 2007 759 2068 Sumam-01,
791 2003 834 2061 J
837 2003 930 2060 oh.
961 2003 1040 2059 vi.
1071 2005 1166 2076 45,
1198 2022 1314 2059 non
1336 2001 1506 2059 modo
1535 2003 1671 2078 quia
1694 2002 1890 2060 Verbo
1922 2001 2134 2058 Christi
2158 2001 2551 2076 instituuntur,
2576 2001 2683 2058 sed
2712 2003 2899 2060 etiam

468 2090 752 2158 quatenus
782 2103 815 2139 a
847 2082 1017 2140 Patre
1047 2083 1268 2140 interne
1293 2081 1572 2139 docentur
1600 2091 1659 2139 et
1687 2083 1992 2139 trahuntur
2020 2082 2094 2138 ad
2125 2081 2434 2139 Christum.

461 2199 505 2246 5·
559 2202 603 2245 A
652 2216 818 2246 necess
797 2204 942 2246 itate
1071 2162 1207 2220 XI.
1257 2163 1453 2234 SextO,
1512 2161 1575 2220 Si
1613 2162 1817 2220 Gratia
1845 2161 2176 2218 immediata
2225 2181 2339 2218 non
2369 2170 2458 2218 est
2502 2159 2895 2236 admittenda,

522 2265 574 2304 et
617 2262 942 2316 possibilitate
987 2243 1042 2300 V
1046 2243 1099 2300 el
1122 2242 1252 2300 ideo
1271 2242 1352 2316 fit,
1404 2242 1540 2318 quia
1567 2262 1686 2299 non
1716 2251 1804 2299 est
1825 2242 2165 2312 neccssaria,
2197 2241 2293 2298 vel
2316 2241 2451 2316 quia
2480 2259 2592 2297 non
2625 2253 2720 2298 est
2750 2262 2881 2318 pos·

524 2318 648 2374 ⁰5¹1ss-
987 2322 1187 2397 sibilis,
1224 2322 1321 2380 vel
1366 2323 1500 2398 quia
1529 2323 1649 2379 vim
1693 2323 1943 2397 aliquam
1990 2320 2128 2379 facit
2178 2322 2440 2378 humanae
2470 2319 2783 2395 voluntati,
2834 2334 2895 2380 et

461 2399 646 2459 libero
675 2402 929 2461 arbitriO.
1016 2401 1132 2459 Sed
1170 2403 1314 2459 nihil
1357 2403 1470 2459 tale
1510 2402 1623 2460 dici
1654 2411 1862 2477 potest.
1944 2402 2259 2459 Necessitas
2288 2402 2414 2478 ejus
2443 2420 2617 2476 supra
2643 2400 2893 2459 demon·

463 2490 643 2540 strata
671 2492 759 2540 est
777 2504 851 2540 ex
881 2482 1260 2557 corruptionis
1303 2490 1358 2539 et
1388 2481 1739 2557 impotentiae
1767 2490 1979 2540 nostrae
2012 2481 2427 2556 magnitudine,
2459 2489 2519 2538 et
2545 2481 2894 2540 confirmata

463 2581 538 2618 ex
578 2562 919 2620 necessitate
963 2561 1411 2636 regenerationis
1462 2563 1520 2618 in
1563 2560 1897 2635 infantibus,
1929 2581 2058 2638 quae
2087 2561 2318 2620 aliunde
2357 2560 2494 2618 oriri
2522 2579 2638 2617 non
2669 2569 2890 2637 potest.

462 2642 806 2698 Possz'be'lz'tas
825 2649 999 2715 patet,
1023 2660 1139 2697 non
1161 2641 1332 2697 modo
1361 2662 1434 2699 ex
1465 2640 1936 2699 extraordinariis
1959 2650 2016 2700 et
2038 2641 2383 2699 immediatis
2406 2641 2893 2700 conversionibus

463 2739 677 2791 eorum,
700 2720 799 2795 qui
827 2720 960 2776 ilico
990 2728 1047 2776 et
1074 2739 1189 2777 uno
1219 2721 1383 2794 quasi
1412 2728 1702 2777 momento
1732 2729 1790 2778 ct
1818 2723 1968 2779 oculi
2008 2722 2169 2779 nictu
2198 2722 2415 2797 absque
2444 2721 2661 2796 praevio
2692 2721 2885 2780 Verbi

460 2801 748 2876 praeconio
771 2798 1030 2856 renovati
1060 2806 1210 2872 sunt,
1242 2808 1300 2857 et
1329 2800 1400 2856 ad
1433 2800 1723 2857 Christum
1753 2801 2003 2876 adducti,
2028 2802 2175 2860 utin
2205 2802 2499 2875 Zacchae0‚
2523 2800 2795 2874 Latrone,
2829 2811 2892 2859 et

465 2879 650 2937 Paulo
691 2880 918 2952 visum3
968 2879 1084 2937 Sed
1113 2878 1285 2937 etiam
1327 2900 1402 2937 ex
1433 2880 1589 2937 Viris
1606 2888 1923 2948 esan-undena,
1976 2882 2077 2957 qui
2125 2901 2364 2940 arcanos
2410 2892 2467 2939 et
2514 2880 2889 2939 immediatos

462 2959 789 3018 habuerunt
816 2959 1063 3037 Spiritus
1089 2960 1147 3019 S.
1172 2958 1412 3035 afflatus,
1445 2960 1647 3037 quales
1676 2960 1904 3019 fuerunt
1928 2960 2233 3037 Prophetae
2262 2970 2320 3019 et
2344 2960 2631 3038 Apostoli,
2662 2960 2886 3037 aliique

462 3040 593 3097 Viri
640 3039 842 3115 divini,
894 3040 993 3116 qul
1044 3048 1257 3115 φιςὸμινοι
1284 3050 1369 3096 ὑπὸ
1399 3049 1653 3109 Πνεύματος
1680 3048 1829 3109 ἁγίαν,
1859 3042 1975 3098 acti
2011 3062 2050 3098 α
2078 3042 2295 3116 Spiritu
2341 3042 2399 3098 S.
2432 3041 2601 3098 loculi
2638 3049 2783 3113 sunt,
2819 3049 2887 3099 ut

459 3120 541 3179 ait
573 3121 795 3192 PetruS,
849 3120 1115 3179 secundae
1145 3141 1268 3197 cap.
1310 3120 1348 3178 i.
1387 3126 1482 3195 21,
1514 3129 1572 3180 et
1601 3121 1661 3177 in
1696 3121 1907 3196 quibus
1942 3121 2187 3196 Spiritus
2236 3124 2482 3179 Sanctus
2510 3119 2881 3195 loquebatur,

460 3200 672 3277 quique
703 3201 878 3260 dabat
900 3202 1041 3277 ipsis
1068 3202 1245 3277 loqui,
1280 3202 1490 3259 Matth.
1523 3223 1580 3258 x.
1620 3204 1709 3272 19,
1742 3204 1837 3258 20.
1925 3200 2072 3257 Nam
2104 3200 2152 3258 si
2201 3201 2387 3277 gratia
2435 3199 2768 3257 immediata
2818 3201 2881 3257 in

461 3279 601 3356 ipsis
652 3281 789 3355 egit,
834 3281 1037 3356 quidni
1092 3290 1150 3338 et
1195 3282 1405 3357 poterit
1454 3302 1626 3355 agere
1669 3282 1729 3337 in
1765 3280 1938 3354 aliis;
1983 3281 2290 3339 cumidem
2324 3280 2571 3357 Spiritus
2600 3279 2701 3355 qui
2735 3280 2879 3338 Pro·

458 3360 668 3435 phetiae
698 3360 806 3417 suit
825 3360 1031 3417 author
1053 3360 1112 3415 in
1135 3361 1296 3416 Viris
1319 3360 1445 3433 Dei,
1472 3361 1546 3419 sit
1567 3361 1740 3419 etiam
1770 3360 1976 3418 author
2004 3360 2139 3418 fidei
2160 3360 2219 3417 in
2250 3359 2648 3418 CredentibuS.
2705 3359 2881 3418 Unde

461 3439 634 3495 etiam
682 3438 974 3511 colligitur
1023 3438 1196 3495 talem
1240 3440 1484 3513 gratiam
1534 3460 1649 3497 non
1693 3460 2011 3516 repugnare
2062 3440 2313 3497 libertati
2342 3450 2590 3511 nostroe3
2645 3439 2793 3497 Nam
2827 3441 2880 3498 si

460 3516 650 3593 potuit
695 3520 915 3591 operari
962 3516 1084 3573 sine
1121 3517 1244 3574 ulla
1271 3518 1586 3577 voluntatis
1617 3529 1674 3576 et
1714 3520 1996 3577 libertatis
2026 3517 2367 3578 Sanctorum
2390 3519 2644 3587 laesione,
2669 3519 2877 3595 quidni

461 3595 675 3673 pariter
693 3614 865 3671 agere
878 3595 1088 3672 poterit
1109 3596 1168 3653 in
1181 3596 1465 3670 fidelibus,
1480 3598 1704 3656 illibata
1726 3607 1992 3657 manente
2011 3599 2263 3675 ipsorum
2279 3609 2485 3657 natura
2503 3600 2882 3657 etlibertate?

1065 3676 1238 3735 XLI.
1286 3677 1565 3752 Denique,
1598 3698 1670 3736 ne
1715 3678 1896 3755 plura,
1942 3699 2069 3755 quae
2112 3679 2342 3755 congeri
2388 3679 2578 3736 adhuc
2620 3689 2878 3754 possent,

488 3734 532 3780 ⁷·
556 3736 634 3780 Ab
672 3736 909 3781 absurdis.
982 3755 1286 3815 afferamus
1336 3767 1711 3833 argumenta;
1774 3759 2047 3816 Absurda
2090 3759 2268 3831 varia,
2328 3759 2540 3834 quibus
2589 3759 2879 3816 sententia

458 3855 630 3913 quam
659 3836 1065 3913 impugnamus
1108 3838 1398 3914 premitur,
1453 3838 1578 3914 ejus
1607 3839 1913 3896 falsitatem
1959 3839 2098 3896 satis
2147 3839 2559 3896 demonstrant.
2646 3838 2795 3895 Nam
2825 3839 2879 3896 si

458 3917 617 3973 nulla
645 3917 814 3975 datur
842 3918 955 3974 alia
988 3918 1235 3994 Spiritus
1265 3919 1519 3994 operatio
1542 3918 1601 3975 in
1624 3919 1965 3993 Vocatione,
1990 3938 2161 3994 quam
2190 3919 2442 3977 mediata
2462 3938 2567 3994 per
2593 3916 2876 3992 Verbum,

459 4004 516 4053 et
544 4017 646 4072 per
675 3998 948 4054 moralem
990 3998 1334 4071 suasionem,
1370 3997 1556 4055 Causa
1599 3997 1962 4055 discretionis
2004 3999 2154 4056 inter
2180 3998 2441 4074 ejusdem
2470 3997 2656 4056 Verbi
2685 3996 2877 4054 Audi-

458 4083 627 4147 tores,
666 4096 906 4151 quorum
939 4077 1035 4135 alii
1067 4086 1495 4147 convertuntur,
1545 4077 1645 4134 alii
1693 4087 1928 4135 manent
1983 4078 2278 4150 inereduli,
2336 4098 2453 4135 non
2509 4076 2788 4153 pendebit
2840 4096 2879 4134 a

459 4120 677 4227 Gratia,
712 4155 815 4213 sed
843 4156 916 4213 ab
946 4157 1193 4230 homine,
1240 4165 1440 4215 contra
1481 4157 1743 4232 Paulum,
1795 4162 1823 4215 1
1859 4158 1987 4215 Cor.
2020 4157 2097 4215 iv.
2131 4162 2186 4215 7.
2233 4158 2377 4215 Cum
2409 4156 2563 4215 enim
2592 4156 2874 4230 Verbum,

454 4253 559 4311 per
599 4234 755 4310 quod
784 4236 970 4311 gratia
1009 4236 1350 4314 supponitur
1391 4245 1615 4296 tantum
1645 4237 1883 4314 operari,
1915 4237 2127 4314 pariter
2156 4237 2413 4313 utrisque
2465 4256 2617 4313 saepe
2667 4254 2875 4312 propo·

456 4322 641 4387 natur,
700 4315 900 4374 codem
964 4325 1238 4392 tempore,
1291 4325 1349 4374 et
1411 4316 1556 4391 loc0,
1639 4317 1712 4375 ab
1768 4317 1968 4375 eodem
2026 4337 2306 4393 praecone,
2367 4325 2424 4374 et
2480 4336 2612 4373 cum
2667 4314 2877 4374 iisdem

453 4394 773 4452 rationibus
821 4405 879 4453 et
928 4396 1177 4470 motivis,
1210 4396 1357 4452 nihil
1396 4396 1487 4453 hic
1534 4417 1830 4455 occurrere
1875 4407 2080 4474 potest,
2136 4396 2290 4474 quod
2320 4416 2434 4455 non
2486 4396 2563 4453 sit
2589 4394 2877 4454 ambobus

455 4493 774 4539 commuue,
807 4484 864 4532 et
908 4495 1009 4551 per
1044 4494 1400 4550 consequens
1448 4476 1605 4551 quod
1654 4476 1960 4535 discrimen
1989 4479 2161 4535 unius
2190 4478 2264 4535 ab
2310 4477 2423 4535 alio
2453 4476 2638 4534 facere
2668 4476 2875 4551 possit.

458 4554 866 4629 Necjuvathic
881 4575 1169 4613 recurrere
1184 4554 1257 4612 ad
1292 4554 1663 4613 diversitatem
1685 4557 2228 4615 circumstantiarum
2256 4557 2512 4615 Verbum
2539 4554 2874 4631 praeceden-
