3221 5200
338 352 560 402 QuAEsr.
591 332 681 415 v.]
1062 349 1141 390 ns
1169 349 1434 390 reasons
1466 350 1542 390 ετ
1571 351 1762 392 s'rA‘ru
1791 351 2040 392 cnmsrt.
2348 337 2361 348 '
2642 337 2758 393 271

331 503 402 554 et
439 493 779 571 sanguinem
812 491 1144 570 sumpsisse,
1178 492 1400 570 Colloq.
1433 493 1747 552 Francoth.
1777 502 1883 552 art.
1915 493 1996 552 iii.
2027 499 2086 552 et
2131 491 2342 551 Embd.
2384 501 2490 554 art.
2536 494 2616 552 iv.
2690 495 2763 553 In

342 576 629 634 sententia
656 573 932 650 negativa
960 573 1326 631 consentiunt
1356 573 1556 651 Belgae
1585 582 1645 633 et
1683 573 1977 648 Germani,
2017 573 2175 650 quod
2205 571 2468 633 Christus
2507 594 2583 632 ex
2627 575 2761 634 sub·
2854 603 2875 612 =

334 654 558 715 »stantia
603 654 805 712 Mariae
834 674 1062 712 carnem
1096 662 1156 712 et
1199 654 1540 731 sanguinem
1575 674 1692 713 non
1741 654 2154 732 assumpserit;
2200 655 2390 714 sedin
2423 654 2766 714 affirmativa

339 735 498 794 unde
538 733 915 810 assumpserit
955 733 1323 794 dissentiunt.
1409 734 1687 794 Germani
1728 735 1790 793 id
1811 755 1873 794 se
1902 736 2167 812 ignorare
2205 733 2475 795 fatentur.
2562 735 2766 813 Belgae

344 835 484 874 vero
514 815 725 875 clarius
753 814 1095 892 profitentur
1134 834 1364 873 carnem
1395 814 1612 874 Christi
1636 835 1766 875 esse
1796 835 1871 874 ex
1904 817 2180 875 Sermone
2221 817 2377 893 vitoe,
2426 836 2501 874 ex
2547 817 2765 876 semine

347 895 553 972 Patris,
594 894 752 973 quod
779 915 975 954 semen
1006 894 1082 954 sit
1103 891 1365 953 Verbum
1396 896 1525 955 Dei.

954 974 1075 1034 111.
1121 975 1252 1033 Non
1294 976 1587 1052 quaeritur,
1630 976 1730 1034 An
1774 975 2040 1036 Christus
2089 996 2321 1035 carnem
2369 976 2654 1053 habuerit,
2705 984 2767 1036 et

396 1025 769 1133 mtffon‘ffssae*
871 1055 1045 1114 homo
1093 1054 1268 1114 fuerit
1313 1065 1375 1115 et
1416 1056 1531 1115 dici
1580 1056 1808 1134 possit?
1854 1056 1987 1131 Sed,
2040 1056 2140 1114 An
2187 1058 2361 1116 homo
2411 1057 2617 1116 similis
2664 1077 2769 1135 per

870 1135 1067 1194 omnia
1109 1135 1278 1194 nobis
1315 1135 1488 1196 fuerit
1530 1146 1776 1215 excepto
1803 1145 2041 1213 peccato
2062 1139 2091 1196 P
2141 1138 2235 1212 Et,
2281 1140 2382 1196 An
2431 1158 2661 1197 carnem
2689 1158 2767 1198 ex

349 1215 421 1273 B.
451 1214 715 1292 Virgine,
747 1222 806 1273 et
823 1236 949 1274 -non
977 1215 1212 1276 aliunde
1238 1215 1554 1276 habuerit?
1597 1217 1764 1292 Quod
1803 1216 1889 1274 illi
1916 1226 2151 1295 negant,
2183 1238 2289 1276 nos
2316 1218 2685 1277 affirmamus.

339 1333 601 1380 *christum
631 1347 736 1379 m„
752 1347 832 1378 vo-
957 1296 1066 1355 IV.
1111 1296 1392 1355 Rationes
1421 1307 1593 1356 sunt:
1628 1299 1861 1371 Primo;
1895 1297 2044 1372 Quia
2064 1299 2280 1376 passim
2310 1307 2551 1358 vocatur
2578 1302 2769 1358 Home

407 1407 517 1437 rum
588 1392 834 1437 hominem
871 1386 929 1436 et
956 1377 1138 1435 Filius
1181 1377 1432 1452 hominis,
1462 1377 1622 1455 quod
1661 1398 1797 1437 vere
1827 1378 1942 1436 dici
1982 1398 2100 1436 non
2141 1387 2354 1456 posset,
2407 1379 2457 1438 si
2505 1389 2770 1439 naturam

408 1452 546 1496 nobis
627 1452 833 1496 similem
875 1467 1087 1516 nostrae
1110 1457 1374 1532 similem,
1390 1457 1467 1516 id.
1480 1479 1555 1516 ex
1577 1459 1908 1517 hominibus
1930 1458 2292 1537 desumptam
2312 1480 2430 1518 non
2453 1460 2770 1519 habuisset.

351 1511 844 1617 1.pr((2'iii³siur200,2tur
884 1539 1008 1597 Nec
1058 1538 1108 1597 si
1150 1537 1386 1615 Angeli,
1433 1539 1533 1615 qui
1581 1540 1691 1598 sub
1737 1539 1918 1598 forma
1960 1540 2211 1598 humana
2251 1540 2622 1617 apparebant,
2667 1541 2771 1599 ali-

408 1631 551 1671 homo
603 1631 655 1673 et
715 1627 844 1671 filius
886 1618 1118 1696 quando
1147 1628 1429 1679 vocantur
1450 1619 1713 1679 homines
1728 1624 1868 1679 κατὰ
1897 1616 2056 1693 δόξειν,
2088 1621 2224 1697 quia
2252 1622 2397 1679 tales
2426 1620 2776 1681 videbantur

410 1685 647 1740 homini„
884 1700 973 1774 iis,
1025 1699 1236 1776 quibus
1292 1699 1662 1777 apparebant,
1715 1702 1976 1779 sequitur
2039 1701 2190 1759 idem
2240 1700 2313 1758 de
2370 1700 2600 1759 Christo
2657 1701 2775 1760 dici

347 1798 541 1855 posse,
586 1779 724 1856 quia
749 1780 1014 1857 nuspiam
1044 1780 1255 1839 dieitur
1282 1780 1354 1839 de
1392 1780 1509 1840 illis
1553 1780 1710 1857 quod
1740 1781 1951 1840 fuerint
1991 1781 2127 1838 Filii
2155 1780 2421 1856 hominis,
2454 1780 2611 1857 quod
2641 1780 2778 1840 facti

354 1858 472 1917 sint
499 1880 649 1935 care,
680 1860 838 1936 quod
878 1861 1186 1939 participes
1214 1860 1427 1920 fuerint
1454 1862 1644 1919 carnis
1672 1872 1731 1920 et
1759 1861 2076 1938 sanguinis.

352 1952 398 1998 2.
460 1953 588 2004 Quia
671 1955 853 1999 dicitur
976 1941 1051 1999 V.
1101 1941 1395 2016 Secund03
1429 1942 1578 2017 Quia
1606 1951 1850 2001 vocatur
1881 1946 1915 1975 “
1934 1943 2143 2001 Semen
2171 1940 2488 2016 mulieris,’'
2516 1941 2663 2001 Gen.
2694 1941 2776 2000 iii.

414 2013 591 2116 35³¹}ss
632 2013 850 2115 znulieris
898 2024 989 2093 15,
1025 2024 1060 2053 “
1087 2021 1296 2080 Semen
1326 2021 1642 2096 Abrahae,”
1675 2023 1825 2081 Gen.
1875 2022 1979 2080 xii.
2010 2027 2065 2097 3,
2118 2029 2177 2081 et
2221 2022 2366 2080 xxii.
2403 2023 2494 2096 18,
2530 2024 2566 2055 ‘⁴
2591 2022 2779 2081 Filius

413 2086 858 2183 {metabavffx’atris
900 2100 1210 2175 Abrahae,'’
1243 2101 1378 2160 Aet.
1409 2101 1489 2160 iii.
1521 2106 1617 2177 25,
1659 2105 1694 2135 ‘⁴
1719 2104 1905 2162 Filius
1939 2102 2183 2162 Davidis
2226 2110 2284 2161 et
2335 2103 2584 2161 Fructus
2631 2103 2780 2162 lum·

414 2190 508 2242 ἀοῖ
899 2181 1105 2240 borum
1135 2182 1319 2258 eju8,''
1354 2182 1494 2241 Luc.
1525 2183 1563 2242 i.
1608 2186 1704 2258 32,
1740 2184 1911 2242 Rom.
1942 2184 1979 2242 i.
2009 2187 2065 2257 3,
2109 2186 2145 2216 ‘⁴
2171 2183 2383 2242 Semen
2410 2182 2693 2260 Virginis,
2724 2191 2785 2242 et

360 2262 610 2320 Fructus
638 2262 915 2334 ventris,'’
950 2262 1091 2319 Luc.
1122 2262 1158 2319 i.
1191 2264 1287 2334 31,
1318 2265 1414 2336 42,
1450 2265 1485 2295 ‘⁴
1513 2263 1730 2322 Factus
1758 2284 1834 2322 ex
1875 2264 2175 2338 muliere,”
2208 2264 2340 2323 Gal.
2371 2263 2452 2321 iv.
2483 2267 2540 2322 4.
2626 2264 2781 2339 Quo-

359 2341 531 2399 modo
559 2363 699 2401 vero
727 2342 855 2401 istis
883 2341 1212 2400 nominibus
1240 2341 1505 2418 insigniri
1528 2351 1740 2419 posset,
1770 2344 1883 2401 nisi
1905 2365 1980 2404 ex
2003 2344 2128 2421 ipsa
2150 2344 2416 2402 Mulieris
2438 2352 2498 2402 et
2519 2344 2785 2422 Virginis

357 2421 698 2497 substantia,
730 2431 991 2481 naturam
1023 2430 1234 2480 nostrae
1261 2422 1509 2481 similem
1540 2423 1887 2482 habuisset?
1939 2425 2062 2483 Nec
2091 2424 2207 2483 dici
2233 2433 2440 2501 potest,
2477 2427 2529 2482 1.
2571 2426 2786 2483 Filium

358 2503 680 2561 Abrahami
721 2505 810 2563 vel
854 2502 1099 2561 Davidis
1143 2504 1353 2576 vocari,
1405 2504 1542 2578 quia
1589 2504 1699 2561 illis
1737 2504 2052 2580 promissus
2100 2514 2195 2580 est,
2242 2505 2336 2564 Ita
2375 2505 2530 2564 enim
2571 2506 2788 2582 pariter

358 2592 556 2660 posset
583 2585 780 2644 vocari
808 2582 962 2643 filius
1001 2583 1256 2643 omnium
1285 2582 1559 2660 fidelium,
1592 2584 1807 2661 quibus
1834 2585 2005 2645 etiam
2034 2585 2354 2664 promissus
2383 2593 2509 2662 est;
2553 2589 2611 2645 2.
2640 2587 2787 2645 Esse

356 2665 570 2724 Filium
608 2666 871 2741 Davidis,
903 2685 966 2724 eo
994 2667 1159 2724 modo
1201 2685 1312 2742 quo
1353 2667 1541 2724 Filius
1567 2668 1810 2744 Josepki
1834 2668 2085 2742 dicitur,-
2129 2667 2278 2742 Quia
2321 2667 2509 2726 Filius
2537 2667 2580 2726 J
2584 2668 2789 2745 osephi

349 2746 654 2822 aequivoce
677 2755 908 2806 'tantum
951 2754 1194 2805 vocatur
1222 2745 1358 2823 quia
1391 2746 1661 2825 opinione
1690 2747 1932 2807 aliorum
1961 2748 2097 2808 talis
2138 2747 2462 2823 videbatur,
2497 2751 2533 2780 “
2553 2748 2613 2813 A.
2635 2748 2788 2825 ἐνομί-

357 2824 527 2901 <trost
559 2834 624 2886 ut
652 2827 735 2885 ait
763 2827 971 2901 LucaS,
1017 2826 1121 2886 sed
1151 2827 1339 2885 Filius
1370 2827 1618 2887 Davidis
1664 2828 1838 2887 debet
1884 2829 2002 2887 dici
2048 2828 2276 2906 proprie
2324 2837 2383 2887 et
2429 2828 2693 2904 univoce,
2725 2837 2791 2888 ut

261 2958 262 2961 ,
362 2905 464 2981 qui
496 2927 573 2965 ex
604 2906 875 2965 Patribus
904 2915 962 2965 et
990 2927 1064 2965 ex
1094 2907 1311 2966 semine
1343 2907 1589 2965 Davidis
1619 2909 1938 2967 secundum
1967 2926 2195 2967 carnem
2219 2916 2379 2967 ortus
2406 2908 2532 2984 fuit,
2560 2910 2729 2968 Rom.
2749 2909 2788 2967 i.

359 2987 415 3059 3,
451 2993 509 3043 et
536 2985 617 3043 ix.
650 2989 706 3044 5.
793 2989 848 3045 3.
893 2985 1008 3043 Vel
1037 2989 1311 3043 Fructum
1338 2988 1488 3044 uteri
1510 2989 1723 3045 Mariae
1772 2989 1898 3062 dici,
1947 2989 2083 3064 quia
2111 2989 2169 3046 in
2214 3008 2283 3045 ea
2325 2999 2617 3063 conceptus
2650 2990 2786 3064 ficit,

362 3083 475 3121 non
517 3084 591 3122 az·
631 3085 715 3122 -ea
735 3087 759 3136 ;
831 3065 980 3138 Quia
1026 3084 1144 3122 non
1193 3064 1499 3124 denotatur
1546 3074 1771 3124 tantum
1815 3070 1967 3125 locus
2014 3066 2423 3143 conceptionis,
2471 3068 2573 3125 sed
2615 3070 2789 3127 etiam

361 3145 622 3218 materia,
648 3152 711 3202 ut
730 3144 1053 3220 explicatur
1082 3144 1253 3201 Rom.
1279 3143 1315 3201 i.
1347 3147 1401 3217 3,
1435 3143 1568 3202 Gal.
1599 3145 1679 3201 iv.
1710 3148 1765 3220 4,
1791 3165 1971 3221 quum
1983 3149 2179 3220 sactus
2207 3166 2281 3203 ex
2306 3148 2539 3204 muliere
2560 3147 2789 3206 dicitur.

365 3223 488 3282 Nec
528 3223 578 3282 si
625 3222 888 3283 Christus
930 3222 1039 3281 fuit
1083 3222 1368 3281 Dominus
1412 3223 1616 3281 Mariae
1659 3225 1975 3283 secundum
2031 3224 2325 3302 Spiritum,
2371 3225 2631 3301 sequitur
2671 3245 2791 3284 non

364 3303 628 3381 potuisse
657 3324 785 3364 esse
815 3303 1031 3362 Filium
1060 3303 1188 3381 ejus
1217 3302 1532 3361 secundum
1563 3323 1813 3364 carnem.
1897 3309 1954 3364 4.
1998 3304 2114 3364 Vel
2138 3324 2323 3364 semen
2351 3305 2586 3381 intelliqi
2621 3307 2789 3381 spiri-

364 3387 532 3461 tuale,
563 3406 677 3443 non
703 3387 968 3443 naturale
988 3407 1012 3456 ;
1056 3383 1206 3458 Quia
1234 3383 1348 3442 tale
1378 3403 1574 3442 semen
1617 3382 1791 3443 debet
1826 3385 2093 3463 intelligi,
2126 3386 2292 3463 cujus
2321 3385 2380 3443 vi
2410 3406 2486 3444 ex
2518 3386 2789 3446 Patribus

364 3464 503 3524 oriri
530 3464 733 3524 debuit
761 3464 1079 3524 secundum
1110 3483 1356 3540 earnem,
1391 3464 1561 3524 Rom.
1603 3464 1685 3523 ix.
1717 3468 1773 3524 5.

347 3586 406 3632 13.
439 3584 569 3635 Quia
592 3586 750 3630 factus
770 3588 848 3630 est
970 3545 1082 3603 VI.
1126 3545 1361 3620 Terti03
1409 3545 1558 3619 Quia
1605 3546 1894 3624 particeps
1922 3546 2109 3606 factus
2154 3555 2243 3606 est
2283 3547 2485 3607 Carnis
2534 3556 2593 3608 et
2645 3549 2786 3608 San-

419 3648 638 3748 ffii‘t'or‘f‘
694 3646 852 3689 ‘mm‘
887 3624 2791 3786 ffilnsssszsssstsgusst‘iffip‘fffizss3.2⁰3‚‘31fs}3.32·p³32.23guss‡‘&Sa

593 3736 608 3756 '
2650 3755 2665 3787 ν

363 3788 625 3847 innuitur
646 3787 970 3848 necessario
999 3787 1214 3846 veritas
1242 3796 1464 3846 naturae
1492 3787 1776 3862 humanae,
1807 3790 1945 3865 quia
1972 3789 2165 3865 agitur
2191 3789 2263 3847 de
2291 3790 2541 3863 homine,
2572 3790 2644 3848 de
2674 3811 2790 3867 quo

366 3868 522 3927 Psal.
552 3876 809 3943 octavuS,
840 3867 913 3925 de
941 3887 1011 3926 eo
1040 3866 1141 3944 qui
1182 3874 1417 3943 gustare
1460 3866 1663 3927 debuit
1706 3877 1949 3927 mortem
1993 3889 2096 3944 pro
2132 3870 2415 3943 omnibus,
2465 3869 2566 3945 qui
2615 3869 2791 3929 frater

362 3956 575 4021 noster,
615 3956 674 4006 et
716 3947 919 4006 similis
961 3947 1020 4004 in
1050 3948 1315 4005 omnibus
1350 3967 1476 4006 esse
1516 3947 1734 4023 debuit,
1778 3968 1899 4007 ver.
1935 3952 2026 4024 17,
2058 3948 2130 4007 de
2160 3968 2245 4024 eo,
2278 3948 2377 4026 qui
2406 3969 2482 4008 ex
2510 3968 2626 4007 uno
2655 3969 2786 4008 san-

365 4029 541 4107 guine
560 4035 713 4087 esset
728 4028 1046 4103 nobiscum,
1076 4030 1111 4061 ‘⁴
1133 4047 1265 4085 nam
1284 4027 1384 4105 qui
1406 4028 1726 4087 sanctificat
1747 4036 1805 4086 et
1826 4028 1927 4105 qui
1948 4028 2393 4104 sanctificantur,
2419 4049 2492 4087 ex
2516 4048 2631 4087 uno
2653 4039 2790 4089 sunt

362 4109 622 4183 omnes,'’
647 4129 767 4167 ver.
796 4111 888 4184 11,
920 4108 1189 4166 nimirum
1212 4127 1288 4166 ex
1311 4107 1511 4166 eadem
1535 4128 1727 4168 massa
1754 4128 1856 4168 seu
1877 4116 2085 4167 natura
2100 4109 2367 4184 humana,
2386 4128 2567 4186 quam
2594 4118 2784 4186 vocat,

363 4211 483 4250 ver.
521 4192 612 4263 14,
648 4192 684 4222 “
707 4209 938 4248 carnem
980 4197 1040 4247 et
1083 4187 1426 4264 sanguinem
1448 4189 1506 4263 ;''
1551 4197 1617 4248 ut
1658 4188 1919 4266 ejusdem
1947 4196 2169 4247 naturae
2210 4197 2334 4248 erat
2370 4190 2431 4246 in
2459 4189 2595 4247 Vct.
2626 4190 2783 4249 Test.

364 4270 638 4329 Pontifex
667 4269 1032 4329 sanctificans
1061 4268 1335 4346 populum
1385 4288 1515 4327 cum
1557 4269 1789 4346 populo,
1823 4269 1977 4327 Heb.
2034 4289 2092 4327 v.
2129 4272 2180 4345 1,
2212 4268 2309 4328 vel
2355 4268 2622 4346 primitiae
2652 4290 2783 4328 eum

363 4349 603 4426 reliquis
630 4349 932 4410 fructibus.
1017 4348 1214 4426 Atque
1243 4348 1326 4407 ita
1373 4348 1544 4409 docet
1574 4349 1866 4408 Christum
1904 4348 2174 4408 idoneum
2204 4369 2349 4424 esse,
2390 4358 2457 4408 ut
2483 4368 2585 4426 pro
2613 4350 2784 4409 nobis

363 4437 672 4507 pateretur,
702 4439 761 4488 et
802 4429 1070 4506 passione
1113 4449 1219 4488 sua
1259 4448 1366 4487 nos
1410 4428 1794 4489 sanctificaret
1827 4438 1885 4488 et
1926 4429 2249 4505 redimeret,
2279 4438 2346 4489 ut
2374 4428 2526 4488 Goel
2568 4439 2782 4489 noster.

367 4508 668 4582 Quomodo
696 4529 836 4569 vero
863 4509 961 4568 vel
989 4529 1115 4568 esse
1144 4530 1220 4568 ex
1255 4529 1372 4568 uno
1401 4510 1703 4569 nobiscum
1735 4510 2037 4584 diceretur,
2068 4510 2164 4569 vel
2191 4510 2367 4569 frater
2392 4517 2589 4568 noster
2614 4510 2785 4570 nobis

364 4589 429 4647 in
457 4587 725 4648 omnibus
753 4589 958 4648 similis
997 4590 1410 4668 perhiberetur,
1442 4590 1490 4649 si
1532 4599 1796 4650 naturam
1823 4591 2151 4666 humanam,
2183 4611 2286 4650 seu
2313 4610 2545 4650 carnem
2572 4600 2783 4651 nostrae

368 4666 609 4746 ὄμοοῦσιον
629 4688 747 4728 non
772 4668 979 4729 habuit
996 4673 1025 4729 ¹?
1087 4670 1142 4729 N
1144 4690 1211 4730 ec
1232 4669 1425 4730 obstat
1440 4670 1598 4749 quod
1620 4679 1827 4732 natura
1846 4672 1970 4733 haec
1992 4671 2165 4734 etiam
2185 4671 2445 4751 reprobis
2464 4674 2783 4733 communis
