3221 5200
447 349 570 407 266
1274 364 1456 406 Locus
1487 363 1748 404 nncmrs
1777 361 2047 403 ‘rum-1138.
2508 340 2761 423 [Qnaes‘r.
2792 362 2881 404 111.

441 508 715 567 dicuntur
741 513 806 565 ut
837 507 1043 582 Deum,
1076 525 1193 565 non
1228 514 1295 566 ut
1330 506 1639 565 hominem.
1724 506 1796 563 In
1825 504 2092 564 omnibus
2120 501 2340 581 primus
2368 501 2598 578 dicitur,
2628 524 2750 563 ver.
2786 507 2877 580 18,

446 588 745 665 dignitate,
777 607 893 644 non
922 596 1198 664 tempore.
1285 587 1408 645 Nec
1449 588 1622 645 homo
1653 586 1865 645 dicitur
1891 585 1967 643 ad
1995 585 2309 660 imaginem
2342 583 2455 641 Dei
2483 584 2688 660 factus,
2719 586 2877 663 quod

445 668 726 727 formatus
755 667 831 726 sit
857 667 932 726 ad
961 668 1258 745 exemplar
1288 668 1517 742 Christi,
1545 666 1650 725 sed
1689 667 1826 743 quia
1867 673 2095 724 creatus
2144 672 2234 722 est
2277 663 2354 721 ad
2402 664 2714 741 imaginem
2762 666 2879 728 Dei

445 747 828 824 essentialem,
860 768 988 824 quae
1019 747 1078 806 in
1108 747 1390 825 sapientia
1418 756 1475 806 et
1504 747 1809 806 sanctitate
1839 746 2120 821 consistit,
2152 752 2219 803 ut
2249 743 2469 803 Paulus
2497 745 2687 821 docet,
2719 746 2879 823 Eph.

446 829 524 887 iv.
558 834 635 887 24
687 829 809 887 Col.
840 828 921 886 iii.
958 830 1049 887 10.

527 874 654 968 IX?
692 907 877 967 Aliud
921 916 1010 967 est
1051 908 1476 966 matrimonium
1529 906 1746 965 Adami
1794 914 1853 965 et
1903 906 2047 964 Evae
2090 905 2268 964 fuisse
2308 904 2537 981 signum
2567 913 2625 965 et
2665 915 2873 983 typum

443 990 794 1049 matrimonii
837 989 1049 1048 Christi
1101 1009 1230 1047 cnm
1281 987 1546 1048 Ecclesia
1589 1008 1666 1046 ex
1708 987 2025 1046 intentione
2054 1005 2263 1043 arcana
2296 985 2540 1062 Spiritus
2573 986 2653 1061 S.,
2685 987 2873 1048 Aliud.

445 1071 742 1147 cognitum
771 1069 948 1127 fuisse
992 1069 1240 1145 Adamo,
1273 1076 1331 1127 et
1359 1067 1599 1146 proponi
1646 1068 1719 1125 ab
1764 1067 1891 1145 ipso
1915 1075 1980 1126 ut
2027 1065 2369 1124 vaticinium
2412 1065 2549 1125 talis
2591 1067 2868 1143 conjugii.

449 1151 622 1209 Prius
666 1150 852 1223 datur,
903 1169 1019 1207 non
1069 1148 1409 1226 posterius..
1458 1149 1536 1207 Et
1563 1148 1720 1224 quod
1750 1148 2072 1225 Apostolus
2121 1146 2373 1223 applicat
2415 1146 2643 1204 Christo
2688 1148 2871 1206 verba

447 1230 682 1304 Adami,
716 1230 865 1307 Eph.
895 1250 953 1287 v.
986 1233 1080 1304 31,
1129 1231 1261 1288 Non
1291 1228 1550 1307 sequitur
1597 1229 1657 1285 in
1703 1248 1835 1287 eum
1877 1228 2050 1286 finem
2092 1227 2168 1285 ab
2209 1226 2441 1284 Adamo
2469 1226 2694 1303 prolata
2721 1246 2867 1303 esse,

447 1310 552 1370 sed
581 1319 803 1369 tantum
832 1310 1141 1387 allegorice
1170 1320 1404 1387 propter
1431 1309 1868 1369 similitudinem
1896 1309 2004 1367 rite
2032 1327 2201 1385 posse
2232 1326 2301 1365 eo
2328 1306 2545 1365 referri.

529 1391 616 1451 X.
664 1391 727 1449 Si
773 1390 1040 1449 Christus
1090 1390 1476 1448 incarnandus
1523 1409 1641 1448 non
1691 1389 1801 1447 suit
1855 1397 1989 1447 ante
2051 1386 2571 1457 considerationem
2626 1387 2867 1463 peccati,

449 1471 716 1530 Ecclesia
755 1490 873 1529 non
915 1470 1107 1529 futura
1147 1471 1351 1529 suisset
1390 1473 1662 1544 ἀκέφαλος,
1707 1469 1845 1547 quia
1888 1469 2075 1546 Caput
2091 1467 2318 1527 futurus
2343 1466 2549 1526 fuisset
2577 1468 2722 1544 ejuS,
2753 1487 2871 1526 non

443 1571 611 1611 secus
623 1572 691 1610 ac
706 1550 1084 1628 Angelorum,
1099 1571 1218 1610 non
1229 1550 1449 1610 ratione
1461 1551 1854 1625 humanitatis,
1871 1549 1972 1608 sed
1987 1548 2309 1608 divinitatis
2330 1556 2388 1606 et
2406 1547 2713 1607 creationis
2716 1550 2741 1626 j
2748 1568 2868 1608 ure.

524 1631 647 1690 XI.
692 1632 1120 1691 Demonstratio
1149 1632 1361 1691 amoris
1401 1653 1540 1709 erga
1581 1651 1767 1710 genus
1806 1631 2124 1690 humanum
2165 1649 2268 1706 per
2309 1628 2526 1686 Filium
2566 1629 2870 1688 incarnan-

442 1712 818 1790 dumbsque
836 1721 1098 1789 respectu
1118 1712 1355 1790 peccati,
1377 1721 1435 1772 et
1456 1712 1709 1790 expiatio
1728 1719 2093 1788 peccatorum
2112 1730 2215 1787 per
2231 1708 2476 1768 eundem
2490 1708 2867 1784 incarnatum,

441 1814 558 1851 non
587 1801 830 1870 possunt
859 1794 1105 1870 spectari
1131 1802 1197 1852 ut
1237 1793 1384 1852 fines
1425 1792 1801 1867 subordinati,
1834 1811 1965 1850 cum
1994 1790 2130 1850 talis
2159 1788 2556 1849 suber-dinatio
2585 1798 2870 1866 repugnet

445 1874 773 1951 Scripturas,
818 1893 949 1950 quae
990 1893 1108 1932 non
1149 1874 1324 1932 alium
1368 1873 1541 1933 finem
1581 1872 1884 1951 proposuit
1924 1870 2221 1930 missionis
2264 1869 2496 1944 Christi,
2529 1890 2699 1946 quam
2729 1890 2862 1948 pec-

441 1962 700 2013 catorum
731 1954 992 2028 salutem,
1019 1974 1124 2012 nec
1154 1954 1240 2012 sas
1269 1962 1358 2013 est
1383 1953 1617 2031 longius
1645 1952 1949 2031 inquirere,
1981 1959 2207 2010 tacente
2241 1950 2552 2027 Scriptura.

523 2035 679 2093 XII.
727 2035 887 2093 Deus
924 2054 1041 2093 non
1087 2034 1372 2094 subtrahit
1413 2044 1633 2094 naturae
1677 2035 1944 2092 humanae
1987 2032 2047 2090 id
2081 2032 2316 2103 bonum,
2367 2030 2533 2108 cujus
2561 2050 2744 2106 capax
2774 2038 2864 2089 cst

438 2134 543 2192 per
583 2115 958 2192 capacitatem
1002 2115 1340 2190 naturalem,
1366 2135 1498 2192 quae
1538 2135 1614 2174 ex
1655 2115 1838 2191 ipsius
1879 2122 2099 2172 naturae
2120 2110 2420 2189 principiis
2448 2110 2714 2188 exurgit3
2760 2110 2865 2176 sed

439 2203 630 2272 potest
660 2195 995 2255 subtrahere
1018 2195 1167 2253 illud
1194 2195 1362 2270 cujus
1403 2215 1587 2272 capax
1618 2204 1706 2254 cst
1725 2196 1900 2272 juxta
1928 2193 2243 2271 potentiam
2285 2191 2731 2251 obedientialem
2761 2211 2865 2250 seu

438 2295 555 2333 non
584 2275 1022 2353 repugnantiam
1068 2276 1421 2353 suscipiendi
1450 2296 1518 2334 ea
1559 2276 1753 2334 omnia
1792 2295 1923 2352 quae
1967 2275 2128 2333 Deus
2156 2273 2302 2332 vult.
2386 2271 2549 2331 Talis
2578 2281 2666 2331 est
2695 2293 2863 2350 capa·

438 2356 583 2416 citas
611 2357 845 2415 unionis
868 2357 1248 2434 hypostaticae
1277 2356 1337 2414 in
1365 2365 1571 2415 natura
1598 2356 1869 2415 humana.

517 2436 710 2494 XIIL
756 2436 999 2496 Bonitas
1050 2437 1161 2496 Dei
1204 2437 1294 2495 sui
1350 2436 1834 2496 communicativa
1880 2434 2071 2512 potuit
2124 2433 2357 2510 quidem
2407 2453 2537 2492 esse
2579 2432 2863 2493 motivum

436 2516 744 2590 sufficiens,
773 2526 839 2576 ut
882 2518 1044 2576 Deus
1085 2526 1376 2576 creaturas
1404 2516 1762 2594 produceret,
1809 2515 1912 2575 sed
1941 2535 2057 2574 non
2084 2522 2157 2573 ut
2180 2514 2366 2573 Filius
2397 2513 2511 2573 Dei
2537 2513 2862 2573 incarnare-

435 2606 545 2674 tur,
577 2596 735 2675 quod
761 2598 1005 2657 ulterius
1033 2598 1291 2675 respexit
1318 2596 1391 2656 ad
1433 2599 1560 2675 ejus
1600 2595 2094 2657 restaurationem.
2585 2675 2599 2688 ·

437 2715 657 2830 ⁵⁶:32&ss
705 2719 890 2822 {aa
959 2678 2331 2834 ‚2.3}.}X...{5}23{2.}35.¹553223223223?AE
2350 2678 2868 2832 ᾒοέἳὲῗῖῖλξῗ

492 2839 782 2938 Ρθθξὲῐθῡθὲ
812 2836 888 2936 {f
961 2841 1106 2898 tione
1147 2840 1447 2913 hominum,
1491 2840 1705 2897 Filium
1745 2840 1864 2896 Dei
1887 2836 2188 2897 incarnari
2211 2839 2295 2895 ad
2331 2839 2435 2896 hoc
2474 2857 2615 2912 opus
2632 2837 2859 2916 perfici-

493 2908 665 2998 {2311oe
730 2908 889 2996 ⁰1:0¹„ss
958 2923 1162 2979 endum
1183 2943 1202 2978 .·
1271 2923 1323 2978 1.
1357 2919 1486 2978 Non
1516 2920 1793 2997 quaeritur
1821 2918 1892 2977 de
1922 2918 2239 2977 necessitate
2264 2917 2505 2993 simplici
2528 2926 2582 2974 et
2606 2918 2861 2975 absoluta

491 3025 626 3067 num,
693 3025 887 3056 necesse
960 3020 995 3059 a
1032 3010 1195 3078 parte
1242 3000 1392 3077 Dei;
1455 3001 1604 3058 Nam
1634 2999 1918 3078 potuisset
1962 3000 2124 3057 Deus
2167 2997 2218 3056 si
2257 2997 2541 3057 voluisset
2566 2997 2858 3059 hominem

493 3068 888 3176 ffissincssfflff
958 3101 1075 3141 non
1116 3082 1310 3141 minus
1336 3101 1406 3140 ac
1448 3081 1762 3141 Diabolum
1802 3080 1863 3137 in
1892 3079 2072 3138 exitio
2102 3097 2206 3137 suo
2235 3078 2594 3155 relinquere:
2641 3077 2758 3137 Sed
2786 3077 2861 3137 de

954 3163 1303 3240 hypothetica
1322 3187 1347 3236 ;
1389 3161 1489 3221 An
1531 3162 1722 3241 posita
1760 3161 2059 3220 voluntate
2087 3158 2404 3218 redimendi
2447 3158 2728 3233 homines,
2759 3178 2860 3218 ne·-

960 3245 1210 3304 eessaria
1237 3243 1409 3303 fuerit
1440 3244 1787 3319 Incarnatio,
1821 3242 1921 3300 An
1949 3261 2088 3300 vero
2117 3239 2232 3299 alio
2259 3239 2451 3298 medio
2469 3239 2721 3316 potuerit
2748 3239 2859 3301 hoe

524 3378 569 3429 Q
600 3321 794 3423 Stqtus·
957 3324 1124 3383 fieri?
1228 3328 1285 3383 2.
1337 3324 1563 3381 Rursus
1607 3343 1725 3381 non
1781 3318 2058 3399 quaeritur
2106 3319 2178 3379 de
2226 3320 2546 3379 necessitate
2586 3321 2859 3391 Dect-eti,-

572 3392 669 3424 ω’
697 3392 837 3424 ¹⁰⁸⁶·
960 3403 1147 3462 Nemo
1175 3403 1329 3462 enim
1362 3410 1556 3479 negat,
1597 3402 1788 3479 posito
1816 3401 1972 3479 quod
2014 3402 2174 3460 Deus
2218 3401 2328 3459 hoc
2376 3400 2459 3460 ita
2485 3399 2860 3477 decrevisset,

434 3483 760 3544 necessario
804 3482 1074 3542 debuisse
1121 3483 1204 3541 ita
1244 3482 1404 3541 fieri:
1472 3482 1588 3540 Sed
1630 3482 1703 3541 de
1756 3482 2074 3541 necessitate
2114 3484 2376 3555 Naturoe,
2430 3480 2545 3556 An,
2605 3481 2858 3558 seposito

436 3565 687 3637 decret0,
718 3571 777 3621 et
824 3561 1232 3621 antecedenter
1271 3562 1348 3620 ad
1393 3561 1557 3636 illud,
1602 3581 1839 3621 necesse
1867 3561 2041 3622 fuerit
2069 3563 2284 3621 Filium
2330 3561 2441 3620 Dei
2467 3561 2753 3619 incarnari
2781 3561 2856 3620 ad

438 3642 919 3719 Redemptionem
959 3650 1215 3700 nostram
1236 3645 1265 3701 P
1347 3644 1403 3702 3.
1450 3642 1583 3700 Non
1637 3642 1914 3720 quaeritur
1969 3643 2040 3702 de
2088 3642 2407 3702 necessitate
2456 3642 2849 3718 conqruentiae,

436 3724 575 3801 quia
615 3722 867 3782 fatentur
907 3742 1106 3781 omnes
1147 3723 1259 3782 hoc
1285 3722 1538 3783 maxime
1581 3743 1901 3801 congruum
1943 3722 2119 3783 Fuisse
2169 3722 2467 3800 Majestati
2506 3721 2740 3796 divinae,
2783 3741 2856 3780 ne

436 3804 671 3882 impune
712 3803 920 3862 violari
962 3803 1287 3863 dicerentur
1328 3804 1453 3881 ejus
1480 3812 1805 3881 praecepta3
1855 3803 1971 3864 Sed
2014 3804 2085 3862 de
2126 3804 2448 3863 necessitate
2484 3803 2747 3877 Justitiae,
2790 3811 2857 3861 ut

436 3905 553 3944 non
595 3884 768 3978 aliter
805 3885 1053 3964 justitiae
1103 3885 1214 3945 Dei
1264 3884 1529 3944 satisfieri
1558 3894 1618 3945 et
1660 3885 1926 3944 liberatio
1953 3894 2151 3944 nostra
2189 3884 2314 3942 fieri
2355 3884 2623 3961 potuerit,
2684 3882 2855 3961 Quod

434 3986 761 4026 asserimus.

516 4047 663 4106 XV.
711 4048 844 4107 Scio
873 4046 1152 4124 quosdam
1195 4067 1272 4106 ex
1314 4046 1628 4107 Veteribus
1655 4046 1717 4104 in
1757 4046 1872 4105 alia
1899 4044 2076 4107 fuisse
2118 4044 2419 4119 sententia,
2463 4044 2666 4104 modos
2707 4043 2854 4103 alios

435 4127 563 4186 Deo
609 4128 917 4205 possibiles
964 4148 1080 4186 non
1130 4127 1397 4201 defuisse,
1449 4147 1596 4206 quos
1642 4127 1739 4186 hic
1788 4134 2108 4204 sequuntur
2153 4125 2301 4183 varii
2328 4144 2401 4183 ex
2462 4124 2855 4184 Scholasticis.

435 4208 692 4286 August.
721 4210 823 4267 lib.
860 4211 952 4268 13.
999 4208 1071 4267 de
1099 4208 1258 4268 Trin.
1290 4230 1339 4267 c.
1376 4211 1467 4282 10,
1517 4211 1552 4242 “
1574 4208 1748 4266 Alius
1777 4208 1983 4266 modus
2013 4207 2139 4265 Deo
2168 4205 2464 4283 possibilis
2503 4225 2622 4265 non
2647 4204 2850 4281 defuit,

431 4290 598 4366 cujus
624 4289 897 4366 potestati
946 4297 1156 4348 cuncta
1202 4290 1500 4366 aequaliter
1547 4288 1866 4364 subjacent,
1898 4286 2001 4346 sed
2050 4287 2321 4346 sanandae
2366 4294 2578 4347 nostrie
2605 4286 2851 4345 miserim

431 4370 958 4429 convenientiorem
981 4369 1216 4429 modum
1238 4370 1410 4427 aliam
1431 4389 1547 4427 non
1571 4368 1748 4426 fuisse
1767 4387 1873 4426 nec
1893 4386 2020 4426 esse
2042 4368 2317 4446 potuisse,
2344 4364 2452 4425 &a
2478 4368 2534 4442 ;’'
2579 4366 2655 4425 ad
2675 4386 2850 4444 quem

431 4449 527 4507 hic
570 4450 853 4509 accedunt
893 4449 1039 4508 varii
1082 4469 1158 4507 ex
1203 4448 1595 4524 Scholasticis,
1627 4448 1896 4523 Thomas,
1940 4457 2088 4525 part.
2132 4451 2208 4522 3.,
2240 4468 2296 4524 q.
2327 4467 2378 4506 e.
2424 4447 2628 4507 Lomb.
2657 4447 2760 4505 lib.
2792 4450 2849 4505 3.

430 4528 565 4586 dist.
610 4534 667 4587 2.
699 4531 1021 4590 Bonavent.
1052 4529 1114 4587 in
1142 4533 1198 4589 3.
1243 4539 1388 4588 sent.
1421 4530 1571 4588 Dist.
1604 4531 1700 4587 20.
1729 4547 1789 4605 q.
1819 4530 1874 4587 6.
1981 4529 2102 4587 Nec
2145 4528 2354 4586 desunt
2375 4548 2449 4586 ex
2492 4527 2705 4588 nostris
2749 4527 2851 4605 qui

427 4627 498 4666 eo
526 4610 922 4685 propendent3
969 4611 1197 4686 Martyr
1226 4609 1330 4668 Lo.
1376 4630 1462 4669 cO.
1506 4608 1580 4668 cl.
1624 4613 1680 4667 2.
1725 4629 1774 4668 c.
1825 4610 1916 4667 17.
1959 4609 1999 4667 l.
2048 4611 2140 4667 19.
2184 4608 2392 4686 Tylen.
2428 4608 2672 4686 Syntag.
2702 4628 2759 4685 p.
2790 4612 2847 4666 2.

429 4686 502 4746 de
532 4687 721 4747 Incar.
765 4689 1201 4749 Chimedontius
1229 4689 1302 4748 de
1355 4688 1659 4767 Redempt.
1689 4689 1919 4766 generis
1955 4689 2209 4765 humani,
2255 4687 2357 4747 lib.
2387 4688 2426 4746 i.
2456 4709 2509 4747 c.
2538 4692 2615 4766 5.,
2645 4696 2707 4747 et
2731 4708 2854 4766 prae
