3221 5200
495 366 611 424 100
1413 378 1597 421 Locus
1627 377 1988 420 cantemus.
2477 353 2730 437 [qums-r.
2760 375 2911 417 xvn.

491 520 894 602 belligerandi,
924 529 984 582 et
1011 521 1084 582 de
1112 519 1299 580 officio
1326 519 1582 597 militari,
1627 540 1745 580 non
1772 540 1913 579 vero
1953 518 2026 578 de
2068 516 2254 578 officio
2296 516 2733 578 candidatorum
2774 517 2914 577 vitae

496 612 743 664 aeternae.
827 605 978 663 Nam
1006 603 1057 662 si
1083 602 1207 662 vita
1232 602 1499 662 militaris
1529 603 1657 661 Deo
1686 609 1839 660 esset
1866 619 2044 659 exosa
2071 599 2132 656 in
2161 600 2234 657 N.
2265 599 2354 676 T„
2397 599 2441 659 J
2445 600 2702 659 ohannes
2740 618 2909 675 regu-

495 687 612 746 lam
641 684 798 744 illius
825 685 962 744 vitae
989 704 1108 743 non
1133 681 1594 761 praescripsisset,
1640 681 1744 741 sed
1773 681 1981 758 simpli.
2013 680 2172 738 illam
2207 679 2554 754 damnasset,
2586 687 2645 738 et
2671 679 2747 737 ad
2786 699 2912 737 mu-

498 765 739 826 tandum
765 766 902 824 vitae
932 784 1117 843 genus
1163 763 1369 823 fuisset
1408 782 1508 822 eos
1548 763 1831 822 hortatus.
1915 762 2007 819 Ita
2035 761 2402 820 Centurionis
2428 760 2573 818 fides
2601 780 2635 818 a
2664 759 2913 834 Christe,

501 848 672 905 Matt.
701 847 824 905 viii.
859 849 951 922 10,
997 844 1246 904 Cornelii
1268 843 1453 926 pietas
1481 864 1517 902 a
1545 843 1707 901 Luca
1732 841 2093 920 praedicatur,
2125 840 2263 900 Act.
2286 860 2345 898 x.
2381 843 2432 916 1,
2463 848 2522 899 et
2550 840 2771 916 Angeli
2798 848 2914 898 tes-

497 927 739 987 timonio
768 936 1020 1001 ornatur,
1050 945 1158 985 nec
1188 924 1404 983 Paulus
1433 924 1678 984 salutem
1720 931 1780 983 et
1818 921 2272 981 incolumitatem
2314 940 2478 980 suam
2505 921 2740 979 militari
2766 940 2912 998 prse-

498 1008 647 1068 sidio
674 1008 823 1068 tueri
851 1014 1095 1082 recusat,
1126 1004 1262 1064 Act.
1292 1004 1460 1063 xxiii.

782 1153 795 1165 ο
1107 1085 1290 1144 VIII.
1319 1083 1535 1160 Tertio,
1556 1082 1944 1160 Magistratus
1965 1080 2213 1141 officium
2235 1081 2347 1164 hoc
2363 1080 2689 1140 necessario
2707 1079 2914 1158 exigit.

501 1154 548 1200 ³·
567 1153 642 1199 Ex
662 1153 985 1256 &gignatu-
1027 1164 1176 1247 Quia
1203 1165 1290 1223 illi
1318 1164 1489 1225 datus
1517 1171 1608 1223 est
1635 1163 1864 1241 gladius
1895 1163 2178 1222 scelerum
2206 1163 2377 1238 ultor,
2411 1162 2581 1220 Rom.
2611 1161 2735 1219 xiii.
2766 1165 2822 1236 4,
2854 1169 2916 1220 et

818 1242 832 1257 ⁸
1032 1249 1061 1303 1
1097 1246 1224 1305 Pet.
1252 1245 1313 1304 ii.
1348 1249 1441 1303 14.
1526 1244 1612 1303 At
1641 1244 1691 1303 si
1717 1263 1899 1321 parva
1924 1243 2228 1302 latrocinia
2251 1243 2383 1321 jure
2410 1242 2757 1319 plectuntur,
2783 1260 2914 1317 quae

504 1325 565 1382 in
606 1344 822 1402 paucos
864 1334 1222 1400 exercentur,
1268 1333 1485 1402 quanto
1527 1325 1788 1384 severius
1830 1323 2124 1401 punienda
2165 1332 2300 1382 sunt
2339 1342 2553 1399 magna
2593 1330 2652 1381 et
2681 1321 2918 1398 publica

503 1425 703 1464 eorum
731 1405 832 1482 qui
861 1406 1068 1483 Remp.
1097 1413 1326 1464 vastare
1374 1412 1434 1463 et
1469 1404 1737 1481 regiones
1762 1404 2010 1481 praedari
2051 1412 2332 1462 conantur
2350 1406 2380 1461 ⁴?
2462 1402 2611 1476 Quia
2653 1401 2912 1461 subdito·

505 1506 633 1544 rum
662 1484 1054 1544 defensionem
1084 1486 1238 1544 susci
1280 1505 1374 1544 ere
1395 1494 1642 1559 tenetur,
1674 1493 1732 1544 et
1754 1484 2229 1562 tranquillitatem
2260 1503 2328 1541 ac
2350 1483 2593 1541 salutem
2622 1482 2915 1560 publicam

507 1585 730 1642 curare,
759 1565 950 1644 Leges
978 1565 1153 1626 tutari
1258 1585 1462 1624 versus
1492 1572 1879 1640 contumaces,
1911 1573 1971 1624 et
2002 1565 2201 1623 hostes
2242 1572 2471 1641 apertos
2499 1563 2600 1641 qui
2642 1582 2741 1621 eas
2782 1582 2913 1640 pes-

509 1646 757 1706 sundare
787 1655 1077 1726 satagunt,
1108 1666 1238 1723 quae
1268 1645 1392 1705 sine
1415 1646 1577 1723 justo
1606 1645 1763 1704 bello
1793 1644 1919 1702 fieri
1945 1652 2259 1722 nequeunt.

1112 1726 1232 1787 IX.
1278 1726 1512 1802 Quarto,
1555 1725 1950 1803 Apocalypsis
1991 1725 2154 1783 varia
2194 1723 2350 1783 bella
2381 1723 2606 1801 piorum
2649 1721 2711 1780 in
2740 1722 2815 1781 N.
2845 1722 2915 1781 T.

562 1773 607 1818 4.
627 1772 706 1818 E¹
728 1774 837 1833 Apo
839 1774 932 1820 ω’
1028 1806 1204 1867 refert
1232 1815 1291 1866 et
1316 1807 1540 1885 probat,
1570 1826 1702 1884 quae
1731 1805 2106 1883 spiritualiter
2132 1824 2250 1864 non
2278 1824 2405 1863 esse
2446 1811 2670 1862 tantum
2702 1802 2914 1862 intelli·

507 1886 716 1965 genda,
762 1886 866 1947 sed
893 1885 966 1946 de
992 1886 1150 1947 bello
1192 1888 1367 1946 etiam
1407 1895 1667 1960 externo,
1714 1895 1773 1945 et
1808 1906 1948 1945 vera
1990 1885 2290 1962 sanguinis
2332 1884 2627 1959 effusione,
2673 1882 2915 1942 circum-

508 1969 735 2027 stantiae
763 1966 1021 2027 locorum
1064 1968 1205 2027 satis
1234 1968 1527 2027 evincunt.
1609 1967 1733 2025 Nec
1762 1966 1878 2025 dici
1919 1966 2092 2025 debet
2132 1965 2227 2024 hic
2268 1965 2455 2024 notari
2496 1967 2720 2024 taritum
2763 1964 2921 2022 bella

506 2048 828 2108 infidelium
857 2050 1015 2128 Gogi
1043 2056 1100 2107 et
1130 2048 1390 2125 Magogi,
1434 2067 1565 2125 quae
1606 2047 1683 2105 ad
1712 2046 2069 2106 Christianos
2110 2066 2227 2105 non
2270 2052 2567 2123 spectent;
2613 2044 2750 2121 quia
2788 2044 2916 2102 haec

508 2149 635 2188 sese
663 2138 864 2189 mutuo
893 2136 1341 2207 consequuntur,
1371 2147 1507 2187 nam
1538 2127 1588 2186 si
1615 2126 1729 2186 ista
1755 2127 1974 2205 injusta
2002 2133 2139 2185 sunt
2175 2124 2473 2202 offensiva,
2504 2125 2607 2183 illa
2625 2126 2788 2203 justa
2814 2124 2915 2183 de·

508 2209 649 2269 bent
676 2230 803 2270 esse
831 2210 1149 2270 defensiva.

898 2357 910 2369 υ
1113 2289 1199 2349 X.
1244 2289 1460 2349 Contra
1487 2288 1531 2349 J
1534 2308 1602 2348 us
1632 2286 1771 2347 belli
1798 2307 1916 2347 non
1944 2286 2101 2346 valet
2127 2285 2286 2364 quod
2306 2284 2520 2345 dicitur
2546 2284 2618 2344 de
2648 2283 2919 2344 fidelibus

550 2355 730 2401 1³⁰⁰*OE
751 2356 963 2403 3⁰¹¹¹t²⁰'
1033 2369 1108 2429 N.
1137 2369 1206 2429 Τ.
1239 2369 1355 2429 Isa.
1385 2369 1445 2428 ii.
1476 2373 1532 2445 4,
1568 2371 1604 2402 “
1628 2369 1981 2428 Convertent
2009 2366 2236 2444 gladios
2279 2387 2415 2426 suos
2443 2367 2505 2424 in
2532 2385 2813 2441 vomeres,
2858 2373 2922 2424 et

685 2429 817 2461 num.
1031 2445 1262 2508 lanceas
1291 2468 1426 2509 suas
1453 2450 1514 2506 in
1542 2448 1721 2531 falces
1744 2450 1800 2524 ;'’
1845 2456 1904 2507 et
1926 2448 2103 2506 Zach.
2128 2448 2207 2505 ix.
2236 2449 2329 2522 10,
2363 2448 2400 2480 ‘⁴
2423 2446 2672 2504 Messias
2695 2455 2921 2505 evertet

509 2547 711 2587 currus
729 2548 805 2586 ex
818 2528 1115 2606 Ephraim,
1136 2537 1195 2588 et
1211 2549 1422 2608 equum
1440 2528 1512 2586 de
1531 2528 1879 2604 Jerusalem,
1900 2527 2309 2586 exterminabit
2326 2547 2519 2586 arcum
2538 2526 2846 2585 militarem
2861 2527 2919 2602 ;’'

509 2608 646 2684 quia
686 2607 845 2665 aliud
886 2616 976 2667 est
1015 2610 1175 2686 loqui
1204 2609 1276 2668 de
1303 2628 1445 2686 pace
1474 2608 1759 2686 spirituali
1787 2618 1846 2667 et
1873 2609 2099 2667 interna
2129 2608 2320 2686 Regni
2349 2608 2582 2682 Christi,
2613 2626 2742 2684 quae
2784 2627 2915 2685 pro-

510 2686 763 2746 curanda
791 2686 1002 2746 dicitur
1027 2709 1132 2765 per
1160 2689 1437 2747 Messiam
1460 2710 1475 2764 ς
1520 2688 1705 2747 Aliud
1734 2688 1805 2747 de
1832 2708 1974 2765 pace
2016 2688 2250 2767 politica
2279 2695 2338 2747 et
2362 2697 2620 2764 externa,
2666 2708 2794 2764 quse
2822 2687 2920 2747 hic

507 2767 700 2825 locum
730 2786 847 2825 non
873 2768 1065 2844 habet,
1109 2788 1237 2827 cum
1271 2769 1534 2827 Christus
1561 2776 1807 2828 testetur
1850 2771 1887 2801 ‘⁶
1909 2788 1970 2827 se
2012 2789 2130 2827 non
2157 2769 2386 2828 venisse
2427 2769 2654 2828 mittere
2697 2786 2917 2845 pacem,

511 2847 615 2906 sed
632 2846 950 2924 gladium,'’
967 2849 1179 2907 Matth.
1193 2869 1252 2907 x.
1266 2852 1361 2907 34.
1424 2849 1641 2908 Sensus
1663 2849 1903 2907 istorum
1926 2849 2287 2908 oraculorum
2309 2870 2425 2909 non
2447 2850 2594 2908 alius
2616 2855 2719 2922 est,
2741 2866 2917 2923 quam

509 2927 983 3006 propagationem
1027 2929 1217 3007 Regni
1262 2928 1477 2988 Christi
1516 2948 1635 2987 non
1677 2929 2004 2988 carnalibus
2046 2930 2238 3005 armis,
2290 2929 2393 2989 sed
2441 2929 2564 2989 sola
2608 2927 2919 3003 Evangelii

509 3007 917 3086 praedicatione
947 3018 1006 3069 et
1038 3010 1288 3087 Spiritus
1320 3010 1380 3069 S.
1409 3009 1625 3069 virtute
1652 3009 2099 3087 perficiendam3
2145 3010 2248 3069 sed
2290 3010 2425 3069 inde
2468 3007 2664 3067 inferri
2691 3007 2913 3084 nequit,

512 3089 884 3166 Magistratui
911 3111 1033 3150 non
1060 3091 1234 3150 licere
1261 3098 1495 3168 propter
1514 3091 1709 3169 justas
1737 3099 1796 3150 et
1832 3091 2185 3149 necessarias
2215 3110 2420 3150 causas
2446 3089 2665 3149 bellum
2694 3108 2915 3165 gerere,

509 3171 647 3249 quia
676 3171 1063 3250 Evangelium
1097 3192 1214 3231 non
1241 3173 1434 3231 abolet
1460 3171 1711 3250 politias,
1743 3190 1850 3230 nec
1880 3171 2309 3248 Magistratum.

592 3252 712 3310 XI.
758 3252 1036 3327 Quamvis
1065 3273 1222 3311 arma
1251 3253 1685 3329 Apostolorum,
1716 3252 1928 3328 quibus
1968 3261 2169 3311 contra
2206 3252 2495 3326 Satanam,
2538 3248 2816 3309 mundum
2861 3256 2924 3308 et

507 3351 739 3390 carnem
766 3352 1026 3410 pugnare
1054 3332 1359 3407 debebant,
1392 3333 1713 3408 spiritualia
1741 3340 1799 3390 et
1827 3352 1943 3390 non
1972 3331 2224 3390 carnalia
2250 3330 2531 3405 dicantur,
2557 3334 2592 3389 2
2625 3330 2754 3388 Cor.
2778 3350 2837 3387 x.
2858 3333 2916 3405 4,

512 3412 649 3487 quia
664 3412 814 3485 jussi
837 3421 999 3470 erant
1019 3432 1136 3470 non
1157 3412 1217 3469 vi
1241 3420 1497 3486 externa,
1523 3411 1628 3470 sed
1646 3412 1769 3469 solo
1788 3412 1971 3470 Verbi
1992 3411 2279 3488 praeconio
2306 3410 2585 3469 mundum
2609 3410 2919 3486 debellare,

514 3489 726 3547 Matth.
746 3491 953 3548 xxviii.
971 3494 1062 3565 19,
1093 3499 1152 3549 et
1177 3490 1435 3549 fidelium
1464 3510 1625 3548 arma
1652 3510 1769 3548 non
1798 3492 1911 3549 alia
1940 3491 2071 3567 sint,
2093 3512 2265 3569 quam
2292 3511 2493 3568 preces
2521 3499 2580 3550 et
2605 3491 2920 3567 lachrymae

511 3570 573 3626 in
594 3569 750 3626 bello
772 3569 1056 3646 spirituali
1079 3592 1094 3646 3
1127 3570 1273 3628 Inde
1301 3588 1418 3628 non
1436 3571 1697 3646 sequitur
1714 3571 2086 3648 Magistratui
2114 3592 2231 3631 non
2252 3580 2574 3649 competere
2604 3572 2647 3631 J
2650 3591 2720 3630 us
2739 3569 2921 3647 gladii

512 3658 571 3707 et
613 3668 901 3707 armorum
943 3650 1356 3727 corporalium3
1400 3658 1466 3710 ut
1507 3651 1661 3708 enim
1702 3651 1932 3710 vocatio
1962 3652 2378 3730 Apostolorum
2416 3661 2474 3711 et
2500 3651 2759 3710 fidelium
2800 3670 2920 3708 non

511 3729 667 3789 tollit
708 3728 957 3790 officium
1001 3731 1398 3807 MagistratuS,
1459 3730 1543 3790 sic
1596 3750 1756 3790 arma
1798 3732 2119 3809 spiritualia
2161 3733 2373 3810 quibus
2413 3732 2616 3792 fideles
2655 3737 2924 3809 pugnant

510 3831 628 3870 non
657 3810 869 3870 tollunt
896 3811 1229 3889 corporalia,
1259 3811 1470 3889 quibus
1507 3811 1690 3871 utitur
1718 3812 2114 3889 Magistratus.

594 3892 750 3951 XII.
793 3891 979 3952 Aliud
1005 3901 1095 3951 est
1120 3891 1370 3951 officium
1398 3891 1688 3969 privatum
1710 3892 1984 3967 fidelium,
2009 3892 2168 3952 aliud
2187 3893 2484 3970 publicum
2505 3891 2919 3969 Magistratus;

509 3973 713 4032 fideles
740 3973 954 4034 debent
980 3972 1165 4051 parati
1192 3992 1317 4032 esse
1347 3971 1422 4031 ad
1448 3974 1742 4050 proprium
1772 3972 2110 4050 sanguinem
2139 3973 2497 4032 fundendum
2523 3972 2717 4050 potius
2744 3989 2918 4048 quam

512 4055 782 4128 alienum,
812 4054 950 4130 quia
975 4054 1117 4131 ipsis
1151 4053 1252 4130 jus
1281 4052 1464 4131 gladii
1505 4062 1563 4112 et
1589 4053 1732 4112 belli
1772 4072 1890 4112 non
1918 4061 2007 4111 est
2048 4074 2423 4130 concessum;
2470 4053 2574 4111 sed
2616 4052 2731 4110 alia
2770 4051 2918 4109 ratio

510 4143 601 4194 est
628 4135 801 4194 officii
829 4134 1226 4212 Magistratus,
1258 4153 1430 4211 quem
1459 4153 1590 4192 cum
1627 4133 1788 4192 Deus
1816 4134 2126 4193 armaverit
2154 4133 2230 4192 ad
2268 4134 2551 4192 malorum
2581 4132 2918 4206 vindictam,

511 4224 570 4274 et
597 4214 990 4275 defensionem
1021 4215 1185 4293 Reip.
1218 4223 1277 4273 et
1307 4213 1603 4290 Ecclesiae,
1649 4213 1824 4272 etiam
1851 4213 2007 4272 bella
2034 4233 2235 4291 gerere
2276 4212 2602 4273 necessaria
2628 4212 2741 4290 ipsi
2782 4230 2918 4270 con-

507 4295 701 4356 cessit.

594 4376 784 4435 XIII.
830 4375 972 4451 Quae
1013 4374 1367 4453 objiciuntur
1394 4394 1468 4433 ex
1498 4374 1646 4433 Mat.
1665 4393 1723 4431 v.
1749 4375 1845 4450 39,
1862 4370 1991 4451 ἀι,
2023 4382 2082 4433 et
2110 4374 2396 4433 similibus
2436 4372 2599 4450 locis,
2643 4391 2758 4429 non
2787 4390 2918 4448 pro-

511 4454 654 4512 bant
681 4474 849 4514 omne
877 4456 1093 4514 bellum
1125 4455 1462 4532 simpliciter
1489 4473 1615 4512 esse
1644 4453 1929 4513 illicitum.
2021 4457 2072 4512 1.
2118 4454 2266 4529 Quia
2305 4454 2454 4512 nihil
2480 4453 2564 4512 ibi
2589 4451 2923 4530 praecipitur

511 4533 668 4607 novi,
700 4534 857 4610 quod
898 4555 1014 4594 non
1054 4536 1238 4612 possit
1280 4534 1506 4593 ostendi
1548 4533 1882 4592 mandatum
1909 4533 1971 4591 in
1999 4535 2135 4593 Vet.
2166 4535 2556 4609 Testament0‚
2600 4532 2699 4592 ubi
2726 4541 2921 4589 tamen

511 4613 729 4672 bellum
758 4615 1124 4692 approbatur.
1208 4619 1264 4674 2.
1310 4615 1451 4689 Quoe
1480 4613 1563 4672 ibi
1589 4614 1878 4689 dicuntur,
1910 4612 2181 4673 dicuntur
2217 4615 2478 4692 privatis,
2522 4621 2809 4691 quatenus
2837 4610 2921 4668 af-

511 4693 758 4755 fectibus
784 4702 844 4755 et
868 4695 1397 4774 perturbationibus
1424 4694 1547 4754 suis
1572 4714 1808 4774 quoquo
1837 4694 2008 4754 modo
2036 4694 2359 4773 indulgent,
2398 4714 2517 4754 non
2542 4693 2791 4773 publicae
2819 4710 2920 4750 au·
