3221 5200
291 370 515 419 QUAEs'r.
549 352 707 433 xu1.]
996 373 1072 411 us
1100 373 1332 415 omnmo
1359 375 1592 415 cuius‘ri
1623 375 2010 415 nsnm'roruo,
2587 363 2704 419 397

292 512 653 587 immutabili,
686 513 778 571 cui
810 513 1071 573 Christus
1099 514 1377 591 derogare
1399 536 1514 573 non
1543 517 1747 594 potuit,
1779 517 1915 594 quia
1936 536 2052 573 non
2082 516 2242 574 venit
2262 515 2337 574 ad
2361 516 2704 576 abolendam

296 592 532 667 Legem,
566 592 668 651 sed
697 592 771 650 ad
813 593 1178 670 implendam,
1234 596 1443 655 Matth.
1472 616 1529 655 v.
1577 601 1669 671 17,
1718 605 1776 655 et
1807 597 1974 654 Rom.
2005 596 2086 654 iii.
2118 599 2212 670 31,
2247 597 2349 654 sed
2377 606 2600 656 tantum
2644 600 2704 656 in

292 671 482 745 mod0‚
535 672 670 747 quia
698 672 854 749 quod
903 694 937 730 a
964 674 1131 732 nobis
1160 674 1493 750 debebatur,
1541 685 1599 735 et
1647 677 1991 753 exigebatur
2038 676 2144 733 sub
2176 676 2334 752 Lege
2376 697 2480 753 per
2508 678 2705 736 obedi-

293 751 506 809 entiam
535 753 839 829 propriam,
872 752 931 809 id
961 774 995 811 a
1025 755 1252 813 Christo
1295 756 1550 832 exigitur
1578 777 1679 833 per
1706 756 2092 815 obedientiam
2115 756 2378 814 alienam.

902 833 1088 891 XXI.
1134 834 1365 910 Quinto,
1412 835 1560 909 Quia
1605 836 1934 895 Satisfactio
1978 835 2190 894 Christi
2224 835 2283 892 in
2312 836 2439 912 ejus
2475 836 2707 914 justitia

818 913 1130 988 quaerenda
1179 922 1283 989 est,
1332 924 1397 973 ut
1435 924 1592 991 patet
1628 937 1703 974 ex
1749 916 1916 974 Rom.
1955 916 1991 973 i.
2042 919 2132 990 17,
2179 924 2236 973 et
2279 915 2358 973 iii.
2403 919 2499 990 21,
2545 925 2603 975 et
2643 938 2702 975 v.

821 994 911 1066 18,
946 993 1097 1051 Phil.
1129 994 1207 1051 iii.
1240 996 1295 1069 9,
1340 995 1488 1052 Dan.
1521 996 1599 1052 ix.
1633 998 1729 1053 24.
1838 994 2009 1053 Unde
2057 994 2397 1071 justificatio
2454 996 2702 1071 imputa-

292 1069 447 1128 tione
468 1071 712 1149 justitiae
742 1070 1100 1145 describitur,
1126 1073 1293 1132 Rom.
1318 1075 1396 1132 iv.
1463 1074 1547 1133 At
1575 1076 1618 1133 J
1622 1075 1821 1133 ustitia
1850 1074 2064 1133 Christi
2093 1095 2208 1132 non
2236 1074 2294 1131 in
2315 1074 2698 1152 passionibus,

292 1150 394 1208 sed
423 1150 481 1207 in
510 1151 833 1209 actionibus
863 1153 1142 1228 consistit,
1175 1174 1280 1212 nec
1309 1154 1595 1231 patiend0‚
1631 1153 1733 1212 sed
1760 1153 2022 1212 faciendo
2044 1154 2329 1230 justitiam
2356 1155 2533 1231 Legis
2555 1156 2702 1213 obti-

290 1248 510 1305 nemus,
565 1249 680 1306 quo
729 1231 900 1288 modo
947 1233 1239 1309 peccando
1288 1234 1587 1311 injustitiae
1637 1242 1857 1292 reatum
1907 1234 2313 1307 contrahimus,
2362 1255 2478 1311 quo
2529 1255 2704 1294 sensu

294 1309 556 1368 Christus
585 1319 831 1368 testatur
859 1312 969 1370 sibi
997 1314 1339 1388 implendam
1368 1334 1480 1372 esse
1509 1334 1724 1372 omnem
1737 1314 2036 1390 justitiam,
2071 1313 2278 1373 Matth.
2311 1313 2390 1371 iii.
2427 1317 2517 1389 15,
2551 1316 2703 1373 scili·

291 1397 382 1447 cet
411 1388 673 1448 faciendo
702 1392 893 1466 quoad
922 1412 1120 1451 omnes
1153 1403 1345 1469 partes
1374 1395 1732 1453 voluntatem
1775 1394 1964 1452 Patris
1994 1393 2100 1451 sui.
2189 1394 2265 1451 Et
2297 1394 2512 1452 Paulus
2541 1394 2700 1471 dicit,

291 1471 327 1501 ‘⁴
359 1469 649 1527 Christum
695 1468 907 1529 factum
938 1491 1063 1530 esse
1092 1483 1392 1549 peccatum
1438 1494 1541 1551 pro
1587 1475 1772 1549 nobis,
1817 1482 1882 1532 nt
1920 1474 2186 1532 fieremus
2224 1474 2453 1550 justitia
2494 1474 2602 1533 Dei
2642 1476 2702 1532 in

291 1548 475 1624 ips0‚¹¹
526 1555 558 1604 2
606 1550 734 1607 Cor.
785 1570 842 1608 v.
895 1556 989 1627 21,
1037 1552 1115 1611 id.
1161 1561 1225 1611 ut
1269 1554 1753 1630 quemadmodum
1792 1562 2043 1631 peccata,
2095 1553 2305 1629 quibus
2353 1554 2702 1614 violavimus

290 1628 525 1705 Legem,
573 1629 801 1687 Christo
843 1632 1234 1709 imputantur;
1295 1635 1388 1692 Ita
1415 1635 1670 1693 actiones
1697 1635 1959 1713 justitiae,
2006 1633 2217 1709 quibus
2246 1652 2372 1690 eam
2400 1654 2504 1709 pro
2533 1634 2702 1693 nobis

291 1706 569 1785 implevit,
614 1709 781 1767 nobis
809 1711 1177 1788 imputentur.

892 1791 1114 1850 XXII.
1163 1792 1359 1867 SextO,
1408 1794 1491 1852 Ut
1534 1794 1797 1852 Christus
1825 1813 1940 1850 non
1967 1790 2271 1871 μιμίςισταιι,
2309 1794 2336 1847 1
2372 1791 2499 1849 Cor.
2530 1791 2569 1848 i.
2606 1794 2697 1866 13,

287 1864 361 1937 ⁶2
415 1866 541 1917 “2¹¹¹“
589 1868 772 1937 christi
815 1871 909 1929 Ita
936 1891 1042 1929 nec
1065 1872 1294 1948 justitia
1322 1873 1448 1948 ejus
1477 1873 1662 1930 dividi
1691 1872 1879 1943 debet,
1912 1872 2014 1930 sed
2044 1871 2306 1950 ὅλέκληςος
2349 1878 2406 1928 et
2450 1869 2702 1929 indivisa

342 1927 542 2028 ζῗέξέζίζ
573 1940 670 1971 ⁰⁰¹¹
703 1928 773 1970 ‘¹¹‘
814 1950 982 2007 nobis
1011 1951 1354 2027 applicanda
1382 1959 1487 2009 est.
1574 1951 1786 2028 Agnus
1831 1951 2127 2009 Paschalis
2164 1959 2320 2008 totus
2349 1949 2700 2008 manducan-

807 2030 915 2087 dus
960 2029 1103 2089 fuit:
1151 2030 1412 2089 Christus
1468 2031 1683 2107 pariter
1716 2039 1872 2090 totus
1916 2051 1950 2088 a
1994 2030 2162 2088 nobis
2206 2029 2567 2106 recipiendus
2609 2038 2699 2088 est

288 2129 417 2167 cum
447 2108 517 2167 iis
545 2129 674 2185 quae
702 2108 839 2168 fecit
867 2117 925 2168 et
951 2129 1156 2186 passus
1184 2118 1288 2168 est.
1394 2110 1562 2185 Quod
1592 2110 1731 2169 facit
1757 2111 1832 2168 ad
1859 2110 2135 2186 majorem
2179 2109 2392 2167 Christi
2434 2108 2696 2185 gloriam,

287 2197 344 2247 et
372 2189 693 2248 uberiorem
721 2198 973 2247 nostram
1005 2190 1472 2263 consolationem,
1512 2210 1686 2266 quam
1713 2210 1831 2247 non
1859 2208 2060 2266 parum
2089 2188 2398 2246 obscurant
2426 2197 2483 2245 et
2512 2189 2696 2247 minu·

287 2278 407 2344 unt,
434 2270 534 2344 qui
560 2278 781 2346 partem
808 2268 1238 2345 perfectissimae
1266 2269 1435 2327 istius
1452 2270 1697 2345 justitiae
1727 2277 1784 2327 et
1812 2268 2154 2327 obedientiae
2184 2268 2255 2325 de
2285 2267 2487 2326 salutis
2515 2268 2699 2345 pretio

287 2348 611 2424 detrahunt,
659 2357 830 2426 atque
860 2348 942 2406 ita
969 2349 1222 2406 tunicam
1253 2348 1380 2426 ejus
1408 2348 1812 2408 inconsutilem
1841 2348 2111 2406 lacerant.

891 2428 1151 2485 XXIII.
1201 2428 1263 2486 Si
1306 2428 1573 2505 sanguini
1603 2437 1661 2487 et
1689 2428 1859 2486 morti
1903 2426 2117 2486 Christi
2157 2426 2430 2485 tribuitur
2457 2426 2612 2485 salus
2642 2436 2700 2486 et

342 2494 738 2598 Ἑοῖξθζωέοω·
814 2507 1133 2584 redemptIO
1181 2517 1394 2583 nostra,
1446 2508 1555 2566 hoc
1602 2529 1719 2567 non
1753 2508 1818 2567 fit
1860 2507 2155 2566 exclusive
2198 2507 2273 2565 ad
2315 2506 2698 2565 obedientiam

468 2570 495 2598 ⁰
621 2587 633 2599 '
815 2587 969 2664 vitae,
994 2588 1130 2665 quia
1151 2589 1414 2666 nuspiam
1435 2589 1723 2649 restrictio
1745 2588 2066 2667 apponitur,
2091 2588 2206 2646 imo
2228 2586 2383 2663 alibi,
2408 2595 2472 2645 ut
2490 2586 2697 2663 visum,

285 2668 361 2726 ad
388 2677 568 2728 totam
597 2668 982 2728 obedientiam
1013 2678 1070 2727 et
1091 2669 1378 2747 justitiam
1402 2670 1615 2729 Christi
1646 2670 2004 2745 extenditur;
2055 2668 2171 2728 Sed
2199 2689 2300 2746 per
2327 2670 2700 2744 synecdochen

281 2747 722 2825 intelligendum
752 2759 855 2824 est,
901 2771 1015 2827 qua
1043 2750 1192 2827 parti
1220 2750 1428 2827 potiori
1456 2751 1729 2810 tribuitur
1755 2750 1910 2827 quod
1940 2758 2030 2809 est
2055 2749 2250 2823 totius,
2296 2748 2432 2824 quia
2459 2748 2698 2807 ultimus

283 2826 392 2884 fuit
420 2830 827 2888 exinanitionis
857 2830 1087 2907 gradus,
1134 2850 1345 2889 corona
1373 2839 1430 2889 et
1459 2833 1939 2908 complementum
1970 2828 2328 2902 obedientiae,
2370 2848 2498 2905 quae
2528 2838 2694 2887 caete-

284 2924 377 2961 ras
406 2925 603 2964 omnes
632 2916 822 2984 partes
852 2910 1138 2986 supponit,
1183 2910 1401 2987 absque
1430 2930 1546 2986 qua
1587 2920 1809 2969 caeterae
1851 2910 2094 2969 fuissent
2136 2909 2407 2984 inutiles;
2452 2909 2697 2967 Justitia

286 2983 440 3040 enim
482 2985 641 3042 nulla
681 2995 932 3045 meretur
971 2988 1083 3045 nisi
1118 2988 1192 3045 ad
1224 2989 1491 3046 ultimum
1531 3009 1714 3065 usque
1756 2990 1999 3048 halitum
2043 2996 2286 3061 servata,
2332 3007 2439 3046 nec
2482 2989 2693 3046 solutio

282 3062 536 3139 perfecta
564 3083 688 3122 esse
717 3072 923 3140 potest,
967 3067 1079 3123 nisi
1109 3076 1397 3142 expuncto
1427 3068 1826 3144 chirographo.

366 3142 615 3201 XXIV.
689 3142 967 3217 Quamvis
1011 3144 1332 3220 Apostolus
1373 3146 1695 3203 remissioni
1738 3153 2119 3221 peccatorum,
2163 3164 2292 3220 quae
2326 3163 2360 3199 a
2395 3144 2694 3220 sanguinis

281 3221 504 3280 fusione
547 3221 690 3297 fluit,
736 3222 951 3281 tribuat
989 3223 1423 3298 beatitudinem,
1470 3225 1639 3282 Rom.
1670 3224 1748 3282 iv.
1781 3227 1834 3298 6,
1868 3228 1901 3280 7
1925 3246 1939 3298 ;
2036 3224 2168 3280 Non
2197 3222 2455 3298 sequitur
2482 3223 2540 3279 in
2571 3224 2695 3280 sola

281 3303 548 3379 passione
578 3302 745 3361 sitam
776 3322 901 3361 esse
933 3303 1220 3380 justitiam
1249 3311 1520 3378 nostram,
1552 3311 1610 3361 et
1638 3311 1818 3361 totam
1847 3311 1906 3360 et
1933 3303 2215 3378 integram
2246 3299 2693 3359 satisfactionem

284 3383 516 3441 Christi.
642 3382 788 3457 Quia
834 3383 1049 3442 Paulus
1091 3402 1207 3441 non
1250 3392 1686 3460 argumentatur
1726 3384 1799 3441 ab
1843 3381 2286 3459 aequipollentia,
2331 3382 2497 3457 quasi
2540 3381 2693 3440 idem

282 3471 435 3521 esset
456 3462 743 3540 justitiam
771 3464 1071 3540 imputare,
1102 3472 1160 3522 et
1187 3472 1423 3540 peccata
1450 3464 1738 3522 remittere
1760 3486 1774 3540 ;
1810 3463 1913 3522 sed
1941 3463 2014 3521 ab
2041 3462 2371 3539 ἇλληλουχιξι
2398 3469 2456 3520 et
2482 3462 2692 3520 indivi-

283 3542 397 3600 duo
438 3543 692 3621 ipsorum
731 3543 1137 3602 beneficiorum
1166 3543 1227 3601 in
1257 3542 1501 3601 Foedere
1532 3543 1749 3602 Gratiae
1777 3564 1950 3618 nexu,
1981 3563 2085 3620 per
2105 3563 2275 3620 quem
2296 3543 2363 3601 fit
2383 3550 2448 3600 ut
2476 3543 2692 3601 nemini

280 3623 645 3682 remittantur
685 3632 937 3701 peccata,
982 3624 1123 3701 quin
1165 3631 1549 3701 consequatur
1590 3624 1785 3682 statim
1821 3624 1922 3702 jus
1950 3622 2024 3681 ad
2051 3623 2248 3699 vitam,
2281 3631 2338 3682 et
2364 3623 2549 3681 haeres
2589 3622 2692 3681 fiat

281 3702 445 3778 regni
487 3704 779 3761 coelorum.
867 3703 1167 3778 Quomodo
1208 3703 1348 3761 alibi
1391 3703 1609 3762 Paulus
1637 3723 1889 3762 amorem
1917 3704 2182 3781 proximi,
2214 3713 2272 3762 et
2299 3703 2690 3780 impletionem

284 3780 459 3856 Legis
488 3783 699 3860 accipit
725 3803 830 3860 pro
858 3784 1078 3859 eodem,
1125 3784 1256 3843 Gal.
1287 3804 1345 3841 v.
1381 3786 1473 3859 14,
1504 3783 1642 3860 quia
1667 3784 1778 3842 hac
1804 3792 1965 3861 parte
1994 3784 2183 3860 posita
2210 3783 2338 3841 aliae
2365 3782 2689 3841 necessario

281 3879 342 3918 se
385 3869 618 3919 uuntur.

346 3879 577 4000 (ΞίΧν.
624 3941 789 4001 Licet
829 3942 1157 4001 obedientia
1194 3951 1435 4019 utraque
1466 3943 1698 4019 Christi,
1743 3951 1861 4001 tam
1889 3942 2026 4001 vitae
2069 3962 2240 4019 quam
2270 3940 2489 4013 mortis,
2521 3939 2694 3997 fuerit

278 4019 532 4097 perfecta
553 4020 613 4078 in
636 4040 740 4080 suo
770 4040 996 4098 genere,
1026 4031 1231 4080 neutra
1258 4030 1450 4081 tamen
1479 4023 1738 4081 sufficere
1767 4023 1955 4100 potuit
1977 4022 2100 4080 sola
2121 4021 2195 4079 ad
2224 4019 2690 4094 satisfactionem,

277 4120 405 4176 quoe
434 4100 762 4177 requirebat
790 4109 847 4159 et
876 4101 1334 4161 observationem
1363 4102 1780 4177 mandatorum,
1827 4110 1886 4161 et
1922 4121 2220 4179 poenarum
2248 4099 2690 4177 perpessionem,

280 4200 394 4254 qua
423 4181 686 4240 liberatio
716 4201 749 4237 a
777 4189 976 4255 morte,
1014 4190 1072 4240 et
1104 4184 1205 4259 jus
1233 4182 1307 4240 ad
1336 4182 1517 4240 vitam
1545 4183 1714 4241 nobis
1745 4182 2169 4259 acquireretur:
2243 4179 2434 4240 Unius
2461 4178 2689 4256 positio,

280 4259 513 4318 alterius
542 4281 656 4319 non
688 4269 776 4320 est
804 4262 1080 4336 exclusi0,
1127 4261 1229 4320 sed
1257 4262 1520 4321 inclusio,

360 4339 609 4400 XXVI.
656 4341 824 4416 Quod
852 4342 982 4418 quis
1010 4362 1114 4420 pro
1144 4362 1204 4400 se
1234 4341 1423 4417 debet,
1469 4363 1585 4401 non
1614 4351 1805 4420 potest
1832 4362 1936 4419 pro
1966 4341 2079 4399 alio
2110 4341 2352 4413 solvere,
2385 4339 2435 4397 si
2464 4338 2540 4397 sit
2567 4359 2693 4416 per-

283 4435 423 4473 sona
463 4420 722 4494 privata:
791 4421 906 4480 Sed
934 4422 1079 4479 nihil
1108 4421 1300 4482 obstat
1328 4423 1377 4481 si
1407 4422 1483 4481 sit
1508 4443 1756 4500 persona
1783 4421 2031 4499 publica,
2076 4442 2205 4499 quae
2235 4428 2294 4479 et
2322 4439 2443 4494 su0,
2476 4427 2535 4477 et
2563 4438 2693 4476 suo-

279 4515 404 4552 rum
448 4499 675 4559 nomine
718 4510 1000 4578 operetur.
1114 4502 1342 4561 Deinde
1385 4502 1485 4579 qui
1528 4503 1706 4561 solvit
1748 4502 1906 4579 quod
1948 4502 2070 4578 ipse
2113 4501 2302 4575 debet,
2347 4519 2462 4557 non
2503 4506 2697 4575 potest

281 4575 609 4636 satisfacere
640 4600 707 4638 eo
736 4581 863 4658 ipso
892 4603 996 4659 pro
1028 4581 1176 4657 aliis,
1209 4582 1322 4641 nisi
1351 4602 1413 4641 se
1442 4582 1763 4641 debitorem
1791 4602 1896 4660 pro
1924 4581 2042 4640 illis
2071 4581 2287 4655 fecerit,
2319 4600 2450 4637 nam
2482 4578 2590 4636 etsi
2620 4578 2697 4637 sit

278 4654 520 4732 debitor,
551 4664 743 4718 tamen
764 4662 902 4738 quia
929 4683 991 4721 se
1019 4661 1156 4721 fecit
1184 4663 1335 4722 ultro
1364 4661 1701 4739 debitorem,
1732 4669 1798 4723 ut
1825 4663 2068 4722 alterum
2096 4661 2320 4738 liberet,
2351 4660 2490 4719 dum
2519 4658 2696 4719 solvit

290 895 336 939 5.
354 897 431 941 Ex
448 898 587 942 Rom.
602 897 631 941 i.
645 897 778 949 17‚et

352 956 419 1000 iii.
434 955 507 1009 21,
529 963 580 1001 et
603 971 645 1000 v.
664 956 734 1002 18.
