3221 5200
290 398 512 447 oux-er.
542 376 665 459 n1.]
1357 397 1435 437 nn
1465 398 1618 438 anon
1649 398 1767 438 nm.
2599 375 2707 439 ,23

373 538 590 598 XVII.
619 537 819 597 Verba
846 536 1078 613 Christi,
1112 539 1281 598 Matt.
1304 558 1363 598 v.
1388 541 1484 615 39,
1508 530 1705 614 4o,‘de
1732 538 2066 598 obvertenda
2087 535 2328 595 maxilla
2350 532 2699 610 percutienti,

291 628 348 677 et
364 620 724 695 relinquendo
743 618 930 695 pallio
947 620 1177 695 petenti,
1201 639 1320 677 non
1341 628 1458 677 tam
1477 620 1716 695 positive
1737 616 2116 694 intelligenda
2137 622 2289 690 sunt,
2313 613 2478 691 quasi
2499 632 2703 672 revera

293 698 648 757 obvertenda
693 707 848 757 esset
893 698 1152 775 maxilla,
1196 708 1256 758 et
1300 698 1542 776 pallium
1584 698 2009 772 dimittendum,
2100 695 2220 755 uod
2280 715 2388 754 nec
2436 693 2700 753 Christus

290 779 433 856 ipse,
452 799 559 837 nec
582 778 800 837 Paulus
821 778 1203 838 observarunt
1229 779 1505 856 percussi,
1523 799 1701 856 quam
1727 780 1996 855 neqative,
2028 776 2048 834 i
2092 821 2106 836 .
2132 776 2205 835 de
2232 795 2350 834 non
2378 773 2700 832 resistendo

289 868 349 917 et
377 857 727 916 vindicando
757 857 947 934 seipso
976 858 1304 917 resistentia
1330 859 1573 936 privata,
1599 858 1942 933 inordinata,
1968 865 2027 916 et
2054 875 2172 915 non
2199 852 2551 930 necessaria;
2582 872 2700 912 non

289 939 600 1014 liter-aliter,
631 947 685 996 et
707 941 848 996 κατὰ
874 943 930 996 τὶ
954 943 1099 1018 fulv,
1132 939 1493 1018 sedfiyurate
1520 949 1574 997 et
1598 939 1943 1014 hfferbolice
1968 940 2108 995 κατὰ
2134 941 2190 995 τὶ
2220 940 2385 1010 νοητὴ,
2417 935 2490 992 de
2519 933 2701 992 altera

288 1019 480 1095 potius
508 1017 747 1076 ferenda
773 1018 1001 1096 injuria,
1024 1038 1198 1096 quam
1225 1019 1402 1097 priori
1430 1018 1797 1078 ulciscenda:
1837 1018 1921 1078 Ut
1946 1018 2041 1075 hic
2062 1015 2413 1076 attendenda
2441 1014 2556 1072 sint
2583 1030 2699 1071 non

286 1097 467 1156 verba
502 1098 646 1175 ipsa,
679 1098 783 1156 sed
811 1118 1017 1159 sensus
1043 1108 1100 1158 et
1129 1118 1355 1176 scopus,
1394 1119 1512 1158 non
1541 1098 1764 1176 species
1801 1097 2089 1175 praecepti,
2122 1097 2224 1155 sed
2264 1114 2450 1172 genus
2478 1097 2588 1174 ng}
2613 1099 2698 1159 ἅς

289 1183 527 1253 enm-35
555 1187 615 1236 et
650 1180 999 1251 ἆηξηιικίιςε
1042 1179 1291 1238 Vetatur
1327 1199 1467 1255 ergo
1508 1179 1604 1238 hic
1645 1179 1955 1237 resistentia
1995 1176 2301 1253 cuhpabt‘lth,
2346 1194 2476 1252 quae
2516 1176 2584 1233 fit
2625 1194 2699 1231 ex

288 1258 564 1332 vindicta,
595 1258 700 1316 sed
725 1278 844 1318 non
872 1259 1131 1335 leyitimoe
1157 1259 1488 1333 dffenst'om‘s
1514 1268 1574 1319 et
1600 1259 1910 1335 inculpatae
1938 1258 2153 1317 tutelae.

369 1338 622 1396 XVIII.
655 1338 920 1398 Christus
937 1358 1054 1397 non
1081 1339 1334 1398 correxit
1361 1339 1722 1415 Praeceptum
1753 1338 2060 1415 septimum
2088 1336 2161 1395 de
2189 1334 2489 1409 adulteri0,
2522 1353 2700 1412 quum

284 1417 432 1477 illud
459 1417 724 1477 extendit
750 1417 826 1476 ad
847 1418 1219 1496 cupiditatem
1240 1428 1299 1477 et
1326 1426 1624 1496 aspectum
1644 1418 1920 1493 mulieris,
1954 1418 2123 1476 Matt.
2146 1436 2205 1475 v,
2235 1418 2332 1490 28,
2364 1415 2468 1475 sed
2495 1433 2699 1473 verum

285 1516 517 1556 sensum
540 1498 718 1575 Legis
738 1498 939 1575 aperit,
963 1517 1094 1575 quae
1109 1508 1176 1558 ut
1196 1497 1528 1575 spiritualis,
1551 1518 1669 1557 non
1690 1507 1963 1557 externos
1984 1504 2207 1557 tantum
2229 1504 2421 1555 motus
2433 1493 2697 1569 attendit,

286 1577 392 1636 sed
419 1587 477 1637 et
502 1578 777 1653 internos,
796 1588 863 1637 ut
888 1587 1236 1656 praeceptum
1264 1578 1530 1638 ultimum
1560 1578 1634 1637 de
1663 1577 2126 1655 concupiscentia
2161 1576 2271 1635 hoc
2299 1575 2532 1649 evincit,
2562 1594 2697 1633 con-

285 1665 376 1794 }ra
404 1658 744 1733 PharisaeoS,
775 1658 878 1735 qui
907 1659 1125 1736 Legem
1169 1659 1344 1718 istam
1385 1658 1814 1736 restringebant
1858 1657 1936 1717 ad
1961 1658 2151 1718 solum
2177 1664 2369 1716 actum
2397 1663 2700 1714 externum

311 1737 702 1797 emicationis.

366 1817 556 1875 XIX.
602 1818 963 1895 Praeceptum
993 1816 1206 1877 Christi
1227 1818 1301 1878 de
1326 1838 1440 1879 non
1467 1818 1797 1878 dimittenda
1842 1838 2025 1877 uxore
2067 1825 2237 1875 extra
2279 1833 2509 1874 eausam
2536 1816 2701 1872 adul-

283 1897 415 1955 terii
431 1898 705 1956 convenit
732 1917 862 1955 cum
895 1898 1053 1974 Lege
1076 1899 1278 1974 Mosis,
1314 1899 1548 1959 Denter.
1578 1899 1743 1959 xxiv.
1779 1902 1833 1959 1.
1860 1899 1963 1957 ubi
1989 1896 2216 1973 ἄσχημον
2242 1900 2470 1989 πςέγμι
2487 1894 2701 1972 optime

285 1985 477 2053 potest
503 1996 573 2036 eo
599 1977 816 2052 referri,
847 1987 907 2036 et
954 1997 1086 2036 cum
1131 1978 1492 2038 institutione
1536 1979 1722 2056 prima
1769 1998 1941 2056 quam
1969 1977 2144 2037 refert
2173 1976 2454 2051 Christus,
2487 1974 2697 2033 Μιλτὼ.

285 2057 410 2115 xix.
439 2060 498 2131 4,
519 2060 576 2115 5.
662 2057 785 2115 Nec
812 2057 993 2116 verba
1019 2057 1092 2116 de
1118 2057 1317 2117 libello
1345 2059 1570 2136 repudii
1592 2079 1723 2136 quae
1751 2058 2075 2117 referuntur
2101 2076 2137 2114 a
2166 2056 2413 2129 Christo,
2444 2053 2697 2112 referun-

285 2144 381 2194 tur
407 2156 474 2195 eo
506 2156 698 2212 sensu,
727 2157 843 2214 quo
870 2137 1230 2197 habebantur
1256 2139 1316 2197 in
1347 2139 1524 2216 Lege,
1557 2138 1661 2198 sed
1689 2157 1804 2215 quo
1832 2137 2269 2215 exponebantur
2297 2154 2333 2192 a
2362 2132 2699 2192 Pharisaeisx

286 2215 437 2273 Nam
484 2217 763 2275 Pharisaei
788 2217 1174 2294 loquebantur
1199 2219 1522 2295 categorice
1548 2227 1608 2277 et
1652 2217 2009 2295 imperative,
2039 2217 2181 2275 Δᾶτω
2207 2217 2341 2295 αὐτῇ·
2377 2214 2699 2287 ὁποι-πέπον,

286 2295 393 2353 sed
428 2296 609 2355 verba
652 2296 837 2355 Mosis
885 2306 1021 2356 sunt
1066 2298 1459 2374 hypothetica,
1493 2298 1731 2356 Denter.
1760 2296 1926 2354 xxiv.
1959 2299 2014 2357 1.
2100 2300 2138 2331 ‘⁶
2170 2296 2234 2354 Si
2278 2295 2408 2371 quis
2438 2313 2696 2370 uxorem,

290 2371 423 2448 &c.,
454 2375 746 2452 dimiserit,
777 2384 838 2435 et
862 2376 1124 2436 libellum
1152 2376 1523 2436 discessionis
1563 2377 1619 2435 ei
1647 2376 1996 2453 scripserit.”
2080 2381 2137 2436 2.
2182 2375 2381 2433 Moses
2408 2374 2584 2433 habet
2610 2392 2702 2432 re·

285 2454 640 2513 strictionem
668 2456 728 2513 in
769 2456 1147 2533 permissione
1181 2456 1424 2534 repudii,
1455 2458 1521 2515 ob
1548 2456 1966 2533 turpimdinem,
1994 2473 2087 2512 *aa
2112 2479 2247 2530 mas,
2290 2453 2395 2513 sed
2424 2452 2702 2512 Pharisaei

283 2534 411 2593 sine
439 2535 561 2593 ulla
587 2535 945 2613 limitatione,
978 2539 1015 2571 ‘⁴
1034 2536 1309 2615 Quisquis
1336 2536 1620 2596 dimiserit
1646 2555 1903 2611 uxorem,
1936 2535 2035 2593 det
2056 2533 2111 2590 ei
2130 2530 2392 2594 libellum
2413 2532 2699 2613 repudii,”

282 2612 2702 2773 ἓΐὶεῗῗίἶίἒᾱὲΧἓῗέἐὲᾼᾬῖΐὲῗίἓῑῖΞὛηῗὲῗτίἓζῗἿᾷηὲἐέἓῗῗὲἓζὶ

285 2775 486 2834 libello
541 2796 636 2835 res
691 2797 825 2836 suas
878 2776 992 2836 sibi
1045 2777 1257 2836 habere
1312 2785 1373 2837 et
1411 2798 1504 2837 res
1545 2797 1683 2837 suas
1724 2776 1837 2836 sibi
1878 2796 2051 2854 agere
2105 2774 2340 2852 juberet
2379 2774 2699 2833 mulierem.

283 2858 341 2914 3.
386 2856 697 2933 Perperam
745 2857 920 2915 etiam
965 2856 1146 2915 verba
1195 2857 1379 2917 Mosis
1427 2857 1733 2917 trahebant
1782 2856 2060 2916 Harisaei
2100 2854 2176 2912 ad
2231 2854 2705 2932 approbationem
2815 2893 2822 2901 -

284 2935 537 3011 divortii,
568 2956 703 2994 cum
730 2945 883 2996 esset
909 2944 1135 2995 tantum
1157 2938 1458 2996 tolerantia
1484 2945 1543 2998 et
1559 2937 1875 3015 permissio,
1900 2956 2029 3014 quae
2051 2954 2167 2993 non
2195 2934 2342 2994 illud
2362 2932 2705 2993 instituebat

287 3035 391 3091 per
421 3036 499 3090 se,
526 3016 631 3074 sed
648 3016 882 3074 modum
898 3023 1125 3075 tantum
1144 3017 1229 3074 ini
1244 3017 1498 3095 ponebat
1524 3037 1628 3093 per
1654 3015 1924 3076 accidens
1949 3021 2183 3092 propter
2210 3013 2481 3072 duritiem
2510 3012 2701 3072 cordis

289 3094 647 3169 Judaeomm,
693 3096 863 3154 Matt.
894 3096 1017 3154 xix.
1048 3100 1102 3170 7,
1134 3099 1190 3155 8.
1277 3095 1449 3157 Unde
1492 3096 1757 3155 Christus
1783 3096 1914 3154 loco
1939 3102 2027 3153 τοῦ
2053 3094 2328 3166 inv-ublato,
2360 3112 2476 3169 quo
2499 3091 2700 3150 Phari-

291 3174 392 3231 saei
436 3175 526 3232 usi
571 3174 815 3250 fuerant,
846 3174 1011 3234 addit
1039 3176 1278 3234 verbum
1317 3174 1585 3255 ἔι-ίτςιψυ,
1624 3175 1900 3251 permisit,
1946 3194 2063 3231 non
2111 3172 2269 3247 quod
2295 3171 2518 3229 licitum
2547 3178 2702 3228 esset

290 3254 698 3328 dttvperasatione
724 3255 947 3330 morali,
978 3255 1135 3332 quod
1162 3255 1394 3314 demum
1421 3255 1539 3314 tale
1566 3261 1691 3313 erat
1701 3253 1929 3328 forensi
1952 3260 2007 3310 et
2030 3250 2193 3324 civili,
2223 3257 2324 3307 aut
2349 3250 2703 3307 relaxatione

285 3334 447 3406 iuris,
476 3332 638 3410 quod
665 3333 896 3394 demum
923 3336 1278 3394 relaaeatione
1298 3354 1481 3411 poenoe
1495 3358 1521 3407 ;
1562 3339 1666 3392 aut
1704 3330 1897 3409 quoad
1922 3329 2344 3390 immunitatem
2372 3347 2408 3386 a
2434 3328 2606 3406 culpa
2644 3328 2707 3385 in

347 3434 412 3471 ro
438 3413 667 3473 interno
693 3414 1078 3491 conscientiae,
1108 3414 1267 3492 quod
1292 3414 1523 3474 demum
1552 3413 1807 3473 immune
1836 3431 1872 3471 a
1895 3430 2069 3490 poena
2094 3410 2156 3468 in
2183 3408 2308 3467 foro
2335 3406 2496 3468 civili
2522 3415 2583 3467 et
2602 3426 2702 3466 ex·

348 3513 476 3551 rno.

365 3573 526 3631 XX.
559 3573 918 3650 Praeceptum
935 3573 1261 3633 dilectionis
1277 3573 1527 3650 proximi
1553 3592 1672 3632 non
1698 3577 1891 3649 potest
1919 3569 2035 3629 dici
2062 3576 2382 3629 correctum
2409 3586 2446 3625 a
2473 3567 2705 3627 Christo

283 3652 508 3711 ratione
538 3654 745 3728 objecti,
767 3653 933 3730 quasi
961 3652 1255 3730 objectum
1283 3653 1609 3712 dilectionis
1637 3652 1810 3711 fuerit
1836 3650 2142 3727 angustius
2170 3648 2278 3708 sub
2306 3648 2384 3707 V.
2414 3648 2501 3722 Τ.,
2532 3646 2700 3705 nimi-

282 3751 413 3789 rum
432 3733 755 3807 proximus,
805 3732 907 3809 qui
950 3732 1208 3808 ejusdem
1257 3731 1490 3790 foederis
1533 3740 1594 3790 et
1636 3730 1936 3808 religionis
1976 3735 2163 3804 esset3
2210 3728 2284 3785 In
2323 3745 2478 3786 novo
2506 3733 2700 3789 autem

285 3811 482 3886 latius,
526 3811 685 3888 quod
711 3811 1058 3871 extendatur
1104 3811 1180 3869 ad
1223 3831 1423 3870 omnes
1450 3812 1714 3870 homines
1740 3811 1803 3868 in
1828 3809 2180 3881 universum,
2204 3807 2378 3865 etiam
2405 3805 2706 3863 inimicos:

286 3891 439 3948 Nam
486 3891 641 3950 idem
691 3899 785 3950 est
823 3890 1129 3967 utrobique
1177 3890 1504 3950 dilectionis
1547 3890 1899 3962 mandatum,
1939 3888 2095 3946 idem
2142 3885 2451 3962 objectum,
2502 3883 2704 3941 eadem

284 3970 489 4044 forma,
518 3980 579 4029 et
605 3971 761 4029 idem
788 3970 938 4045 finis,
987 3971 1188 4029 eadem
1238 3970 1490 4044 dilectio,
1523 3974 1661 4029 'tam
1704 3969 1979 4027 extensive
2025 3965 2246 4025 ratione
2274 3963 2478 4038 objecti,
2529 3977 2705 4037 quam

281 4050 549 4108 batensive
573 4051 796 4109 ratione
822 4051 980 4108 modi
1016 4069 1121 4108 seu
1158 4050 1390 4126 gradus.
1476 4050 1590 4107 Per
1616 4049 1954 4106 Proximum
1980 4047 2148 4123 cujus
2176 4042 2543 4101 dilectionem
2574 4039 2703 4098 Lex

280 4129 626 4205 praescribit,
656 4150 773 4188 non
801 4129 1148 4206 intelligitur
1173 4137 1399 4190 tantum
1446 4128 1490 4189 J
1492 4128 1695 4188 udaeus
1740 4136 1798 4186 et
1825 4124 2136 4203 popularis,
2180 4122 2283 4182 sed
2309 4120 2504 4197 quivis
2531 4118 2705 4176 etiam

283 4209 647 4286 peregrinus,
698 4209 814 4267 imo
858 4217 919 4268 et
957 4208 1243 4283 inimicus,
1274 4228 1391 4285 quo
1418 4228 1593 4268 sensu
1620 4207 1884 4283 AEqyptii
1906 4212 2189 4264 vocantur
2204 4199 2479 4278 proximi,
2511 4196 2703 4257 Exod.

283 4288 368 4345 xi.
412 4293 469 4364 2,
523 4298 583 4347 et
632 4289 916 4362 ΡΙιίἰιὶςίωί,
964 4288 1109 4347 Jud.
1151 4289 1275 4348 xiv.
1306 4291 1403 4348 20.
1492 4288 1588 4347 Sic
1641 4286 1829 4345 Levit.
1879 4285 2005 4343 xix.
2040 4285 2132 4357 18,
2176 4278 2427 4358 proximi
2473 4277 2705 4336 nomine

294 4367 472 4425 etiam
502 4376 771 4427 censetur
796 4367 1080 4443 inimicus,
1124 4387 1304 4445 quum
1332 4366 1578 4426 edicitur
1621 4368 1658 4401 ‘⁴
1685 4386 1758 4425 ne
1785 4365 2150 4435 ulsiscantur,
2181 4359 2280 4422 vel
2306 4359 2448 4416 iram
2478 4365 2711 4416 servent

280 4446 343 4504 in
371 4447 623 4524 ipsum,''
655 4455 715 4507 et
743 4446 980 4506 Prover.
1008 4467 1153 4507 xxV.
1184 4451 1279 4522 21,
1312 4452 1408 4522 22,
1447 4447 1618 4523 jubet
1651 4446 1923 4505 Salomon
1968 4445 2003 4475 ‘⁴
2033 4439 2330 4498 inimicum
2357 4437 2705 4496 esurientem

283 4526 496 4601 cibare,
531 4528 819 4586 sitientem
847 4528 1105 4604 potare,’'
1136 4527 1404 4605 exemplo
1435 4526 1650 4600 Elisoei,
1675 4531 1711 4584 2
1738 4526 1886 4600 Reg.
1915 4521 1995 4580 vi.
2018 4524 2116 4578 22.
2162 4519 2289 4576 Imo
2319 4518 2509 4576 Exod.
2539 4515 2707 4574 xxiii.

286 4609 346 4680 4,
378 4610 434 4681 5,
482 4607 648 4666 Deus
680 4607 853 4684 jubet
889 4615 958 4665 ut
989 4607 1318 4683 jumentum
1360 4607 1570 4665 inimici
1604 4607 1957 4674 sublevemus,
1990 4609 2043 4659 et
2066 4601 2400 4658 reducamus
2441 4599 2499 4656 in
2537 4597 2705 4654 viam.

291 4685 563 4764 Denique
592 4686 645 4745 is
671 4684 973 4765 proximus
1001 4685 1415 4764 intelligendus
1442 4693 1644 4744 contra
1670 4702 1840 4761 quem
1871 4681 2079 4741 falsum
2109 4678 2498 4740 testimonium
2517 4674 2707 4732 dicere
