3221 5200
302 402 530 452 eumer.
564 382 701 465 χιι]
1195 398 1274 439 ns
1302 399 1556 440 mosen
1586 399 1845 442 enarra.
2607 383 2725 440 235

308 543 601 603 nationem
629 543 775 620 ejus,
806 541 947 602 Joh.
976 540 1078 600 vii.
1117 543 1213 616 22,
1246 544 1342 617 23,
1369 542 1544 601 Deut.
1575 543 1698 601 xvi.
1727 545 1778 617 1,
1822 546 1879 618 2,
1912 538 2041 615 &c.,
2072 540 2231 617 quod
2258 540 2382 601 fieri
2412 561 2530 600 non
2559 550 2726 618 potu·

310 624 468 701 isset,
502 623 551 682 si
578 623 783 682 fuisset
811 621 1044 681 tertium
1073 621 1261 679 foedus
1288 642 1506 680 novum
1548 631 1672 681 tota
1715 623 1904 700 specie
1932 642 1968 679 a
2009 620 2224 679 foedere
2261 623 2462 698 gratiae
2492 622 2729 681 distinc-

311 712 454 763 tum.
526 703 864 762 Absurdum
894 702 1106 779 quippe
1134 710 1224 760 est
1260 701 1472 761 addere
1505 702 1878 761 Sacramenta
1905 700 2138 759 foederis
2168 701 2368 778 gratiae
2418 701 2583 760 alteri
2613 702 2731 761 cui-

312 785 467 862 piam
496 782 717 859 foederi,
750 782 874 842 sive
903 782 1129 840 dicatur
1155 800 1408 858 operum,
1443 783 1567 840 sive
1597 782 1986 841 subserviens,

311 902 358 949 6.
400 904 483 948 Ab
562 902 795 955 absurd0;
919 861 1135 955 XVII.
1181 865 1236 920 6.
1286 861 1350 920 Si
1393 862 1612 920 Foedus
1659 861 2002 920 Sinai'ticum
2041 859 2151 920 fuit
2184 880 2324 954 pure
2369 860 2732 954 Legale,·se·

366 962 810 1089 emese.
840 941 2066 1098 affirmafregisses
2089 940 2737 1096 fffissssfssfflzzkfflsssz

373 1077 633 1122 rahammo.
848 1101 973 1159 dari
1000 1101 1165 1159 alteri
1195 1099 1414 1177 foederi,
1448 1102 1497 1160 si
1524 1101 1685 1178 prius
1723 1100 1869 1158 illud
1909 1120 2134 1175 semper
2162 1100 2435 1158 stetisset.
2501 1099 2586 1158 At
2607 1109 2735 1157 tan-

315 1184 440 1236 tum
469 1178 650 1254 abest,
681 1189 747 1239 ut
774 1181 1143 1258 derogaverit
1183 1180 1385 1239 foederi
1413 1182 1606 1258 priori,
1639 1189 1705 1239 ιιι
1731 1181 1926 1257 potius
1963 1180 2039 1238 ad
2076 1181 2206 1257 ejus
2245 1179 2737 1252 confirmationem

317 1256 534 1316 factum
564 1259 655 1332 sit,
686 1261 839 1320 unde
869 1261 1207 1338 Apostolus,
1252 1261 1384 1320 Gal.
1416 1261 1496 1319 iii.
1542 1265 1635 1337 17,
1668 1259 1921 1320 ostendit
1960 1260 2178 1336 Legem
2229 1260 2422 1317 datam
2467 1259 2738 1337 quadrin-

319 1338 513 1415 gentis
560 1348 618 1396 et
646 1339 885 1416 triginta
912 1341 1079 1399 annis
1108 1350 1239 1418 post
1266 1341 1705 1418 promissionem
1734 1340 1928 1399 datam
1958 1339 2313 1414 Abrahamo,
2346 1359 2461 1397 non
2482 1340 2741 1416 potuisse

322 1417 484 1475 illam
513 1418 731 1476 irritam
761 1421 1018 1496 reddere,
1056 1430 1114 1479 et
1155 1420 1411 1479 additam
1458 1429 1682 1480 tantum
1732 1419 1908 1479 fuisse
1952 1429 2187 1497 propter
2235 1420 2737 1496 transgressiones,

320 1497 505 1556 donec
533 1498 759 1558 veniret
791 1501 1016 1575 Semen,
1049 1500 1143 1559 cui
1170 1501 1453 1578 promisso
1475 1500 1627 1561 facta
1654 1500 1856 1576 fuerat,
1881 1520 1939 1558 v,
1975 1503 2066 1574 19,
2098 1499 2257 1576 quod
2284 1499 2500 1559 evincit
2523 1499 2742 1576 Legem

323 1578 661 1637 amandasse
703 1580 778 1637 ad
809 1580 1117 1655 Christum,
1151 1590 1425 1658 tanquam
1453 1580 1626 1640 finem
1655 1601 1826 1658 quem
1856 1580 2217 1657 respiciebat,
2244 1580 2293 1637 si
2322 1598 2437 1636 non
2464 1599 2567 1656 per
2596 1600 2655 1638 se
2685 1589 2744 1639 et

325 1667 529 1716 natura
556 1678 675 1733 sua,
701 1661 904 1720 saltem
927 1661 986 1718 in
1008 1661 1323 1720 intentione
1354 1670 1412 1720 et
1439 1661 1681 1720 consilio
1705 1660 2100 1737 Legislatoris.
2188 1660 2395 1718 Dicere
2425 1658 2612 1717 foedus
2634 1660 2744 1718 hoc

328 1737 702 1797 subserviisse
730 1740 932 1799 foederi
963 1741 1180 1818 gratiae,
1214 1750 1303 1799 est
1331 1760 1532 1799 revera
1560 1741 1751 1800 dicere
1779 1760 1897 1799 non
1936 1739 2112 1798 fuisse
2148 1739 2352 1812 foedus,
2386 1737 2488 1796 sed
2517 1747 2741 1798 tantum

326 1816 849 1894 dispensationem:
893 1841 1027 1878 nam
1056 1820 1245 1878 foedus
1281 1821 1510 1898 proprie
1538 1821 1757 1879 dictum
1805 1820 1983 1878 habet
2023 1819 2144 1877 vim
2190 1818 2487 1894 obligandi
2535 1839 2640 1896 per
2683 1839 2743 1878 se

323 1907 516 1974 partes
557 1901 976 1975 contrahentes,
1007 1920 1115 1958 nec
1152 1901 1267 1958 alio
1309 1900 1594 1976 dirigitur.
1683 1900 1745 1958 Si
1788 1919 1927 1976 ergo
1956 1899 2069 1957 alio
2108 1898 2450 1976 respiciebat
2488 1899 2600 1957 ista
2627 1898 2743 1958 dis-

322 1977 600 2054 pensati0‚
632 1989 697 2038 ιιι
736 2000 937 2039 revera
978 1980 1251 2057 respexit,
1284 1989 1687 2058 argumentum
1717 1987 1806 2039 est
1845 1998 1962 2036 non
2005 1977 2181 2037 fuisse
2224 1977 2412 2036 foedus
2451 1977 2745 2037 diversum

327 2057 532 2133 specie,
567 2058 669 2116 sed
712 2068 935 2119 tantum
977 2060 1214 2119 modum
1253 2060 1588 2119 oeconomiae
1629 2060 1941 2135 diversum,
1974 2058 2235 2137 tempori,
2271 2058 2418 2134 loc0,
2463 2067 2522 2117 et
2570 2060 2747 2119 statui

327 2156 701 2214 personarum
728 2139 1242 2199 accommodatum.

933 2220 1185 2278 XVIII.
1229 2221 1438 2277 Foedus
1475 2221 1799 2278 Mosa'icum
1835 2225 2027 2296 potest
2062 2216 2325 2274 bifariam
2356 2219 2619 2294 spectari,
2651 2220 2746 2278 vel

852 2299 1168 2358 secundum
1190 2299 1565 2357 intentionem
1589 2308 1649 2357 et
1670 2318 1905 2375 scopum
1931 2298 2044 2355 Dei
2073 2306 2132 2355 et
2152 2296 2211 2353 in
2234 2297 2433 2355 ordine
2456 2297 2528 2355 ad
2553 2298 2746 2358 Chris·

848 2388 989 2454 tum,
1022 2380 1117 2437 vel
1147 2378 1384 2438 seorsim
1414 2389 1473 2438 et
1505 2379 1793 2437 abstracte
1823 2378 1896 2434 ab
1934 2377 2035 2435 illo
2062 2399 2075 2436 :
2119 2377 2420 2453 posteriori
2447 2377 2620 2436 modo
2658 2399 2745 2437 ren

331 2454 499 2514 aliter
525 2458 902 2534 distinguitur
935 2479 970 2516 a
1010 2459 1223 2518 foedere
1266 2460 1484 2536 gratiae,
1517 2459 1654 2535 quia
1683 2457 1956 2516 coincidit
1988 2476 2120 2515 cum
2161 2456 2375 2515 foedere
2406 2477 2658 2534 operum,
2690 2468 2750 2518 et

332 2555 400 2594 eo
429 2556 602 2597 sensu
630 2549 872 2598 vocatur
902 2539 1070 2598 litera
1111 2539 1379 2598 occidens
1408 2549 1466 2599 et
1509 2538 1892 2596 ministerium
1932 2536 2443 2614 condemnationis,
2469 2558 2645 2615 quum
2676 2537 2749 2597 de

333 2617 459 2693 ejus
506 2628 711 2678 natura
749 2621 959 2697 agitur,
1001 2626 1036 2679 2
1075 2621 1203 2680 Cor.
1244 2620 1323 2679 iii.
1356 2625 1409 2696 6,
1454 2624 1508 2679 7.
1598 2620 1713 2678 Sed
1735 2639 2033 2696 perperam
2078 2617 2174 2677 hic
2212 2618 2580 2694 abstrahitur,
2612 2620 2750 2697 quia

331 2698 810 2758 considerandum
851 2721 1076 2779 semper
1103 2710 1191 2759 est
1219 2721 1349 2760 cum
1390 2701 1708 2760 intentione
1741 2699 1868 2774 Dei,
1913 2719 2042 2776 quae
2071 2698 2197 2773 fuit,
2228 2718 2345 2757 non
2371 2708 2437 2757 ut
2465 2699 2644 2758 vitam
2674 2720 2749 2759 ex

334 2776 494 2852 Lege
541 2779 752 2839 habeat
779 2781 969 2855 homo,
1001 2781 1095 2840 vel
1124 2789 1190 2840 ut
1225 2791 1493 2859 peccator
1526 2779 1864 2857 simpliciter
1896 2778 2215 2853 damnetur,
2248 2778 2351 2837 sed
2379 2789 2444 2838 ut
2472 2800 2547 2838 ex
2585 2780 2748 2857 agni-

332 2855 488 2913 tione
518 2859 760 2917 miseriae
791 2880 909 2918 suae
931 2870 989 2919 et
1016 2861 1259 2937 propriae
1289 2861 1701 2919 imbecillitatis
1731 2858 2028 2936 confugiat
2055 2859 2129 2915 ad
2159 2859 2469 2917 Christum.

418 2935 607 2995 XIX.
654 2937 817 2996 Licet
849 2939 1065 2996 Foedus
1098 2940 1439 2997 Sinaiticum
1484 2949 1543 2997 et
1585 2939 1802 3013 Legale
1848 2946 2171 3013 opponatur
2218 2938 2372 3013 apud
2426 2940 2550 2997 Jer.
2582 2941 2750 2999 xxxi.

339 3012 573 3070 Foederi
600 3034 754 3072 novo
778 3039 792 3090 ;
837 3036 952 3073 non
980 3036 1213 3074 necesse
1243 3026 1331 3074 est
1359 3026 1424 3074 ut
1461 3017 1747 3093 oppositio
1790 3016 1890 3072 illa
1920 3017 1995 3073 sit
2021 3015 2214 3090 quoad
2243 3018 2585 3092 essentiam3
2635 3019 2752 3076 Sed

337 3099 529 3166 potest
570 3112 696 3151 esse
740 3094 931 3170 quoad
973 3095 1308 3169 accidentia,
1341 3095 1465 3151 sive
1510 3094 1901 3151 diversitatem
1949 3093 2299 3166 oeconomiae,
2332 3102 2397 3150 ut
2425 3094 2596 3151 homo
2642 3097 2755 3154 sibi

339 3171 663 3246 opponitur,
715 3182 781 3231 ut
830 3180 989 3229 stans
1038 3181 1096 3231 et
1143 3173 1366 3230 sedens.
1452 3172 1574 3229 Nec
1619 3172 1667 3228 si
1714 3171 1976 3228 remissio
2025 3170 2378 3246 promittitur
2426 3171 2533 3227 sub
2583 3172 2752 3232 Novo

342 3250 606 3325 Foedere,
638 3252 899 3328 sequitur
940 3252 1047 3309 sub
1076 3251 1277 3310 Veteri
1308 3251 1510 3309 Patres
1554 3270 1623 3308 ea
1651 3248 1919 3323 caruisse,
1964 3269 2081 3306 non
2121 3248 2325 3324 magis,
2357 3268 2529 3324 quam
2572 3270 2646 3307 ex
2685 3272 2753 3311 eo

337 3329 496 3407 quod
537 3332 696 3389 Deus
741 3332 1061 3409 pollicetur,
1095 3351 1157 3389 se
1203 3331 1391 3389 Deum
1427 3329 1681 3388 futurum
1726 3328 1985 3386 fidelium
2025 3328 2132 3387 sub
2157 3329 2325 3387 Novo
2361 3329 2748 3410 Testamento,

339 3420 531 3487 potest
557 3411 817 3489 legitime
856 3412 1053 3489 colligi
1089 3431 1207 3469 non
1235 3411 1412 3469 fuisse
1445 3411 1634 3469 Deum
1665 3410 1940 3485 Patrum;
1986 3409 2112 3467 istae
2142 3409 2292 3466 enim
2343 3409 2753 3487 promissiones

338 3510 456 3549 non
487 3500 621 3551 sunt
648 3493 911 3551 absolute
941 3501 999 3550 et
1033 3491 1369 3569 simpliciter
1396 3489 1821 3566 intelligendae3
1867 3489 1971 3549 sed
2000 3489 2315 3549 secundum
2343 3489 2485 3568 quid
2514 3499 2572 3549 et
2601 3512 2753 3550 com-

338 3579 535 3647 parate
565 3573 784 3632 ratione
808 3573 1044 3649 majoris
1072 3571 1350 3630 claritatis
1378 3580 1437 3629 et
1465 3570 1749 3629 efficaciae.
1837 3570 2061 3630 Deinde
2091 3570 2142 3629 si
2176 3571 2459 3648 oppositio
2490 3572 2757 3649 specifica

338 3660 593 3727 urgetur,
615 3662 752 3711 tunc
775 3662 1067 3729 spectatur
1088 3651 1324 3725 Foedus,
1348 3651 1546 3709 nonin
1569 3661 1692 3710 tota
1713 3670 1817 3710 sua
1834 3651 2166 3727 latitudine3
2199 3650 2301 3709 sed
2319 3661 2542 3710 tantum
2565 3654 2757 3729 quoad

340 3729 506 3807 σχίσιν
536 3732 827 3809 Legalem,
859 3743 918 3792 et
945 3733 1416 3791 contradistincte
1445 3731 1518 3789 ad
1549 3731 1969 3809 Evangelium3
2001 3740 2067 3790 ut
2095 3731 2430 3808 designetur
2457 3732 2598 3809 quid
2628 3732 2755 3792 Lex
2811 3742 2820 3753 ’

342 3812 525 3888 possit
546 3814 641 3870 vel
670 3832 786 3870 non
813 3812 998 3889 possit
1023 3813 1259 3890 praecise
1290 3821 1348 3870 et
1375 3812 1435 3868 in
1465 3831 1525 3869 se
1555 3820 1818 3888 separata
1846 3812 1917 3869 ab
1949 3812 2291 3887 Evangelio,

428 3891 582 3949 XX.
629 3892 848 3951 Foedus
871 3893 1213 3951 Sina'iticum
1234 3912 1350 3949 non
1373 3891 1483 3949 fuit
1501 3891 1624 3949 sine
1648 3891 1896 3964 Christo,
1921 3891 2058 3966 quia
2085 3894 2136 3947 1.
2164 3892 2360 3948 Moses
2375 3890 2446 3948 de
2477 3910 2546 3948 eo
2575 3898 2753 3949 testa-

345 3981 440 4031 tus
487 3980 592 4046 est,
624 3973 765 4030 Joh.
796 3992 853 4030 v.
883 3975 980 4045 45,
1014 3974 1108 4047 46,
1153 3972 1294 4030 Luc.
1325 3970 1490 4028 xxiv.
1521 3974 1617 4045 44,
1651 3971 1787 4029 Act.
1818 3970 1898 4027 iii.
1952 3973 2046 4044 22,
2090 3972 2184 4042 23,
2217 3978 2275 4026 et
2303 3969 2467 4027 xxvi.
2500 3973 2594 4044 22,
2632 3974 2708 4028 23
2736 3994 2750 4046 ;

346 4056 402 4111 2.
436 4050 776 4109 Continetur
804 4050 1078 4128 implicite
1123 4051 1230 4109 sub
1264 4050 1644 4127 promissione
1682 4048 1909 4126 peculii,
1946 4048 2159 4124 regalis
2193 4048 2527 4122 Sacerdotii,
2553 4057 2611 4106 et
2652 4069 2754 4107 na-

343 4131 519 4191 tionis
542 4141 772 4207 sanctae‚
800 4130 990 4189 Exod.
1011 4131 1134 4189 xix.
1159 4133 1214 4205 5,
1248 4134 1302 4205 6,
1335 4130 1526 4188 collat.
1547 4150 1677 4188 cum
1711 4133 1737 4185 1
1770 4130 1894 4186 Pet.
1924 4128 1983 4185 ii.
2007 4130 2062 4201 9,
2101 4130 2189 4199 10,
2215 4128 2351 4203 quia
2380 4127 2502 4185 sine
2527 4128 2754 4187 Christo

343 4220 675 4290 peccatores
697 4231 813 4270 non
834 4219 1078 4288 possunt
1099 4211 1210 4269 ista
1229 4210 1538 4287 privilegia
1560 4208 1836 4281 obtinere,
1859 4216 1925 4265 ut
1947 4216 2115 4264 antea
2133 4206 2348 4264 dictum
2374 4229 2388 4281 3
2421 4210 2476 4265 3.
2503 4207 2574 4264 In
2599 4207 2752 4266 Prae-

342 4292 558 4351 fatione
604 4291 902 4368 Decalogi,
933 4291 1035 4349 ubi
1081 4291 1241 4349 Deus
1327 4288 1639 4366 roponitur,
1672 4295 1736 4345 ιιι
1782 4286 1942 4343 Deus
1968 4286 2186 4362 populi,
2233 4293 2291 4343 et
2337 4285 2638 4345 Liberator
2681 4308 2757 4346 ex

348 4373 634 4449 AEgyptO,
666 4370 823 4449 quod
852 4370 1081 4430 nonnisi
1110 4390 1213 4446 per
1241 4311 1534 4428 Cliristum
1562 4366 1687 4425 fieri
1715 4365 1940 4442 potuit3
1998 4369 2054 4423 4.
2100 4365 2171 4422 In
2200 4365 2494 4423 sanctione
2522 4366 2756 4427 foederis

346 4472 450 4529 per
477 4453 816 4529 sanguinem
840 4451 1221 4525 victimarum,
1269 4448 1610 4525 sanguinem
1642 4445 1856 4504 Christi
1903 4444 2338 4503 adumbrantem
2362 4465 2376 4519 ;
2402 4447 2457 4502 5.
2503 4446 2573 4503 In
2601 4448 2759 4524 typis

348 4540 408 4590 et
450 4532 669 4590 umbris
720 4531 1051 4609 LegalibuS,
1092 4551 1222 4608 quae
1261 4548 1378 4587 non
1422 4528 1537 4587 alio
1575 4526 1878 4606 praecipue,
1927 4546 2098 4603 quam
2143 4524 2217 4583 ad
2273 4525 2565 4585 Christum
2622 4527 2757 4586 diri-

352 4610 672 4689 gebantur;
717 4615 773 4671 6.
806 4612 955 4688 Quia
997 4630 1207 4688 scopus
1248 4608 1573 4687 praecipuus
1616 4616 1676 4665 et
1724 4606 1914 4664 anima
1959 4606 2133 4682 Legis
2177 4605 2285 4664 fuit
2316 4606 2595 4683 ChristuS,
2633 4609 2755 4668 sine

355 2266 533 2330 fontes
583 2285 791 2333 Solutio·

511 2359 643 2390 num·
