<?xml version="1.0" encoding="UTF-8"?>
<!DOCTYPE html PUBLIC "-//W3C//DTD XHTML 1.0 Transitional//EN"
    "http://www.w3.org/TR/xhtml1/DTD/xhtml1-transitional.dtd">
<html xmlns="http://www.w3.org/1999/xhtml" xml:lang="en" lang="en">
 <head>
  <title>
</title>
<meta http-equiv="Content-Type" content="text/html;charset=utf-8" />
  <meta name='ocr-system' content='tesseract 3.04.00' />
  <meta name='ocr-capabilities' content='ocr_page ocr_carea ocr_par ocr_line ocrx_word'/>
</head>
<body>
  <div class='ocr_page' id='page_1' title='image "./institutiotheol01turrgoog_0531.png"; bbox 0 0 3221 5200; ppageno 0'>
   <div class='ocr_carea' id='block_1_1' title="bbox 341 331 2752 410">
    <p class='ocr_par' dir='ltr' id='par_1_1' title="bbox 341 331 2752 410">
     <span class='ocr_line' id='line_1_1' title="bbox 341 331 2752 410; baseline 0.001 -19"><span class='ocrx_word' id='word_1_1' title='bbox 341 352 568 400; x_wconf 62' lang='lat' dir='ltr'>Quam.</span> <span class='ocrx_word' id='word_1_2' title='bbox 602 331 717 410; x_wconf 83' lang='lat' dir='ltr'>x1.]</span> <span class='ocrx_word' id='word_1_3' title='bbox 1173 350 1249 388; x_wconf 74' lang='lat' dir='ltr'>nn</span> <span class='ocrx_word' id='word_1_4' title='bbox 1294 349 1628 390; x_wconf 66' lang='lat' dir='ltr'>vocArross</span> <span class='ocrx_word' id='word_1_5' title='bbox 1672 351 1746 390; x_wconf 73' lang='grc' dir='ltr'>Εϊ</span> <span class='ocrx_word' id='word_1_6' title='bbox 1790 351 1947 391; x_wconf 68' lang='lat' dir='ltr'>rins.</span> <span class='ocrx_word' id='word_1_7' title='bbox 2637 340 2752 396; x_wconf 79' lang='lat'>503</span> 
     </span>
    </p>
   </div>
   <div class='ocr_carea' id='block_1_2' title="bbox 327 489 2751 2161">
    <p class='ocr_par' dir='ltr' id='par_1_2' title="bbox 330 489 2751 886">
     <span class='ocr_line' id='line_1_2' title="bbox 339 489 2751 569; baseline 0.001 -19"><span class='ocrx_word' id='word_1_8' title='bbox 339 492 575 550; x_wconf 78' lang='lat' dir='ltr'>subesse</span> <span class='ocrx_word' id='word_1_9' title='bbox 626 491 850 566; x_wconf 88' lang='lat' dir='ltr'>falsum,</span> <span class='ocrx_word' id='word_1_10' title='bbox 898 489 1157 548; x_wconf 83' lang='lat' dir='ltr'><strong>Verbum</strong></span> <span class='ocrx_word' id='word_1_11' title='bbox 1203 491 1311 550; x_wconf 90' lang='lat' dir='ltr'>Dei</span> <span class='ocrx_word' id='word_1_12' title='bbox 1346 499 1542 568; x_wconf 86' lang='lat' dir='ltr'>posset</span> <span class='ocrx_word' id='word_1_13' title='bbox 1583 511 1711 550; x_wconf 88' lang='lat' dir='ltr'>esse</span> <span class='ocrx_word' id='word_1_14' title='bbox 1754 492 1979 566; x_wconf 86' lang='lat' dir='ltr'>falsum,</span> <span class='ocrx_word' id='word_1_15' title='bbox 2030 491 2153 549; x_wconf 98' lang='lat' dir='ltr'>Lex</span> <span class='ocrx_word' id='word_1_16' title='bbox 2204 491 2488 569; x_wconf 81' lang='lat' dir='ltr'>obligaret</span> <span class='ocrx_word' id='word_1_17' title='bbox 2529 513 2634 552; x_wconf 90' lang='lat' dir='ltr'>nos</span> <span class='ocrx_word' id='word_1_18' title='bbox 2677 496 2751 553; x_wconf 88' lang='lat' dir='ltr'>ad</span> 
     </span>
     <span class='ocr_line' id='line_1_3' title="bbox 336 569 2751 650; baseline 0.002 -21"><span class='ocrx_word' id='word_1_19' title='bbox 336 570 688 629; x_wconf 87' lang='lat' dir='ltr'>credendum</span> <span class='ocrx_word' id='word_1_20' title='bbox 737 569 1053 643; x_wconf 79' lang='lat' dir='ltr'>mendacin,</span> <span class='ocrx_word' id='word_1_21' title='bbox 1086 579 1144 629; x_wconf 90' lang='lat' dir='ltr'>et</span> <span class='ocrx_word' id='word_1_22' title='bbox 1171 570 1315 630; x_wconf 87' lang='lat' dir='ltr'>fides</span> <span class='ocrx_word' id='word_1_23' title='bbox 1350 572 1550 629; x_wconf 88' lang='lat' dir='ltr'>divina</span> <span class='ocrx_word' id='word_1_24' title='bbox 1591 579 1746 630; x_wconf 89' lang='lat' dir='ltr'>esset</span> <span class='ocrx_word' id='word_1_25' title='bbox 1786 571 2129 649; x_wconf 88' lang='lat' dir='ltr'>principium</span> <span class='ocrx_word' id='word_1_26' title='bbox 2177 571 2547 648; x_wconf 76' lang='lat' dir='ltr'>deceptioniS,</span> <span class='ocrx_word' id='word_1_27' title='bbox 2593 575 2751 650; x_wconf 90' lang='lat' dir='ltr'>quod</span> 
     </span>
     <span class='ocr_line' id='line_1_4' title="bbox 334 650 2744 730; baseline 0.002 -22"><span class='ocrx_word' id='word_1_28' title='bbox 334 651 609 727; x_wconf 89' lang='lat' dir='ltr'>implicat.</span> <span class='ocrx_word' id='word_1_29' title='bbox 698 650 868 709; x_wconf 86' lang='lat' dir='ltr'>Unde</span> <span class='ocrx_word' id='word_1_30' title='bbox 916 650 1147 725; x_wconf 78' lang='lat' dir='ltr'>PauluS,</span> <span class='ocrx_word' id='word_1_31' title='bbox 1186 654 1213 707; x_wconf 95' lang='lat'>1</span> <span class='ocrx_word' id='word_1_32' title='bbox 1250 652 1378 710; x_wconf 87' lang='lat' dir='ltr'>Cor.</span> <span class='ocrx_word' id='word_1_33' title='bbox 1409 672 1510 709; x_wconf 85' lang='lat' dir='ltr'>xv.</span> <span class='ocrx_word' id='word_1_34' title='bbox 1548 655 1638 726; x_wconf 84' lang='lat'>14,</span> <span class='ocrx_word' id='word_1_35' title='bbox 1672 672 1876 709; x_wconf 88' lang='lat' dir='ltr'>vanam</span> <span class='ocrx_word' id='word_1_36' title='bbox 1924 652 2042 709; x_wconf 90' lang='lat' dir='ltr'>fore</span> <span class='ocrx_word' id='word_1_37' title='bbox 2084 651 2257 708; x_wconf 89' lang='lat' dir='ltr'>fidem</span> <span class='ocrx_word' id='word_1_38' title='bbox 2301 653 2744 730; x_wconf 83' lang='lat' dir='ltr'>Corinthiorum,</span> 
     </span>
     <span class='ocr_line' id='line_1_5' title="bbox 330 729 2745 809; baseline 0.001 -20"><span class='ocrx_word' id='word_1_39' title='bbox 330 740 389 789; x_wconf 90' lang='lat' dir='ltr'>et</span> <span class='ocrx_word' id='word_1_40' title='bbox 420 731 736 806; x_wconf 84' lang='lat' dir='ltr'>Apostolos</span> <span class='ocrx_word' id='word_1_41' title='bbox 779 729 953 787; x_wconf 89' lang='lat' dir='ltr'>falsos</span> <span class='ocrx_word' id='word_1_42' title='bbox 995 739 1173 788; x_wconf 87' lang='lat' dir='ltr'>testes</span> <span class='ocrx_word' id='word_1_43' title='bbox 1216 731 1516 790; x_wconf 89' lang='lat' dir='ltr'>inventum</span> <span class='ocrx_word' id='word_1_44' title='bbox 1546 732 1615 789; x_wconf 91' lang='lat' dir='ltr'>iri</span> <span class='ocrx_word' id='word_1_45' title='bbox 1645 731 1742 802; x_wconf 89' lang='lat' dir='ltr'>ait,</span> <span class='ocrx_word' id='word_1_46' title='bbox 1775 732 1825 790; x_wconf 86' lang='lat' dir='ltr'>si</span> <span class='ocrx_word' id='word_1_47' title='bbox 1855 732 2118 789; x_wconf 88' lang='lat' dir='ltr'>Christus</span> <span class='ocrx_word' id='word_1_48' title='bbox 2159 751 2275 788; x_wconf 90' lang='lat' dir='ltr'>non</span> <span class='ocrx_word' id='word_1_49' title='bbox 2318 734 2647 809; x_wconf 79' lang='lat' dir='ltr'>resurrexit,</span> <span class='ocrx_word' id='word_1_50' title='bbox 2686 743 2745 792; x_wconf 92' lang='lat' dir='ltr'>et</span> 
     </span>
     <span class='ocr_line' id='line_1_6' title="bbox 336 810 1235 886; baseline 0 -18"><span class='ocrx_word' id='word_1_51' title='bbox 336 811 384 868; x_wconf 88' lang='lat' dir='ltr'>si</span> <span class='ocrx_word' id='word_1_52' title='bbox 414 810 681 868; x_wconf 89' lang='lat' dir='ltr'>credatur</span> <span class='ocrx_word' id='word_1_53' title='bbox 709 810 863 886; x_wconf 87' lang='lat' dir='ltr'>quod</span> <span class='ocrx_word' id='word_1_54' title='bbox 893 810 1101 868; x_wconf 86' lang='lat' dir='ltr'>falsum</span> <span class='ocrx_word' id='word_1_55' title='bbox 1131 819 1235 868; x_wconf 88' lang='lat' dir='ltr'>est.</span> 
     </span>
    </p>

    <p class='ocr_par' dir='ltr' id='par_1_3' title="bbox 327 889 2746 1922">
     <span class='ocr_line' id='line_1_7' title="bbox 417 889 2746 967; baseline 0.002 -20"><span class='ocrx_word' id='word_1_56' title='bbox 417 891 536 949; x_wconf 91' lang='lat'>111.</span> <span class='ocrx_word' id='word_1_57' title='bbox 596 889 882 966; x_wconf 87' lang='lat' dir='ltr'>Exempla</span> <span class='ocrx_word' id='word_1_58' title='bbox 910 890 1087 964; x_wconf 83' lang='lat' dir='ltr'>varia,</span> <span class='ocrx_word' id='word_1_59' title='bbox 1119 911 1248 965; x_wconf 80' lang='lat' dir='ltr'>quae</span> <span class='ocrx_word' id='word_1_60' title='bbox 1297 890 1614 949; x_wconf 86' lang='lat' dir='ltr'>afferuntur</span> <span class='ocrx_word' id='word_1_61' title='bbox 1641 890 1716 948; x_wconf 89' lang='lat' dir='ltr'>ad</span> <span class='ocrx_word' id='word_1_62' title='bbox 1742 891 2102 967; x_wconf 89' lang='lat' dir='ltr'>probandum</span> <span class='ocrx_word' id='word_1_63' title='bbox 2131 889 2265 948; x_wconf 88' lang='lat' dir='ltr'>fidei</span> <span class='ocrx_word' id='word_1_64' title='bbox 2294 910 2462 967; x_wconf 89' lang='lat' dir='ltr'>posse</span> <span class='ocrx_word' id='word_1_65' title='bbox 2509 893 2746 953; x_wconf 81' lang='lat' dir='ltr'>subesse</span> 
     </span>
     <span class='ocr_line' id='line_1_8' title="bbox 333 969 2744 1044; baseline 0.002 -17"><span class='ocrx_word' id='word_1_66' title='bbox 333 970 560 1044; x_wconf 86' lang='lat' dir='ltr'>falsum,</span> <span class='ocrx_word' id='word_1_67' title='bbox 609 969 754 1026; x_wconf 89' lang='lat' dir='ltr'>nihil</span> <span class='ocrx_word' id='word_1_68' title='bbox 798 969 913 1027; x_wconf 88' lang='lat' dir='ltr'>tale</span> <span class='ocrx_word' id='word_1_69' title='bbox 959 970 1251 1028; x_wconf 86' lang='lat' dir='ltr'>evincunt.</span> <span class='ocrx_word' id='word_1_70' title='bbox 1338 971 1613 1027; x_wconf 75' lang='lat' dir='ltr'>Ninivitas</span> <span class='ocrx_word' id='word_1_71' title='bbox 1663 971 2008 1028; x_wconf 90' lang='lat' dir='ltr'>tenebantur</span> <span class='ocrx_word' id='word_1_72' title='bbox 2054 969 2286 1027; x_wconf 88' lang='lat' dir='ltr'>credere</span> <span class='ocrx_word' id='word_1_73' title='bbox 2334 971 2535 1029; x_wconf 86' lang='lat' dir='ltr'>urbem</span> <span class='ocrx_word' id='word_1_74' title='bbox 2581 993 2744 1031; x_wconf 89' lang='lat' dir='ltr'>suam</span> 
     </span>
     <span class='ocr_line' id='line_1_9' title="bbox 331 1049 2742 1129; baseline 0.001 -22"><span class='ocrx_word' id='word_1_75' title='bbox 331 1049 720 1123; x_wconf 86' lang='lat' dir='ltr'>evertendam,</span> <span class='ocrx_word' id='word_1_76' title='bbox 752 1068 867 1107; x_wconf 92' lang='lat' dir='ltr'>non</span> <span class='ocrx_word' id='word_1_77' title='bbox 899 1049 1162 1108; x_wconf 88' lang='lat' dir='ltr'>absolute</span> <span class='ocrx_word' id='word_1_78' title='bbox 1191 1058 1249 1107; x_wconf 87' lang='lat' dir='ltr'>et</span> <span class='ocrx_word' id='word_1_79' title='bbox 1279 1049 1507 1126; x_wconf 89' lang='lat' dir='ltr'>simpli.‚</span> <span class='ocrx_word' id='word_1_80' title='bbox 1541 1049 1645 1108; x_wconf 89' lang='lat' dir='ltr'>sed</span> <span class='ocrx_word' id='word_1_81' title='bbox 1673 1049 2061 1107; x_wconf 86' lang='lat' dir='ltr'>conditionate</span> <span class='ocrx_word' id='word_1_82' title='bbox 2101 1057 2341 1123; x_wconf 87' lang='lat' dir='ltr'>tantum,</span> <span class='ocrx_word' id='word_1_83' title='bbox 2372 1051 2484 1107; x_wconf 88' lang='lat' dir='ltr'>nisi</span> <span class='ocrx_word' id='word_1_84' title='bbox 2513 1052 2742 1129; x_wconf 90' lang='lat' dir='ltr'>resipis-</span> 
     </span>
     <span class='ocr_line' id='line_1_10' title="bbox 332 1128 2742 1206; baseline 0.001 -19"><span class='ocrx_word' id='word_1_85' title='bbox 332 1138 542 1202; x_wconf 89' lang='lat' dir='ltr'>cerent,</span> <span class='ocrx_word' id='word_1_86' title='bbox 591 1137 656 1186; x_wconf 88' lang='lat' dir='ltr'>ut</span> <span class='ocrx_word' id='word_1_87' title='bbox 700 1136 859 1205; x_wconf 88' lang='lat' dir='ltr'>patet</span> <span class='ocrx_word' id='word_1_88' title='bbox 902 1148 977 1186; x_wconf 89' lang='lat' dir='ltr'>ex</span> <span class='ocrx_word' id='word_1_89' title='bbox 1029 1128 1237 1187; x_wconf 90' lang='lat' dir='ltr'>Edicto</span> <span class='ocrx_word' id='word_1_90' title='bbox 1291 1129 1469 1206; x_wconf 84' lang='lat' dir='ltr'>Regis</span> <span class='ocrx_word' id='word_1_91' title='bbox 1519 1129 1823 1206; x_wconf 88' lang='lat' dir='ltr'>Jejunium</span> <span class='ocrx_word' id='word_1_92' title='bbox 1873 1129 2197 1204; x_wconf 85' lang='lat' dir='ltr'>indicentis,</span> <span class='ocrx_word' id='word_1_93' title='bbox 2260 1131 2296 1161; x_wconf 75' lang='lat'>‘⁴</span> <span class='ocrx_word' id='word_1_94' title='bbox 2320 1129 2462 1203; x_wconf 88' lang='lat' dir='ltr'>Quis</span> <span class='ocrx_word' id='word_1_95' title='bbox 2513 1131 2621 1189; x_wconf 88' lang='lat' dir='ltr'>scit</span> <span class='ocrx_word' id='word_1_96' title='bbox 2669 1151 2742 1190; x_wconf 89' lang='lat' dir='ltr'>an</span> 
     </span>
     <span class='ocr_line' id='line_1_11' title="bbox 329 1208 2742 1288; baseline 0.001 -22"><span class='ocrx_word' id='word_1_97' title='bbox 329 1228 666 1267; x_wconf 84' lang='lat' dir='ltr'>reversurus</span> <span class='ocrx_word' id='word_1_98' title='bbox 696 1208 786 1276; x_wconf 89' lang='lat' dir='ltr'>sit,</span> <span class='ocrx_word' id='word_1_99' title='bbox 819 1216 876 1265; x_wconf 89' lang='lat' dir='ltr'>et</span> <span class='ocrx_word' id='word_1_100' title='bbox 905 1208 1179 1284; x_wconf 84' lang='lat' dir='ltr'>poeniteat</span> <span class='ocrx_word' id='word_1_101' title='bbox 1223 1209 1430 1284; x_wconf 86' lang='lat' dir='ltr'>Deum,</span> <span class='ocrx_word' id='word_1_102' title='bbox 1463 1217 1528 1268; x_wconf 90' lang='lat' dir='ltr'>ut</span> <span class='ocrx_word' id='word_1_103' title='bbox 1555 1228 1788 1267; x_wconf 84' lang='lat' dir='ltr'>reverso</span> <span class='ocrx_word' id='word_1_104' title='bbox 1820 1229 1888 1267; x_wconf 91' lang='lat' dir='ltr'>eo</span> <span class='ocrx_word' id='word_1_105' title='bbox 1918 1209 1991 1266; x_wconf 86' lang='lat' dir='ltr'>ab</span> <span class='ocrx_word' id='word_1_106' title='bbox 2021 1218 2167 1266; x_wconf 77' lang='lat' dir='ltr'>aestu</span> <span class='ocrx_word' id='word_1_107' title='bbox 2195 1208 2294 1266; x_wconf 82' lang='lat' dir='ltr'>irae</span> <span class='ocrx_word' id='word_1_108' title='bbox 2323 1229 2441 1267; x_wconf 86' lang='lat' dir='ltr'>suae</span> <span class='ocrx_word' id='word_1_109' title='bbox 2471 1230 2586 1268; x_wconf 91' lang='lat' dir='ltr'>non</span> <span class='ocrx_word' id='word_1_110' title='bbox 2613 1232 2742 1288; x_wconf 92' lang='lat' dir='ltr'>per-</span> 
     </span>
     <span class='ocr_line' id='line_1_12' title="bbox 331 1288 2745 1365; baseline 0.001 -19"><span class='ocrx_word' id='word_1_111' title='bbox 331 1308 530 1346; x_wconf 87' lang='lat' dir='ltr'>eamus</span> <span class='ocrx_word' id='word_1_112' title='bbox 551 1291 579 1346; x_wconf 66' lang='lat' dir='ltr'><em>P</em></span> <span class='ocrx_word' id='word_1_113' title='bbox 605 1289 637 1313; x_wconf 87' lang='lat'>&#39;’</span> <span class='ocrx_word' id='word_1_114' title='bbox 682 1288 822 1346; x_wconf 87' lang='lat' dir='ltr'>Jon.</span> <span class='ocrx_word' id='word_1_115' title='bbox 853 1288 934 1345; x_wconf 91' lang='lat' dir='ltr'>iii.</span> <span class='ocrx_word' id='word_1_116' title='bbox 966 1290 1018 1346; x_wconf 84' lang='lat'>9.</span> <span class='ocrx_word' id='word_1_117' title='bbox 1109 1288 1389 1346; x_wconf 80' lang='lat' dir='ltr'>Ezechias</span> <span class='ocrx_word' id='word_1_118' title='bbox 1420 1309 1534 1346; x_wconf 91' lang='lat' dir='ltr'>non</span> <span class='ocrx_word' id='word_1_119' title='bbox 1564 1288 1765 1347; x_wconf 85' lang='lat' dir='ltr'>debuit</span> <span class='ocrx_word' id='word_1_120' title='bbox 1794 1288 2025 1346; x_wconf 90' lang='lat' dir='ltr'>credere</span> <span class='ocrx_word' id='word_1_121' title='bbox 2068 1288 2292 1362; x_wconf 83' lang='lat' dir='ltr'>falsum,</span> <span class='ocrx_word' id='word_1_122' title='bbox 2339 1309 2515 1365; x_wconf 91' lang='lat' dir='ltr'>quum</span> <span class='ocrx_word' id='word_1_123' title='bbox 2561 1291 2745 1350; x_wconf 88' lang='lat' dir='ltr'>Isaias</span> 
     </span>
     <span class='ocr_line' id='line_1_13' title="bbox 328 1367 2746 1447; baseline 0.001 -21"><span class='ocrx_word' id='word_1_124' title='bbox 328 1368 416 1426; x_wconf 88' lang='lat' dir='ltr'>illi</span> <span class='ocrx_word' id='word_1_125' title='bbox 445 1377 686 1426; x_wconf 88' lang='lat' dir='ltr'>mortem</span> <span class='ocrx_word' id='word_1_126' title='bbox 717 1367 1043 1441; x_wconf 79' lang='lat' dir='ltr'>denunciat,</span> <span class='ocrx_word' id='word_1_127' title='bbox 1086 1368 1221 1444; x_wconf 87' lang='lat' dir='ltr'>quia</span> <span class='ocrx_word' id='word_1_128' title='bbox 1251 1369 1490 1426; x_wconf 89' lang='lat' dir='ltr'>verbum</span> <span class='ocrx_word' id='word_1_129' title='bbox 1518 1369 1629 1427; x_wconf 92' lang='lat' dir='ltr'>hoc</span> <span class='ocrx_word' id='word_1_130' title='bbox 1658 1389 1773 1426; x_wconf 89' lang='lat' dir='ltr'>non</span> <span class='ocrx_word' id='word_1_131' title='bbox 1803 1378 1918 1426; x_wconf 91' lang='lat' dir='ltr'>tam</span> <span class='ocrx_word' id='word_1_132' title='bbox 1950 1368 2060 1426; x_wconf 86' lang='lat' dir='ltr'>fuit</span> <span class='ocrx_word' id='word_1_133' title='bbox 2085 1368 2382 1444; x_wconf 81' lang='lat' dir='ltr'>praedictio</span> <span class='ocrx_word' id='word_1_134' title='bbox 2411 1370 2746 1447; x_wconf 86' lang='lat' dir='ltr'>prophetica</span> 
     </span>
     <span class='ocr_line' id='line_1_14' title="bbox 327 1447 2741 1526; baseline 0.002 -20"><span class='ocrx_word' id='word_1_135' title='bbox 327 1449 411 1506; x_wconf 89' lang='lat' dir='ltr'>rei</span> <span class='ocrx_word' id='word_1_136' title='bbox 443 1447 646 1506; x_wconf 86' lang='lat' dir='ltr'>futurae</span> <span class='ocrx_word' id='word_1_137' title='bbox 675 1447 954 1521; x_wconf 87' lang='lat' dir='ltr'>absolute,</span> <span class='ocrx_word' id='word_1_138' title='bbox 986 1468 1159 1523; x_wconf 87' lang='lat' dir='ltr'>quam</span> <span class='ocrx_word' id='word_1_139' title='bbox 1188 1449 1539 1506; x_wconf 79' lang='lat' dir='ltr'>comminatio</span> <span class='ocrx_word' id='word_1_140' title='bbox 1567 1450 1963 1523; x_wconf 80' lang='lat' dir='ltr'>conditionata,</span> <span class='ocrx_word' id='word_1_141' title='bbox 1990 1449 2064 1506; x_wconf 87' lang='lat' dir='ltr'>ad</span> <span class='ocrx_word' id='word_1_142' title='bbox 2086 1449 2363 1507; x_wconf 90' lang='lat' dir='ltr'>humilem</span> <span class='ocrx_word' id='word_1_143' title='bbox 2386 1450 2511 1525; x_wconf 89' lang='lat' dir='ltr'>ejus</span> <span class='ocrx_word' id='word_1_144' title='bbox 2540 1451 2741 1526; x_wconf 84' lang='lat' dir='ltr'>deprc-</span> 
     </span>
     <span class='ocr_line' id='line_1_15' title="bbox 329 1527 2742 1606; baseline 0.001 -20"><span class='ocrx_word' id='word_1_145' title='bbox 329 1528 612 1586; x_wconf 87' lang='lat' dir='ltr'>cationem</span> <span class='ocrx_word' id='word_1_146' title='bbox 663 1527 1046 1601; x_wconf 81' lang='lat' dir='ltr'>excitandam,</span> <span class='ocrx_word' id='word_1_147' title='bbox 1092 1527 1249 1604; x_wconf 90' lang='lat' dir='ltr'>quod</span> <span class='ocrx_word' id='word_1_148' title='bbox 1287 1529 1408 1604; x_wconf 88' lang='lat' dir='ltr'>ipse</span> <span class='ocrx_word' id='word_1_149' title='bbox 1453 1528 1593 1587; x_wconf 86' lang='lat' dir='ltr'>satis</span> <span class='ocrx_word' id='word_1_150' title='bbox 1635 1529 1907 1605; x_wconf 87' lang='lat' dir='ltr'>percepit,</span> <span class='ocrx_word' id='word_1_151' title='bbox 1954 1549 2133 1606; x_wconf 79' lang='lat' dir='ltr'>quum</span> <span class='ocrx_word' id='word_1_152' title='bbox 2174 1529 2307 1587; x_wconf 91' lang='lat' dir='ltr'>ilico</span> <span class='ocrx_word' id='word_1_153' title='bbox 2350 1529 2422 1586; x_wconf 91' lang='lat' dir='ltr'>ad</span> <span class='ocrx_word' id='word_1_154' title='bbox 2466 1531 2742 1605; x_wconf 87' lang='lat' dir='ltr'>parietem</span> 
     </span>
     <span class='ocr_line' id='line_1_16' title="bbox 329 1607 2744 1685; baseline 0.002 -21"><span class='ocrx_word' id='word_1_155' title='bbox 329 1627 644 1665; x_wconf 82' lang='lat' dir='ltr'>conversus</span> <span class='ocrx_word' id='word_1_156' title='bbox 673 1607 860 1665; x_wconf 87' lang='lat' dir='ltr'>oravit</span> <span class='ocrx_word' id='word_1_157' title='bbox 887 1607 930 1666; x_wconf 89' lang='lat' dir='ltr'><strong>J</strong></span> <span class='ocrx_word' id='word_1_158' title='bbox 934 1608 1196 1682; x_wconf 89' lang='lat' dir='ltr'>ehovam,</span> <span class='ocrx_word' id='word_1_159' title='bbox 1228 1608 1328 1684; x_wconf 88' lang='lat' dir='ltr'>qui</span> <span class='ocrx_word' id='word_1_160' title='bbox 1355 1609 1530 1666; x_wconf 89' lang='lat' dir='ltr'>etiam</span> <span class='ocrx_word' id='word_1_161' title='bbox 1558 1609 1861 1667; x_wconf 81' lang='lat' dir='ltr'>exaudivit</span> <span class='ocrx_word' id='word_1_162' title='bbox 1889 1610 2014 1685; x_wconf 87' lang='lat' dir='ltr'>ejus</span> <span class='ocrx_word' id='word_1_163' title='bbox 2043 1609 2446 1684; x_wconf 83' lang='lat' dir='ltr'>precationem,</span> <span class='ocrx_word' id='word_1_164' title='bbox 2478 1609 2744 1668; x_wconf 89' lang='lat' dir='ltr'>addendo</span> 
     </span>
     <span class='ocr_line' id='line_1_17' title="bbox 329 1687 2741 1764; baseline 0.001 -20"><span class='ocrx_word' id='word_1_165' title='bbox 329 1687 658 1763; x_wconf 90' lang='lat' dir='ltr'>quindecim</span> <span class='ocrx_word' id='word_1_166' title='bbox 701 1707 882 1744; x_wconf 87' lang='lat' dir='ltr'>annos</span> <span class='ocrx_word' id='word_1_167' title='bbox 911 1687 1051 1744; x_wconf 85' lang='lat' dir='ltr'>vitae</span> <span class='ocrx_word' id='word_1_168' title='bbox 1081 1689 1224 1763; x_wconf 78' lang='lat' dir='ltr'>ejuS,</span> <span class='ocrx_word' id='word_1_169' title='bbox 1259 1688 1375 1745; x_wconf 89' lang='lat' dir='ltr'>Isa.</span> <span class='ocrx_word' id='word_1_170' title='bbox 1407 1688 1658 1747; x_wconf 82' lang='lat' dir='ltr'>xxxviii.</span> <span class='ocrx_word' id='word_1_171' title='bbox 1692 1694 1745 1763; x_wconf 82' lang='lat'>2,</span> <span class='ocrx_word' id='word_1_172' title='bbox 1781 1692 1835 1746; x_wconf 87' lang='grc'>5.</span> <span class='ocrx_word' id='word_1_173' title='bbox 1920 1689 2033 1746; x_wconf 89' lang='lat' dir='ltr'>Vel</span> <span class='ocrx_word' id='word_1_174' title='bbox 2064 1689 2171 1745; x_wconf 90' lang='lat' dir='ltr'>fuit</span> <span class='ocrx_word' id='word_1_175' title='bbox 2200 1688 2511 1745; x_wconf 84' lang='lat' dir='ltr'>declaratio</span> <span class='ocrx_word' id='word_1_176' title='bbox 2550 1690 2741 1764; x_wconf 85' lang='lat' dir='ltr'>gravi-</span> 
     </span>
     <span class='ocr_line' id='line_1_18' title="bbox 328 1767 2745 1843; baseline 0.001 -19"><span class='ocrx_word' id='word_1_177' title='bbox 328 1767 466 1825; x_wconf 84' lang='lat' dir='ltr'>tatis</span> <span class='ocrx_word' id='word_1_178' title='bbox 495 1767 697 1833; x_wconf 87' lang='lat' dir='ltr'>morbi,</span> <span class='ocrx_word' id='word_1_179' title='bbox 730 1787 857 1843; x_wconf 85' lang='lat' dir='ltr'>quae</span> <span class='ocrx_word' id='word_1_180' title='bbox 881 1768 1053 1843; x_wconf 85' lang='lat' dir='ltr'>juxta</span> <span class='ocrx_word' id='word_1_181' title='bbox 1082 1767 1401 1825; x_wconf 85' lang='lat' dir='ltr'>naturalem</span> <span class='ocrx_word' id='word_1_182' title='bbox 1431 1788 1621 1825; x_wconf 89' lang='lat' dir='ltr'>rerum</span> <span class='ocrx_word' id='word_1_183' title='bbox 1665 1767 1923 1825; x_wconf 88' lang='lat' dir='ltr'>ordinem</span> <span class='ocrx_word' id='word_1_184' title='bbox 1966 1767 2139 1825; x_wconf 88' lang='lat' dir='ltr'>talem</span> <span class='ocrx_word' id='word_1_185' title='bbox 2181 1777 2451 1824; x_wconf 89' lang='lat' dir='ltr'>eventum</span> <span class='ocrx_word' id='word_1_186' title='bbox 2496 1767 2745 1827; x_wconf 89' lang='lat' dir='ltr'>debebat</span> 
     </span>
     <span class='ocr_line' id='line_1_19' title="bbox 333 1846 1916 1922; baseline 0 -18"><span class='ocrx_word' id='word_1_187' title='bbox 333 1846 542 1922; x_wconf 88' lang='lat' dir='ltr'>sortiri,</span> <span class='ocrx_word' id='word_1_188' title='bbox 589 1847 700 1904; x_wconf 90' lang='lat' dir='ltr'>nisi</span> <span class='ocrx_word' id='word_1_189' title='bbox 728 1847 1066 1904; x_wconf 90' lang='lat' dir='ltr'>miraculose</span> <span class='ocrx_word' id='word_1_190' title='bbox 1101 1847 1260 1904; x_wconf 90' lang='lat' dir='ltr'>Deus</span> <span class='ocrx_word' id='word_1_191' title='bbox 1289 1866 1420 1903; x_wconf 91' lang='lat' dir='ltr'>eum</span> <span class='ocrx_word' id='word_1_192' title='bbox 1449 1847 1693 1904; x_wconf 87' lang='lat' dir='ltr'>liberare</span> <span class='ocrx_word' id='word_1_193' title='bbox 1722 1847 1916 1904; x_wconf 83' lang='lat' dir='ltr'>vcllet.</span> 
     </span>
    </p>

    <p class='ocr_par' dir='ltr' id='par_1_4' title="bbox 329 1924 2742 2161">
     <span class='ocr_line' id='line_1_20' title="bbox 409 1924 2738 2000; baseline -0 -17"><span class='ocrx_word' id='word_1_194' title='bbox 409 1927 518 1983; x_wconf 93' lang='lat' dir='ltr'>IV.</span> <span class='ocrx_word' id='word_1_195' title='bbox 580 1926 772 1983; x_wconf 89' lang='lat' dir='ltr'>Adam</span> <span class='ocrx_word' id='word_1_196' title='bbox 812 1945 928 1982; x_wconf 90' lang='lat' dir='ltr'>non</span> <span class='ocrx_word' id='word_1_197' title='bbox 970 1925 1273 1983; x_wconf 88' lang='lat' dir='ltr'>tenebatur</span> <span class='ocrx_word' id='word_1_198' title='bbox 1314 1926 1544 1983; x_wconf 89' lang='lat' dir='ltr'>credere</span> <span class='ocrx_word' id='word_1_199' title='bbox 1588 1926 1850 1983; x_wconf 88' lang='lat' dir='ltr'>absolute</span> <span class='ocrx_word' id='word_1_200' title='bbox 1881 1925 1940 1982; x_wconf 91' lang='lat' dir='ltr'>in</span> <span class='ocrx_word' id='word_1_201' title='bbox 1970 1932 2121 1983; x_wconf 87' lang='lat' dir='ltr'>statu</span> <span class='ocrx_word' id='word_1_202' title='bbox 2166 1924 2514 2000; x_wconf 85' lang='lat' dir='ltr'>integritatis</span> <span class='ocrx_word' id='word_1_203' title='bbox 2557 1925 2738 1983; x_wconf 75' lang='lat' dir='ltr'>vitam</span> 
     </span>
     <span class='ocr_line' id='line_1_21' title="bbox 330 2003 2742 2080; baseline -0.001 -16"><span class='ocrx_word' id='word_1_204' title='bbox 330 2014 601 2064; x_wconf 79' lang='lat' dir='ltr'>aeternam</span> <span class='ocrx_word' id='word_1_205' title='bbox 627 2005 736 2062; x_wconf 89' lang='lat' dir='ltr'>sibi</span> <span class='ocrx_word' id='word_1_206' title='bbox 758 2004 1152 2077; x_wconf 86' lang='lat' dir='ltr'>obventuram,</span> <span class='ocrx_word' id='word_1_207' title='bbox 1186 2004 1287 2061; x_wconf 89' lang='lat' dir='ltr'>sed</span> <span class='ocrx_word' id='word_1_208' title='bbox 1317 2013 1539 2063; x_wconf 90' lang='lat' dir='ltr'>tantum</span> <span class='ocrx_word' id='word_1_209' title='bbox 1563 2005 1970 2078; x_wconf 89' lang='lat' dir='ltr'>conditionate,</span> <span class='ocrx_word' id='word_1_210' title='bbox 2003 2004 2052 2061; x_wconf 91' lang='lat' dir='ltr'>si</span> <span class='ocrx_word' id='word_1_211' title='bbox 2081 2012 2361 2080; x_wconf 88' lang='lat' dir='ltr'>perstaret</span> <span class='ocrx_word' id='word_1_212' title='bbox 2389 2003 2448 2060; x_wconf 91' lang='lat' dir='ltr'>in</span> <span class='ocrx_word' id='word_1_213' title='bbox 2470 2004 2742 2062; x_wconf 90' lang='lat' dir='ltr'>obedien-</span> 
     </span>
     <span class='ocr_line' id='line_1_22' title="bbox 329 2083 2739 2161; baseline 0 -19"><span class='ocrx_word' id='word_1_214' title='bbox 329 2086 440 2158; x_wconf 89' lang='lat' dir='ltr'>tia;</span> <span class='ocrx_word' id='word_1_215' title='bbox 472 2105 601 2160; x_wconf 83' lang='lat' dir='ltr'>quae</span> <span class='ocrx_word' id='word_1_216' title='bbox 631 2084 885 2142; x_wconf 88' lang='lat' dir='ltr'>conditio</span> <span class='ocrx_word' id='word_1_217' title='bbox 915 2104 1030 2142; x_wconf 91' lang='lat' dir='ltr'>non</span> <span class='ocrx_word' id='word_1_218' title='bbox 1059 2083 1168 2141; x_wconf 87' lang='lat' dir='ltr'>suit</span> <span class='ocrx_word' id='word_1_219' title='bbox 1196 2084 1498 2158; x_wconf 85' lang='lat' dir='ltr'>credenda,</span> <span class='ocrx_word' id='word_1_220' title='bbox 1530 2085 1669 2161; x_wconf 86' lang='lat' dir='ltr'>quia</span> <span class='ocrx_word' id='word_1_221' title='bbox 1689 2104 1806 2142; x_wconf 90' lang='lat' dir='ltr'>non</span> <span class='ocrx_word' id='word_1_222' title='bbox 1825 2091 1945 2142; x_wconf 86' lang='lat' dir='ltr'>erat</span> <span class='ocrx_word' id='word_1_223' title='bbox 1958 2083 2254 2159; x_wconf 88' lang='lat' dir='ltr'>promissa,</span> <span class='ocrx_word' id='word_1_224' title='bbox 2280 2083 2384 2140; x_wconf 88' lang='lat' dir='ltr'>sed</span> <span class='ocrx_word' id='word_1_225' title='bbox 2415 2084 2739 2159; x_wconf 85' lang='lat' dir='ltr'>praestanda</span> 
     </span>
    </p>
   </div>
   <div class='ocr_carea' id='block_1_3' title="bbox 327 2161 2841 2240">
    <p class='ocr_par' dir='ltr' id='par_1_5' title="bbox 327 2161 2841 2240">
     <span class='ocr_line' id='line_1_23' title="bbox 327 2161 2841 2240; baseline 0 -20"><span class='ocrx_word' id='word_1_226' title='bbox 327 2164 451 2238; x_wconf 87' lang='lat' dir='ltr'>fuit,</span> <span class='ocrx_word' id='word_1_227' title='bbox 499 2164 633 2238; x_wconf 87' lang='lat' dir='ltr'>quia</span> <span class='ocrx_word' id='word_1_228' title='bbox 660 2171 968 2238; x_wconf 78' lang='lat' dir='ltr'>praecepta.</span> <span class='ocrx_word' id='word_1_229' title='bbox 1051 2164 1171 2221; x_wconf 89' lang='lat' dir='ltr'>Nec</span> <span class='ocrx_word' id='word_1_230' title='bbox 1202 2164 1250 2221; x_wconf 90' lang='lat' dir='ltr'>si</span> <span class='ocrx_word' id='word_1_231' title='bbox 1279 2172 1409 2239; x_wconf 86' lang='lat' dir='ltr'>post</span> <span class='ocrx_word' id='word_1_232' title='bbox 1436 2164 1663 2240; x_wconf 87' lang='lat' dir='ltr'>lapsum</span> <span class='ocrx_word' id='word_1_233' title='bbox 1693 2163 1995 2221; x_wconf 88' lang='lat' dir='ltr'>tenebatur</span> <span class='ocrx_word' id='word_1_234' title='bbox 2022 2161 2253 2220; x_wconf 88' lang='lat' dir='ltr'>credere</span> <span class='ocrx_word' id='word_1_235' title='bbox 2282 2163 2545 2221; x_wconf 88' lang='lat' dir='ltr'>absolute</span> <span class='ocrx_word' id='word_1_236' title='bbox 2593 2183 2741 2222; x_wconf 90' lang='lat' dir='ltr'>mor·</span> <span class='ocrx_word' id='word_1_237' title='bbox 2791 2161 2799 2168; x_wconf 77' lang='grc'><strong><em>’</em></strong></span> <span class='ocrx_word' id='word_1_238' title='bbox 2837 2176 2841 2180; x_wconf 85' lang='grc'><em>“</em></span> 
     </span>
    </p>
   </div>
   <div class='ocr_carea' id='block_1_4' title="bbox 319 2241 2812 4707">
    <p class='ocr_par' dir='ltr' id='par_1_6' title="bbox 326 2241 2742 2720">
     <span class='ocr_line' id='line_1_24' title="bbox 329 2241 2740 2319; baseline 0.001 -19"><span class='ocrx_word' id='word_1_239' title='bbox 329 2251 444 2300; x_wconf 90' lang='lat' dir='ltr'>tem</span> <span class='ocrx_word' id='word_1_240' title='bbox 476 2242 587 2300; x_wconf 90' lang='lat' dir='ltr'>sibi</span> <span class='ocrx_word' id='word_1_241' title='bbox 616 2242 1011 2315; x_wconf 71' lang='lat' dir='ltr'>obventurum,</span> <span class='ocrx_word' id='word_1_242' title='bbox 1043 2242 1243 2300; x_wconf 86' lang='lat' dir='ltr'>debuit</span> <span class='ocrx_word' id='word_1_243' title='bbox 1268 2243 1483 2319; x_wconf 89' lang='lat' dir='ltr'>pariter</span> <span class='ocrx_word' id='word_1_244' title='bbox 1510 2243 1741 2301; x_wconf 90' lang='lat' dir='ltr'>credere</span> <span class='ocrx_word' id='word_1_245' title='bbox 1771 2249 1903 2300; x_wconf 87' lang='lat' dir='ltr'>ante</span> <span class='ocrx_word' id='word_1_246' title='bbox 1932 2243 2155 2317; x_wconf 89' lang='lat' dir='ltr'>lapsum</span> <span class='ocrx_word' id='word_1_247' title='bbox 2180 2261 2240 2299; x_wconf 92' lang='lat' dir='ltr'>se</span> <span class='ocrx_word' id='word_1_248' title='bbox 2262 2241 2385 2300; x_wconf 87' lang='lat' dir='ltr'>vita</span> <span class='ocrx_word' id='word_1_249' title='bbox 2407 2243 2740 2317; x_wconf 88' lang='lat' dir='ltr'>potiturum.</span> 
     </span>
     <span class='ocr_line' id='line_1_25' title="bbox 329 2320 2742 2398; baseline 0.001 -19"><span class='ocrx_word' id='word_1_250' title='bbox 329 2322 476 2395; x_wconf 87' lang='lat' dir='ltr'>Quia</span> <span class='ocrx_word' id='word_1_251' title='bbox 510 2342 624 2379; x_wconf 91' lang='lat' dir='ltr'>non</span> <span class='ocrx_word' id='word_1_252' title='bbox 664 2329 753 2380; x_wconf 86' lang='lat' dir='ltr'>est</span> <span class='ocrx_word' id='word_1_253' title='bbox 790 2342 893 2398; x_wconf 88' lang='lat' dir='ltr'>par</span> <span class='ocrx_word' id='word_1_254' title='bbox 935 2322 1119 2396; x_wconf 88' lang='lat' dir='ltr'>ratio;</span> <span class='ocrx_word' id='word_1_255' title='bbox 1173 2322 1319 2379; x_wconf 90' lang='lat' dir='ltr'>Nam</span> <span class='ocrx_word' id='word_1_256' title='bbox 1364 2322 1424 2379; x_wconf 90' lang='lat' dir='ltr'>in</span> <span class='ocrx_word' id='word_1_257' title='bbox 1469 2330 1624 2380; x_wconf 88' lang='lat' dir='ltr'>statu</span> <span class='ocrx_word' id='word_1_258' title='bbox 1672 2322 2039 2396; x_wconf 78' lang='lat' dir='ltr'>integritatiS‚</span> <span class='ocrx_word' id='word_1_259' title='bbox 2085 2320 2339 2379; x_wconf 91' lang='lat' dir='ltr'>conditio</span> <span class='ocrx_word' id='word_1_260' title='bbox 2384 2322 2574 2381; x_wconf 86' lang='lat' dir='ltr'>adbuc</span> <span class='ocrx_word' id='word_1_261' title='bbox 2619 2333 2742 2383; x_wconf 86' lang='lat' dir='ltr'>erat</span> 
     </span>
     <span class='ocr_line' id='line_1_26' title="bbox 326 2400 2738 2478; baseline 0.001 -20"><span class='ocrx_word' id='word_1_262' title='bbox 326 2401 691 2478; x_wconf 67' lang='lat' dir='ltr'>praestanda3</span> <span class='ocrx_word' id='word_1_263' title='bbox 751 2402 837 2459; x_wconf 87' lang='lat' dir='ltr'>At</span> <span class='ocrx_word' id='word_1_264' title='bbox 865 2410 995 2478; x_wconf 90' lang='lat' dir='ltr'>post</span> <span class='ocrx_word' id='word_1_265' title='bbox 1021 2402 1264 2477; x_wconf 85' lang='lat' dir='ltr'>lapsum,</span> <span class='ocrx_word' id='word_1_266' title='bbox 1297 2402 1549 2459; x_wconf 87' lang='lat' dir='ltr'>conditio</span> <span class='ocrx_word' id='word_1_267' title='bbox 1579 2410 1701 2460; x_wconf 86' lang='lat' dir='ltr'>erat</span> <span class='ocrx_word' id='word_1_268' title='bbox 1731 2402 1947 2459; x_wconf 84' lang='lat' dir='ltr'>violata</span> <span class='ocrx_word' id='word_1_269' title='bbox 1974 2402 2047 2459; x_wconf 90' lang='lat' dir='ltr'>de</span> <span class='ocrx_word' id='word_1_270' title='bbox 2075 2400 2245 2475; x_wconf 83' lang='lat' dir='ltr'>facte,</span> <span class='ocrx_word' id='word_1_271' title='bbox 2276 2409 2449 2477; x_wconf 89' lang='lat' dir='ltr'>atque</span> <span class='ocrx_word' id='word_1_272' title='bbox 2478 2402 2559 2459; x_wconf 87' lang='lat' dir='ltr'>ita</span> <span class='ocrx_word' id='word_1_273' title='bbox 2586 2423 2738 2460; x_wconf 90' lang='lat' dir='ltr'>com-</span> 
     </span>
     <span class='ocr_line' id='line_1_27' title="bbox 328 2481 2737 2558; baseline 0 -19"><span class='ocrx_word' id='word_1_274' title='bbox 328 2482 566 2540; x_wconf 87' lang='lat' dir='ltr'>minatio</span> <span class='ocrx_word' id='word_1_275' title='bbox 602 2490 827 2558; x_wconf 87' lang='lat' dir='ltr'>poterat</span> <span class='ocrx_word' id='word_1_276' title='bbox 855 2482 915 2539; x_wconf 90' lang='lat' dir='ltr'>in</span> <span class='ocrx_word' id='word_1_277' title='bbox 944 2490 1135 2540; x_wconf 87' lang='lat' dir='ltr'>actum</span> <span class='ocrx_word' id='word_1_278' title='bbox 1164 2481 1340 2539; x_wconf 85' lang='lat' dir='ltr'>exeri.</span> <span class='ocrx_word' id='word_1_279' title='bbox 1427 2481 1667 2539; x_wconf 89' lang='lat' dir='ltr'>Interim</span> <span class='ocrx_word' id='word_1_280' title='bbox 1696 2481 1832 2539; x_wconf 90' lang='lat' dir='ltr'>licet</span> <span class='ocrx_word' id='word_1_281' title='bbox 1858 2489 1991 2557; x_wconf 88' lang='lat' dir='ltr'>post</span> <span class='ocrx_word' id='word_1_282' title='bbox 2017 2481 2243 2557; x_wconf 88' lang='lat' dir='ltr'>lapsum</span> <span class='ocrx_word' id='word_1_283' title='bbox 2285 2489 2576 2539; x_wconf 87' lang='lat' dir='ltr'>teneretur</span> <span class='ocrx_word' id='word_1_284' title='bbox 2617 2502 2737 2541; x_wconf 88' lang='lat' dir='ltr'>cre-</span> 
     </span>
     <span class='ocr_line' id='line_1_28' title="bbox 327 2560 2740 2638; baseline 0 -18"><span class='ocrx_word' id='word_1_285' title='bbox 327 2561 463 2621; x_wconf 88' lang='lat' dir='ltr'>dere</span> <span class='ocrx_word' id='word_1_286' title='bbox 493 2562 754 2621; x_wconf 88' lang='lat' dir='ltr'>absolute</span> <span class='ocrx_word' id='word_1_287' title='bbox 785 2582 846 2623; x_wconf 89' lang='lat' dir='ltr'>se</span> <span class='ocrx_word' id='word_1_288' title='bbox 876 2581 1002 2621; x_wconf 90' lang='lat' dir='ltr'>esse</span> <span class='ocrx_word' id='word_1_289' title='bbox 1031 2561 1231 2620; x_wconf 89' lang='lat' dir='ltr'>mortis</span> <span class='ocrx_word' id='word_1_290' title='bbox 1260 2581 1438 2638; x_wconf 91' lang='lat' dir='ltr'>reum,</span> <span class='ocrx_word' id='word_1_291' title='bbox 1472 2560 1544 2621; x_wconf 90' lang='lat' dir='ltr'>de</span> <span class='ocrx_word' id='word_1_292' title='bbox 1574 2569 1785 2621; x_wconf 88' lang='lat' dir='ltr'>eventu</span> <span class='ocrx_word' id='word_1_293' title='bbox 1814 2561 1959 2619; x_wconf 88' lang='lat' dir='ltr'>nihil</span> <span class='ocrx_word' id='word_1_294' title='bbox 1988 2560 2258 2619; x_wconf 87' lang='lat' dir='ltr'>distincte</span> <span class='ocrx_word' id='word_1_295' title='bbox 2286 2561 2591 2621; x_wconf 82' lang='lat' dir='ltr'>tenebatur</span> <span class='ocrx_word' id='word_1_296' title='bbox 2618 2582 2740 2621; x_wconf 91' lang='lat' dir='ltr'>cre-</span> 
     </span>
     <span class='ocr_line' id='line_1_29' title="bbox 328 2642 1418 2720; baseline 0 -20"><span class='ocrx_word' id='word_1_297' title='bbox 328 2642 481 2718; x_wconf 89' lang='lat' dir='ltr'>dere,</span> <span class='ocrx_word' id='word_1_298' title='bbox 527 2643 664 2720; x_wconf 87' lang='lat' dir='ltr'>quia</span> <span class='ocrx_word' id='word_1_299' title='bbox 691 2643 801 2720; x_wconf 92' lang='lat' dir='ltr'>ipsi</span> <span class='ocrx_word' id='word_1_300' title='bbox 831 2663 946 2701; x_wconf 91' lang='lat' dir='ltr'>non</span> <span class='ocrx_word' id='word_1_301' title='bbox 977 2643 1083 2700; x_wconf 89' lang='lat' dir='ltr'>fuit</span> <span class='ocrx_word' id='word_1_302' title='bbox 1111 2642 1418 2700; x_wconf 82' lang='lat' dir='ltr'>revelatus.</span> 
     </span>
    </p>

    <p class='ocr_par' dir='ltr' id='par_1_7' title="bbox 319 2721 2743 3814">
     <span class='ocr_line' id='line_1_30' title="bbox 410 2721 2739 2797; baseline 0 -18"><span class='ocrx_word' id='word_1_303' title='bbox 410 2723 487 2782; x_wconf 90' lang='lat' dir='ltr'>V.</span> <span class='ocrx_word' id='word_1_304' title='bbox 547 2724 842 2781; x_wconf 85' lang='lat' dir='ltr'>Abraham</span> <span class='ocrx_word' id='word_1_305' title='bbox 874 2744 948 2781; x_wconf 90' lang='lat' dir='ltr'>ex</span> <span class='ocrx_word' id='word_1_306' title='bbox 977 2722 1248 2780; x_wconf 87' lang='lat' dir='ltr'>mandato</span> <span class='ocrx_word' id='word_1_307' title='bbox 1281 2722 1409 2797; x_wconf 91' lang='lat' dir='ltr'>Dei,</span> <span class='ocrx_word' id='word_1_308' title='bbox 1444 2722 1592 2781; x_wconf 87' lang='lat' dir='ltr'>Gen.</span> <span class='ocrx_word' id='word_1_309' title='bbox 1626 2723 1790 2796; x_wconf 88' lang='lat' dir='ltr'>xxii.,</span> <span class='ocrx_word' id='word_1_310' title='bbox 1824 2721 1895 2780; x_wconf 88' lang='lat' dir='ltr'>de</span> <span class='ocrx_word' id='word_1_311' title='bbox 1926 2721 2218 2780; x_wconf 86' lang='lat' dir='ltr'>offerendo</span> <span class='ocrx_word' id='word_1_312' title='bbox 2264 2721 2416 2779; x_wconf 90' lang='lat' dir='ltr'>Filio</span> <span class='ocrx_word' id='word_1_313' title='bbox 2447 2742 2551 2780; x_wconf 90' lang='lat' dir='ltr'>suo</span> <span class='ocrx_word' id='word_1_314' title='bbox 2579 2729 2739 2780; x_wconf 89' lang='lat' dir='ltr'>tene·</span> 
     </span>
     <span class='ocr_line' id='line_1_31' title="bbox 319 2800 2736 2879; baseline 0 -19"><span class='ocrx_word' id='word_1_315' title='bbox 319 2802 498 2861; x_wconf 83' lang='lat' dir='ltr'>batur</span> <span class='ocrx_word' id='word_1_316' title='bbox 539 2803 770 2861; x_wconf 87' lang='lat' dir='ltr'>credere</span> <span class='ocrx_word' id='word_1_317' title='bbox 813 2801 969 2879; x_wconf 90' lang='lat' dir='ltr'>quod</span> <span class='ocrx_word' id='word_1_318' title='bbox 1007 2811 1130 2862; x_wconf 85' lang='lat' dir='ltr'>erat</span> <span class='ocrx_word' id='word_1_319' title='bbox 1158 2802 1539 2877; x_wconf 82' lang='lat' dir='ltr'>verissimum,</span> <span class='ocrx_word' id='word_1_320' title='bbox 1589 2803 1773 2860; x_wconf 90' lang='lat' dir='ltr'>Deum</span> <span class='ocrx_word' id='word_1_321' title='bbox 1808 2802 1918 2860; x_wconf 88' lang='lat' dir='ltr'>sibi</span> <span class='ocrx_word' id='word_1_322' title='bbox 1946 2802 2056 2859; x_wconf 92' lang='lat' dir='ltr'>hoc</span> <span class='ocrx_word' id='word_1_323' title='bbox 2086 2800 2314 2860; x_wconf 87' lang='lat' dir='ltr'>dedisse</span> <span class='ocrx_word' id='word_1_324' title='bbox 2344 2801 2403 2859; x_wconf 89' lang='lat' dir='ltr'>in</span> <span class='ocrx_word' id='word_1_325' title='bbox 2433 2801 2736 2877; x_wconf 72' lang='lat' dir='ltr'>mandatiS,</span> 
     </span>
     <span class='ocr_line' id='line_1_32' title="bbox 328 2881 2739 2956; baseline 0.001 -18"><span class='ocrx_word' id='word_1_326' title='bbox 328 2891 393 2939; x_wconf 88' lang='lat' dir='ltr'>ut</span> <span class='ocrx_word' id='word_1_327' title='bbox 424 2883 636 2939; x_wconf 89' lang='lat' dir='ltr'>Filium</span> <span class='ocrx_word' id='word_1_328' title='bbox 667 2883 970 2956; x_wconf 88' lang='lat' dir='ltr'>occideret,</span> <span class='ocrx_word' id='word_1_329' title='bbox 1003 2890 1061 2940; x_wconf 94' lang='lat' dir='ltr'>et</span> <span class='ocrx_word' id='word_1_330' title='bbox 1090 2891 1358 2940; x_wconf 86' lang='lat' dir='ltr'>eventum</span> <span class='ocrx_word' id='word_1_331' title='bbox 1393 2883 1519 2940; x_wconf 88' lang='lat' dir='ltr'>Deo</span> <span class='ocrx_word' id='word_1_332' title='bbox 1549 2883 1924 2940; x_wconf 88' lang='lat' dir='ltr'>committere.</span> <span class='ocrx_word' id='word_1_333' title='bbox 2001 2881 2116 2939; x_wconf 84' lang='lat' dir='ltr'>Sed</span> <span class='ocrx_word' id='word_1_334' title='bbox 2144 2901 2260 2939; x_wconf 91' lang='lat' dir='ltr'>non</span> <span class='ocrx_word' id='word_1_335' title='bbox 2290 2882 2593 2940; x_wconf 87' lang='lat' dir='ltr'>tenebatur</span> <span class='ocrx_word' id='word_1_336' title='bbox 2620 2901 2739 2940; x_wconf 88' lang='lat' dir='ltr'>cre-</span> 
     </span>
     <span class='ocr_line' id='line_1_33' title="bbox 331 2958 2740 3038; baseline 0.001 -22"><span class='ocrx_word' id='word_1_337' title='bbox 331 2960 483 3032; x_wconf 89' lang='lat' dir='ltr'>dere,</span> <span class='ocrx_word' id='word_1_338' title='bbox 530 2961 648 3018; x_wconf 91' lang='lat' dir='ltr'>fore</span> <span class='ocrx_word' id='word_1_339' title='bbox 693 2969 756 3018; x_wconf 90' lang='lat' dir='ltr'>ut</span> <span class='ocrx_word' id='word_1_340' title='bbox 793 2962 958 3018; x_wconf 85' lang='lat' dir='ltr'>Isaac</span> <span class='ocrx_word' id='word_1_341' title='bbox 988 2981 1022 3017; x_wconf 87' lang='lat' dir='ltr'>a</span> <span class='ocrx_word' id='word_1_342' title='bbox 1051 2980 1112 3019; x_wconf 88' lang='lat' dir='ltr'>se</span> <span class='ocrx_word' id='word_1_343' title='bbox 1155 2961 1527 3035; x_wconf 88' lang='lat' dir='ltr'>occideretur,</span> <span class='ocrx_word' id='word_1_344' title='bbox 1573 2961 1729 3038; x_wconf 90' lang='lat' dir='ltr'>quod</span> <span class='ocrx_word' id='word_1_345' title='bbox 1760 2961 1968 3018; x_wconf 90' lang='lat' dir='ltr'>falsum</span> <span class='ocrx_word' id='word_1_346' title='bbox 2014 2969 2168 3035; x_wconf 85' lang='lat' dir='ltr'>erat;</span> <span class='ocrx_word' id='word_1_347' title='bbox 2214 2961 2323 3018; x_wconf 88' lang='lat' dir='ltr'>etsi</span> <span class='ocrx_word' id='word_1_348' title='bbox 2352 2958 2496 3018; x_wconf 88' lang='lat' dir='ltr'>forte</span> <span class='ocrx_word' id='word_1_349' title='bbox 2526 2961 2584 3018; x_wconf 91' lang='lat' dir='ltr'>in</span> <span class='ocrx_word' id='word_1_350' title='bbox 2614 2980 2740 3018; x_wconf 85' lang='lat' dir='ltr'>eam</span> 
     </span>
     <span class='ocr_line' id='line_1_34' title="bbox 327 3038 2738 3114; baseline 0 -19"><span class='ocrx_word' id='word_1_351' title='bbox 327 3040 654 3114; x_wconf 89' lang='lat' dir='ltr'>opinionem</span> <span class='ocrx_word' id='word_1_352' title='bbox 700 3039 1017 3110; x_wconf 86' lang='lat' dir='ltr'>devenerit,</span> <span class='ocrx_word' id='word_1_353' title='bbox 1066 3060 1135 3096; x_wconf 85' lang='lat' dir='ltr'>eo</span> <span class='ocrx_word' id='word_1_354' title='bbox 1178 3040 1335 3114; x_wconf 90' lang='lat' dir='ltr'>quod</span> <span class='ocrx_word' id='word_1_355' title='bbox 1380 3060 1613 3097; x_wconf 89' lang='lat' dir='ltr'>sensum</span> <span class='ocrx_word' id='word_1_356' title='bbox 1653 3050 1710 3098; x_wconf 92' lang='lat' dir='ltr'>et</span> <span class='ocrx_word' id='word_1_357' title='bbox 1752 3039 1924 3097; x_wconf 88' lang='lat' dir='ltr'>finem</span> <span class='ocrx_word' id='word_1_358' title='bbox 1966 3038 2221 3096; x_wconf 86' lang='lat' dir='ltr'>mandati</span> <span class='ocrx_word' id='word_1_359' title='bbox 2250 3038 2324 3095; x_wconf 85' lang='lat' dir='ltr'>ad</span> <span class='ocrx_word' id='word_1_360' title='bbox 2355 3059 2415 3095; x_wconf 88' lang='lat' dir='ltr'>se</span> <span class='ocrx_word' id='word_1_361' title='bbox 2445 3038 2581 3096; x_wconf 87' lang='lat' dir='ltr'>facti</span> <span class='ocrx_word' id='word_1_362' title='bbox 2622 3059 2738 3097; x_wconf 89' lang='lat' dir='ltr'>non</span> 
     </span>
     <span class='ocr_line' id='line_1_35' title="bbox 331 3116 2741 3193; baseline 0 -18"><span class='ocrx_word' id='word_1_363' title='bbox 331 3118 472 3176; x_wconf 87' lang='lat' dir='ltr'>satis</span> <span class='ocrx_word' id='word_1_364' title='bbox 561 3118 853 3193; x_wconf 88' lang='lat' dir='ltr'>erciperet,</span> <span class='ocrx_word' id='word_1_365' title='bbox 901 3116 1002 3175; x_wconf 90' lang='lat' dir='ltr'>sed</span> <span class='ocrx_word' id='word_1_366' title='bbox 1045 3138 1173 3192; x_wconf 82' lang='lat' dir='ltr'>quae</span> <span class='ocrx_word' id='word_1_367' title='bbox 1202 3117 1345 3175; x_wconf 86' lang='lat' dir='ltr'>fides</span> <span class='ocrx_word' id='word_1_368' title='bbox 1374 3119 1625 3176; x_wconf 87' lang='lat' dir='ltr'>humana</span> <span class='ocrx_word' id='word_1_369' title='bbox 1666 3126 1788 3176; x_wconf 86' lang='lat' dir='ltr'>erat</span> <span class='ocrx_word' id='word_1_370' title='bbox 1829 3126 2070 3190; x_wconf 90' lang='lat' dir='ltr'>tantum,</span> <span class='ocrx_word' id='word_1_371' title='bbox 2114 3137 2229 3173; x_wconf 90' lang='lat' dir='ltr'>non</span> <span class='ocrx_word' id='word_1_372' title='bbox 2273 3116 2490 3174; x_wconf 84' lang='lat' dir='ltr'>divina.</span> <span class='ocrx_word' id='word_1_373' title='bbox 2578 3118 2741 3175; x_wconf 90' lang='lat' dir='ltr'>Licet</span> 
     </span>
     <span class='ocr_line' id='line_1_36' title="bbox 330 3195 2740 3273; baseline -0 -19"><span class='ocrx_word' id='word_1_374' title='bbox 330 3218 469 3255; x_wconf 90' lang='lat' dir='ltr'>vero</span> <span class='ocrx_word' id='word_1_375' title='bbox 554 3196 624 3254; x_wconf 90' lang='lat' dir='ltr'>de</span> <span class='ocrx_word' id='word_1_376' title='bbox 668 3196 866 3254; x_wconf 87' lang='lat' dir='ltr'>divina</span> <span class='ocrx_word' id='word_1_377' title='bbox 908 3195 1216 3254; x_wconf 88' lang='lat' dir='ltr'>crediderit</span> <span class='ocrx_word' id='word_1_378' title='bbox 1246 3196 1614 3254; x_wconf 86' lang='lat' dir='ltr'>Abrahamus</span> <span class='ocrx_word' id='word_1_379' title='bbox 1660 3197 1848 3254; x_wconf 88' lang='lat' dir='ltr'>Deum</span> <span class='ocrx_word' id='word_1_380' title='bbox 1877 3205 2170 3273; x_wconf 87' lang='lat' dir='ltr'>potentem</span> <span class='ocrx_word' id='word_1_381' title='bbox 2201 3214 2327 3253; x_wconf 85' lang='lat' dir='ltr'>esse</span> <span class='ocrx_word' id='word_1_382' title='bbox 2356 3195 2428 3252; x_wconf 86' lang='lat' dir='ltr'>ad</span> <span class='ocrx_word' id='word_1_383' title='bbox 2460 3196 2740 3253; x_wconf 86' lang='lat' dir='ltr'>suscitan-</span> 
     </span>
     <span class='ocr_line' id='line_1_37' title="bbox 329 3274 2739 3352; baseline -0 -18"><span class='ocrx_word' id='word_1_384' title='bbox 329 3277 464 3334; x_wconf 86' lang='lat' dir='ltr'>dum</span> <span class='ocrx_word' id='word_1_385' title='bbox 513 3277 745 3350; x_wconf 85' lang='lat' dir='ltr'>Filium,</span> <span class='ocrx_word' id='word_1_386' title='bbox 778 3277 828 3334; x_wconf 92' lang='lat' dir='ltr'>si</span> <span class='ocrx_word' id='word_1_387' title='bbox 855 3284 1205 3349; x_wconf 84' lang='lat' dir='ltr'>moreretur:</span> <span class='ocrx_word' id='word_1_388' title='bbox 1251 3276 1383 3333; x_wconf 90' lang='lat' dir='ltr'>Non</span> <span class='ocrx_word' id='word_1_389' title='bbox 1420 3276 1680 3352; x_wconf 88' lang='lat' dir='ltr'>sequitur</span> <span class='ocrx_word' id='word_1_390' title='bbox 1713 3276 1924 3352; x_wconf 87' lang='lat' dir='ltr'>pariter</span> <span class='ocrx_word' id='word_1_391' title='bbox 1952 3275 2064 3332; x_wconf 91' lang='lat' dir='ltr'>fide</span> <span class='ocrx_word' id='word_1_392' title='bbox 2095 3274 2292 3331; x_wconf 90' lang='lat' dir='ltr'>divina</span> <span class='ocrx_word' id='word_1_393' title='bbox 2322 3274 2589 3332; x_wconf 86' lang='lat' dir='ltr'>debuisse</span> <span class='ocrx_word' id='word_1_394' title='bbox 2620 3296 2739 3334; x_wconf 89' lang='lat' dir='ltr'>cre-</span> 
     </span>
     <span class='ocr_line' id='line_1_38' title="bbox 329 3353 2739 3433; baseline -0 -19"><span class='ocrx_word' id='word_1_395' title='bbox 329 3357 464 3415; x_wconf 90' lang='lat' dir='ltr'>dere</span> <span class='ocrx_word' id='word_1_396' title='bbox 493 3358 618 3433; x_wconf 91' lang='lat' dir='ltr'>ejus</span> <span class='ocrx_word' id='word_1_397' title='bbox 648 3365 923 3431; x_wconf 83' lang='lat' dir='ltr'>mortem3</span> <span class='ocrx_word' id='word_1_398' title='bbox 971 3356 1092 3414; x_wconf 85' lang='lat' dir='ltr'>Nec</span> <span class='ocrx_word' id='word_1_399' title='bbox 1120 3355 1230 3413; x_wconf 93' lang='lat' dir='ltr'>hoc</span> <span class='ocrx_word' id='word_1_400' title='bbox 1260 3356 1516 3413; x_wconf 87' lang='lat' dir='ltr'>minuere</span> <span class='ocrx_word' id='word_1_401' title='bbox 1546 3355 1747 3413; x_wconf 89' lang='lat' dir='ltr'>debuit</span> <span class='ocrx_word' id='word_1_402' title='bbox 1775 3356 1900 3431; x_wconf 88' lang='lat' dir='ltr'>ejus</span> <span class='ocrx_word' id='word_1_403' title='bbox 1929 3354 2279 3412; x_wconf 87' lang='lat' dir='ltr'>alacritatem</span> <span class='ocrx_word' id='word_1_404' title='bbox 2311 3353 2369 3411; x_wconf 90' lang='lat' dir='ltr'>in</span> <span class='ocrx_word' id='word_1_405' title='bbox 2399 3354 2739 3429; x_wconf 86' lang='lat' dir='ltr'>exequendo</span> 
     </span>
     <span class='ocr_line' id='line_1_39' title="bbox 336 3433 2741 3513; baseline -0.001 -19"><span class='ocrx_word' id='word_1_406' title='bbox 336 3437 539 3510; x_wconf 91' lang='lat' dir='ltr'>offici0,</span> <span class='ocrx_word' id='word_1_407' title='bbox 586 3437 721 3513; x_wconf 89' lang='lat' dir='ltr'>quia</span> <span class='ocrx_word' id='word_1_408' title='bbox 750 3457 865 3493; x_wconf 92' lang='lat' dir='ltr'>non</span> <span class='ocrx_word' id='word_1_409' title='bbox 894 3436 1092 3494; x_wconf 90' lang='lat' dir='ltr'>debuit</span> <span class='ocrx_word' id='word_1_410' title='bbox 1121 3435 1415 3494; x_wconf 87' lang='lat' dir='ltr'>attendere</span> <span class='ocrx_word' id='word_1_411' title='bbox 1445 3436 1518 3492; x_wconf 90' lang='lat' dir='ltr'>ad</span> <span class='ocrx_word' id='word_1_412' title='bbox 1548 3444 1836 3509; x_wconf 88' lang='lat' dir='ltr'>eventum,</span> <span class='ocrx_word' id='word_1_413' title='bbox 1869 3434 1969 3492; x_wconf 87' lang='lat' dir='ltr'>sed</span> <span class='ocrx_word' id='word_1_414' title='bbox 2001 3442 2221 3493; x_wconf 88' lang='lat' dir='ltr'>tantum</span> <span class='ocrx_word' id='word_1_415' title='bbox 2252 3433 2326 3491; x_wconf 88' lang='lat' dir='ltr'>ad</span> <span class='ocrx_word' id='word_1_416' title='bbox 2355 3433 2599 3492; x_wconf 90' lang='lat' dir='ltr'>officium</span> <span class='ocrx_word' id='word_1_417' title='bbox 2633 3434 2741 3492; x_wconf 90' lang='lat' dir='ltr'>sibi</span> 
     </span>
     <span class='ocr_line' id='line_1_40' title="bbox 328 3513 2743 3594; baseline -0.001 -19"><span class='ocrx_word' id='word_1_418' title='bbox 328 3518 753 3594; x_wconf 80' lang='lat' dir='ltr'>praescriptum3</span> <span class='ocrx_word' id='word_1_419' title='bbox 800 3517 894 3574; x_wconf 83' lang='lat' dir='ltr'>vel</span> <span class='ocrx_word' id='word_1_420' title='bbox 923 3516 1197 3592; x_wconf 84' lang='lat' dir='ltr'>impedire</span> <span class='ocrx_word' id='word_1_421' title='bbox 1247 3516 1435 3593; x_wconf 89' lang='lat' dir='ltr'>potuit</span> <span class='ocrx_word' id='word_1_422' title='bbox 1461 3514 1596 3572; x_wconf 91' lang='lat' dir='ltr'>fidei</span> <span class='ocrx_word' id='word_1_423' title='bbox 1627 3535 1744 3573; x_wconf 85' lang='lat' dir='ltr'>suae</span> <span class='ocrx_word' id='word_1_424' title='bbox 1775 3515 2245 3591; x_wconf 88' lang='lat' dir='ltr'>explorationem,</span> <span class='ocrx_word' id='word_1_425' title='bbox 2277 3534 2406 3591; x_wconf 81' lang='lat' dir='ltr'>quae</span> <span class='ocrx_word' id='word_1_426' title='bbox 2429 3513 2487 3571; x_wconf 89' lang='lat' dir='ltr'>in</span> <span class='ocrx_word' id='word_1_427' title='bbox 2511 3534 2578 3572; x_wconf 91' lang='lat' dir='ltr'>eo</span> <span class='ocrx_word' id='word_1_428' title='bbox 2601 3514 2743 3574; x_wconf 86' lang='lat' dir='ltr'>satis</span> 
     </span>
     <span class='ocr_line' id='line_1_41' title="bbox 328 3594 2738 3675; baseline -0.001 -20"><span class='ocrx_word' id='word_1_429' title='bbox 328 3599 530 3674; x_wconf 88' lang='lat' dir='ltr'>patuit,</span> <span class='ocrx_word' id='word_1_430' title='bbox 576 3597 807 3675; x_wconf 87' lang='lat' dir='ltr'>quando</span> <span class='ocrx_word' id='word_1_431' title='bbox 842 3617 958 3654; x_wconf 91' lang='lat' dir='ltr'>non</span> <span class='ocrx_word' id='word_1_432' title='bbox 988 3596 1351 3655; x_wconf 85' lang='lat' dir='ltr'>obstantibus</span> <span class='ocrx_word' id='word_1_433' title='bbox 1397 3596 1664 3653; x_wconf 90' lang='lat' dir='ltr'>omnibus</span> <span class='ocrx_word' id='word_1_434' title='bbox 1713 3594 2136 3672; x_wconf 89' lang='lat' dir='ltr'>impedimentis</span> <span class='ocrx_word' id='word_1_435' title='bbox 2182 3594 2533 3671; x_wconf 87' lang='lat' dir='ltr'>impletionis</span> <span class='ocrx_word' id='word_1_436' title='bbox 2582 3595 2738 3653; x_wconf 89' lang='lat' dir='ltr'>illius</span> 
     </span>
     <span class='ocr_line' id='line_1_42' title="bbox 328 3674 2738 3755; baseline -0.001 -21"><span class='ocrx_word' id='word_1_437' title='bbox 328 3678 616 3755; x_wconf 79' lang='lat' dir='ltr'>praecepti,</span> <span class='ocrx_word' id='word_1_438' title='bbox 662 3677 914 3735; x_wconf 84' lang='lat' dir='ltr'>accinxit</span> <span class='ocrx_word' id='word_1_439' title='bbox 943 3697 1004 3734; x_wconf 90' lang='lat' dir='ltr'>se</span> <span class='ocrx_word' id='word_1_440' title='bbox 1033 3686 1224 3734; x_wconf 90' lang='lat' dir='ltr'>tamen</span> <span class='ocrx_word' id='word_1_441' title='bbox 1254 3676 1327 3733; x_wconf 86' lang='lat' dir='ltr'>ad</span> <span class='ocrx_word' id='word_1_442' title='bbox 1357 3677 1483 3752; x_wconf 88' lang='lat' dir='ltr'>ejus</span> <span class='ocrx_word' id='word_1_443' title='bbox 1512 3675 1923 3752; x_wconf 89' lang='lat' dir='ltr'>impletionem,</span> <span class='ocrx_word' id='word_1_444' title='bbox 1965 3674 2091 3733; x_wconf 91' lang='lat' dir='ltr'>Deo</span> <span class='ocrx_word' id='word_1_445' title='bbox 2127 3674 2539 3732; x_wconf 89' lang='lat' dir='ltr'>commendans</span> <span class='ocrx_word' id='word_1_446' title='bbox 2567 3695 2738 3732; x_wconf 84' lang='lat' dir='ltr'>even-</span> 
     </span>
     <span class='ocr_line' id='line_1_43' title="bbox 334 3766 475 3814; baseline 0 0"><span class='ocrx_word' id='word_1_447' title='bbox 334 3766 475 3814; x_wconf 89' lang='lat' dir='ltr'>tum.</span> 
     </span>
    </p>

    <p class='ocr_par' dir='ltr' id='par_1_8' title="bbox 330 3832 2741 4212">
     <span class='ocr_line' id='line_1_44' title="bbox 411 3832 2737 3907; baseline -0.001 -16"><span class='ocrx_word' id='word_1_448' title='bbox 411 3836 522 3894; x_wconf 79' lang='lat' dir='ltr'>VI.</span> <span class='ocrx_word' id='word_1_449' title='bbox 569 3837 700 3893; x_wconf 93' lang='lat' dir='ltr'>Non</span> <span class='ocrx_word' id='word_1_450' title='bbox 729 3837 1070 3893; x_wconf 88' lang='lat' dir='ltr'>tenebantur</span> <span class='ocrx_word' id='word_1_451' title='bbox 1099 3835 1380 3893; x_wconf 77' lang='lat' dir='ltr'>Isra&#39;elitae</span> <span class='ocrx_word' id='word_1_452' title='bbox 1410 3834 1643 3893; x_wconf 89' lang='lat' dir='ltr'>credere</span> <span class='ocrx_word' id='word_1_453' title='bbox 1673 3834 1935 3892; x_wconf 85' lang='lat' dir='ltr'>absolute</span> <span class='ocrx_word' id='word_1_454' title='bbox 1965 3853 2037 3890; x_wconf 87' lang='lat' dir='ltr'>cx</span> <span class='ocrx_word' id='word_1_455' title='bbox 2071 3833 2181 3890; x_wconf 87' lang='lat' dir='ltr'>Dei</span> <span class='ocrx_word' id='word_1_456' title='bbox 2211 3832 2588 3907; x_wconf 88' lang='lat' dir='ltr'>promissione</span> <span class='ocrx_word' id='word_1_457' title='bbox 2618 3851 2737 3889; x_wconf 87' lang='lat' dir='ltr'>om·</span> 
     </span>
     <span class='ocr_line' id='line_1_45' title="bbox 331 3911 2740 3989; baseline 0 -19"><span class='ocrx_word' id='word_1_458' title='bbox 331 3934 434 3971; x_wconf 90' lang='lat' dir='ltr'>nes</span> <span class='ocrx_word' id='word_1_459' title='bbox 464 3924 522 3972; x_wconf 88' lang='lat' dir='ltr'>et</span> <span class='ocrx_word' id='word_1_460' title='bbox 551 3915 811 3989; x_wconf 84' lang='lat' dir='ltr'>singulos</span> <span class='ocrx_word' id='word_1_461' title='bbox 841 3916 1200 3989; x_wconf 86' lang='lat' dir='ltr'>ingressuros</span> <span class='ocrx_word' id='word_1_462' title='bbox 1229 3916 1288 3971; x_wconf 92' lang='lat' dir='ltr'>in</span> <span class='ocrx_word' id='word_1_463' title='bbox 1318 3924 1527 3972; x_wconf 86' lang='lat' dir='ltr'>terram</span> <span class='ocrx_word' id='word_1_464' title='bbox 1549 3915 1779 3971; x_wconf 82' lang='lat' dir='ltr'>Canaan</span> <span class='ocrx_word' id='word_1_465' title='bbox 1811 3913 1932 3970; x_wconf 88' lang='lat' dir='ltr'>sine</span> <span class='ocrx_word' id='word_1_466' title='bbox 1960 3913 2081 3969; x_wconf 84' lang='lat' dir='ltr'>ulla</span> <span class='ocrx_word' id='word_1_467' title='bbox 2109 3911 2464 3983; x_wconf 82' lang='lat' dir='ltr'>conditione3</span> <span class='ocrx_word' id='word_1_468' title='bbox 2498 3920 2740 3971; x_wconf 85' lang='lat' dir='ltr'>eventus</span> 
     </span>
     <span class='ocr_line' id='line_1_46' title="bbox 330 3989 2737 4071; baseline -0.001 -21"><span class='ocrx_word' id='word_1_469' title='bbox 330 3994 482 4051; x_wconf 91' lang='lat' dir='ltr'>enim</span> <span class='ocrx_word' id='word_1_470' title='bbox 530 3993 725 4051; x_wconf 89' lang='lat' dir='ltr'>docuit</span> <span class='ocrx_word' id='word_1_471' title='bbox 771 3994 1155 4071; x_wconf 84' lang='lat' dir='ltr'>conditionem</span> <span class='ocrx_word' id='word_1_472' title='bbox 1203 3994 1354 4066; x_wconf 87' lang='lat' dir='ltr'>fidei,</span> <span class='ocrx_word' id='word_1_473' title='bbox 1399 3994 1536 4052; x_wconf 89' lang='lat' dir='ltr'>licet</span> <span class='ocrx_word' id='word_1_474' title='bbox 1575 3994 1827 4065; x_wconf 85' lang='lat' dir='ltr'>tacitam,</span> <span class='ocrx_word' id='word_1_475' title='bbox 1875 4010 2099 4065; x_wconf 84' lang='lat' dir='ltr'>semper</span> <span class='ocrx_word' id='word_1_476' title='bbox 2144 3990 2497 4065; x_wconf 84' lang='lat' dir='ltr'>suppositam</span> <span class='ocrx_word' id='word_1_477' title='bbox 2544 3989 2737 4064; x_wconf 84' lang='lat' dir='ltr'>fuisse,</span> 
     </span>
     <span class='ocr_line' id='line_1_47' title="bbox 330 4069 2741 4149; baseline -0.001 -18"><span class='ocrx_word' id='word_1_478' title='bbox 330 4093 444 4149; x_wconf 86' lang='lat' dir='ltr'>qua</span> <span class='ocrx_word' id='word_1_479' title='bbox 472 4094 602 4131; x_wconf 89' lang='lat' dir='ltr'>cum</span> <span class='ocrx_word' id='word_1_480' title='bbox 632 4074 889 4149; x_wconf 92' lang='lat' dir='ltr'>plerique</span> <span class='ocrx_word' id='word_1_481' title='bbox 921 4072 1181 4131; x_wconf 88' lang='lat' dir='ltr'>destituti</span> <span class='ocrx_word' id='word_1_482' title='bbox 1208 4073 1436 4147; x_wconf 83' lang='lat' dir='ltr'>fuerint,</span> <span class='ocrx_word' id='word_1_483' title='bbox 1469 4072 1677 4130; x_wconf 90' lang='lat' dir='ltr'>mirum</span> <span class='ocrx_word' id='word_1_484' title='bbox 1706 4092 1823 4129; x_wconf 89' lang='lat' dir='ltr'>non</span> <span class='ocrx_word' id='word_1_485' title='bbox 1852 4079 1939 4127; x_wconf 90' lang='lat' dir='ltr'>est</span> <span class='ocrx_word' id='word_1_486' title='bbox 1969 4070 2017 4126; x_wconf 87' lang='lat' dir='ltr'>si</span> <span class='ocrx_word' id='word_1_487' title='bbox 2048 4069 2269 4126; x_wconf 87' lang='lat' dir='ltr'>exclusi</span> <span class='ocrx_word' id='word_1_488' title='bbox 2298 4069 2511 4127; x_wconf 86' lang='lat' dir='ltr'>fuerint</span> <span class='ocrx_word' id='word_1_489' title='bbox 2538 4069 2611 4126; x_wconf 90' lang='lat' dir='ltr'>ab</span> <span class='ocrx_word' id='word_1_490' title='bbox 2633 4070 2741 4128; x_wconf 88' lang='lat' dir='ltr'>hoc</span> 
     </span>
     <span class='ocr_line' id='line_1_48' title="bbox 335 4153 632 4212; baseline -0.003 0"><span class='ocrx_word' id='word_1_491' title='bbox 335 4153 632 4212; x_wconf 81' lang='lat' dir='ltr'>beneficiO.</span> 
     </span>
    </p>

    <p class='ocr_par' dir='ltr' id='par_1_9' title="bbox 328 4226 2812 4628">
     <span class='ocr_line' id='line_1_49' title="bbox 415 4226 2744 4304; baseline -0.003 -13"><span class='ocrx_word' id='word_1_492' title='bbox 415 4234 562 4292; x_wconf 91' lang='lat' dir='ltr'>VII.</span> <span class='ocrx_word' id='word_1_493' title='bbox 623 4233 787 4291; x_wconf 88' lang='lat' dir='ltr'>Licet</span> <span class='ocrx_word' id='word_1_494' title='bbox 831 4241 1129 4291; x_wconf 85' lang='lat' dir='ltr'>teneamur</span> <span class='ocrx_word' id='word_1_495' title='bbox 1171 4231 1400 4289; x_wconf 86' lang='lat' dir='ltr'>eredere</span> <span class='ocrx_word' id='word_1_496' title='bbox 1453 4233 1641 4289; x_wconf 87' lang='lat' dir='ltr'>Deum</span> <span class='ocrx_word' id='word_1_497' title='bbox 1687 4228 1838 4287; x_wconf 83' lang='lat' dir='ltr'>velle</span> <span class='ocrx_word' id='word_1_498' title='bbox 1883 4228 2228 4304; x_wconf 74' lang='lat' dir='ltr'>praeceptive</span> <span class='ocrx_word' id='word_1_499' title='bbox 2269 4236 2327 4286; x_wconf 90' lang='lat' dir='ltr'>et</span> <span class='ocrx_word' id='word_1_500' title='bbox 2369 4226 2744 4303; x_wconf 82' lang='lat' dir='ltr'>approbative</span> 
     </span>
     <span class='ocr_line' id='line_1_50' title="bbox 328 4306 2740 4390; baseline -0.003 -19"><span class='ocrx_word' id='word_1_501' title='bbox 328 4313 485 4390; x_wconf 89' lang='lat' dir='ltr'>quod</span> <span class='ocrx_word' id='word_1_502' title='bbox 530 4333 823 4390; x_wconf 84' lang='lat' dir='ltr'>nunquam</span> <span class='ocrx_word' id='word_1_503' title='bbox 854 4313 924 4370; x_wconf 89' lang='lat' dir='ltr'>de</span> <span class='ocrx_word' id='word_1_504' title='bbox 955 4310 1105 4371; x_wconf 88' lang='lat' dir='ltr'>facto</span> <span class='ocrx_word' id='word_1_505' title='bbox 1152 4310 1407 4369; x_wconf 86' lang='lat' dir='ltr'>futurum</span> <span class='ocrx_word' id='word_1_506' title='bbox 1446 4320 1534 4369; x_wconf 88' lang='lat' dir='ltr'>est</span> <span class='ocrx_word' id='word_1_507' title='bbox 1571 4317 1805 4386; x_wconf 84' lang='lat' dir='ltr'>propter</span> <span class='ocrx_word' id='word_1_508' title='bbox 1849 4308 2268 4366; x_wconf 88' lang='lat' dir='ltr'>contumaciam</span> <span class='ocrx_word' id='word_1_509' title='bbox 2312 4306 2578 4381; x_wconf 89' lang='lat' dir='ltr'>hominis,</span> <span class='ocrx_word' id='word_1_510' title='bbox 2625 4327 2740 4364; x_wconf 89' lang='lat' dir='ltr'>non</span> 
     </span>
     <span class='ocr_line' id='line_1_51' title="bbox 329 4386 2742 4469; baseline -0.002 -19"><span class='ocrx_word' id='word_1_511' title='bbox 329 4393 464 4450; x_wconf 91' lang='lat' dir='ltr'>inde</span> <span class='ocrx_word' id='word_1_512' title='bbox 496 4394 755 4469; x_wconf 90' lang='lat' dir='ltr'>sequitur</span> <span class='ocrx_word' id='word_1_513' title='bbox 782 4413 887 4451; x_wconf 90' lang='lat' dir='ltr'>nos</span> <span class='ocrx_word' id='word_1_514' title='bbox 915 4393 1097 4449; x_wconf 88' lang='lat' dir='ltr'>teneri</span> <span class='ocrx_word' id='word_1_515' title='bbox 1128 4391 1357 4450; x_wconf 89' lang='lat' dir='ltr'>credere</span> <span class='ocrx_word' id='word_1_516' title='bbox 1393 4390 1636 4462; x_wconf 83' lang='lat' dir='ltr'>falsum3</span> <span class='ocrx_word' id='word_1_517' title='bbox 1699 4387 1847 4463; x_wconf 86' lang='lat' dir='ltr'>Quia</span> <span class='ocrx_word' id='word_1_518' title='bbox 1891 4408 2007 4445; x_wconf 93' lang='lat' dir='ltr'>non</span> <span class='ocrx_word' id='word_1_519' title='bbox 2052 4397 2313 4446; x_wconf 89' lang='lat' dir='ltr'>tenemur</span> <span class='ocrx_word' id='word_1_520' title='bbox 2357 4386 2587 4444; x_wconf 87' lang='lat' dir='ltr'>credere</span> <span class='ocrx_word' id='word_1_521' title='bbox 2630 4387 2742 4445; x_wconf 90' lang='lat' dir='ltr'>hoc</span> 
     </span>
     <span class='ocr_line' id='line_1_52' title="bbox 335 4466 2812 4549; baseline -0.001 -21"><span class='ocrx_word' id='word_1_522' title='bbox 335 4472 589 4530; x_wconf 87' lang='lat' dir='ltr'>futurum</span> <span class='ocrx_word' id='word_1_523' title='bbox 635 4474 840 4549; x_wconf 86' lang='lat' dir='ltr'>reipsa,</span> <span class='ocrx_word' id='word_1_524' title='bbox 873 4472 969 4530; x_wconf 87' lang='lat' dir='ltr'>vel</span> <span class='ocrx_word' id='word_1_525' title='bbox 1002 4473 1187 4530; x_wconf 90' lang='lat' dir='ltr'>Deum</span> <span class='ocrx_word' id='word_1_526' title='bbox 1219 4469 1365 4528; x_wconf 90' lang='lat' dir='ltr'>illud</span> <span class='ocrx_word' id='word_1_527' title='bbox 1406 4469 1750 4543; x_wconf 84' lang='lat' dir='ltr'>decrevisse,</span> <span class='ocrx_word' id='word_1_528' title='bbox 1796 4467 1898 4525; x_wconf 91' lang='lat' dir='ltr'>sed</span> <span class='ocrx_word' id='word_1_529' title='bbox 1940 4476 2165 4527; x_wconf 89' lang='lat' dir='ltr'>tantum</span> <span class='ocrx_word' id='word_1_530' title='bbox 2210 4467 2397 4525; x_wconf 90' lang='lat' dir='ltr'>Deum</span> <span class='ocrx_word' id='word_1_531' title='bbox 2440 4466 2592 4524; x_wconf 84' lang='lat' dir='ltr'>velle</span> <span class='ocrx_word' id='word_1_532' title='bbox 2634 4467 2744 4526; x_wconf 91' lang='lat' dir='ltr'>hoc</span> <span class='ocrx_word' id='word_1_533' title='bbox 2792 4495 2812 4513; x_wconf 82' lang='lat'><strong>·</strong></span> 
     </span>
     <span class='ocr_line' id='line_1_53' title="bbox 336 4547 2460 4628; baseline -0.003 -20"><span class='ocrx_word' id='word_1_534' title='bbox 336 4552 645 4628; x_wconf 81' lang='lat' dir='ltr'>praecipere</span> <span class='ocrx_word' id='word_1_535' title='bbox 673 4552 909 4627; x_wconf 88' lang='lat' dir='ltr'>homini,</span> <span class='ocrx_word' id='word_1_536' title='bbox 942 4561 1001 4612; x_wconf 89' lang='lat' dir='ltr'>et</span> <span class='ocrx_word' id='word_1_537' title='bbox 1026 4552 1136 4611; x_wconf 91' lang='lat' dir='ltr'>hoc</span> <span class='ocrx_word' id='word_1_538' title='bbox 1166 4570 1292 4610; x_wconf 86' lang='lat' dir='ltr'>esse</span> <span class='ocrx_word' id='word_1_539' title='bbox 1323 4548 1570 4607; x_wconf 88' lang='lat' dir='ltr'>officium</span> <span class='ocrx_word' id='word_1_540' title='bbox 1602 4548 1746 4626; x_wconf 75' lang='lat' dir='ltr'>ejuS,</span> <span class='ocrx_word' id='word_1_541' title='bbox 1778 4548 1933 4625; x_wconf 90' lang='lat' dir='ltr'>quod</span> <span class='ocrx_word' id='word_1_542' title='bbox 1962 4557 2050 4605; x_wconf 89' lang='lat' dir='ltr'>est</span> <span class='ocrx_word' id='word_1_543' title='bbox 2078 4547 2460 4604; x_wconf 79' lang='lat' dir='ltr'>verissimum.</span> 
     </span>
    </p>

    <p class='ocr_par' dir='ltr' id='par_1_10' title="bbox 416 4624 2748 4707">
     <span class='ocr_line' id='line_1_54' title="bbox 416 4624 2748 4707; baseline -0.001 -19"><span class='ocrx_word' id='word_1_544' title='bbox 416 4631 597 4688; x_wconf 89' lang='lat' dir='ltr'>VIII.</span> <span class='ocrx_word' id='word_1_545' title='bbox 656 4632 779 4690; x_wconf 89' lang='lat' dir='ltr'>Jer.</span> <span class='ocrx_word' id='word_1_546' title='bbox 810 4632 888 4691; x_wconf 82' lang='lat' dir='ltr'>iv.</span> <span class='ocrx_word' id='word_1_547' title='bbox 943 4636 1033 4707; x_wconf 87' lang='lat'>10,</span> <span class='ocrx_word' id='word_1_548' title='bbox 1095 4634 1254 4689; x_wconf 87' lang='lat' dir='ltr'>Deus</span> <span class='ocrx_word' id='word_1_549' title='bbox 1292 4650 1407 4686; x_wconf 91' lang='lat' dir='ltr'>non</span> <span class='ocrx_word' id='word_1_550' title='bbox 1442 4630 1654 4687; x_wconf 88' lang='lat' dir='ltr'>dicitur</span> <span class='ocrx_word' id='word_1_551' title='bbox 1692 4629 1983 4705; x_wconf 84' lang='lat' dir='ltr'>decepisse</span> <span class='ocrx_word' id='word_1_552' title='bbox 2027 4627 2300 4704; x_wconf 87' lang='lat' dir='ltr'>populum</span> <span class='ocrx_word' id='word_1_553' title='bbox 2347 4624 2626 4704; x_wconf 81' lang='lat' dir='ltr'>effective,</span> <span class='ocrx_word' id='word_1_554' title='bbox 2673 4627 2748 4685; x_wconf 88' lang='lat' dir='ltr'>ad</span> 
     </span>
    </p>
   </div>
  </div>
 </body>
</html>
