3221 5200
301 399 523 451 Qumsr.
555 376 669 465 1x.]
696 381 709 390 ‘
1171 403 1249 443 nn
1280 397 1529 443 renones
1560 401 1816 443 unm-m.
2602 388 2719 447 213

299 551 523 604 tantum
552 544 771 603 nomine
798 544 917 602 Dei
941 543 1277 621 spondendo
1305 545 1491 620 nobis,
1512 543 1670 622 quod
1696 544 2037 621 impleturus
2061 542 2135 602 sit
2164 539 2446 621 promissa
2467 545 2719 623 foederis,

298 624 349 682 si
378 624 737 683 conditiones
764 625 891 702 ejus
928 624 1375 702 impleverimnS‚
1423 634 1489 683 ut
1532 632 1665 701 post
1713 624 1986 683 Socinum
2027 623 2376 683 Curcellaeus
2419 645 2718 703 perperam

296 704 635 780 cavillatur3
681 703 785 763 sed
812 704 983 763 etiam
1013 707 1141 763 Deo
1160 726 1276 780 pro
1303 706 1473 778 nobi-3,
1514 724 1575 763 se
1618 723 1717 762 eas
1759 724 1958 763 omnes
2000 703 2360 762 conditiones
2400 724 2505 781 pro
2546 706 2717 766 nobis

296 783 682 861 impleturum,
714 784 926 861 quibus
953 785 1226 861 praestitis
1266 784 1574 843 haereditas
1600 804 1678 842 ex
1706 784 2076 842 Testamento
2105 783 2181 841 ad
2221 803 2328 842 nos
2368 794 2718 861 perventura

296 872 467 922 esset.
554 864 925 923 Potissimum
954 884 1092 922 vero
1122 863 1313 941 quoad
1355 863 1816 922 Satisfactionem
1846 863 2236 941 plenissimam
2280 863 2530 921 dandam
2573 865 2714 924 Jus-

295 943 440 1001 titiae
469 944 682 1002 divinae
711 964 816 1021 pro
844 945 1095 1019 peccatis
1123 944 1354 1002 nostris,
1440 944 1562 1002 Nec
1603 943 1699 1003 hic
1728 945 1848 1001 ulla
1876 943 2124 1002 occurrit
2164 944 2315 1001 inter
2343 943 2716 1004 Orthodoxos

298 1022 721 1099 Controversia,
755 1024 857 1082 sed
884 1032 1108 1081 tautum
1138 1044 1267 1081 cum
1302 1022 1640 1098 Socinianis,
1673 1042 1984 1100 eorumque
2026 1023 2281 1098 asseclis,
2325 1032 2527 1082 contra
2568 1044 2714 1102 quos

295 1101 705 1180 disputandum
736 1104 859 1176 erit,
893 1123 1070 1179 quum
1099 1103 1170 1160 de
1205 1103 1605 1162 Satisfactione
1637 1112 1856 1179 agetur.

904 1184 1021 1241 III.
1068 1184 1324 1256 Quaestio
1359 1202 1515 1259 erg0,
1563 1203 1694 1259 quae
1739 1183 1833 1240 hic
1877 1191 2158 1256 movetur,
2206 1182 2442 1259 respicit
2484 1184 2713 1260 proprie

351 1249 716 1353 Ssttffin‘ssuaef'·
815 1263 1050 1322 modum
1084 1263 1422 1339 sponsionis
1441 1283 1475 1320 a
1498 1263 1727 1321 Christo
1754 1262 1919 1320 factae
1950 1262 2057 1320 sub
2080 1262 2281 1321 Veteri
2302 1262 2708 1340 Testament03

604 1340 617 1352 '
820 1343 918 1400 An
946 1343 1157 1401 habeat
1193 1352 1419 1401 tantum
1457 1343 1738 1401 rationem
1775 1342 2180 1418 fidejussionis,
2227 1340 2326 1399 An
2368 1342 2540 1400 etiam
2587 1343 2708 1401 Ex‘

292 1419 706 1495 promissionis.
796 1424 943 1481 Sunt
970 1422 1140 1496 enim,
1162 1423 1261 1500 qui
1289 1423 1438 1482 hanc
1467 1423 1641 1481 etiam
1669 1423 1820 1480 inter
1845 1422 1990 1480 alias
2018 1431 2302 1498 reponunt
2329 1420 2710 1481 differentiam

296 1499 429 1557 Vet.
461 1507 519 1558 ct
550 1501 704 1558 Novi
732 1502 888 1560 Test.
919 1511 985 1560 ιιι
1014 1502 1277 1561 Christus
1306 1503 1414 1561 sub
1442 1502 1544 1560 illo
1572 1501 1746 1560 fuerit
1773 1501 2006 1577 quidem
2047 1501 2402 1578 Fidejussor,
2448 1501 2552 1560 sed
2594 1522 2710 1560 non

294 1578 718 1656 Expromissor,
752 1582 811 1639 id
840 1593 927 1640 cst
957 1582 1328 1659 spoponderit
1364 1582 1597 1658 quidem
1643 1602 1747 1659 pro
1779 1582 2014 1656 ElectiS,
2047 1581 2150 1639 sed
2193 1583 2272 1639 ita
2313 1590 2378 1639 ut
2417 1582 2477 1638 in
2520 1581 2709 1658 ipsum

293 1678 411 1715 non
438 1658 589 1717 facta
617 1661 692 1719 sit
720 1663 983 1721 absoluta
1012 1662 1193 1721 debiti
1222 1662 1538 1736 translatiO,
1571 1682 1677 1720 nce
1715 1661 1944 1720 liberati
1972 1661 2182 1719 fuerint
2227 1661 2429 1718 Patres
2471 1680 2506 1717 a
2548 1669 2711 1720 rea‘tu

293 1738 532 1813 peccati,
566 1739 667 1797 sed
699 1742 857 1800 Deus
896 1742 1006 1799 sibi
1048 1744 1149 1818 jus
1194 1742 1493 1800 retinuerit
1536 1742 1597 1799 in
1635 1742 1793 1819 ipsos
1842 1741 1916 1798 ad
1964 1739 2337 1817 infligendam
2381 1759 2627 1816 poenam,
2660 1741 2710 1798 si

293 1817 557 1875 Christus
598 1819 977 1895 Sponsionem
1020 1821 1383 1896 deseruisset,
1426 1822 1629 1898 illique
1671 1842 1786 1878 non
1831 1820 2219 1878 satisfecisset.
2304 1818 2606 1892 Quomodo
2648 1819 2709 1877 in

292 1896 339 1955 J
342 1917 440 1955 ure
473 1898 644 1955 Civili
672 1900 979 1960 discrimen
1009 1902 1157 1960 solet
1184 1901 1447 1959 adhiberi
1476 1902 1625 1960 inter
1647 1900 2076 1977 Fidejussorem
2106 1908 2163 1957 et
2188 1898 2707 1975 Expromissorem,

290 1985 358 2035 ut
390 1980 425 2010 ‘⁴
455 1978 794 2055 Fidejussor
820 1981 918 2040 ille
950 1982 1040 2054 sit,
1072 1981 1172 2057 qui
1199 1981 1281 2039 ita
1308 2001 1411 2058 pro
1441 1981 1555 2038 alio
1585 1980 1892 2054 obligatur,
1926 1987 1990 2036 ut
2017 1978 2391 2036 nihilominus
2433 1978 2531 2035 ille
2560 1979 2708 2038 alius

289 2056 582 2134 obligatus
611 2068 840 2120 maneat
867 2061 1191 2137 usquedum
1212 2061 1517 2136 fidejussor
1545 2059 1843 2118 solverit.’'
1905 2056 2076 2117 Unde
2104 2058 2489 2132 Justinianus,
2514 2057 2705 2116 Instit.

289 2135 391 2195 lib.
423 2138 501 2194 iii.
534 2137 646 2197 Tit.
700 2143 793 2214 21,
831 2141 1103 2199 observat
1148 2143 1182 2172 ‘⁴
1213 2141 1650 2216 Fidejussorum
1693 2138 2105 2214 obligationem
2148 2157 2275 2195 esse
2317 2137 2706 2195 accessionem

290 2216 593 2294 principali
621 2219 1020 2296 obligationi.¹’
1105 2218 1190 2279 At
1218 2220 1607 2297 expromissor
1635 2219 1686 2276 is
1714 2218 1954 2292 dicatur,
2003 2219 2039 2250 ‘⁴
2068 2217 2167 2293 qui
2208 2215 2454 2274 alienam
2482 2216 2704 2293 obliga-

288 2294 504 2354 tionem
531 2298 592 2354 in
622 2318 683 2356 se
713 2299 954 2378 suscipit
981 2299 1224 2358 liberato
1253 2320 1369 2367 τεο,
1400 2308 1500 2358 aut
1540 2318 1609 2357 eo
1638 2297 1870 2356 nomine
1912 2312 2027 2355 non
2069 2295 2343 2372 obligate,
2389 2315 2521 2355 cum
2563 2297 2704 2354 obli·

330 2377 412 2432 ari
440 2376 734 2437 deberet.”

286 2394 328 2451 g
370 2456 481 2514 IV.
529 2457 645 2516 Sed
687 2459 1007 2517 communis
1050 2459 1334 2518 sententia
1376 2457 1863 2532 orthodoxorum,
1908 2455 1984 2514 ad
2024 2476 2170 2534 quos
2211 2456 2553 2531 accedimuS,
2600 2466 2704 2532 est,

291 2532 671 2613 Sponsionem
704 2538 933 2614 Christi,
966 2559 1040 2597 ex
1069 2559 1185 2617 quo
1213 2539 1365 2597 faeta
1391 2538 1517 2614 fuit,
1548 2558 1668 2596 non
1704 2538 1974 2596 habuisse
2004 2545 2227 2595 tantum
2257 2537 2535 2594 rationem
2564 2535 2704 2596 fide-

277 2616 576 2692 jussioniS,
610 2619 713 2677 scd
741 2621 1230 2697 expromissionis,
1262 2640 1365 2697 per
1392 2639 1565 2697 quam
1594 2639 1663 2678 eo
1694 2619 1818 2696 ipso
1848 2619 2093 2677 Veteres
2121 2638 2155 2675 a
2182 2616 2369 2695 poenis
2417 2617 2559 2694 ipsis
2605 2617 2703 2676 de-

286 2694 424 2756 bitis
452 2718 586 2757 vere
631 2698 859 2759 liberati
910 2700 1042 2759 sint.
1129 2701 1250 2759 Nec
1293 2700 1388 2759 hic
1434 2700 1681 2759 sollicite
1726 2697 2201 2775 distinguendum
2243 2705 2514 2774 putamus
2557 2697 2708 2756 inter

288 2774 719 2853 Fidejussorem
764 2789 823 2838 et
868 2780 1385 2857 Expromissorem.
1471 2780 1640 2855 Nam,
1692 2788 2071 2857 praeterquam
2121 2777 2279 2854 quod
2325 2797 2466 2835 usus
2494 2796 2705 2835 vocum

285 2855 523 2913 istarum
553 2861 780 2917 nonita
818 2869 905 2917 est
954 2860 1234 2934 diversuS,
1285 2861 1427 2936 quin
1472 2879 1625 2936 soepe
1674 2858 1830 2935 apud
1876 2858 2339 2918 Jurisconsultos
2380 2856 2704 2933 promiscue

284 2944 648 3010 usurpentur,
681 2945 746 2993 ut
766 2937 1063 3013 fidejussio
1090 2940 1283 2997 valeat
1311 2939 1843 3013 expromissionem,
1875 2945 2021 2996 teste
2052 2935 2307 3011 Cujacio,
2339 2936 2479 2994 Obs.
2507 2935 2548 2994 l.
2579 2937 2701 2995 xiii.

287 3030 413 3087 cap.
444 3016 539 3087 35,
575 3016 612 3045 ‘⁴
644 3014 1107 3089 Expromissor‚”
1139 3017 1343 3091 inquit,
1379 3021 1414 3049 ‘⁴
1443 3018 1612 3091 quasi
1640 3016 1948 3091 fidejussor
1974 3015 2242 3088 dicitur,'’
2287 3015 2327 3071 L
2357 3014 2418 3071 in
2460 3034 2706 3091 persona

293 3090 351 3147 S.
385 3090 424 3148 i.
454 3090 526 3148 de
554 3099 704 3165 pact.
739 3096 774 3124 ‘⁴
806 3093 883 3150 Et
913 3093 972 3149 in
1004 3095 1515 3151 Senatusconsulto
1545 3094 1851 3151 Velleiano
1895 3091 2283 3167 fidejussionis
2312 3091 2492 3150 verbo
2521 3093 2702 3151 conti·

285 3177 457 3226 netur
484 3170 922 3246 expromissi0,'’
953 3179 1010 3229 ct
1037 3172 1075 3229 l.
1107 3192 1166 3229 x.
1197 3172 1269 3230 de
1298 3174 1357 3228 in
1386 3191 1525 3229 rem⁴
1558 3174 1593 3204 ‘⁴
1623 3171 1783 3248 paria
1810 3171 1933 3228 haec
1964 3178 2098 3228 sunt
2136 3169 2248 3226 fide
2281 3169 2506 3245 jubere,
2547 3171 2703 3246 judi-

285 3248 436 3306 cium
467 3269 572 3326 pro
601 3249 714 3308 alio
744 3251 1049 3326 suscipere,
1082 3250 1546 3326 expromittere.'’
1638 3249 1807 3308 Unde
1836 3249 2044 3306 mirum
2073 3248 2259 3305 videri
2287 3268 2404 3306 non
2433 3248 2622 3323 debet,
2654 3251 2705 3308 si

285 3329 346 3385 in
378 3328 699 3406 Sponsionc
732 3330 946 3388 Christi
976 3330 1353 3388 describenda
1382 3329 1553 3388 modo
1581 3329 1990 3406 fidejussionis,
2020 3327 2195 3387 modo
2224 3328 2703 3405 expromissionis

281 3428 455 3467 voces
510 3409 834 3485 promiscue
883 3409 1282 3469 adhibeantur.
1394 3409 1673 3483 Quamvis
1717 3410 1827 3468 hoc
1875 3408 2182 3466 discrimen
2227 3408 2286 3465 in
2332 3408 2376 3466 J
2381 3428 2480 3466 ure
2531 3408 2704 3469 Civili

281 3489 475 3548 stricte
496 3489 787 3567 loquendo
815 3490 1004 3548 locum
1035 3490 1245 3548 habere
1274 3489 1509 3548 deberet
1532 3512 1545 3563 ;
1593 3490 1726 3547 Non
1754 3507 2054 3548 censemus
2081 3496 2273 3547 tamen
2302 3488 2363 3546 in
2391 3488 2501 3547 hoc
2530 3508 2701 3567 argu-

281 3578 474 3627 mento
503 3577 952 3628 consentaneum
980 3589 1106 3628 esse
1135 3590 1446 3647 provocare
1476 3569 1550 3627 sd
1578 3569 1916 3627 Tribunalia
1943 3569 2194 3645 politica,
2226 3577 2291 3627 ut
2336 3589 2410 3628 ex
2437 3568 2700 3629 formulis

281 3647 325 3704 J
330 3649 447 3707 uris
473 3658 679 3708 natura
712 3650 1050 3727 Sponsionis
1081 3650 1295 3708 Christi
1324 3650 1661 3726 explicetur,
1696 3650 1838 3708 Cum
1869 3657 2094 3708 constet
2142 3649 2389 3707 immane
2419 3659 2698 3727 quantum

282 3726 433 3785 inter
460 3748 520 3787 se
551 3729 764 3787 distare
792 3729 979 3787 forum
1013 3730 1133 3788 Soli
1163 3740 1221 3788 et
1249 3729 1433 3787 sorum
1466 3730 1613 3804 Poli,
1665 3739 1724 3788 et
1766 3730 1859 3787 hic
1906 3737 2113 3806 agatur
2160 3748 2277 3787 non
2324 3729 2397 3787 de
2445 3730 2697 3789 humano

277 3806 518 3883 judici0‚
552 3808 654 3866 sed
682 3809 753 3867 de
782 3808 998 3884 divino,
1031 3830 1147 3867 non
1175 3809 1246 3867 de
1278 3810 1473 3868 debito
1502 3810 1847 3886 pecuniari0‚
1881 3818 1939 3867 et
1981 3809 2261 3867 creditore
2303 3809 2547 3883 mortali,
2594 3810 2698 3871 sed

283 3884 357 3943 de
386 3885 580 3945 debito
608 3890 838 3964 poenali,
869 3898 929 3947 ct
958 3890 1084 3948 Deo
1113 3889 1326 3947 Judice
1355 3908 1422 3947 ac
1455 3889 1662 3946 Mundi
1694 3890 1976 3959 Rectore3
2021 3908 2125 3945 nec
2172 3887 2243 3944 de
2277 3887 2565 3963 Sponsore
2606 3907 2694 3946 or·

283 3964 506 4023 dinatio
536 3975 594 4025 et
634 3987 791 4026 mero
830 3969 1080 4043 homine,
1126 3968 1229 4026 sed
1271 3968 1342 4027 de
1372 3967 1826 4026 extraordinario
1869 3977 1926 4024 et
1963 3967 2270 4046 θιιυθςόπρ,
2315 3967 2415 4041 qui
2459 3973 2521 4023 ιιι
2563 3969 2696 4026 ἄντί-

277 4044 453 4117 ψυχος
481 4066 541 4104 se
569 4046 698 4105 loco
726 4055 923 4106 nostro
953 4048 1280 4121 substituat,
1312 4058 1370 4105 ct
1398 4068 1597 4124 poenas
1628 4046 1794 4104 nobis
1823 4046 2048 4104 debitas
2089 4046 2149 4101 in
2189 4065 2250 4103 se
2299 4045 2554 4119 recipiat,
2600 4066 2697 4104 cu·

272 4124 532 4202 jusmodi
565 4127 909 4202 Sponsorem
938 4128 981 4185 J
984 4148 1088 4185 ura
1115 4127 1310 4185 civilia
1336 4147 1453 4184 non
1481 4125 1832 4184 describunt.
1922 4123 2090 4183 Unde
2118 4144 2225 4181 nec
2247 4144 2349 4201 per
2375 4123 2697 4199 fidejussio-

280 4226 429 4278 nem,
462 4226 567 4265 nec
596 4226 698 4283 per
727 4206 1256 4283 expromissionem,
1308 4206 1498 4283 qualis
1542 4205 1714 4263 datur
1755 4204 1816 4261 in
1864 4204 1988 4261 foro
2031 4204 2302 4277 humanO,
2353 4202 2701 4264 sufficienter

281 4286 559 4362 explicari
587 4306 755 4362 posse
785 4287 1128 4344 arbitramur
1160 4287 1538 4363 Sponsionem
1570 4285 1785 4344 Christi
1813 4303 1942 4341 cum
1973 4283 2145 4358 longe
2189 4283 2264 4340 sit
2304 4281 2578 4358 perfectio
2607 4294 2696 4344 ut·

278 4385 473 4441 raque.
560 4366 799 4424 Interim
823 4366 872 4424 si
900 4386 976 4424 ex
1002 4365 1255 4442 ipsorum
1287 4386 1396 4424 usu
1423 4364 1776 4441 loquendum
1806 4372 1910 4436 est,
1931 4371 1991 4420 et
2012 4363 2062 4419 si
2078 4361 2355 4421 utendum
2385 4369 2474 4419 est
2502 4383 2698 4423 eorum

278 4445 490 4520 verbis,
522 4466 655 4504 cum
683 4445 797 4503 alia
823 4466 939 4504 non
970 4454 1287 4522 occurrant,
1320 4446 1564 4504 dicimus
1593 4463 1719 4501 eam
1750 4442 1825 4501 ad
1846 4442 2358 4519 expromissionem
2389 4443 2575 4516 magis
2603 4464 2695 4502 nc-

279 4523 499 4597 cedere,
531 4545 703 4601 quam
732 4526 807 4583 ad
833 4525 1282 4601 fidejussionem,
1314 4535 1379 4584 ut
1399 4545 1527 4603 quae
1547 4523 1841 4583 contineat
1857 4522 2174 4581 eminenter
2200 4530 2258 4579 et
2285 4521 2696 4597 perfectissime

278 4602 554 4694 quicquid
582 4605 756 4665 habet
785 4605 1165 4683 expromissio
1195 4605 1561 4683 perfectionis
1590 4611 1650 4663 et
1678 4603 1961 4664 efficaciae.
2053 4602 2170 4660 Nec
2210 4602 2460 4663 rationes
2488 4602 2696 4667 desunt

277 4702 471 4744 vanae.
