3221 5200
372 365 597 415 Quffisr.
631 344 744 427 x1.]
1055 368 1132 406 ns
1163 366 1394 408 orricm
1423 366 1658 408 camsi-1
1689 363 2077 405 unnim-omo.
2664 352 2777 407 377

372 517 474 567 tat.
562 509 698 566 Huc
727 506 974 584 pertinet
1002 510 1157 585 quod
1180 516 1494 591 cimam-203»
1523 508 1679 587 apud
1711 507 1973 581 Aristot.,
2009 504 2199 563 Ethic.
2244 504 2304 563 li.
2352 506 2406 563 9.
2452 525 2576 582 cap.
2609 511 2662 581 2,
2697 516 2786 568 est

376 590 563 665 Caput
591 588 826 646 alterius
858 588 1057 665 Capite
1088 610 1192 648 suo
1222 591 1517 649 redimere.

455 670 639 726 VIII.
686 668 840 725 Hinc
870 678 1027 744 patet
1059 670 1535 747 Redemptionem
1562 670 1752 739 istam,
1777 687 1882 724 nec
1911 665 2118 723 factam
2143 684 2268 722 esse
2293 665 2629 742 simpliciter
2644 688 2783 743 qra-

374 749 517 807 tuita
545 749 989 825 manumissione,
1022 751 1209 827 qualis
1238 760 1326 809 est
1355 770 1669 821 servorum,
1702 747 1801 823 qui
1844 767 1876 803 a
1920 745 2168 802 dominis
2198 745 2254 801 in
2284 746 2605 805 libertatem
2654 748 2784 806 mit-

374 838 591 905 tuntur,
622 848 729 885 nee
758 848 861 904 per
887 850 1103 888 meram
1130 832 1386 889 virtutem
1417 841 1473 890 et
1493 826 2132 907 potentiam,quomodo
2163 826 2377 901 captivi
2407 837 2686 885 eruuntur
2713 849 2789 886 ex

374 909 642 966 manibus
671 909 940 984 hostium,
972 931 1087 968 non
1118 914 1273 968 nuda
1294 910 1725 986 permutatione,
1748 927 1876 983 quae
1900 906 1958 962 in
1976 905 2132 963 bello
2160 905 2286 962 fieri
2315 906 2478 980 solet,
2512 908 2612 965 scd
2628 911 2790 983 justa

373 989 752 1062 satisfactione
781 990 969 1065 qualis
1003 1000 1091 1049 cst
1124 991 1448 1067 Sponsoris,
1481 990 1581 1067 qui
1603 1008 1708 1065 pro
1727 986 1985 1045 debitore
2007 985 2200 1043 solvit.
2288 986 2452 1044 Licet
2482 988 2634 1045 enim
2666 1008 2793 1063 gra-

375 1069 521 1127 tuita
548 1067 814 1126 liberatio
844 1069 1033 1128 locum
1065 1071 1274 1129 habeat
1303 1080 1564 1147 respectu
1596 1067 1789 1141 nostri,
1821 1066 1920 1142 qui
1951 1065 2131 1141 gratis
2162 1074 2218 1123 et
2246 1086 2349 1142 per
2390 1068 2633 1140 gratiam
2683 1069 2791 1126 Dei

376 1168 689 1223 servamur,
723 1150 892 1207 Rom.
923 1151 1003 1208 iii.
1036 1154 1131 1226 24,
1180 1152 1330 1227 Eph.
1361 1152 1419 1209 ii.
1450 1152 1505 1226 8,
1538 1160 1596 1209 et
1624 1148 1889 1206 liberatio
1917 1165 2020 1222 per
2041 1146 2359 1222 potentiam
2388 1147 2481 1203 hic
2513 1148 2787 1222 obtineat,

374 1236 641 1305 respectu
668 1230 918 1306 Diaboli,
951 1252 983 1289 e
1013 1232 1179 1308 cujus
1222 1230 1527 1307 tyrannide
1569 1249 1675 1307 per
1719 1225 1933 1285 Christi
1978 1225 2235 1283 Victoris
2274 1233 2331 1283 et
2380 1226 2789 1304 triumphantis

373 1309 648 1367 virtutem
676 1308 867 1367 educti
899 1332 1112 1385 sumuS,
1147 1312 1270 1369 Col.
1302 1312 1359 1369 ii.
1397 1314 1486 1382 15,
1519 1319 1577 1369 et
1604 1306 1950 1385 permutatio
1999 1313 2263 1382 respectu
2310 1306 2535 1381 Christi,
2590 1308 2689 1384 qui
2729 1309 2785 1365 in

373 1389 565 1447 locum
593 1399 851 1447 nostrum
883 1392 1229 1449 substitutus
1268 1404 1393 1466 est;
1452 1391 1669 1448 Tamen
1699 1395 1961 1463 respectu
2006 1387 2123 1443 Dei
2159 1387 2382 1444 Judicis
2417 1388 2580 1463 justa
2622 1389 2786 1447 satis-

373 1469 547 1527 factio
576 1469 927 1528 intercedere
958 1471 1174 1530 debuit.

374 1588 417 1633 2.
461 1588 591 1638 Quia
629 1589 859 1633 Christus
986 1551 1103 1608 IX.
1153 1551 1478 1609 Secundum
1506 1549 1811 1608 deducitur
1833 1568 1907 1605 ex
1927 1546 2043 1604 illis
2072 1546 2232 1620 locis,
2264 1546 2363 1604 ubi
2398 1548 2653 1605 Christus
2672 1570 2788 1624 pro

434 1662 523 1704 pro
594 1649 731 1691 nobis
789 1654 865 1691 est
907 1632 1057 1689 nobis
1075 1641 1325 1689 mortuus
1343 1631 1570 1705 dicitur,
1596 1649 1711 1686 nou
1742 1636 1962 1686 tantum
1994 1628 2134 1684 bono
2162 1637 2219 1684 et
2250 1628 2550 1685 commodo
2579 1639 2786 1703 nostro,

435 1711 691 1757 mortuus;
907 1710 1009 1768 sed
1038 1713 1210 1769 etiam
1244 1716 1361 1769 loco
1390 1732 1491 1789 per
1519 1710 1746 1787 proprie
1776 1708 1989 1766 dictam
2020 1706 2503 1781 substitutionem,
2543 1709 2707 1766 Rom.
2729 1729 2786 1766 v.

377 1795 433 1865 Γ»,
469 1797 521 1866 7,
571 1801 629 1850 et
668 1791 789 1850 viii.
830 1795 925 1866 32,
977 1794 1005 1847 1
1042 1792 1166 1850 Pet.
1199 1792 1279 1849 iii.
1317 1794 1408 1850 18.
1496 1792 1672 1848 Hunc
1702 1798 1893 1848 autem
1924 1796 1982 1845 et
2010 1806 2126 1843 non
2157 1786 2333 1843 alium
2380 1807 2610 1844 sensum
2662 1808 2822 1846 esse0

376 1873 543 1930 istius
572 1871 796 1949 phrasis
826 1872 885 1928 in
913 1873 1023 1930 hoc
1053 1874 1287 1948 negotio
1317 1871 1630 1947 colligitur.
1720 1872 1770 1927 1.
1815 1867 1964 1941 Quia
1992 1868 2115 1924 haec
2158 1874 2246 1923 est
2289 1866 2579 1924 ordinaria
2608 1867 2784 1943 signi-

376 1954 568 2011 ficatio
624 1952 1048 2028 praepositionis
1093 1955 1229 2032 ὑπὲς,
1276 1972 1405 2029 quae
1447 1952 1541 2009 hic
1583 1956 1909 2025 usurpatur,
1943 1967 2072 2023 quae
2115 1966 2290 2022 quum
2337 1947 2529 2021 agitur
2557 1947 2627 2004 de
2660 1967 2785 2023 per-

376 2052 533 2107 sona,
581 2032 1046 2109 subrogationem
1078 2044 1239 2091 notat
1268 2032 1421 2109 apud
1446 2032 1700 2103 GraecOS,
1736 2029 1902 2086 Rom.
1934 2027 2014 2084 ix.
2047 2030 2101 2100 3,
2149 2027 2372 2101 andasta
2397 2029 2516 2106 ὑπὲξ
2545 2025 2785 2102 ibanez»,

376 2113 436 2170 id
464 2114 592 2171 loco
623 2113 878 2187 fratrum,
916 2114 1079 2172 Rom.
1108 2135 1163 2171 v.
1198 2118 1250 2187 7,
1283 2115 1380 2171 vix
1408 2121 1487 2170 est
1514 2120 1575 2167 ut
1591 2130 1707 2185 pro
1722 2111 1877 2184 justo
1906 2107 2028 2182 quis
2051 2108 2344 2179 moriatur,
2373 2106 2446 2164 id.
2480 2109 2606 2182 ejus
2638 2109 2781 2181 1000,

376 2204 441 2252 ut
474 2194 655 2270 Syrus
686 2194 857 2251 vertit
885 2213 987 2270 per
1016 2203 1133 2272 eser..
1219 2198 1275 2250 2.
1321 2192 1469 2266 Quia
1498 2190 1637 2248 alibi
1666 2187 2006 2265 exprimitur
2033 2206 2135 2263 per
2161 2190 2284 2260 ἀντὶ,
2320 2188 2530 2244 Matth.
2553 2207 2653 2246 xx.
2686 2192 2781 2262 28,

374 2282 432 2331 et
460 2294 561 2350 per
587 2273 887 2354 οἱπίλυτςω,
925 2278 953 2331 1
988 2274 1134 2331 Tim.
1167 2273 1225 2330 ii.
1258 2277 1310 2347 6,
1344 2271 1499 2348 quod
1521 2269 1846 2327 necessario
1877 2267 2341 2324 substitutionem
2385 2266 2673 2342 importat,
2706 2270 2786 2325 ita

375 2353 572 2411 datum
602 2366 690 2412 est
714 2356 899 2430 Caput
929 2374 1031 2431 pro
1056 2353 1274 2430 Capite,
1308 2362 1371 2410 ut
1400 2371 1474 2408 ex
1501 2351 1634 2425 lege
1658 2346 1914 2406 Talionis
1943 2346 2192 2404 debebat
2214 2346 2354 2419 dari,
2381 2350 2646 2421 ὅφθαλμὶς
2676 2353 2785 2406 ἀντὶ

375 2440 657 2510 ὀφθαλμοῦ,
691 2434 901 2493 Matth.
933 2455 989 2491 v.
1023 2436 1117 2491 38.
1204 2436 1258 2490 3.
1306 2432 1452 2505 Quia
1474 2439 1735 2488 mortuus
1765 2427 1976 2485 dicitur
2001 2447 2105 2503 pro
2138 2426 2305 2484 nobis
2334 2428 2506 2484 modo
2535 2429 2784 2504 quodam

377 2515 673 2592 singulari,
706 2525 763 2572 ct
792 2514 921 2571 aliis
950 2513 1216 2571 omnibus
1259 2509 1802 2581 incommunicabili,
1854 2527 1968 2584 quo
2011 2527 2118 2565 nec
2162 2507 2396 2580 Paulus,
2429 2528 2533 2566 nec
2581 2507 2787 2567 Petrus

375 2606 618 2673 possunt
646 2595 760 2654 dici
790 2615 893 2672 pro
921 2595 1090 2654 nobis
1117 2594 1327 2653 mortui
1358 2603 1415 2652 et
1444 2590 1722 2665 crucifixi,
1774 2593 1802 2647 1
1839 2590 1968 2648 Cor.
1998 2588 2035 2647 i.
2073 2591 2165 2647 13.
2254 2588 2338 2647 At
2365 2596 2605 2665 uterque
2635 2589 2788 2648 bono

373 2685 571 2735 nostro
613 2684 804 2753 potest
845 2675 960 2734 dici
1001 2683 1278 2749 mortuus,
1324 2683 1462 2752 puta
1504 2673 1574 2731 ad
1621 2680 1874 2729 nostram
1915 2669 2368 2742 aedificationcm,
2401 2678 2458 2726 et
2485 2669 2622 2726 fidei
2651 2690 2785 2727 con-

372 2756 771 2815 firmationem.
858 2757 1015 2833 Ergo
1036 2755 1415 2833 intelligenda
1433 2763 1491 2814 et
1509 2774 1659 2810 mors
1680 2750 1913 2824 vicaria,
1939 2770 2067 2826 quae
2097 2769 2202 2807 nec
2225 2749 2282 2806 in
2315 2749 2648 2825 Apostolos,
2681 2771 2786 2808 uec

376 2837 435 2893 in
460 2837 749 2912 Martyres
778 2838 965 2912 potuit
993 2836 1215 2895 cadere.
1303 2836 1467 2892 Licet
1494 2852 1633 2891 vero
1657 2830 1929 2908 Apostoli
1956 2830 2180 2906 possint
2198 2828 2310 2887 dici
2334 2830 2506 2887 etiam
2536 2830 2654 2905 pati
2683 2851 2786 2907 pro

378 2916 659 2986 Ecclesia,
694 2916 815 2972 Col.
848 2917 883 2972 i.
915 2920 1010 2990 24,
1058 2917 1189 2973 Non
1219 2915 1478 2991 sequitur
1504 2932 1701 2988 parem
1731 2930 1855 2969 esse
1879 2911 2157 2967 rationem
2181 2930 2309 2966 cum
2340 2920 2522 2966 morte
2555 2910 2785 2984 Christi,

376 2996 513 3071 quia
540 2995 905 3070 patiebantur
931 3015 1034 3070 pro
1066 2994 1328 3051 Ecclesia
1377 2990 1730 3064 aedificanda,
1776 2988 2182 3060 confirmanda,
2227 2997 2285 3046 et
2327 2988 2692 3061 consolanda,
2725 2999 2790 3047 ut

382 3074 740 3149 exprimitur,
774 3077 809 3129 2
843 3073 970 3130 Cor.
1002 3074 1039 3130 i.
1073 3076 1126 3144 6,
1161 3079 1279 3151 §mg
1308 3099 1390 3135 της
1415 3075 1545 3129 bu&
1574 3071 1945 3149 παρακλίνας,
1977 3071 2060 3124 ad
2103 3068 2274 3124 vestri
2318 3068 2742 3125 consolationem
2763 3093 2787 3141 ,-

377 3154 480 3211 sed
510 3153 775 3210 Christus
818 3152 975 3209 solus
1022 3172 1126 3229 pro
1169 3172 1237 3209 ea
1273 3150 1623 3209 redimenda.
1711 3149 1787 3206 Et
1817 3148 1865 3204 si
1896 3146 2169 3222 jubemur
2196 3146 2416 3202 animas
2444 3165 2656 3221 ponere
2686 3167 2789 3222 pro

375 3233 664 3308 fratribus,
704 3235 729 3288 1
766 3232 903 3291 Joh.
939 3231 1017 3289 iii.
1054 3234 1143 3304 16,
1174 3240 1239 3289 ut
1279 3231 1541 3289 Christus
1585 3248 1689 3305 pro
1734 3226 1901 3283 nobis
1951 3226 2130 3283 vitam
2174 3244 2335 3281 suam
2376 3227 2585 3300 posuit,
2619 3226 2697 3283 ita
2727 3235 2791 3284 ut

375 3314 694 3391 periculum
724 3311 923 3369 mortis
952 3312 1127 3386 adire,
1160 3312 1274 3369 imo
1303 3320 1361 3368 et
1388 3317 1632 3367 mortem
1661 3308 1842 3385 ipsam
1865 3313 2195 3363 constanter
2212 3304 2402 3362 subire
2421 3324 2536 3362 non
2564 3325 2790 3364 recuse-

375 3415 523 3468 muS,
555 3393 781 3471 quoties
808 3392 905 3450 vel
938 3392 1048 3450 Dei
1078 3392 1278 3468 gloria,
1309 3390 1404 3448 vel
1433 3388 1684 3466 proximi
1727 3387 1904 3458 suluS,
1956 3393 2014 3444 et
2057 3383 2334 3442 Ecclesiae
2378 3384 2698 3459 aedificatio,
2731 3387 2792 3444 id

376 3475 668 3553 postulare
698 3472 943 3548 videtur,
977 3481 1040 3531 ut
1069 3473 1128 3530 in
1160 3470 1516 3548 Martyribus
1558 3469 1767 3526 visum.
1853 3466 1998 3523 Inde
2041 3465 2274 3543 quidem
2303 3464 2448 3522 bene
2477 3465 2786 3542 colligitur,

377 3576 483 3615 nos
512 3557 619 3613 hac
650 3555 707 3612 in
738 3562 900 3631 parte
923 3554 1251 3630 exemplum
1284 3551 1497 3610 Christi
1528 3548 1739 3607 imitari
1768 3547 1977 3606 debere
2003 3569 2017 3605 ε
2061 3545 2162 3604 sed
2203 3565 2322 3603 non
2364 3544 2497 3603 inde
2535 3547 2794 3622 sequitur

377 3637 546 3713 plane
576 3635 814 3694 eandem
847 3653 973 3694 esse
1003 3635 1283 3692 rationem
1313 3631 1514 3689 mortis
1556 3637 1768 3688 nostrae
1817 3648 1920 3704 pro
1962 3626 2251 3700 fratribuS,
2297 3646 2424 3702 quae
2455 3625 2562 3684 fuit
2591 3628 2792 3686 mortis

381 3716 594 3774 Christi
624 3736 727 3792 pro
757 3715 942 3773 nobie.
1030 3715 1177 3772 Nam
1211 3733 1318 3771 nec
1360 3731 1669 3789 possumus
1698 3730 1800 3786 pro
1829 3708 2100 3766 fratribus
2130 3707 2265 3764 dare
2294 3709 2594 3787 ἀντίλυτςον,
2627 3715 2691 3766 ut
2720 3709 2792 3764 ab

380 3805 592 3854 aeterna
621 3805 801 3853 morte
832 3816 930 3852 eos
969 3795 1295 3868 liberemuS,
1342 3792 1496 3850 Psal.
1529 3791 1673 3848 xlix.
1707 3794 1760 3862 7,
1792 3809 1897 3846 nec
1929 3788 2208 3863 sauguine
2251 3796 2447 3844 nostra
2489 3807 2587 3844 eos
2633 3788 2791 3844 Patri

380 3875 767 3949 reconciliare,
801 3885 859 3933 et
887 3896 921 3931 a
948 3876 1200 3951 peccatis
1228 3873 1521 3944 mundare,
1555 3870 1714 3947 quod
1732 3869 1995 3927 Christus
2033 3867 2317 3944 praestitit.
2404 3868 2608 3942 Itaque
2638 3886 2792 3923 mors

380 3965 578 4014 nostra
607 3955 897 4013 confertur
920 3975 1048 4012 cum
1074 3964 1254 4013 morte
1275 3953 1483 4012 Christi
1512 3951 1826 4010 secundum
1848 3948 2094 4023 aliquem
2116 3946 2305 4018 finem,
2327 3965 2443 4002 non
2475 3945 2790 4003 secundum

381 4057 598 4110 omnes,
626 4035 942 4093 secundum
961 4036 1251 4092 charitatis
1273 4036 1602 4108 exemplum,
1629 4051 1743 4088 non
1764 4049 1902 4087 vero
1927 4025 2241 4084 seeundum
2259 4026 2652 4099 satisfactionis
2680 4046 2788 4082 me-

380 4119 567 4190 ritum,
600 4124 658 4174 et
687 4115 968 4193 particula
995 4116 1150 4179 καθὺς
1181 4113 1614 4172 similitudinem
1644 4111 1933 4186 importat,
1963 4126 2081 4163 non
2111 4104 2513 4180 aequalitatem,
2546 4113 2610 4162 ut
2651 4104 2790 4162 alibi

383 4219 552 4275 saepe,
588 4197 796 4255 Matth.
828 4217 885 4253 v.
917 4199 1012 4269 48,
1046 4206 1102 4253 et
1132 4196 1208 4252 vi.
1246 4198 1337 4252 12.

988 4275 1072 4333 Χ.
1117 4275 1393 4348 Tertium,
1427 4273 1521 4329 Ex
1549 4271 1694 4328 locis
1725 4268 1782 4325 in
1813 4266 2022 4342 quibus
2047 4262 2307 4322 Christus
2326 4272 2565 4339 peccata
2593 4273 2790 4321 nostra

380 4334 863 4449 ³hoss³tss¹ssapo¹ssffissffff²
894 4366 1159 4433 portasse
1188 4355 1414 4426 dicitur,
1448 4361 1505 4410 et
1533 4359 1767 4427 propter
1794 4367 1861 4404 ea
1889 4344 2149 4417 afflictuS,
2172 4343 2523 4415 vulneratuS,
2546 4352 2603 4401 et
2638 4363 2787 4400 mor-

836 4426 846 4443 ’
904 4447 1055 4511 tuus,
1089 4447 1151 4496 ut
1185 4439 1213 4492 1
1250 4435 1374 4492 Pet.
1399 4433 1457 4490 ii.
1488 4435 1584 4504 24,
1618 4430 1741 4486 tulit
1761 4434 1996 4502 peccata
2023 4433 2219 4482 nostra
2257 4443 2428 4498 super
2476 4423 2683 4498 liquam
2731 4424 2790 4481 in

380 4538 619 4593 corpore
639 4538 755 4593 suo,
788 4517 945 4594 quod
973 4537 1048 4574 ex
1080 4518 1235 4574 Isaia
1263 4514 1422 4591 petit,
1450 4531 1573 4588 cap.
1602 4510 1726 4583 liii.,
1748 4507 1847 4566 ubi
1869 4506 1941 4564 de
1962 4503 2180 4562 Messia
2201 4502 2296 4578 agi
2316 4502 2518 4560 Chald.
2543 4503 2786 4580 I’araph.

381 4608 439 4657 et
470 4598 713 4655 Veteres
741 4597 938 4656 Judaei
966 4603 1306 4674 agnoscunt,
1341 4592 1627 4649 “morbos
1656 4597 1882 4646 nostros
1912 4586 2033 4662 ipse
2060 4582 2312 4660 pertulit,
2335 4592 2393 4640 et
2414 4582 2640 4640 dolores
2657 4603 2789 4641 nos-

380 4690 503 4737 tros
531 4677 833 4754 bajulavit,
864 4677 961 4734 ille
992 4677 1257 4736 atteritur
1284 4674 1357 4732 ab
1387 4669 1791 4747 iniquitatibus
1819 4665 2050 4737 nostriS,
2072 4662 2375 4739 castigatio
2393 4663 2552 4739 pacis
2580 4672 2790 4721 nostrae
