3221 5200
503 363 619 422 180
1341 380 1525 422 Locus
1553 379 1953 421 nuonncnms.
2556 358 2809 441 [onAEs‘r.
2839 378 2906 418 v.

507 522 686 582 fuisse
712 522 1057 598 patefactam
1084 521 1268 599 primo
1297 521 1695 581 Tabernaculo
1724 528 1912 580 stante
1934 521 1990 580 :”
2031 539 2148 580 non
2175 538 2388 598 negare
2409 520 2539 579 vult
2567 520 2770 579 Patres
2797 518 2911 578 sub

509 600 715 661 Veteri
741 602 1111 661 Testamento
1153 601 1214 659 in
1243 602 1453 662 coelum
1480 609 1744 678 receptos
1770 601 1966 675 fuisse,
2010 600 2168 678 quod
2194 601 2524 677 exemplum
2563 599 2807 674 Enochi,
2848 606 2916 657 et

510 680 873 742 ratiocinatio
902 681 1136 758 Christi,
1184 682 1396 741 Matth.
1426 681 1592 757 xxii„
1624 680 1838 740 invicte
1879 681 2121 759 probat:
2167 680 2286 740 Sed
2325 680 2442 739 duo
2468 680 2707 739 innuere
2739 679 2869 737 vult
2883 699 2911 752 ‚3

519 764 572 821 1.
604 760 986 820 Caeremonias
1014 768 1298 839 quatenus
1325 762 1491 837 tales,
1527 780 1657 837 quae
1698 780 1801 838 per
1825 761 2284 819 'sabernaculum
2323 760 2486 837 prius
2513 760 2915 836 designantur,

512 860 618 978 ger
643 860 704 900 se
732 861 849 899 non
876 841 1134 918 potuisse
1164 840 1383 900 aditum
1412 840 1473 900 in
1502 841 1712 900 coelum
1733 841 1919 899 faeere
1946 849 2180 918 propter
2205 840 2660 899 imbecillitatem
2680 847 2738 897 et
2767 837 2913 895 ineff-

557 920 773 979 caciam
801 940 1001 997 suam3
1046 925 1104 979 2.
1134 920 1405 996 Quandiu
1427 920 1783 979 caeremoniae
1811 921 1927 979 illae
1956 920 2365 994 subsistebant,
2393 918 2719 996 ingressum
2746 917 2917 975 illum

515 1001 577 1060 in
603 1000 832 1076 coelum,
865 1020 968 1059 seu
992 1000 1273 1059 rationem
1315 999 1473 1058 illius
1514 1007 1574 1058 et
1614 1001 1866 1075 modum,
1908 1019 1970 1058 se
2011 999 2313 1058 obscurius
2352 998 2641 1073 habuisse,
2684 1016 2792 1055 nec
2834 996 2923 1055 ita

517 1079 670 1139 clare
698 1080 877 1139 fixisse
905 1080 1281 1159 propositum,
1310 1087 1483 1158 prout
1509 1080 1726 1139 factum
1753 1080 1864 1140 fuit
1891 1079 2122 1138 Christo
2149 1078 2427 1153 exhibito,
2473 1086 2532 1136 et
2559 1076 2922 1136 caeremoniis

517 1160 773 1219 remotis.
857 1158 944 1218 At
970 1179 1005 1218 a
1032 1160 1340 1237 negatione
1368 1158 1527 1218 modi
1553 1159 1631 1217 ad
1656 1160 2023 1237 negationem
2051 1159 2136 1216 rei
2159 1178 2279 1217 non
2306 1158 2464 1216 valet
2485 1156 2920 1234 consequentia.

518 1239 705 1299 Aliud
745 1247 836 1298 est
861 1249 978 1298 non
1005 1249 1133 1298 esse
1173 1239 1294 1299 ullo
1323 1240 1495 1298 modo
1535 1239 1897 1316 patefactam,
1941 1237 2100 1297 aliud
2140 1257 2256 1296 non
2298 1257 2425 1296 esse
2466 1237 2619 1296 clare
2647 1244 2707 1295 et
2744 1236 2922 1313 plene

519 1320 853 1379 revelatam.
938 1318 1260 1395 Apostolus
1299 1319 1427 1394 hoc,
1458 1339 1575 1377 non
1622 1319 1771 1378 illud
1797 1319 1896 1394 ait,
1924 1338 2058 1376 nam
2087 1323 2142 1375 τ’.
2169 1319 2531 1398 montefia-ocu
2573 1317 2806 1394 plenam
2834 1314 2923 1373 rei

526 1398 1049 1458 manifestationem
1076 1398 1310 1474 indicat,
1341 1398 1499 1476 quod
1519 1398 1723 1457 Veteri
1749 1399 1818 1457 Τ.
1846 1407 2122 1475 negatum
2151 1397 2276 1457 fuit.

602 1477 936 1537 XXXIII.
979 1480 1187 1536 Foedus
1210 1488 1364 1538 vetus
1403 1478 1667 1536 bifariam
1697 1478 1957 1553 sumitur,
2000 1478 2098 1536 vel
2139 1498 2243 1554 pro
2271 1478 2516 1535 Faedere
2542 1494 2775 1552 operum
2816 1492 2926 1533 seu

527 1556 736 1634 Legali
763 1556 960 1616 stricte
989 1566 1237 1635 sumpto,
1282 1556 1439 1634 quod
1481 1577 1612 1616 cum
1653 1558 1853 1635 primis
1893 1558 2228 1634 parentibus
2264 1566 2399 1615 ante
2423 1556 2652 1633 lapsum
2693 1553 2925 1628 initum,

525 1643 586 1696 et
609 1644 814 1713 postea
840 1636 900 1694 in
931 1636 1159 1697 deserto
1199 1645 1559 1713 renovatum,
1602 1637 1700 1696 vel
1741 1657 1845 1715 pro
1870 1640 2097 1712 foedere
2138 1639 2378 1696 secundo
2414 1636 2620 1713 qratiae
2647 1653 2778 1692 cum
2805 1633 2926 1710 pri-

524 1716 636 1775 mis
663 1716 998 1792 parentibus
1039 1725 1172 1795 post
1197 1716 1423 1795 lapsum
1452 1716 1691 1794 sancito,
1734 1725 1794 1776 et
1821 1717 1882 1774 in
1922 1717 2243 1776 oeconomia
2270 1717 2533 1774 Mosaica
2568 1713 2928 1773 confirmato.

526 1798 752 1856 Novum
778 1815 919 1855 vero
958 1797 1057 1855 vel
1100 1797 1361 1872 sumitur,
1406 1796 1468 1855 in
1510 1816 1723 1873 genere
1763 1817 1867 1874 pro
1906 1796 2119 1855 foedere
2163 1796 2381 1873 gratiae,
2426 1795 2522 1853 vel
2561 1813 2666 1871 pro
2707 1790 2930 1850 foedere

528 1876 732 1953 gratiae
773 1875 834 1933 in
862 1876 936 1934 N.
968 1876 1037 1934 Τ.
1066 1875 1373 1936 illustrato.
1459 1875 1632 1936 Unde
1662 1876 1892 1953 gemina
1920 1885 2009 1935 est
2029 1876 2313 1954 oppositio
2336 1875 2472 1934 Vct.
2502 1882 2560 1933 et
2589 1874 2661 1931 N.
2693 1871 2934 1930 foederis

526 1955 707 2033 probe
738 1954 1182 2032 distinguenda3
1224 1975 1342 2015 una
1366 1956 1589 2015 ratione
1625 1957 1961 2030 substantiae,
1991 1955 2041 2014 si
2078 1956 2264 2033 primo
2293 1955 2465 2012 modo
2495 1961 2809 2025 sumantur,
2842 1950 2930 2008 al-

528 2044 654 2094 tera
680 2034 873 2112 quoad
901 2035 1216 2094 accidentia
1243 2054 1345 2094 seu
1373 2036 1821 2095 accidentarium
1843 2034 2288 2113 dispensationis
2313 2033 2568 2108 modum,
2599 2031 2651 2090 si
2672 2030 2931 2090 secundo

530 2134 705 2174 sensu
733 2122 1082 2192 spectentur.
1165 2113 1443 2188 Quamvis
1472 2115 1624 2174 enim
1646 2114 1839 2194 quoad
1865 2115 2136 2174 corticem
2162 2114 2344 2174 literae
2373 2113 2561 2171 foedus
2603 2112 2935 2169 Mosaicum

529 2193 827 2253 videretur
855 2195 1092 2271 Legale,
1113 2194 1250 2272 quia
1290 2195 1523 2255 nonnisi
1552 2198 1661 2256 sub
1689 2195 2018 2254 conditione
2058 2195 2304 2272 propriae
2332 2191 2691 2264 obedientiae,
2716 2197 2775 2249 et
2801 2190 2932 2266 qui-

531 2274 664 2333 dem
703 2273 991 2350 perfectae,
1023 2274 1145 2334 sine
1173 2275 1293 2334 ulla
1321 2277 1547 2354 immola
1571 2277 1754 2336 vitam
1784 2275 2180 2353 pollicebatur,
2219 2282 2414 2333 tamen
2441 2271 2634 2349 quoad
2660 2269 2934 2328 intentio-

532 2372 666 2413 nem
695 2353 1091 2431 legislatoris,
1136 2361 1197 2413 et
1223 2357 1415 2431 quoad
1441 2357 1615 2415 finem
1646 2356 1824 2434 Legis
1861 2356 2051 2415 denuo
2092 2353 2488 2432 promulgataa,
2520 2351 2596 2409 ad
2621 2359 2935 2408 venturum

535 2433 815 2491 Messiam
860 2433 1142 2509 ducebat3
1186 2443 1359 2510 atque
1400 2436 1547 2495 adeo
1587 2435 1665 2494 ad
1704 2434 1893 2494 foedus
1937 2435 2137 2512 gratiae
2178 2442 2333 2492 recte
2377 2431 2590 2490 dicitur
2627 2429 2937 2507 pertinere.

537 2513 670 2572 Hoc
701 2532 875 2572 sensu
902 2521 1072 2571 vetus
1099 2512 1290 2572 foedus
1318 2514 1530 2573 dicitur
1556 2515 1917 2591 antiquatum
1945 2514 2229 2574 duntaxat
2270 2511 2462 2590 quoad
2489 2510 2723 2569 modum
2751 2507 2936 2566 admi-

533 2590 913 2667 nistrationis,
943 2612 1058 2650 non
1087 2592 1281 2668 quoad
1307 2614 1426 2653 rem
1456 2594 1946 2670 administratam3
1977 2593 2169 2671 quoad
2197 2591 2516 2652 accidentia
2541 2588 2791 2663 foederis,
2814 2608 2939 2646 non

538 2671 732 2748 quoad
775 2671 1187 2747 substantiam3
1232 2672 1423 2748 quoad
1466 2674 1929 2732 observationem
1966 2683 2264 2732 externam
2308 2670 2691 2751 appendicum
2731 2668 2939 2727 foederi

539 2762 912 2821 annexarum,
944 2768 1061 2808 non
1088 2751 1277 2826 quoad
1307 2752 1590 2811 internam
1619 2752 1801 2829 ipsius
1828 2752 2060 2811 foederis
2087 2753 2346 2812 formam.

620 2828 943 2888 XXXIV.
986 2830 1278 2889 Promissa
1305 2833 1438 2890 novi
1459 2833 1702 2907 faederis
1740 2831 2009 2891 dicuntur
2041 2834 2466 2909 proestantiora,
2511 2827 2694 2888 Hebr.
2723 2827 2846 2885 viii.
2878 2830 2939 2902 6,

540 2907 859 2968 secundum
885 2908 1044 2986 quid,
1074 2928 1192 2968 non
1220 2911 1583 2988 simpliciter;
1615 2930 1733 2970 non
1760 2911 1981 2971 ratione
2010 2913 2346 2972 substantiae
2374 2909 2803 2990 promissorum,
2833 2907 2941 2965 sed

541 2988 762 3047 ratione
803 2988 981 3065 modi,
1026 2997 1084 3049 et
1111 3009 1180 3048 ea
1207 2991 1419 3051 clarius
1459 2992 1835 3070 proponendi,
1879 2999 1939 3050 et
1962 2993 2198 3051 uberius
2225 2990 2522 3064 dilatandi,
2566 2997 2625 3048 et
2652 2986 2944 3047 efficacius

540 3067 923 3147 imprimendi,
956 3077 1015 3129 et
1031 3068 1206 3130 latius
1223 3071 1299 3129 ad
1319 3080 1524 3149 gentes
1552 3092 1782 3150 quoque
1812 3072 2181 3131 extendendi.
2224 3072 2384 3148 Ergo
2409 3072 2620 3150 ὑπςοχὲ
2649 3068 2751 3125 illa
2784 3067 2941 3125 Novi

542 3148 899 3209 Testamenti
948 3157 1072 3209 tota
1113 3151 1269 3210 modi
1299 3160 1404 3229 est,
1450 3172 1567 3212 non
1612 3153 1712 3227 rei,
1758 3161 1817 3212 et
1859 3158 2083 3230 spectat
2118 3155 2187 3210 -nl
2228 3147 2488 3213 ὃπουο-ιόὶη
2531 3147 2780 3221 foederis,
2821 3166 2944 3204 non

543 3226 779 3293 οὖα-ιάδητ
823 3230 973 3288 Nam
1015 3231 1416 3308 praestantiora
1446 3233 1732 3309 promissa
1771 3232 1966 3310 quoad
2005 3251 2125 3290 rem
2154 3231 2279 3289 dari
2318 3250 2436 3289 non
2476 3236 2737 3308 possunt,
2767 3245 2943 3303 quam

540 3328 673 3385 quae
704 3308 1063 3384 Abrahamo,
1097 3310 1318 3385 IsaacO,
1349 3320 1408 3371 et
1435 3313 1564 3371 aliis
1593 3312 1865 3371 Patribus
1895 3320 2030 3370 sunt
2057 3310 2225 3370 facta.

627 3387 914 3446 XXXV.
958 3387 1147 3446 Aliud
1173 3398 1262 3447 est
1289 3392 1578 3449 Justitiam
1601 3392 1752 3469 fidei
1774 3412 1936 3465 nunc,
1980 3391 2041 3448 id
2069 3398 2158 3450 est
2186 3390 2294 3449 sub
2323 3388 2642 3447 oeconomia
2670 3387 2943 3461 Evange-

542 3464 674 3538 lica,
705 3484 833 3524 esse
862 3472 1204 3545 φωραθεῖσα,
1230 3470 1426 3541 ἇπλὸς,
1452 3468 1637 3529 Aliud
1665 3490 1791 3528 esse
1820 3476 2162 3551 φαηςαθεῒσαιν
2188 3474 2340 3550 χωρὶς
2368 3469 2527 3545 νόμον,
2557 3466 2635 3526 id.
2657 3486 2762 3544 per
2787 3463 2949 3523 aliud

543 3543 789 3600 verbum
820 3562 993 3619 quam
1036 3546 1230 3622 Legis,
1273 3548 1542 3606 nimirum
1569 3550 1814 3608 verbum
1843 3549 2171 3627 Evangelii.
2257 3550 2425 3607 Prius
2465 3567 2581 3606 non
2610 3545 2888 3605 asseritur
2912 3563 2950 3603 a

548 3621 753 3696 Paulo,
785 3622 953 3681 Rom.
985 3622 1065 3682 iii.
1096 3628 1191 3700 21,
1224 3625 1326 3684 sed
1359 3628 1681 3703 posterius3
1726 3629 1862 3705 quia
1890 3628 2031 3687 dicit
2061 3629 2349 3707 justitiam
2377 3629 2538 3686 illam
2566 3645 2691 3685 esse
2718 3648 2946 3705 puerve-

547 3699 736 3777 ονμίηιι
762 3720 864 3778 per
892 3702 1112 3780 Legem
1140 3714 1199 3763 et
1229 3705 1583 3783 Prophetas3
1631 3708 1752 3766 Nec
1781 3708 1897 3765 dici
1923 3717 2113 3785 potest
2142 3728 2266 3767 esse
2294 3707 2681 3789 μξτυςουμὲηυ
2707 3715 2772 3765 ut
2792 3710 2949 3763 futu·-

545 3801 688 3857 ram,
718 3801 836 3841 non
864 3789 929 3841 ut
956 3793 1315 3862 praesentem,
1344 3795 1411 3845 ut
1438 3786 1784 3846 destinatam
1812 3787 2080 3847 fidelibus
2099 3789 2254 3848 Novi
2275 3788 2646 3864 Testamenti,
2670 3804 2787 3843 non
2807 3802 2949 3842 vero

551 3861 858 3937 Patribus3
904 3862 1052 3938 Quia
1079 3864 1162 3924 sic
1192 3874 1542 3942 sequeretur,
1585 3867 1684 3925 vel
1712 3868 1998 3927 neminem
2026 3888 2101 3927 ex
2132 3869 2404 3927 Patribus
2449 3867 2627 3926 fuisse
2665 3864 2947 3943 justifica-

548 3950 691 4017 tum,
723 3942 880 4019 quod
921 3944 1188 4022 exempla
1222 3945 1561 4021 Abrahami,
1608 3947 1854 4006 Davidis
1895 3956 1955 4007 et
1981 3949 2222 4008 aliorum
2263 3947 2473 4006 salsum
2514 3966 2642 4005 esse
2683 3944 2948 4022 probant,

547 4021 659 4114 vel·
680 4022 1032 4160 Ῑηὲῑίἦοαιοε
1058 4025 1235 4084 fuisse
1276 4026 1390 4086 alio
1418 4027 1609 4103 mod0,
1655 4047 1828 4104 quam
1868 4048 1973 4106 per
2006 4029 2292 4105 justitiam
2319 4027 2475 4103 fidei,
2518 4034 2584 4085 ut
2613 4025 2830 4083 Paulus
2857 4042 2947 4081 as-

549 4108 705 4175 sent,
796 4122 907 4161 om.
937 4103 1015 4162 iv.

630 4180 951 4242 XXXVI.
997 4183 1275 4258 Quamvis
1314 4185 1512 4245 Moses
1548 4186 1724 4246 fuerit
1766 4185 2058 4245 Mediator
2097 4187 2330 4246 Veteris
2373 4186 2651 4259 Foederis,
2697 4201 2816 4242 non
2849 4202 2951 4240 ex·

546 4260 803 4320 cluditur
847 4262 1110 4324 Christus
1151 4264 1225 4322 ab
1252 4265 1363 4323 hoc
1393 4265 1581 4324 officio
1624 4267 1797 4325 etiam
1827 4266 1887 4323 in
1916 4267 2118 4326 Veteri
2155 4267 2543 4341 Testamento,
2588 4265 2725 4344 quia
2753 4263 2953 4321 Moses

547 4339 658 4398 fuit
685 4349 907 4401 tantum
940 4342 1230 4402 Mediator
1257 4345 1506 4421 typicus,
1545 4354 1605 4404 et
1635 4364 1826 4404 merus
1854 4345 2250 4406 internuncius
2277 4347 2429 4406 inter
2457 4347 2647 4404 Deum
2677 4353 2734 4403 et
2770 4361 2951 4419 popu-

546 4418 686 4494 lum,
733 4420 837 4479 sed
879 4421 1143 4480 Christus
1185 4442 1360 4481 verus
1403 4433 1462 4483 et
1504 4425 1678 4483 realis
1721 4430 2015 4506 ιίςηνοπκὶς,
2051 4426 2152 4503 qui
2191 4426 2361 4485 nobis
2406 4426 2676 4485 conciliat
2721 4423 2952 4480 Patrem

547 4499 753 4632 melfi-to
772 4519 904 4634 §qu
934 4501 1036 4577 qui
1063 4501 1215 4561 idem
1245 4511 1334 4562 est
1360 4503 1502 4580 heri,
1533 4504 1707 4564 hodie
1735 4514 1794 4564 et
1819 4505 1881 4563 in
1910 4507 2120 4582 secula,
2158 4505 2217 4563 in
2245 4506 2323 4566 V.
2354 4506 2589 4584 quidem
2616 4505 2684 4562 Τ.
2713 4500 2950 4582 ἔσηκε,

551 4594 613 4633 Se
681 4595 741 4632 ln
831 4622 843 4635 .
875 4602 1111 4659 tumque.

638 4654 990 4715 XXXVII.
1036 4659 1212 4719 Fides
1256 4661 1492 4721 Patrum
1521 4682 1639 4721 non
1680 4662 1789 4724 suit
1817 4672 2039 4724 tantum
2069 4667 2297 4724 credere
2329 4665 2612 4725 Christum
2639 4671 2950 4735 venturum,
