3221 5200
473 254 590 308 316
1267 265 1446 305 Locus
1478 263 1736 302 oscines
1766 261 2033 300 marius.
2502 239 2751 322 [QuAEsT.
2786 261 2895 300 xv.

467 413 524 468 3.
560 409 652 465 Ex
675 407 865 466 collat.
887 426 1014 464 cum
1047 406 1183 464 Act.
1215 405 1338 462 xiii.
1364 407 1458 478 34,
1484 406 1579 478 35,
1608 403 1705 460 ubi
1731 402 1891 460 Deus
1919 401 2130 460 dicitur
2152 401 2459 459 suscitasse
2491 402 2780 460 Christum
2814 423 2895 460 ex

466 487 725 560 mortuiS,
777 506 848 543 ne
893 485 1118 544 videret
1166 484 1604 560 corruptionem.
1691 482 1813 539 Nec
1863 481 2070 555 obstat,
2118 481 2233 538 Vel
2261 501 2379 537 vox
2405 480 2598 557 ψυχῆς,
2631 503 2777 558 quae,
2827 491 2897 540 ut

465 575 628 624 notat
673 567 834 623 Ema.
870 565 949 623 Sa
997 565 1069 623 de
1113 564 1416 640 phrasibus
1449 563 1774 638 Scripturae,
1808 560 2042 637 synecd.
2079 561 2258 635 partis
2299 580 2403 636 pro
2431 572 2570 636 tot0,
2628 582 2731 639 pro
2760 582 2894 638 per-

471 667 611 705 sona
639 646 764 723 ipsa
791 654 914 702 tota
941 645 1189 721 ponitur,
1220 663 1337 700 non
1367 643 1542 700 semel
1571 642 1727 715 alibi,
1753 642 1905 698 Psal.
1930 641 2010 698 iii.
2035 645 2090 714 2,
2117 650 2174 699 et
2196 641 2338 699 xvii.
2374 640 2464 714 13,
2498 642 2633 699 Act.
2663 642 2763 699 vii.
2793 642 2889 714 14,

470 726 566 784 vel
596 726 774 803 partis
806 745 910 800 pro
937 733 1116 800 parte,
1161 743 1264 799 pro
1299 724 1424 799 ipso
1454 741 1707 798 corpore,
1733 730 1796 778 ut
1822 721 1962 777 LeV.
1987 720 2111 776 xix.
2142 723 2238 793 28,
2264 730 2321 778 et
2349 721 2473 777 xxi.
2499 725 2549 795 1,
2586 724 2677 794 11,
2711 721 2891 779 Num.

473 826 530 862 v.
562 809 610 880 1,
643 814 701 863 et
732 805 872 861 Luc.
896 805 974 860 vi.
1006 807 1060 878 9,
1106 812 1171 861 ut
1201 803 1366 878 Virg.
1419 801 1659 858 AEneid.
1703 804 1758 875 3,
1808 803 1842 833 “
1867 800 2140 856 Animam
2177 799 2481 875 sepulchro
2511 800 2813 858 condimus
2840 801 2900 875 ;''

471 885 586 943 Vel
615 905 734 942 vox
761 881 900 961 ᾅδης,
933 903 1104 959 quam
1135 903 1285 958 saepe
1315 903 1416 957 pro
1448 881 1751 957 sepulchro
1775 880 1922 937 sumi
1942 889 2183 951 constat,
2215 889 2280 936 ut
2306 879 2453 936 infra
2476 880 2831 955 probabitur.

552 964 707 1022 XII.
753 964 944 1020 Locus
988 964 1161 1035 Petri,
1199 967 1264 1018 1¹⁰
1293 982 1416 1037 cap.
1447 962 1527 1017 iii.
1563 962 1655 1033 19,
1687 979 1864 1034 quum
1898 962 1932 991 ‘⁶
1957 960 2219 1017 Christus
2263 958 2554 1035 profectus
2608 960 2891 1036 Spiritu,’'

471 1042 683 1102 dicitur
713 1047 749 1075 “
769 1042 1111 1120 praedicasse
1142 1042 1437 1118 spiritibus
1464 1046 1562 1104 τοῖς
1600 1065 1642 1097 υ
1669 1040 1940 1119 φυλακῇ,”
1970 1059 2086 1095 non
2116 1038 2272 1096 favet
2300 1038 2601 1097 descensui
2630 1040 2799 1097 locali
2830 1042 2895 1097 in

471 1122 775 1180 infernum.
825 1125 876 1179 1.
909 1123 1057 1195 Quia
1086 1123 1293 1179 Petrus
1328 1142 1443 1178 non
1492 1120 1748 1194 loquitur
1794 1119 1866 1176 de
1908 1119 2119 1192 anima,
2166 1116 2268 1176 sed
2311 1118 2382 1175 de
2424 1120 2683 1194 Spiritu;
2729 1120 2893 1196 Ergo

473 1221 602 1260 non.
617 1210 809 1278 potest
837 1201 1084 1277 intelligi
1115 1201 1185 1258 de
1213 1201 1333 1258 ullo
1364 1201 1568 1257 animae
1597 1198 1896 1257 descensu.
1962 1198 2238 1274 Spiritum
2268 1198 2419 1255 enim
2442 1200 2537 1257 hic
2564 1219 2668 1276 pro
2697 1200 2896 1256 anima

473 1301 590 1339 non
619 1301 786 1357 posse
817 1280 985 1355 sumi,
1017 1281 1118 1338 sed
1164 1300 1266 1357 pro
1286 1280 1606 1352 divinitate,
1640 1278 1933 1354 colligitur
1977 1298 2050 1335 ex
2080 1297 2230 1335 vers.
2261 1278 2541 1354 praeced.;
2594 1299 2709 1336 non
2740 1279 2895 1336 alius

473 1361 818 1437 intelligitur
850 1361 1114 1435 SpirituS,
1140 1379 1312 1435 quam
1340 1360 1438 1417 ille
1468 1379 1576 1435 quo
1604 1359 1906 1437 vivificatus
1933 1367 2027 1432 est,
2052 1356 2209 1433 quod
2236 1377 2351 1414 non
2381 1367 2570 1435 potest
2598 1357 2669 1416 de
2698 1359 2897 1416 anima

476 1439 610 1516 dici,
642 1460 747 1498 nec
788 1441 1091 1514 subjective,
1122 1440 1259 1516 quia
1299 1438 1360 1496 id
1389 1447 1612 1497 tantum
1662 1438 2006 1510 vivificatur,
2037 1436 2194 1513 quod
2222 1438 2367 1494 mori
2397 1446 2603 1513 potest,
2644 1439 2801 1513 quod
2830 1439 2896 1495 in

473 1519 723 1577 animam
753 1540 868 1577 non
897 1519 1067 1592 cadit,
1100 1539 1206 1576 nec
1234 1520 1541 1592 efficienter,
1566 1517 1702 1594 quia
1722 1517 2038 1575 vivificatio
2067 1526 2155 1574 est
2197 1536 2341 1593 opus
2369 1517 2607 1575 infinitae
2635 1517 2893 1576 virtutiS.

477 1598 620 1658 Ideo
665 1600 738 1657 de
786 1599 1109 1656 necessario
1158 1597 1536 1674 intelligenda
1580 1599 1707 1673 ipsa
1751 1597 2042 1671 divinitaS,
2091 1617 2219 1672 quae
2263 1596 2345 1653 sic
2388 1596 2527 1653 alibi
2564 1617 2678 1654 non
2709 1598 2895 1654 semel

475 1678 827 1754 designatur,
858 1679 1025 1736 Rom.
1057 1679 1094 1734 i.
1124 1681 1179 1752 4,
1215 1678 1367 1735 Heb.
1398 1678 1477 1734 ix.
1513 1680 1604 1750 14,
1631 1685 1689 1734 et
1722 1680 1750 1733 1
1778 1677 1925 1733 Tim.
1956 1677 2035 1734 iii.
2071 1676 2160 1751 16,
2193 1676 2642 1754 ubijustg'ficatus
2669 1677 2894 1752 Spiritu

473 1758 700 1832 dicitur,
733 1758 886 1834 quod
918 1758 988 1815 de
1019 1758 1321 1815 divinitate
1351 1765 1408 1814 et
1448 1756 1666 1833 Spiritu
1700 1757 1911 1814 Sancto
1940 1756 2272 1832 intelligunt
2302 1757 2535 1830 Caieta„
2569 1757 2888 1832 Gagnaeus,

471 1837 742 1912 Thomas,
778 1838 1060 1913 Lyranus,
1092 1838 1293 1895 etalii.
1338 1842 1394 1895 2.
1427 1837 1645 1913 Agitur
1685 1835 1756 1893 de
1800 1836 2082 1910 spiritibus
2130 1837 2415 1897 ἄπαθιὶσαει
2459 1836 2535 1893 id.
2579 1837 2889 1911 rebellibuS,

474 1918 574 1994 qui
604 1918 748 1975 bene
777 1917 1145 1974 monentibus
1186 1936 1302 1973 non
1340 1925 1668 1993 paruerunt,
1701 1916 1901 1991 quales
1931 1936 2045 1971 non
2074 1924 2316 1992 possunt
2344 1916 2459 1973 dici
2500 1924 2709 1992 patres,
2741 1935 2893 1990 quos

472 1998 678 2054 volunt
697 1998 755 2054 in
777 1996 954 2053 limbo
985 1996 1248 2053 detentos
1268 1996 1558 2054 Christum
1588 1996 1649 2052 in
1679 1994 1885 2052 coelum
1917 1993 2246 2052 deduxisse.
2293 1995 2414 2052 Nec
2444 1995 2557 2053 dici
2576 2005 2765 2071 potest
2786 2015 2892 2053 eos

469 2076 635 2134 initio
664 2076 896 2152 quidem
926 2075 1251 2133 incredulos
1269 2075 1444 2134 fuisse
1464 2075 1567 2134 sed
1593 2083 1796 2152 postea
1822 2074 2336 2150 poenituisse,‘quia
2362 2076 2472 2132 hoc
2501 2095 2617 2131 non
2644 2075 2895 2132 habetur

471 2155 532 2213 in
570 2165 753 2230 textu,
806 2154 909 2214 sed
951 2156 1003 2212 ei
1031 2156 1223 2231 potius
1264 2165 1565 2232 repugnat,
1602 2155 1740 2230 quia
1767 2163 1897 2212 octo
1940 2155 2124 2212 solum
2169 2153 2403 2227 servari,
2435 2155 2641 2230 reliqui
2680 2154 2892 2230 periise

471 2234 756 2310 dicuntur,
789 2244 847 2292 at
877 2234 926 2292 si
953 2235 1187 2310 quidam
1230 2236 1573 2312 poenitentes
1616 2234 1874 2307 fuissent,
1925 2234 2129 2292 Petrus
2157 2254 2274 2292 non
2315 2245 2548 2293 vocaret
2604 2254 2703 2292 eos
2742 2241 2891 2292 ἀπει-

472 2321 576 2380 θιῖς.
649 2319 704 2373 3.
750 2315 926 2372 Nulla
960 2315 1052 2372 hic
1093 2315 1466 2388 liberationiS,
1500 2314 1603 2372 sed
1645 2323 1867 2372 tantum
1897 2313 2320 2389 praedicationis
2362 2314 2595 2372 mentio,
2680 2318 2735 2370 4.
2781 2326 2889 2371 Φυ·

473 2398 606 2457 λαικὸ
630 2394 700 2451 de
730 2415 844 2470 qua
865 2395 958 2450 hie
988 2394 1179 2469 agitur
1200 2394 1462 2451 bifariam
1490 2401 1714 2451 tantum
1744 2393 1988 2451 sumitur
2009 2394 2065 2450 in
2099 2394 2407 2469 Scriptura,
2435 2395 2653 2470 vel‘pro
2682 2393 2892 2470 vigilia

468 2486 764 2547 nocturna,
798 2473 892 2530 vel
923 2493 1024 2547 pro
1053 2493 1278 2530 carcere
1298 2473 1355 2528 in
1384 2493 1498 2549 quo
1522 2473 1852 2531 detinentur
1874 2483 2083 2547 sontes,
2118 2473 2258 2530 Luc.
2290 2473 2368 2530 iii.
2400 2477 2514 2544 203
2567 2494 2697 2531 cum
2745 2493 2891 2531 vero

471 2555 657 2632 primo
687 2572 859 2611 sensu
890 2553 1150 2627 usurpari
1179 2552 1271 2610 hic
1302 2572 1415 2609 uon
1445 2552 1644 2628 possit,
1678 2551 1850 2610 debet
1878 2553 2198 2610 necessario
2228 2572 2331 2630 pro
2370 2573 2594 2611 carcerc
2625 2553 2790 2626 sumi,
2822 2563 2893 2612 ut

478 2635 691 2693 Glossa
720 2632 926 2689 interli.
959 2631 1098 2689 dicit
1131 2635 1472 2689 “carcerem
1514 2632 1878 2690 tenebrarum
1923 2640 1980 2690 et
2015 2633 2428 2706 infidelitatis,”
2461 2633 2563 2691 sed
2601 2653 2889 2709 nusquam

477 2714 537 2770 in
571 2712 866 2788 Scriptura
910 2730 1102 2767 carcer
1130 2710 1340 2768 dicitur
1372 2712 1534 2769 locus
1572 2710 1798 2787 aliquiS,
1830 2711 1929 2769 ubi
1963 2712 2210 2788 Spiritus
2258 2713 2413 2770 beati
2463 2713 2717 2770 conclusi
2748 2713 2887 2771 sint.

480 2797 535 2850 5.
570 2790 910 2848 Praedicatio
953 2810 1069 2847 non
1118 2790 1328 2847 dicitur
1369 2790 1520 2849 facta
1569 2791 1866 2866 spiritibus
1913 2791 1973 2848 in
2019 2812 2243 2849 carcere
2293 2793 2675 2851 existentibus
2717 2793 2889 2869 quasi

476 2870 902 2948 praedicationis
942 2879 1198 2945 tempore
1240 2871 1300 2927 in
1329 2890 1553 2928 carcere
1598 2879 1807 2942 essent,
1839 2890 2109 2946 quorsum
2150 2872 2302 2928 enim
2331 2872 2509 2946 fieret,
2542 2892 2671 2930 cum
2710 2892 2785 2929 ex
2814 2891 2887 2930 eo

475 2971 593 3009 non
638 2950 805 3007 detur
833 2949 1095 3007 reditus?
1137 2949 1238 3007 sed
1267 2950 1479 3009 dicitur
1516 2950 1665 3007 facta
1705 2949 1842 3007 olim
1870 2960 2125 3027 tempore
2156 2951 2396 3025 Noachi,
2447 2972 2561 3028 quo
2604 2951 2889 3028 patientia

479 3031 590 3090 Dei
618 3030 962 3107 expectabat
991 3030 1266 3104 homines,
1310 3030 1425 3087 illis
1454 3030 1570 3107 qui,
1602 3029 1713 3087 hoc
1743 3039 1997 3106 tempore
2038 3051 2153 3104 quo
2185 3031 2391 3089 Petrus
2420 3031 2635 3104 scribit,
2666 3038 2802 3088 sunt
2823 3032 2885 3089 in

479 3130 723 3170 carcere.
811 3110 980 3169 Unde
1027 3110 1232 3168 Petrus
1261 3130 1375 3167 non
1425 3110 1565 3167 dicit
1594 3110 1779 3190 ἒκῆςυξι
1819 3116 1924 3174 τοῖς
1966 3109 2208 3185 mim-aet
2247 3112 2286 3168 ἓν
2307 3124 2535 3190 Φυλεωιῃ,
2567 3110 2670 3168 sed
2710 3116 2816 3174 τοῖς
2844 3113 2887 3168 ἔ»

478 3195 697 3272 &hanff
720 3189 960 3265 mu'aepmm
991 3192 1190 3269 ἐκήρυξι,
1223 3198 1287 3247 ut
1315 3190 1637 3247 necessario
1661 3189 2043 3266 supplendum
2072 3191 2148 3248 sit
2177 3191 2415 3248 verbum
2436 3190 2881 3264 substantivum,

477 3292 595 3329 non
625 3283 689 3329 ut
719 3271 976 3345 Vulgata
1004 3272 1191 3327 reddit.
1221 3270 1287 3325 iis
1315 3270 1414 3344 qui
1439 3270 1494 3326 in
1523 3289 1753 3327 carcere
1779 3279 1960 3342 erant,
1993 3270 2156 3345 quasi
2186 3270 2608 3345 praedicationis
2627 3279 2882 3347 tempore

476 3353 536 3408 in
567 3369 790 3408 carcere
821 3356 1030 3422 essent,
1077 3349 1178 3405 scd
1207 3349 1306 3424 qui
1329 3358 1457 3405 sunt
1482 3373 1580 3412 τοις
1608 3354 1729 3424 ὄῢσι,
1775 3369 1843 3406 eo
1873 3349 2093 3406 scilicet
2133 3358 2387 3424 tempore
2416 3369 2531 3425 quo
2563 3350 2884 3425 Apostolus

478 3429 780 3489 scribebat.
855 3427 1012 3484 Illud
1040 3428 1187 3483 enim
1234 3427 1352 3484 orm*
1383 3428 1587 3485 Petrus
1622 3429 1837 3504 jungit,
1878 3448 1993 3486 non
2043 3449 2170 3486 cum
2203 3430 2395 3486 verbis
2425 3430 2465 3486 ἔν
2512 3443 2734 3507 φυλακῇ,
2779 3430 2880 3487 sed

479 3529 610 3568 cum
632 3509 918 3569 ἀπειθέα-αισι
940 3507 1049 3563 hoc
1079 3507 1266 3576 modo,
1291 3511 1388 3571 τοῖς
1418 3508 1457 3563 ἔν
1498 3518 1711 3587 φυλακῇ
1738 3508 1978 3583 πνεῦμσισι
2006 3508 2305 3571 ἀπειθέα-ατί
2325 3533 2457 3583 ποτα,
2491 3518 2747 3585 tempora
2764 3528 2881 3565 non

477 3589 718 3647 obscure
742 3585 1121 3661 distinguens,
1153 3587 1362 3662 quibus
1390 3587 1634 3645 rebelles
1663 3590 1887 3645 fuerant
1929 3589 1988 3644 in
2031 3589 2235 3646 diebus
2266 3588 2407 3663 Noe,
2460 3598 2518 3647 et
2562 3587 2772 3665 quibus
2820 3588 2882 3645 in

476 3686 759 3726 carcerem
791 3666 1008 3723 detrusi
1039 3675 1172 3724 sunt
1214 3677 1444 3743 propter
1465 3667 1855 3725 rebellionem.
1916 3667 2008 3725 Ita
2036 3688 2238 3725 sensus
2266 3668 2379 3725 loci
2423 3668 2630 3744 planus
2668 3676 2771 3741 est,
2816 3677 2883 3725 ut

479 3749 636 3807 Beza
657 3744 1188 3805 nosterfelicissime
1203 3745 1363 3803 illum
1394 3747 1679 3823 exposuit,
1715 3747 2086 3820 “Christus,'’
2117 3748 2319 3823 inquit,
2339 3752 2557 3823 “quem
2586 3746 2710 3804 dixi
2731 3747 2881 3804 vivi-

476 3829 707 3886 ficatum
742 3826 975 3903 Spiritu,
1008 3826 1312 3901 profectus,
1345 3846 1460 3884 non
1490 3828 1805 3885 mutatione
1846 3827 1976 3902 loci,
2011 3826 2112 3884 sed
2141 3827 2421 3903 singulari
2449 3826 2697 3904 quadam
2736 3846 2878 3902 prae-

474 3908 672 3968 sentiae
702 3927 818 3964 suae
840 3906 1261 3979 testificatione,
1294 3926 1395 3982 per
1421 3907 1831 3964 revelationem
1861 3913 1919 3963 et
1947 3905 2333 3981 operationem
2380 3926 2559 3980 suam,
2593 3906 2882 3982 quomodo

474 4008 625 4065 saepe
658 3988 818 4045 Deus
860 3985 1071 4044 dicitur
1098 3986 1293 4043 venire
1334 3986 1393 4042 in
1441 3986 1752 4060 Scriptura,
1783 4006 1899 4042 nou
1927 3985 2225 4044 literaliter
2267 3985 2367 4043 sed
2395 3987 2642 4063 figurate
2671 3993 2729 4043 et
2761 4005 2879 4042 me·

471 4067 782 4145 taphorice,
813 4086 926 4122 non
978 4086 1230 4141 corpore,
1262 4064 1417 4141 quod
1466 4066 1722 4121 nondum
1772 4075 2173 4140 assumpserat,
2218 4065 2315 4122 scd
2360 4065 2459 4122 illo
2505 4066 2630 4140 ipso
2664 4059 2882 4141 Spirifu

471 4168 575 4207 seu
604 4146 802 4204 divina
830 4146 1058 4219 virtute,
1092 4166 1204 4220 qua
1227 4145 1539 4203 resurrexit
1561 4154 1619 4201 et
1643 4144 1967 4201 vivificatus
1995 4154 2100 4220 est,
2124 4155 2317 4220 etqua
2346 4144 2521 4201 afflati
2549 4145 2726 4203 locuti
2745 4153 2881 4202 sunt

473 4227 794 4302 Prophetae,
831 4224 889 4298 (1
925 4225 1049 4282 Pet.
1080 4224 1117 4281 i.
1159 4224 1278 4302 11‚)
1303 4223 1641 4300 praedicavit
1669 4223 1963 4299 spiritibus
1986 4224 2117 4299 illis,
2150 4224 2249 4300 qui
2272 4244 2425 4281 nuuc
2468 4234 2602 4281 sunt
2647 4224 2705 4280 in
2755 4242 2879 4280 car-

469 4327 597 4366 cere
626 4304 906 4377 infernali,
941 4304 1038 4361 ubi
1067 4304 1299 4360 meritas
1327 4302 1467 4361 dant
1508 4322 1708 4378 poenas
1751 4302 2096 4377 rebellionis,
2129 4324 2299 4380 quam
2349 4312 2605 4380 tempore
2656 4302 2882 4360 Noachi

470 4388 598 4462 ejus
640 4384 1031 4460 praedicationi
1076 4382 1519 4440 exhibuerunt.’'
1607 4382 1775 4456 Quod
1806 4381 2141 4441 Andradius
2185 4383 2348 4455 vidit,
2381 4383 2481 4440 lib.
2534 4387 2588 4457 2,
2641 4381 2877 4440 Defens.

469 4465 700 4522 Triden.
745 4464 897 4521 hunc
929 4463 1043 4520 loci
1085 4463 1319 4537 planum
1348 4481 1473 4520 esse
1504 4482 1735 4520 sensum
1765 4461 1978 4535 dicenS,
2015 4465 2049 4494 “
2076 4464 2143 4520 In
2174 4483 2288 4538 quo
2322 4463 2537 4539 Spiritu
2572 4463 2693 4537 jam
2739 4461 2879 4519 olim

470 4544 591 4619 ipse
622 4543 858 4599 veniens
887 4541 1223 4617 praedicavit
1272 4541 1567 4617 spiritibus
1596 4542 1729 4616 illis,
1762 4542 1861 4617 qui
1903 4561 2058 4602 nunc
2100 4544 2158 4600 in
2208 4562 2432 4600 carcere
2480 4542 2712 4599 meritas
2750 4543 2877 4617 jam
