3221 5200
471 405 587 462 322
1325 419 1508 462 Locus
1538 420 1800 461 nacnws
1829 420 2094 462 ‘ran-mus.
2433 395 2689 480 [ouAEsr.
2723 416 2897 459 xvm.

552 560 638 620 11.
686 560 906 620 Verum
933 570 1023 619 est
1070 581 1185 619 non
1223 562 1373 620 inter
1420 582 1482 621 se
1529 582 1634 640 per
1677 562 1870 620 omnia
1910 561 2250 621 consentire.
2335 560 2585 635 Quidam
2629 560 2799 634 enim,
2830 569 2897 618 ut

470 641 902 700 Brochmanuus
930 641 1002 699 de
1022 641 1268 715 Christo,
1297 642 1448 700 Sect.
1482 645 1574 718 16,
1605 662 1723 700 non
1750 650 1966 718 negant
1994 641 2413 700 Ascensionem
2437 642 2652 700 Christi
2679 640 2894 698 consis-

469 730 591 779 tere
618 721 679 778 in
708 741 846 780 vera
886 729 945 779 et
971 721 1112 779 reali
1138 740 1214 779 ex
1240 720 1605 780 inferioribus
1632 722 1808 798 hujus
1851 722 2052 781 mundi
2093 721 2371 799 partibus,
2424 740 2650 779 sursum
2695 739 2899 778 versus

468 800 684 860 latione
712 808 771 859 et
810 809 988 874 motu,
1033 809 1091 858 et
1118 801 1231 859 loci
1259 802 1591 860 mutatione.
1658 802 1786 860 Imo
1831 810 1909 860 et·
1936 801 2180 859 intrasse
2227 801 2288 858 in
2338 801 2565 876 coelum,
2617 800 2775 878 quod
2820 819 2900 857 ex

475 879 785 958 Scripturas
814 881 990 938 variis
1017 880 1160 939 locis
1187 880 1286 939 ille
1314 882 1537 958 probat.
1642 880 1759 940 Sed
1786 880 2076 957 quodnam
2103 881 2179 940 sit
2220 880 2368 938 illud
2395 881 2621 955 coelum,
2674 899 2709 937 a
2755 899 2895 957 quo·

472 979 647 1036 quam
674 960 1000 1020 mortalium
1028 979 1144 1018 non
1171 980 1342 1037 posse
1370 961 1498 1038 capi
1523 969 1626 1020 aut
1652 961 1947 1037 explicari.
2032 962 2266 1019 Certum
2294 980 2419 1019 esse
2448 960 2592 1034 vult,
2613 979 2729 1017 non
2771 979 2898 1017 esse

471 1038 664 1098 locum
692 1039 980 1117 quendam
1006 1059 1341 1116 corporeum
1369 1060 1543 1117 supra
1569 1041 1748 1099 coelos
1776 1041 2156 1118 aspectabiles
2202 1040 2595 1114 constitutum,
2640 1048 2699 1097 et
2724 1038 2897 1097 locali

472 1118 746 1177 distantia
774 1119 847 1176 ab
874 1119 1032 1177 hisce
1060 1120 1228 1178 terris
1257 1129 1599 1196 separatum,
1632 1128 1691 1178 et
1737 1139 1854 1178 non
1902 1128 2020 1178 tam
2061 1120 2233 1178 locali
2262 1120 2510 1196 quodam
2559 1119 2691 1194 situ,
2722 1137 2894 1194 quam

477 1197 692 1275 gaudio
720 1206 779 1256 et
807 1198 998 1275 gloria
1029 1197 1249 1274 Spiritu
1283 1199 1496 1259 Sancto
1524 1199 1770 1258 definiri.

555 1276 675 1335 111.
721 1277 843 1337 Nos
869 1297 1008 1336 vero
1052 1278 1342 1337 Christum
1385 1279 1663 1353 localiter,
1714 1279 2035 1353 visibiliter,
2083 1287 2143 1338 et
2189 1279 2560 1356 corporaliter
2602 1298 2635 1338 e
2655 1286 2808 1336 terra
2834 1275 2895 1334 in

474 1357 684 1414 coelum
712 1358 962 1432 tertium,
1007 1376 1110 1416 seu
1153 1357 1349 1416 sedem
1400 1359 1712 1417 Beatorum
1761 1379 1934 1436 supra
1980 1358 2157 1417 coelos
2204 1359 2581 1436 aspectabiles
2630 1368 2895 1416 evectum

473 1435 651 1494 fuisse
700 1438 1021 1511 statuimus,
1066 1456 1182 1494 non
1208 1457 1312 1515 per
1338 1437 1658 1513 praesentiae
1686 1437 1933 1497 visibilis
1961 1438 2057 1496 vel
2098 1438 2394 1496 familiaris
2442 1435 2894 1495 conversationis

473 1524 698 1574 tantum
721 1517 1185 1591 subductionem,
1208 1517 1312 1574 sed
1338 1537 1441 1594 per
1467 1536 1664 1576 veram
1682 1526 1741 1577 et
1765 1518 2008 1576 localem
2036 1527 2255 1577 naturae
2283 1537 2400 1576 suae
2421 1516 2685 1573 humanae
2707 1524 2891 1572 trans-

474 1594 764 1670 lationem,
816 1596 917 1655 ubi
970 1615 1239 1653 mansura
1267 1596 1343 1654 sit
1369 1616 1550 1674 usque
1580 1596 1656 1655 ad
1684 1596 1836 1655 diem
1865 1597 2104 1671 Judicii,
2134 1605 2199 1656 ut
2224 1596 2359 1654 licet
2385 1613 2637 1673 praesens
2666 1612 2892 1670 semper

474 1674 551 1732 sit
577 1675 877 1734 nobiscum
905 1675 1093 1752 gratia
1119 1679 1239 1749 sua’,
1272 1683 1330 1734 et
1361 1676 1595 1753 Spiritu,
1617 1696 1683 1735 ac
1702 1676 2020 1752 divinitate,
2053 1696 2166 1735 non
2186 1675 2432 1753 amplius
2453 1674 2529 1732 sit
2564 1682 2758 1732 tamen
2786 1692 2890 1730 no-

477 1754 700 1813 biscum
726 1754 1034 1833 praesentia
1074 1755 1355 1832 corporali
1382 1755 1570 1814 carnis
1599 1776 1738 1815 suae.

473 1874 520 1918 A
666 1875 682 1918 i
1079 1834 1189 1893 IV.
1235 1835 1534 1908 Probatur,
1552 1836 1764 1910 Primo,
1787 1836 1880 1893 Ex
1891 1834 2130 1895 historia
2142 1833 2535 1907 Ascensionis,
2550 1853 2679 1910 quae
2696 1851 2895 1891 veram

525 1886 960 2002 &fii-'issgnmfnactam
1002 1922 1061 1973 et
1081 1914 1292 1972 realem
1312 1915 1428 1973 loci
1448 1916 1824 1974 mutationem
1841 1916 2056 1989 innuit;
2078 1915 2259 1972 Marc.
2273 1914 2393 1970 xvi.
2413 1917 2504 1988 19,
2519 1913 2729 1971 dicitur
2739 1909 2895 1987 quod

534 1991 688 2035 fnisse
823 1999 962 2039 ¹¹10t=1
1004 1996 1238 2065 ἇηλέφοη
1268 1995 1325 2059 ἔας
1358 2001 1436 2053 τὶν
1473 2001 1679 2075 ὄυςιινὶν,
1711 2015 1939 2054 sursum
1979 2002 2244 2071 receptus
2272 1993 2426 2051 sitin
2455 1993 2703 2067 eoelum3
2750 1992 2892 2048 Luc.

535 2047 678 2094 locali
714 2051 963 2106 probatur·
1005 2074 1168 2132 xxiv.
1184 2077 1277 2149 51,
1310 2075 1466 2151 quod
1493 2072 1650 2139 διέστη
1677 2075 1771 2133 ἐπ’
1797 2079 1968 2150 αὐτῶν,
1989 2080 2078 2132 καὶ
2096 2074 2337 2153 damigero
2358 2075 2420 2139 ἔις
2438 2078 2516 2132 τὶν
2537 2077 2725 2151 ὅυςιινὶν
2750 2073 2784 2103 “
2806 2089 2893 2127 re-

477 2151 651 2211 cessit
671 2154 745 2211 ab
763 2152 923 2230 ipsis,
954 2161 1013 2212 et
1043 2154 1395 2213 evehebatur
1416 2155 1477 2212 in
1508 2155 1778 2229 coelum,”
1810 2155 1946 2213 Act.
1974 2155 2013 2213 i.
2045 2157 2099 2228 9,
2135 2159 2226 2228 10,
2261 2152 2727 2230 “aspicientibus
2755 2149 2896 2226 ipsis

476 2231 737 2290 elevatus
749 2242 854 2306 est,
875 2241 933 2291 et
943 2233 1127 2292 nubes
1145 2242 1472 2310 susceptum
1494 2255 1627 2294 eum
1645 2235 1885 2293 abstulit
1895 2235 1968 2293 ab
1988 2234 2171 2293 oculis
2183 2234 2439 2292 eorum.''
2491 2233 2609 2292 Ubi
2621 2230 2894 2290 describi-

477 2318 572 2368 tur
589 2311 968 2372 Aseensionis
987 2313 1153 2371 istius
1176 2315 1439 2372 terminus
1455 2336 1495 2373 a
1512 2335 1639 2392 quo,
1663 2315 1933 2373 nimirum
1960 2323 2129 2389 terra,
2161 2324 2218 2371 et
2245 2332 2412 2370 mons
2441 2311 2655 2371 Oliveti
2684 2312 2742 2368 in
2766 2328 2893 2385 spe-

476 2390 581 2464 cie,
596 2412 710 2466 per
730 2412 908 2469 quem,
930 2412 1028 2450 aer
1055 2401 1114 2451 et
1135 2394 1336 2468 nubes,
1368 2397 1450 2453 ad
1473 2415 1652 2470 quem,
1677 2395 1904 2468 coelum,
1940 2401 1999 2452 et
2032 2413 2206 2451 voces
2228 2391 2496 2464 ἀνιλιὶψις,
2521 2393 2751 2470 ἁυιφιςιὶ,
2782 2386 2890 2447 διει-

478 2490 670 2544 στισ-ις,
702 2472 902 2552 ἔπαιξα-ις
941 2472 1151 2548 quibus
1199 2473 1556 2549 exprimitur,
1587 2473 1800 2532 realem
1828 2474 2262 2531 translationem
2290 2481 2349 2531 et
2375 2473 2489 2530 loci
2517 2472 2893 2530 mutationem

481 2550 752 2611 inferunt.
837 2553 891 2610 N
896 2571 960 2611 ec
982 2552 1288 2629 quicquam
1309 2553 1482 2629 juvat
1502 2572 1794 2630 reponere,
1823 2553 1968 2612 Haec
1990 2552 2106 2611 diei
2128 2552 2200 2612 de
2227 2552 2494 2611 familiari
2517 2559 2737 2611 tantum
2757 2568 2894 2608 con-

475 2630 636 2688 victu
654 2639 713 2688 et
731 2639 958 2690 terrena
986 2640 1045 2688 et
1061 2633 1511 2706 conversatione,
1533 2653 1650 2691 non
1677 2653 1816 2690 vero
1838 2632 1911 2690 de
1939 2633 2080 2690 reali
2106 2632 2386 2690 invisibili
2413 2632 2733 2708 praesentia,
2765 2648 2893 2707 quae

475 2707 744 2767 fidelibus
763 2710 837 2768 sit
855 2709 1097 2782 sublata,
1113 2728 1286 2784 quam
1299 2710 1598 2769 confirmat
1617 2712 1869 2769 solennis
1882 2712 2096 2769 Christi
2106 2710 2425 2786 promissio,
2443 2712 2655 2770 Matth.
2667 2710 2892 2784 xxviii„

481 2786 631 2860 Quia
651 2789 829 2845 verba
849 2789 976 2864 ipsa
997 2788 1137 2846 satis
1155 2788 1365 2847 docent
1391 2809 1508 2847 non
1525 2791 1716 2847 minus
1738 2790 1951 2848 realem
1979 2788 2232 2865 corporis
2249 2790 2310 2845 in
2332 2798 2483 2847 terra
2510 2790 2893 2866 praesentiam,

479 2885 652 2941 quam
681 2866 1018 2925 familiarem
1042 2869 1539 2927 conversationem
1567 2869 1855 2927 sublatam
1884 2888 2028 2943 esse,
2061 2867 2346 2944 siquidem
2368 2870 2801 2928 translationem
2820 2888 2897 2927 ex

478 2944 606 3002 loco
628 2945 882 3004 inferiori
903 2947 962 3004 in
981 2946 1330 3024 superiorem
1358 2949 1682 3007 necessario
1705 2958 2051 3026 supponunt.

558 3025 634 3082 V.
684 3025 966 3100 SecundO,
1000 3026 1147 3101 Quia
1174 3027 1385 3087 dicitur
1410 3029 1697 3105 reliquisse
1719 3031 1999 3103 mundum,
2031 3037 2085 3086 et
2121 3028 2351 3086 rediisse
2367 3030 2450 3086 ad
2462 3030 2714 3102 Patrem,
2755 3028 2797 3086 J
2800 3027 2896 3087 oh.

476 3103 599 3163 xvi.
630 3109 726 3179 28,
758 3107 915 3183 quod
931 3107 1044 3165 dici
1066 3127 1182 3165 non
1210 3116 1422 3185 posset,
1454 3109 1503 3167 si
1531 3109 1818 3167 visibilem
1847 3107 2211 3186 praesentiam
2239 3115 2463 3166 tantum
2493 3127 2656 3166 suam
2682 3107 2899 3166 mundo

477 3185 868 3246 subduxisset.
955 3188 1033 3246 Et
1074 3187 1516 3248 circumstantiae
1545 3189 1802 3247 locorum
1830 3188 2141 3247 ostendunt
2162 3188 2323 3245 innui
2346 3188 2705 3264 praesentiam
2747 3187 2899 3245 loca·

477 3264 609 3342 lem,
641 3267 849 3343 partim
878 3287 952 3325 ex
981 3267 1252 3326 antithesi
1279 3269 1653 3327 terminorum
1681 3288 1716 3324 a
1743 3287 1858 3344 quo
1900 3277 1959 3326 et
2002 3267 2077 3325 ad
2117 3287 2306 3343 quem,
2346 3267 2643 3343 Relinquo,
2694 3267 2897 3343 inquit,

482 3350 765 3420 mundum,
797 3346 876 3405 id.
906 3356 1133 3421 terram,
1159 3357 1212 3405 et
1232 3349 1561 3426 proficiscor
1586 3350 1671 3405 ad
1690 3344 1945 3421 Patrem,
1978 3346 2056 3404 id.
2087 3346 2336 3404 ascendo
2359 3346 2417 3402 in
2439 3347 2667 3420 coelum,
2689 3345 2898 3423 partim

481 3444 556 3483 ex
570 3426 929 3501 oppositione
951 3428 1236 3499 adventus,
1261 3436 1314 3484 et
1329 3429 1547 3500 abitus;
1587 3428 1728 3485 Veni
1752 3428 1809 3485 in
1836 3429 2103 3485 mundum
2122 3446 2224 3501 per
2244 3425 2720 3500 Incarnationem,
2744 3445 2898 3483 nunc

484 3505 739 3578 relinquo
767 3506 1052 3576 mundum,
1084 3504 1276 3580 quoad
1293 3526 1521 3563 carnem
1544 3505 1668 3564 scil.
1691 3507 1865 3583 juxta
1882 3525 2053 3582 quam
2094 3505 2304 3563 dicitur
2330 3509 2616 3576 ἀναληφθεὶς
2646 3514 2704 3563 et
2737 3504 2900 3563 visus

487 3601 523 3640 a
550 3581 849 3658 discipulis
899 3583 1200 3663 πψυόμυος
1253 3585 1311 3649 ἔις
1359 3590 1439 3642 τὶν
1484 3590 1691 3664 begenz»,
1723 3585 1859 3644 Act.
1889 3586 1927 3643 i.
1963 3588 2055 3659 10,
2090 3584 2182 3642 11.
2215 3584 2337 3642 Nec
2354 3585 2404 3642 si
2432 3584 2641 3643 dicitur
2668 3585 2898 3643 venisse

483 3660 544 3717 in
572 3660 849 3719 mundum
878 3682 994 3738 qua
1009 3663 1168 3734 Λόγος
1187 3683 1289 3740 per
1314 3664 1833 3723 manifestationem
1862 3673 2102 3737 tantum,
2135 3673 2192 3721 et
2209 3684 2323 3721 non
2362 3684 2465 3740 per
2481 3664 2592 3722 loci
2630 3665 2897 3722 mutatio-

484 3759 617 3798 nem
637 3761 650 3814 3
686 3740 850 3798 Idem
869 3741 940 3799 de
963 3762 1131 3800 carne
1154 3743 1281 3819 ejus
1299 3742 1414 3801 dici
1429 3753 1638 3820 potest,
1659 3744 1794 3819 quia
1822 3743 1938 3801 alia
1965 3743 2109 3801 ratio
2128 3752 2215 3800 est
2244 3743 2583 3817 divinitatis,
2614 3764 2759 3821 quae,
2791 3744 2896 3801 im-

485 3838 685 3879 mensa
712 3840 842 3878 cum
872 3821 963 3895 sit,
994 3822 1185 3881 locum
1212 3831 1433 3881 mutare
1462 3843 1577 3881 non
1604 3832 1812 3900 potest,
1857 3823 1970 3881 alia
1996 3822 2388 3898 humanitatiS,
2419 3824 2586 3900 cujus
2607 3824 2900 3901 proprium

483 3910 572 3958 est
594 3900 668 3957 ab
696 3921 811 3959 uno
840 3902 968 3960 loco
996 3902 1057 3959 in
1085 3902 1261 3961 alium
1291 3904 1550 3962 transire.

564 3979 677 4039 VI.
721 3980 935 4057 Terti0,
969 3982 1192 4041 Coelum
1211 3981 1271 4039 in
1299 3983 1456 4060 quod
1485 3982 1749 4042 Christus
1793 3991 2028 4042 evectus
2069 3992 2173 4058 est,
2221 3981 2565 4041 describitur
2610 3984 2794 4058 nobiS,
2839 3991 2908 4042 ut
2989 4002 2998 4009 ·

485 4058 650 4119 locus
678 4060 904 4136 aliquis,
937 4062 995 4119 in
1024 4082 1195 4139 quem
1223 4063 1519 4138 ingressus
1546 4072 1652 4138 est,
1684 4072 1742 4121 et
1770 4062 1828 4120 in
1858 4082 2027 4139 quem
2057 4071 2188 4139 post
2230 4062 2418 4138 ipsum
2463 4063 2778 4138 ingressuri
2806 4081 2899 4120 su-

489 4160 638 4198 mus.
709 4140 968 4199 Vocatur
995 4145 1190 4200 domus
1217 4143 1431 4217 Patris,
1463 4141 1523 4199 in
1561 4162 1677 4219 qua
1706 4154 1840 4200 sunt
1876 4141 2072 4200 multae
2120 4141 2463 4216 mansiones,
2495 4162 2611 4217 quo
2641 4142 2903 4201 Christus

492 4220 752 4278 ascendit
770 4232 1091 4295 paraturus
1117 4222 1271 4280 nobis
1300 4225 1496 4295 locum,
1527 4221 1570 4281 J
1574 4222 1668 4280 oh.
1700 4221 1821 4279 xiv.
1852 4226 1908 4295 2,
1930 4224 1984 4296 3,
2016 4223 2208 4279 caelum
2237 4222 2456 4279 tertium
2486 4231 2539 4280 et
2568 4211 2899 4297 paradisus,

491 4304 528 4357 2
561 4299 690 4357 Cor.
721 4300 842 4374 xii„
872 4301 933 4359 in
955 4321 1125 4377 quem
1150 4301 1411 4360 Christus
1429 4300 1667 4359 intravit
1689 4309 1960 4378 tanquam
1982 4320 2301 4378 praecursor
2315 4310 2526 4374 noster,
2550 4301 2704 4359 Heb.
2726 4301 2804 4360 vi.
2823 4305 2904 4361 20

493 4387 553 4438 et
581 4379 639 4436 in
668 4399 839 4455 quem
869 4381 1067 4439 oculos
1096 4380 1356 4439 attollere
1402 4380 1680 4439 debemus
1728 4399 1796 4437 ea
1842 4400 1968 4455 quae
2013 4400 2235 4438 sursum
2282 4390 2410 4438 sunt
2451 4383 2770 4457 quem-endo,
2813 4381 2910 4439 uhi

499 4459 753 4518 Christus
778 4462 931 4518 sedet
950 4463 1033 4519 ad
1056 4462 1348 4518 dexteram
1370 4461 1504 4534 Dei,
1532 4480 1645 4518 non
1672 4480 1804 4518 vero
1832 4480 1899 4517 ea
1921 4479 2047 4535 quoe
2071 4470 2198 4517 sunt
2216 4480 2387 4535 super
2414 4469 2644 4533 terram,
2677 4460 2799 4519 Col.
2823 4460 2906 4519 iii.

502 4542 554 4611 1,
579 4538 634 4597 2.
669 4538 975 4615 Perperam
1005 4559 1144 4616 ergo
1176 4539 1465 4613 Brentius,
1487 4548 1546 4598 et
1562 4539 1663 4597 alii
1681 4559 1754 4597 ex
1779 4538 2124 4598 Lutheranis
2142 4539 2489 4616 pertendunt
2507 4540 2727 4599 Coelum
2750 4539 2909 4599 istud

492 4618 637 4676 nihil
693 4617 851 4675 aliud
879 4638 1004 4677 esse
1034 4638 1205 4694 quam
1233 4619 1417 4695 ipsam
1443 4618 1794 4691 felicitatem,
1827 4638 1955 4695 quae
1996 4619 2165 4677 nobis
2186 4628 2274 4678 est
2300 4619 2915 4696 incomprehensibilis.

498 4695 646 4768 Quia
675 4695 857 4753 Aliud
886 4707 974 4754 est
1002 4716 1254 4772 quaerere
1285 4698 1424 4772 quid
1453 4699 1529 4756 sit
1556 4697 1766 4757 coelum
1795 4697 1968 4773 istud,
2001 4698 2183 4757 Aliud
2214 4719 2350 4757 vero
2372 4700 2559 4777 quale.
