3221 5200
529 368 642 427 111ἱ
1435 379 1619 420 nocue
1650 378 2010 420 usnscmus.
2525 355 2784 438 [QUAEST.
2830 376 2938 418 xx.
2966 441 2979 452 ·

522 525 692 586 bonis
728 521 977 602 proximi
1023 517 1145 579 ullo
1187 519 1361 579 modo
1407 530 1719 596 noceatur3
1765 528 1824 579 et
1851 517 2127 597 quicquid
2173 517 2473 577 veracitati
2518 526 2578 577 et
2627 518 2945 577 sinceritati

525 626 654 683 quae
683 606 833 662 inter
859 602 1120 661 homines
1149 601 1407 660 obtinere
1436 601 1609 659 debet
1650 609 1967 677 repugnat:
2011 598 2167 677 quod
2208 597 2493 657 mendacii
2535 599 2766 658 nomine
2796 600 2947 658 solet

529 706 601 744 ex
645 705 792 743 rimi.

604 706 643 763 p
731 830 742 841 ⁶
1133 760 1217 817 ΙΙ.
1249 759 1622 818 Mendacium
1649 759 1725 818 ab
1754 758 2105 836 AugustinO,
2129 757 2230 816 lib.
2254 755 2328 816 de
2357 756 2558 816 Mend.
2587 756 2664 816 ad
2693 758 2944 816 Consen.

535 829 684 880 ,Quid
705 833 771 899 ⁸¹?
790 828 982 874 menda-
1053 859 1178 917 cap.
1228 845 1284 914 4,
1330 839 1618 915 definitur,
1695 841 1730 872 ‘⁴
1772 838 2100 897 voluntaria
2147 837 2278 895 falsi
2327 838 2653 896 enunciatio
2702 836 2946 896 fallendi

723 902 866 933 ‘²³¹⁰‘
1053 920 1284 994 causa,''
1336 919 1439 977 sed
1480 919 1805 978 accuratius
1853 919 1927 976 ab
1968 917 2097 975 aliis
2142 919 2177 948 “
2206 917 2598 975 testimonium
2647 935 2763 993 quo
2812 916 2949 993 quis

530 1000 699 1059 aliter
718 999 1076 1077 pronunciat,
1102 999 1269 1056 aliter
1289 999 1349 1056 in
1371 999 1543 1057 corde
1573 998 1818 1074 sentit;'’
1850 999 2000 1055 Nam
2027 997 2164 1054 licet
2191 995 2427 1054 fallendi
2455 997 2698 1055 intentio
2726 996 2945 1074 persec-

531 1081 735 1139 tiorem
764 1079 1077 1137 constituat
1118 1078 1403 1137 mendacii
1433 1079 1698 1156 speciem,
1750 1098 1869 1136 non
1918 1096 2143 1153 semper
2187 1077 2496 1151 requiritur
2523 1077 2583 1134 in
2624 1076 2947 1151 mendaciO,

531 1159 705 1218 modo
734 1157 886 1216 adsit
930 1159 1200 1216 voluntas
1241 1157 1448 1215 falsum
1499 1157 1862 1232 enunciandi,
1899 1156 2058 1234 quod
2083 1156 2287 1213 Thom.
2316 1155 2376 1213 ii.
2407 1160 2462 1231 2,
2495 1176 2551 1232 q.
2586 1159 2717 1229 110,
2749 1164 2853 1214 art.
2890 1160 2947 1230 1,

535 1239 682 1297 bene
713 1238 992 1314 explicat:
1040 1238 1262 1296 “Ratio
1291 1237 1576 1295 mendacii
1604 1239 1851 1296 sumitur
1877 1257 1912 1294 a
1941 1236 2165 1295 formali
2194 1235 2459 1310 falsitate,
2493 1234 2805 1294 secundum
2834 1236 2948 1293 hoc

534 1319 756 1377 scilicet
782 1316 939 1393 quod
966 1317 1176 1394 aliquis
1203 1317 1377 1375 habet
1407 1318 1766 1375 voluntatem
1793 1317 2002 1374 falsum
2030 1314 2435 1374 enunciandi.'’
2480 1316 2559 1373 Et
2585 1315 2758 1391 paulo
2779 1325 2945 1391 post:

539 1401 576 1431 “
606 1397 776 1472 Quod
803 1406 993 1454 autem
1023 1396 1232 1472 aliquis
1280 1396 1527 1454 intendit
1572 1396 1881 1455 falsitatem
1930 1396 1990 1452 in
2020 1395 2285 1471 opinione
2314 1395 2550 1452 alterius
2577 1391 2946 1470 constituere,

537 1476 792 1535 fallendo
819 1477 1025 1552 ipsum,
1055 1495 1173 1533 non
1200 1476 1448 1551 pertinet
1474 1475 1551 1533 ad
1592 1476 1841 1552 speciem
1881 1474 2184 1548 mendacii,
2230 1474 2333 1532 sed
2374 1474 2448 1531 ad
2490 1474 2777 1550 quandam
2819 1494 2949 1552 per-

539 1555 845 1614 fectionem
893 1554 1079 1633 ejus.''
1185 1554 1279 1612 Ita
1326 1555 1443 1613 duo
1491 1574 1716 1631 semper
1763 1554 1840 1612 ad
1884 1553 2249 1613 mendacium
2292 1554 2678 1630 requiruntur.
2766 1555 2818 1610 1.
2865 1553 2953 1612 Ut

539 1636 865 1694 enunciatio
916 1635 991 1694 sit
1037 1633 1199 1709 falsa,
1251 1635 1535 1693 contraria
1577 1634 1662 1692 rei
1704 1633 1954 1693 veritati.
2037 1637 2093 1692 2.
2141 1633 2225 1692 Ut
2264 1633 2416 1691 adsit
2444 1632 2714 1691 voluntas
2741 1632 2951 1691 falsum

540 1715 903 1790 enunciandi,
935 1723 994 1773 et
1020 1715 1104 1772 ita
1131 1733 1318 1772 sermo
1347 1715 1421 1773 sit
1449 1714 1768 1773 contrarius
1808 1713 2161 1790 cogitationi,
2206 1713 2361 1771 unde
2401 1713 2627 1770 mentiri
2663 1712 2798 1770 inde
2826 1712 2950 1770 dic-

540 1804 663 1854 tum
693 1796 915 1870 volunt,
946 1794 1112 1872 quasi
1160 1803 1358 1852 contra
1384 1803 1618 1853 mentem
1661 1795 1763 1852 ire.
1848 1793 2005 1852 Fieri
2047 1793 2200 1851 enim
2228 1801 2419 1869 potest
2460 1801 2524 1851 ut
2567 1792 2698 1868 quis
2740 1792 2951 1850 salsum

541 1875 713 1950 dicat,
745 1895 851 1934 nec
879 1884 1071 1934 tamen
1100 1874 1425 1949 mentiatur,
1456 1873 1593 1950 quia
1622 1893 1823 1932 verum
1850 1893 1977 1932 esse
2019 1872 2203 1932 credit
2244 1893 2348 1950 per
2394 1872 2794 1949 ignorantiam,
2844 1891 2955 1931 nec

542 1974 729 2014 sermo
758 1975 793 2012 a
820 1962 1011 2012 mente
1039 1953 1325 2013 dissentit.

1153 2033 1273 2091 111.
1317 2033 1682 2091 Mendacium
1709 2031 1867 2109 quod
1899 2032 2196 2109 Praecepto
2226 2031 2400 2088 Nono
2437 2032 2789 2108 prohibetur,
2821 2031 2951 2089 vul·

1069 2132 1146 2189 go
1185 2113 1260 2170 ab
1300 2112 1528 2191 objecto
1565 2112 1946 2188 distinguitur
1990 2112 2050 2169 in
2078 2112 2475 2188 perniciosum,
2507 2111 2665 2188 quod
2705 2111 2954 2169 nocendi

1069 2193 1260 2250 animo
1289 2193 1591 2270 profertur,
1625 2199 1684 2250 et
1710 2192 1770 2249 in
1805 2192 2115 2268 perniciem
2159 2191 2409 2267 proximi
2452 2190 2654 2265 tendit,
2670 2194 2949 2267 jocosum,

545 2269 703 2346 quod
729 2290 833 2347 per
852 2271 1051 2348 jocum
1075 2273 1285 2331 dicitur
1306 2271 1635 2332 oblectandi
1664 2271 1866 2349 gratia,
1893 2280 1951 2331 et
1972 2271 2287 2345 officiosum,
2313 2270 2470 2346 quod
2498 2271 2560 2329 in
2588 2271 2953 2329 commodum

547 2387 630 2432 A„
688 2388 833 2432 detur
871 2389 1027 2433 unum
1068 2352 1317 2429 proximi
1338 2353 1547 2430 vergit,
1572 2361 1632 2411 et
1652 2352 1901 2430 juvandi
1929 2371 2068 2428 ergo
2096 2350 2523 2428 pronunciatur.
2569 2352 2646 2409 Et
2667 2350 2738 2409 de
2768 2351 2956 2428 primo

607 2447 908 2490 mendacium
970 2447 1029 2491 li-
1112 2432 1303 2490 uidem
1346 2451 1546 2490 omnes
1588 2432 1955 2490 consentiunt
1997 2450 2175 2508 grave
2214 2449 2340 2488 esse
2368 2439 2688 2506 peccatum,
2735 2431 2839 2489 sed
2880 2430 2954 2489 de

602 2505 770 2548 citum.
1110 2511 1294 2568 uobus
1321 2511 1751 2587 posterioribus,
1784 2519 1842 2568 et
1868 2511 2072 2570 ultimo
2100 2508 2480 2588 potissimum,
2512 2510 2586 2568 lis
2614 2521 2879 2568 movetur
2919 2530 2956 2568 a

551 2588 890 2663 Socinianis,
916 2588 1016 2665 qui
1059 2609 1127 2646 ea
1154 2589 1252 2647 vel
1299 2589 1454 2648 levia
1481 2588 1578 2647 vel
1617 2589 1780 2647 nulla
1807 2609 1935 2648 esse
1981 2598 2217 2667 peccata
2256 2590 2644 2667 pertendunt;
2686 2591 2760 2649 ad
2808 2610 2957 2668 quos

548 2667 832 2725 accedunt
879 2667 1145 2725 nonnulli
1188 2669 1467 2727 Casuistae
1507 2669 1779 2741 laxiores,
1824 2669 1924 2745 qui
1967 2690 2036 2728 ea
2076 2670 2324 2729 liberant
2372 2690 2407 2728 a
2448 2671 2668 2730 ratione
2712 2670 2955 2748 peccati.

552 2746 832 2819 Quamvis
861 2766 1000 2803 vero
1029 2745 1337 2805 discrimen
1375 2748 1751 2805 observemus
1794 2748 1944 2807 inter
1980 2749 2092 2808 ista
2119 2750 2437 2823 mendacia,
2478 2760 2543 2809 ut
2568 2751 2954 2827 perniciosum

549 2825 626 2962 {t
655 2824 910 2961 gaaviuS,
935 2824 1051 2883 alia
1075 2844 1215 2883 vero
1244 2826 1359 2884 duo
1386 2826 1639 2903 leviora3
1669 2836 1907 2903 peccata
1932 2836 2127 2887 tamen
2153 2850 2294 2889 vera
2320 2850 2447 2889 esse
2475 2850 2774 2889 censemus
2794 2830 2957 2907 Lege

613 2905 667 2962 ei
735 2911 986 2962 amnata.

549 3021 596 3068 1·
620 3022 725 3068 scri
760 3025 874 3066 tura
894 3036 1035 3068 omno
1159 2983 1272 3043 IV.
1315 2983 1528 3061 Primo,
1555 2985 1705 3060 Quia
1731 2986 2095 3047 mendacium
2139 2989 2262 3049 sine
2295 2989 2416 3048 ulla
2442 2988 2781 3067 exceptione
2822 3008 2954 3066 pas·

639 3038 943 3126 mmi’daeiun
1079 3061 1188 3121 sim
1216 3064 1523 3125 damnatur
1549 3067 1612 3124 in
1644 3067 1956 3145 Scriptura,
1979 3078 2045 3128 ut
2073 3078 2369 3146 peccatum
2396 3071 2521 3128 Deo
2551 3068 2953 3144 abominabile,

638 3142 855 3185 aamnat.
1082 3143 1180 3203 Ps.
1208 3165 1267 3203 v.
1300 3149 1354 3222 6,
1389 3146 1562 3205 Prov.
1593 3148 1674 3206 vi.
1710 3152 1801 3224 17,
1839 3152 1929 3224 19,
1961 3159 2019 3208 et
2046 3150 2148 3209 xii.
2180 3155 2275 3224 22,
2308 3150 2459 3227 Eph.
2488 3150 2567 3209 iv.
2598 3154 2693 3220 25,
2727 3150 2849 3208 Col.
2873 3149 2956 3208 iii.

551 3228 606 3299 9,
637 3233 838 3304 utpote
880 3224 1037 3302 quod
1077 3226 1346 3302 provenit
1386 3226 1460 3284 ab
1502 3225 1779 3288 instinctu
1824 3228 2057 3288 Diaboli
2098 3229 2382 3288 mendacii
2427 3230 2614 3305 Patre,
2659 3230 2801 3289 Joh.
2831 3228 2958 3287 viii.

550 3310 647 3380 44,
670 3305 830 3383 quod
856 3305 1018 3365 laedit
1064 3304 1425 3381 majestatem
1451 3307 1579 3382 Dei,
1613 3310 1713 3384 qui
1741 3309 2002 3367 veritatis
2030 3310 2236 3367 author
2263 3317 2321 3366 et
2348 3310 2482 3366 talis
2511 3317 2732 3365 amator
2759 3316 2821 3364 ut
2848 3326 2959 3363 nec

551 3385 783 3443 mentiri
823 3386 1023 3461 possit,
1068 3403 1174 3442 nec
1215 3405 1320 3462 per
1359 3386 1538 3444 ullam
1575 3386 2062 3463 dispensationem
2105 3387 2303 3445 fecerit
2343 3406 2596 3462 unquam
2638 3383 2956 3442 mentiendi

552 3471 915 3539 potestatem,
945 3464 1060 3522 imo
1102 3483 1375 3540 expresse
1415 3464 1563 3522 illud
1590 3466 1793 3539 vetuit,
1839 3473 1897 3522 et
1937 3464 2192 3540 graviter
2227 3465 2431 3542 punire
2472 3464 2746 3537 decrevit,
2780 3463 2957 3522 Prov.

555 3542 679 3599 xix.
711 3545 766 3618 5,
798 3545 855 3618 9,
886 3550 944 3601 et
971 3542 1094 3601 xxi.
1125 3546 1224 3601 28.

1159 3621 1235 3680 V.
1267 3625 1323 3679 2.
1355 3619 1504 3693 Quia
1531 3620 1689 3696 quod
1711 3618 2027 3679 secundum
2057 3641 2118 3679 se
2146 3623 2359 3680 malum
2388 3628 2477 3680 est
2504 3621 2563 3679 in
2594 3641 2698 3680 suo
2721 3640 2954 3699 genere,

838 3702 865 3732 ¹'
885 3701 935 3734 ’θ
962 3692 1038 3734 eat
1077 3701 1239 3760 nullo
1279 3698 1453 3758 modo
1494 3707 1686 3777 potest
1713 3700 1838 3758 fieri
1879 3700 2095 3759 bonum
2137 3711 2195 3761 et
2235 3703 2494 3778 licitum;
2552 3722 2721 3761 omne
2763 3710 2956 3761 autem

797 3759 894 3789 ”¹¹¹⁶
1078 3778 1439 3838 mendacium
1467 3787 1556 3837 est
1582 3798 1687 3856 per
1715 3799 1776 3838 se
1796 3779 2029 3857 malum,
2053 3781 2264 3841 cadens
2294 3801 2465 3859 super
2491 3780 2804 3841 indebitam
2834 3801 2956 3840 ma-

555 3854 774 3931 teriam,
823 3864 913 3916 est
953 3859 1107 3916 enim
1148 3859 1495 3917 inordinatio
1524 3866 1647 3917 tum
1680 3860 2012 3920 mentientis
2053 3861 2113 3919 in
2156 3881 2235 3937 se,
2279 3862 2416 3939 quia
2456 3871 2656 3922 contra
2696 3862 2956 3921 ordinem

555 3944 774 3995 naturae
803 3936 984 3996 oratio
1013 3939 1158 4015 ejuS,
1190 3957 1319 4015 quae
1347 3938 1557 3998 mentis
1585 3947 1675 3998 est
1702 3939 2001 4017 interpres,
2032 3962 2068 4000 a
2093 3951 2283 4001 mente
2318 3942 2488 4019 plane
2518 3943 2800 4019 dissentit,
2831 3950 2957 4000 tum

553 4016 630 4073 ad
656 4017 1001 4094 proximum,
1032 4017 1170 4094 quia
1209 4018 1470 4077 veritatis
1512 4018 1939 4079 observantiam
1967 4022 2362 4099 unusquisque
2403 4023 2667 4099 proximo
2710 4042 2814 4081 suo
2857 4021 2957 4079 de-

555 4095 672 4170 bet,
717 4115 794 4154 ex
835 4096 1189 4172 obligatione
1230 4098 1481 4156 naturali
1520 4107 1580 4156 et
1621 4099 1806 4157 divini
1839 4100 2009 4178 juris.
2088 4101 2261 4160 Unde
2302 4102 2509 4161 Thom.
2553 4102 2615 4160 ii.
2643 4106 2698 4177 2,
2729 4121 2786 4178 q.
2822 4103 2956 4174 110,

554 4177 716 4235 artic.
747 4178 804 4251 3,
832 4178 868 4209 ‘⁶
890 4175 1140 4251 Voces,”
1170 4177 1378 4254 inquit,
1403 4181 1440 4211 ‘⁴
1468 4179 1808 4239 naturaliter
1834 4189 1968 4239 sunt
1997 4180 2163 4257 signa
2191 4182 2604 4258 intellectuum,
2635 4180 2959 4240 innaturale

553 4255 732 4331 igitur
759 4262 849 4314 est
874 4264 933 4314 et
959 4255 1298 4331 indebitum,
1329 4256 1486 4335 quod
1513 4259 1724 4336 aliquis
1760 4279 1904 4318 voce
1933 4260 2219 4336 significet
2266 4261 2327 4319 id
2354 4261 2511 4339 quod
2539 4281 2654 4320 non
2681 4259 2857 4318 habet
2898 4259 2959 4316 in

553 4335 807 4394 mente.''
894 4335 991 4395 Sic
1021 4336 1350 4411 Durandus,
1380 4337 1482 4397 lib.
1506 4338 1587 4397 iii.
1618 4338 1752 4398 dist.
1776 4341 1871 4414 38,
1903 4360 1959 4416 q.
1989 4343 2017 4397 1
2047 4362 2061 4399 z
2095 4343 2130 4374 ‘⁴
2149 4340 2346 4399 Verba
2373 4341 2637 4399 instituta
2666 4348 2815 4413 sunt,
2840 4359 2960 4397 non

551 4423 621 4472 ut
648 4434 752 4490 per
777 4434 846 4472 ea
872 4414 1135 4476 homines
1163 4435 1224 4475 se
1253 4416 1473 4492 fallant,
1500 4417 1604 4477 sed
1632 4427 1696 4477 ut
1724 4419 2104 4496 cogitationes
2133 4440 2267 4478 suas
2288 4421 2417 4478 aliis
2438 4420 2767 4490 notificent3
2798 4418 2959 4477 inde-

554 4491 712 4550 bitus
741 4493 920 4568 igitur
959 4504 1123 4555 actus
1164 4504 1269 4571 est,
1301 4517 1433 4555 cum
1461 4498 1592 4575 quis
1633 4499 1876 4557 vocibus
1916 4500 2100 4558 utitur
2126 4499 2200 4557 ad
2242 4498 2683 4577 significandum
2715 4498 2775 4555 id
2804 4498 2962 4575 quod

553 4580 748 4630 mente
775 4591 891 4630 non
920 4576 1137 4635 tenet.”
1191 4576 1363 4637 Unde
1396 4577 1801 4655 Philosophus,
1836 4579 2027 4637 Ethic.
2057 4579 2135 4638 iv,
2168 4599 2291 4656 cap.
2318 4584 2372 4655 7,
2404 4578 2698 4639 concludit
2724 4578 2967 4637 menda·

555 4650 707 4709 cium
735 4670 864 4710 esse
890 4672 993 4731 per
1019 4674 1081 4715 se
1106 4675 1354 4735 pravum
1381 4665 1442 4717 et
1468 4657 1828 4737 fugiendum.
1900 4659 2138 4719 Nullum
2168 4679 2308 4738 ergo
2335 4660 2700 4721 mendacium
2729 4659 2812 4719 ita
2840 4657 2961 4718 offi-

576 2098 777 2170 'l'rip103
805 2101 997 2144 menda·

717 2173 862 2202 cium.

554 3685 599 3730 2.
631 3684 759 3735 Quia
