3221 5200
270 370 496 421 ouaesr.
528 349 662 433 xx.]
1196 407 1204 414 .
1279 374 1360 415 ns
1388 373 1544 415 aasz
1571 373 1693 415 nm.
2414 331 2419 336 ⁴
2570 357 2683 416 113

267 527 469 571 eorum
497 512 780 590 sanguine
809 524 870 572 se
898 513 1275 593 ingurgitant,
1305 535 1342 574 a
1368 516 1674 594 quibusvis
1700 512 2023 593 promiscue
2050 510 2295 591 pignora
2321 511 2679 592 accipiendo,

270 593 482 670 quibus
522 612 637 651 non
676 593 863 653 solum
911 594 985 654 de
1034 605 1186 656 sorte
1228 596 1344 656 sint
1392 597 1596 671 securi,
1643 596 1748 655 sed
1787 595 1959 655 etiam
2006 593 2079 652 de
2127 591 2436 652 immodica
2482 614 2677 669 usura,

271 673 445 731 etiam
486 671 560 730 ab
588 672 660 730 iis
689 674 788 749 qui
817 674 1069 734 ostiatim
1096 696 1303 754 panem
1331 685 1614 753 quaerunt,
1655 696 1692 734 a
1732 675 1915 734 servis
1958 673 2156 732 insciis
2183 671 2449 748 dominis,
2480 694 2517 733 a
2541 674 2680 733 filiis

267 752 516 817 familias
542 752 741 811 insciis
781 755 1132 830 parentibus,
1176 756 1390 833 quique
1431 764 1614 814 artem
1656 754 2078 813 foeneratoriam
2107 773 2183 811 ex
2208 751 2467 830 professo
2512 773 2678 812 exer-

271 840 419 906 cent,
451 840 509 891 et
535 832 595 889 in
622 852 755 891 eum
784 833 970 892 solum
997 834 1170 893 finem
1197 843 1263 895 ut
1289 835 1423 895 inde
1451 836 1754 910 ditescant,
1799 854 1946 912 quos
1974 832 2289 911 optandum
2317 842 2470 892 esset
2498 854 2530 892 e
2560 833 2679 891 Re·

269 911 628 989 buspublicis
658 911 1014 989 Christianis,
1058 924 1333 992 tanquam
1375 924 1569 993 pestes
1594 914 1876 993 publicas,
1921 921 1979 973 et
2007 912 2299 972 societatis
2326 912 2678 990 expilatores

268 991 404 1067 ejici
431 1000 492 1049 et
516 990 812 1069 profligari
835 1014 850 1051 ε
898 993 1015 1052 Sed
1054 1014 1171 1052 non
1212 1015 1317 1071 par
1344 1005 1433 1055 est
1466 996 1614 1055 ratio
1643 1015 1840 1054 eorum
1868 993 1969 1071 qui
2015 992 2186 1051 bonis
2213 992 2450 1068 artibus,
2482 1001 2541 1052 et
2569 992 2679 1051 sub

271 1071 452 1148 aequis
481 1070 906 1130 conditionibus
933 1073 1064 1150 lege
1093 1074 1253 1133 civili
1281 1076 1628 1149 constitutis,
1659 1074 1799 1133 dant
1827 1092 2059 1152 operam
2086 1092 2159 1131 ne
2200 1072 2461 1149 pecunia,
2503 1090 2681 1149 quam

268 1149 425 1208 domi
452 1151 683 1226 habent,
716 1150 791 1209 sit
820 1151 930 1211 sibi
958 1153 1328 1213 infructuosa.

348 1230 540 1289 XXI.
584 1229 753 1305 Quod
798 1230 1011 1308 injuste
1055 1233 1271 1292 crimen
1321 1233 1613 1293 Pontificii
1652 1241 1713 1293 et
1751 1233 1797 1293 J
1798 1236 2002 1292 esui'tae
2028 1230 2308 1308 inprimis,
2340 1240 2404 1291 ut
2434 1231 2679 1309 Baylius

267 1317 337 1368 tr.
368 1312 425 1368 4.
449 1330 505 1386 q.
531 1313 585 1384 5,
632 1310 874 1368 Calvino
902 1321 1100 1371 nostro
1137 1312 1482 1391 impingunt,
1514 1323 1790 1391 tanquam
1817 1313 2224 1371 foeneratorum
2250 1319 2510 1388 patrono,
2542 1311 2681 1388 quia

266 1408 473 1453 usuras
500 1389 764 1448 absolute
791 1409 908 1449 non
948 1392 1251 1469 improbat,
1290 1394 1507 1471 justius
1536 1393 1679 1470 ipsis
1705 1413 1742 1451 a
1788 1393 1831 1452 J
1834 1390 2143 1451 ansenistis
2188 1390 2475 1466 ob'icitur,
2519 1390 2679 1467 quod

268 1488 472 1527 usuras
520 1469 638 1527 fere
686 1470 975 1547 quaslibet
1022 1473 1357 1550 permittant
1399 1481 1459 1532 et
1503 1481 1828 1548 exerceant,
1874 1490 2088 1548 easque
2135 1471 2234 1529 val
2277 1491 2309 1529 e
2364 1471 2675 1549 improbas.

267 1548 421 1606 Vide
451 1548 676 1611 Literas
707 1549 1116 1626 Provinciales,
1168 1561 1226 1611 et
1276 1552 1603 1612 Amadeum
1646 1552 2036 1625 Guimenium‚
2062 1550 2314 1609 Tractat.
2344 1551 2417 1610 de
2448 1550 2677 1610 Usuris.

268 1627 387 1686 Sed
415 1629 601 1705 magis
629 1628 837 1687 mirum
874 1638 963 1689 est
1003 1652 1039 1690 a
1067 1632 1321 1691 Praesule
1351 1632 1722 1691 Vintoniensi
1765 1631 2103 1690 Lancelotto
2132 1629 2437 1706 Andrews,
2472 1631 2676 1690 Deter-

265 1707 578 1766 minatione
597 1708 877 1786 Theolog.
908 1707 981 1768 de
997 1711 1206 1787 Usura,
1229 1732 1442 1789 magno
1464 1712 1575 1771 Dei
1596 1713 1760 1786 Viro,
1781 1720 2084 1790 propterea
2111 1708 2348 1768 conflari
2374 1709 2674 1783 invidiam,

266 1807 336 1845 eo
359 1787 514 1864 quod
530 1788 591 1845 in
610 1787 855 1865 epistola
881 1789 1148 1866 quadam,
1174 1799 1232 1850 et
1259 1792 1321 1850 in
1339 1792 1550 1851 Ezech.
1580 1792 1748 1851 xviii.
1771 1809 1976 1850 usuras
2002 1797 2249 1848 tueatur.
2293 1788 2367 1847 In
2394 1808 2511 1864 quo
2540 1807 2678 1846 sane

263 1887 381 1923 non
420 1887 728 1944 possumus
755 1886 871 1926 non
918 1870 1249 1946 aequitatem
1291 1870 1354 1928 in
1397 1880 1560 1930 tanto
1605 1871 1751 1929 Viro
1778 1869 2122 1944 desiderare,
2168 1869 2269 1945 qui
2314 1878 2435 1927 tam
2463 1867 2682 1945 injusta

267 1946 661 2006 criminatione
691 1947 997 2006 Calvinum
1131 1960 1248 2010 vat.
1292 1950 1441 2009 Nam
1464 1950 1514 2008 is
1543 1959 1661 2009 tam
1691 1969 1860 2028 parce
1888 1957 1948 2008 et
1973 1948 2164 2008 sobrie
2190 1948 2466 2024 loquutus
2494 1956 2583 2007 est
2603 1947 2678 2005 de

264 2027 471 2102 usuris,
517 2035 585 2086 ut
625 2047 746 2085 non
794 1970 1245 2089 dissimffierit
1288 2050 1350 2089 se
1398 2030 1673 2089 maluisse
1717 2029 1790 2088 de
1839 2029 1950 2088 hac
1975 2046 2037 2087 re
2065 2048 2182 2087 non
2208 2027 2572 2106 respondere,
2618 2035 2678 2084 et

265 2113 455 2165 tantas
482 2106 646 2166 addit
671 2107 1104 2185 praecautiones,
1146 2118 1214 2169 ut
1261 2108 1427 2168 facile
1472 2110 1603 2187 quis
1630 2107 1830 2168 videat
1856 2128 2029 2186 quam
2057 2108 2280 2167 alienus
2306 2107 2479 2166 fuerit
2506 2127 2540 2164 a
2581 2126 2674 2164 ca-

264 2185 483 2244 lumnia
530 2185 1034 2247 Adversariorum.
1120 2189 1306 2266 Epist.
1338 2192 1473 2263 383,
1509 2192 1545 2222 ‘⁴
1588 2189 1860 2247 Nondum
1887 2187 2169 2262 tentavi,''
2216 2187 2424 2265 inquit,
2471 2189 2506 2218 “
2535 2184 2678 2264 quid

264 2266 525 2341 apposite
551 2266 884 2344 responderi
923 2269 1108 2344 possit
1135 2268 1211 2326 ad
1251 2269 1629 2346 quaestionem
1656 2267 2026 2345 propositam,
2059 2266 2163 2325 sed
2203 2286 2278 2324 ex
2305 2267 2548 2326 aliorum
2575 2285 2677 2342 pe·

264 2344 449 2403 riculo
478 2344 669 2421 didici,
699 2355 916 2424 quanto
964 2367 1057 2406 res
1101 2366 1172 2406 ea
1214 2369 1346 2407 eum
1389 2347 1647 2425 periculo
1677 2348 1988 2424 conjuncta
2016 2344 2129 2423 sit3
2181 2346 2231 2404 si
2259 2345 2412 2405 enim
2441 2345 2675 2405 omnino

263 2442 474 2482 usuras
500 2424 851 2502 damnamus,
872 2425 1165 2485 induimus
1183 2427 1525 2486 strictiorem
1553 2425 1826 2504 laqueum
1854 2425 2239 2501 conscientiis,
2270 2445 2444 2503 quam
2475 2424 2676 2482 Domi·

261 2522 374 2561 nus
401 2503 525 2580 ipse
553 2505 834 2565 voluerit:
878 2507 928 2564 si
955 2506 1256 2566 minimum
1285 2506 1671 2582 concedimus,
1705 2505 1897 2566 statim
1928 2505 2036 2564 sub
2064 2505 2166 2564 illo
2193 2513 2481 2583 praetextu
2506 2504 2679 2563 multi

260 2582 548 2643 effraenem
603 2585 896 2645 licentiam
944 2586 1274 2665 arripient.''
1361 2588 1621 2666 Cumque
1669 2586 1917 2646 dixisset
1958 2585 2120 2644 nullo
2162 2585 2472 2665 Scripturas
2513 2584 2676 2644 testi·

258 2664 454 2723 monio
482 2685 688 2724 usuras
729 2686 856 2725 esse
885 2666 1202 2734 damnatas,
1232 2667 1405 2746 paulo
1432 2674 1566 2745 post
1592 2666 1772 2742 addit,
1821 2669 1857 2699 “
1887 2665 2217 2743 Optandum
2245 2666 2481 2744 quidem
2522 2673 2678 2725 esset

259 2764 460 2805 omnes
487 2765 709 2821 usuras,
741 2746 1045 2823 ipsumque
1073 2747 1217 2806 adeo
1245 2767 1456 2807 nomen
1484 2768 1519 2805 a
1545 2747 1762 2806 mundo
1790 2746 2086 2820 exulare,''
2133 2744 2240 2805 &c
2328 2746 2495 2805 Idem
2537 2765 2675 2804 con-

257 2823 449 2962 iSirrlnat
475 2825 616 2962 hbe.
646 2824 811 2885 xviii.
842 2826 1014 2885 Ezec.
1073 2827 1186 2902 Qui
1211 2827 1380 2905 plura
1405 2826 1657 2886 voluerit
1685 2825 1948 2886 consulat
1977 2825 2497 2903 Celeb.-Voiitium,
2527 2846 2584 2903 p.
2615 2829 2673 2903 4,

304 2925 335 2962 e
360 2913 470 2963 eet.
560 2905 609 2963 is
654 2950 667 2963 .
739 2951 753 2964 .
784 2908 921 2965 555.
2236 2952 2241 2959 .

338 2983 564 3042 XXII.
597 2925 859 3044 tenentes
885 2986 996 3044 hoc
1023 2985 1294 3045 mandato
1334 2994 1636 3063 praeceptae
1678 2994 1812 3044 sunt
1857 2987 1909 3043 1.
1940 2985 2239 3065 Αὑτοίςιιωι,
2273 3005 2375 3044 seu
2413 2985 2675 3062 acquies-

255 3063 450 3122 centia
476 3063 538 3120 in
565 3084 671 3123 sua
698 3074 868 3139 sorte,
899 3072 965 3125 ut
992 3066 1237 3143 quisque
1265 3066 1559 3124 vocationi
1587 3086 1708 3124 suae
1734 3065 2075 3123 incumbens
2102 3084 2179 3122 ex
2207 3064 2450 3123 honesto
2477 3064 2675 3122 labore

254 3162 362 3202 suo
391 3143 572 3219 vivat,
605 3145 754 3203 Gen.
784 3145 864 3203 iii.
901 3147 991 3217 19,
1017 3153 1076 3204 et
1104 3165 1210 3204 sua
1238 3152 1391 3203 sorte
1421 3152 1744 3218 contentus,
1774 3143 1978 3202 alienis
2005 3162 2123 3200 non
2142 3142 2340 3217 inhiet,
2366 3146 2394 3200 l
2420 3143 2569 3201 Tim.
2594 3143 2673 3201 vi.

254 3225 328 3297 ὃς
376 3222 531 3282 Heb.
563 3224 685 3282 xiii.
716 3226 772 3283 5.
856 3228 912 3283 2.
954 3224 1318 3283 Parsimonia
1346 3231 1404 3282 et
1414 3225 1749 3298 fiuyalitas.
1835 3225 1892 3281 3.
1933 3223 2241 3281 Sinceritas
2267 3230 2326 3280 et
2352 3222 2587 3280 Justitia
2614 3222 2676 3279 in

256 3302 416 3360 omni
446 3302 744 3379 symbiosi,
775 3313 841 3362 ut
869 3322 1168 3362 versemur
1215 3323 1440 3381 semper
1488 3301 1599 3362 lino
1637 3299 1784 3361 >Aaou
1811 3306 1900 3360 καὶ
1928 3301 2143 3374 «ἐπαίτης,
2186 3308 2245 3360 et
2271 3321 2440 3360 suum
2467 3301 2676 3378 cuique

254 3382 598 3442 tribuamus.
682 3386 738 3442 4.
782 3384 1126 3443 Liberalitas
1169 3383 1232 3440 in
1273 3402 1556 3461 pauperes
1599 3391 1659 3442 et
1706 3401 1939 3460 egenos,
1980 3390 2046 3442 ut
2092 3403 2211 3441 non
2258 3389 2482 3440 tantum
2523 3380 2678 3440 bona

255 3461 508 3538 proximi
537 3462 752 3540 injuste
780 3483 896 3522 non
923 3464 1229 3540 rapiamus,
1261 3463 1366 3521 sed
1393 3471 1451 3522 et
1476 3462 1793 3523 liberaliter
1820 3470 2017 3522 nostra
2044 3462 2131 3522 illi
2156 3462 2489 3541 largiamur,
2532 3481 2675 3541 quo·

257 3541 367 3601 ties
397 3543 714 3602 necessitas
743 3551 802 3603 et
829 3543 1056 3603 occasio
1084 3542 1300 3604 tulerit.

1179 3784 1568 3860 QUAESTIO
1612 3784 1767 3843 xx.

1104 3961 1188 4002 AD
1217 3962 1596 4004 PRAECEPTUM
1625 3961 1853 4002 nomm.

401 4101 498 4159 An
524 4102 890 4162 Mendacium
915 4103 1013 4161 sub
1041 4105 1156 4161 ullo
1172 4111 1464 4179 praetexas
1489 4100 1779 4161 honestari
1801 4109 1855 4160 et
1879 4100 2088 4160 licimm
2114 4098 2282 4159 reddi
2294 4100 2520 4177 possit!

1069 4182 1125 4240 N
1128 4202 1220 4259 eg.
1266 4191 1466 4243 contra
1496 4181 1857 4241 Socinianos.

341 4338 392 4397 I.
440 4338 525 4397 Ut
556 4342 722 4414 sacto
768 4340 906 4399 laedi
948 4360 1066 4399 non
1114 4340 1288 4402 debet
1333 4338 1671 4420 proximus3
1718 4340 1811 4399 Ita
1852 4358 1959 4397 nec
2009 4339 2156 4397 dicto
2200 4334 2500 4397 laedendus
2554 4346 2681 4417 est3

258 4438 436 4496 quam
465 4418 761 4478 laesionem
788 4421 1056 4497 prohibet
1085 4420 1444 4499 Praeceptum
1473 4440 1708 4495 nonum,
1740 4419 1812 4478 de
1852 4440 1966 4477 non
1993 4420 2226 4477 dicendo
2257 4420 2417 4492 salso
2444 4419 2682 4478 testimo-

256 4501 353 4556 nio
397 4506 597 4557 contra
636 4502 970 4576 proximum
989 4525 1014 4573 ,·
1056 4501 1158 4559 ubi
1206 4520 1321 4559 non
1368 4507 1601 4559 vetatur
1661 4498 1999 4576 simpliciter
2039 4497 2430 4556 testimonium
2486 4507 2687 4559 contra

259 4578 610 4654 proximum,
643 4600 775 4639 cum
804 4600 957 4659 saepe
985 4600 1077 4640 res
1098 4580 1420 4658 judiciariae
1449 4579 1762 4656 postulent,
1807 4585 1867 4637 et
1894 4575 1969 4636 ad
1996 4577 2105 4636 hoc
2133 4585 2430 4637 teneamur
2456 4598 2531 4637 ex
2560 4581 2685 4639 zelo

253 4657 506 4735 justitias
530 4680 544 4733 3
590 4659 694 4718 sed
719 4668 946 4720 tantum
974 4661 1314 4739 prohibetur
1343 4662 1567 4735 falsum
1596 4659 1979 4735 testimonium,
2009 4677 2124 4735 quo
2152 4658 2558 4735 vitoe,‚honori,
2590 4661 2688 4720 vel

427 4755 595 4797 mus.
626 4758 690 4799 11.
2482 4757 2525 4797 n
