3221 5200
516 267 635 325 574
1271 273 1452 316 Locus
1482 272 1744 313 necinus
1776 271 2016 313 ssx'rus.
2553 251 2857 334 [QUAEST.
2893 273 3005 314 ιιι.

508 421 781 481 Bellarm.
811 436 929 474 non
948 413 1136 492 potuit
1165 413 1412 489 diffiteri,
1444 434 1622 490 quum
1652 413 1793 472 dicit
1823 413 2115 472 Christum
2144 418 2297 470 recte
2340 410 2457 470 dici
2501 412 2734 472 sactum
2773 416 2998 489 justi·

506 503 646 561 tiam
673 496 979 570 meritorie,
1008 497 1043 527 “
1061 494 1198 571 quia
1220 495 1498 553 satisfecit
1527 494 1686 551 Patri
1714 513 1818 571 pro
1847 492 2030 565 nobie,
2056 500 2114 551 et
2132 512 2257 550 eam
2278 491 2752 551 satisfactionem
2791 496 2997 553 nobis

510 581 686 639 donat
716 587 773 636 et
801 574 1200 649 communicat,
1233 593 1411 650 quum
1438 593 1545 632 nos
1564 573 1866 648 justificat,
1898 581 1961 632 ut
1995 581 2192 630 nostra
2240 571 2556 630 satisfactio
2595 582 2661 630 et
2703 575 2996 648 justitia

509 660 625 718 dici
662 658 861 736 possit,
894 677 961 714 ac
990 654 1040 713 si
1081 673 1186 711 nos
1215 653 1326 729 ipsi
1357 653 1483 710 Deo
1513 653 1989 712 satisfecissemus
2010 653 2065 726 ;'’
2096 651 2254 728 quod
2282 651 2582 710 coufirmat
2612 652 2696 710 ad
2757 654 2992 712 locum

511 745 547 798 2
581 740 709 798 Cor.
742 759 797 797 v.
829 740 903 795 21
933 759 947 795 ε
1001 737 1036 766 “
1057 733 1239 790 Nobis
1287 733 1661 808 imputatur,”
1692 733 1896 808 inquit,
1932 732 2213 807 “justitia
2258 731 2469 790 Christi
2517 733 2725 807 quoad
2789 736 2992 793 satis·

509 819 835 884 factionem,
868 833 1039 892 quam
1060 832 1164 889 pro
1187 812 1354 869 nobis
1375 812 1701 888 praestitit.”
1749 813 1870 871 Nec
1899 810 2056 888 quod
2083 811 2246 869 addit
2273 810 2485 868 ibidem
2517 811 2988 886 Adversarius„

511 919 743 958 causam
773 898 899 971 ejus
918 895 1127 967 juvare
1156 898 1362 967 potest,
1408 910 1586 967 quum
1604 892 1702 966 ait,
1739 896 1772 924 ‘⁴
1800 891 1916 949 Sed
1944 911 2060 948 non
2096 902 2399 967 propterea
2431 891 2581 964 justi
2624 911 2992 968 possumus

511 979 730 1051 haberi,
763 977 812 1034 si
841 992 976 1030 vere
1026 970 1086 1027 in
1127 969 1295 1028 nobis
1332 979 1698 1047 peccatorum
1727 971 1966 1030 maculae
1995 978 2054 1033 et
2091 970 2290 1028 sordes
2317 970 2703 1029 inhaereant.''
2816 974 2988 1032 Nam

515 1060 564 1117 si
585 1056 817 1133 justitia
862 1050 1076 1110 Christi
1121 1050 1310 1108 nobis'
1337 1051 1670 1127 imputatur,
1701 1060 1767 1109 ut
1795 1051 2040 1127 jamjam
2090 1050 2278 1108 fassus
2306 1058 2410 1119 est,
2469 1057 2591 1108 tum
2624 1060 2807 1110 certe
2867 1074 2988 1111 nos

507 1136 657 1214 justi
684 1141 1016 1210 reputamur
1042 1129 1102 1186 in
1130 1129 1266 1205 illo;
1303 1131 1594 1204 justitiam
1645 1131 1797 1189 enim
1848 1151 2016 1189 nemo
2064 1129 2152 1187 illi
2196 1130 2457 1206 imputat,
2489 1150 2665 1206 quem
2711 1134 2982 1207 justum

514 1235 632 1274 non
659 1212 850 1271 habet.
936 1211 1013 1268 Et
1043 1210 1093 1267 si
1126 1209 1454 1268 Satisfactio
1505 1210 1718 1269 Christi
1767 1210 1935 1268 nobis
1984 1211 2315 1287 imputatur,
2361 1218 2481 1267 tum
2511 1208 2719 1269 debita
2751 1223 2984 1272 nostra

514 1315 619 1373 pro
648 1291 858 1370 quibus
904 1290 1001 1348 ille
1052 1289 1359 1362 Satisfecit,
1408 1309 1524 1347 non
1570 1290 1942 1366 imputantur,
1996 1290 2097 1348 sed
2145 1290 2531 1348 remittuntur.
2621 1291 2978 1368 Perperam

516 1375 690 1433 etiam
719 1372 846 1429 vult
877 1369 1214 1444 “justitiam
1248 1369 1414 1426 nobis
1442 1370 1819 1427 inhaerentem
1849 1369 1963 1428 dici
1990 1370 2085 1427 hic
2106 1369 2395 1445 justitiam
2428 1369 2557 1444 Dei,
2589 1370 2736 1445 quia
2771 1372 2978 1430 dona-

513 1463 611 1513 tur
638 1451 805 1510 nobis
833 1471 868 1508 a
898 1451 1040 1523 De0,
1073 1448 1169 1506 vel
1197 1448 1387 1523 etiam,
1419 1448 1556 1524 quia
1583 1456 1672 1507 est
1699 1449 1892 1525 imago
1922 1456 1980 1508 et
2000 1449 2498 1522 effectusjustitiae
2528 1449 2708 1508 Dei.’'
2809 1453 2974 1510 Nam

517 1535 710 1592 obstat
731 1530 991 1590 clausula
1008 1530 1063 1586 in
1086 1529 1207 1603 ipso
1224 1552 1246 1600 ;
1269 1527 1557 1604 quomodo
1581 1528 1733 1586 enim
1756 1528 2043 1587 diceretur
2064 1528 2124 1586 in
2144 1529 2388 1604 Christe,
2411 1529 2460 1587 si
2478 1538 2633 1589 esset
2650 1529 2719 1587 in
2739 1533 2978 1590 nobis?

520 1613 677 1691 quod
721 1610 984 1688 agnoscit
1015 1609 1386 1682 ContarenuS,
1416 1609 1451 1639 “
1469 1607 1715 1667 Justitia
1743 1607 1855 1666 Dei
1885 1609 1945 1667 in
1973 1609 2156 1685 ipso,”
2188 1608 2391 1683 inquit,
2441 1612 2477 1642 “
2495 1609 2784 1686 quoniam
2837 1612 2979 1684 ejus

511 1693 743 1771 justitia
770 1691 922 1749 facta
950 1695 1038 1750 est
1065 1696 1278 1762 nostra,
1311 1687 1478 1747 nobis
1500 1688 1729 1762 donata,
1762 1688 1931 1747 nobis
1958 1689 2297 1765 imputata.''

1129 1767 1378 1825 XVIII.
1425 1767 1659 1842 Quarto,
1692 1768 1841 1841 Quia
1852 1768 2193 1844 justificatio
2220 1770 2287 1826 fit
2315 1775 2547 1845 propter
2563 1768 2974 1845 sponsionem

519 1841 562 1885 4.
612 1837 1003 1941 Ε’ὃῦῗξεῗξεὶωθ
1048 1846 1277 1921 Christi,
1303 1855 1363 1905 et
1393 1847 1738 1906 solutionem
1766 1848 1840 1905 ab
1868 1848 1994 1924 ipso
2023 1868 2127 1926 pro
2157 1847 2324 1905 nobis
2366 1848 2596 1922 factam,
2626 1850 2800 1925 quod
2833 1852 2974 1909 sine

854 1925 866 1937 '
905 1931 915 1940 ’
1045 1926 1422 2003 imputatione
1449 1927 1575 1985 fieri
1603 1927 1820 2004 nequit.
1908 1928 2056 1985 Nam
2084 1934 2151 1986 ut
2179 1927 2390 1986 solutio
2412 1948 2447 1985 a
2468 1927 2766 2004 Sponsore
2802 1930 2974 1989 saeta

521 2031 625 2089 pro
654 2010 929 2080 debitore,
962 2026 1078 2064 non
1105 2013 1297 2082 potest
1323 2006 1384 2062 in
1414 2006 1540 2082 ejus
1568 2006 1933 2065 commodum
1963 2007 2167 2082 redire,
2199 2008 2312 2066 nisi
2340 2027 2442 2085 per
2481 2008 2970 2084 imputationem,

522 2100 807 2167 quatenus
838 2086 1046 2146 solutio
1077 2105 1111 2142 a
1141 2085 1306 2143 Vade
1335 2085 1487 2144 facta
1514 2086 1601 2143 illi
1624 2086 1960 2163 applicatur,
1992 2088 2158 2163 quasi
2187 2088 2261 2145 ab
2291 2087 2415 2162 ipso
2458 2089 2721 2164 praestita
2750 2100 2927 2148 esset
2954 2113 2970 2165 3

520 2170 672 2229 unde
704 2168 963 2246 sequitur
984 2164 1163 2224 debiti
1187 2166 1515 2241 expunctio,
1542 2174 1598 2224 et
1618 2166 1894 2224 debitoris
1915 2167 2180 2225 liberatio
2204 2190 2217 2241 ;
2266 2168 2358 2225 Ita
2391 2187 2520 2225 cum
2546 2168 2826 2227 Christus
2860 2190 2970 2227 va-

523 2249 840 2308 dimonium
863 2266 965 2324 pro
994 2245 1162 2302 nobis
1191 2246 1522 2321 susceperit,
1554 2254 1614 2305 et
1639 2245 1770 2303 loco
1799 2255 1995 2304 nostro
2026 2246 2266 2305 solverit
2289 2269 2303 2321 ;
2349 2247 2480 2322 quis
2507 2267 2625 2305 non
2664 2247 2844 2308 videt
2871 2270 2972 2307 so·

526 2330 807 2388 lutionem
835 2328 907 2385 ab
938 2327 1062 2402 ipso
1093 2323 1319 2399 factam,
1351 2333 1410 2382 et
1438 2333 1597 2398 λύτρον
1623 2324 1838 2401 datum,
1864 2326 2032 2384 nobis
2060 2326 2332 2403 imputari
2375 2325 2449 2385 ad
2497 2326 2732 2402 plenam
2778 2329 2968 2388 abso-

533 2410 831 2484 lutionem,
863 2406 941 2464 id.
973 2404 1174 2462 eodem
1202 2404 1332 2462 loco
1361 2404 1517 2481 apud
1546 2405 1737 2463 Deum
1764 2406 1979 2480 haberi,
2011 2426 2079 2464 ac
2109 2407 2157 2466 si
2206 2427 2241 2463 a
2284 2406 2454 2465 nobis
2502 2405 2702 2464 datum
2749 2419 2922 2467 esset
2938 2414 2983 2468 1>-

540 2489 673 2547 Hoc
703 2507 875 2548 sensu
906 2485 1150 2543 dicimur
1190 2484 1500 2561 justzflcart
1541 2494 1719 2543 morte
1763 2495 1816 2543 et
1860 2487 2130 2562 sanquine
2176 2485 2404 2559 Christi,
2438 2485 2606 2543 Rom.
2629 2506 2687 2543 v.
2722 2488 2777 2558 9,
2815 2491 2970 2564 quia

524 2570 792 2628 meritum
821 2563 1163 2625 obedientiae
1186 2572 1245 2621 et
1268 2564 1466 2623 mortis
1489 2565 1596 2623 fuit
1625 2564 1703 2639 id,
1736 2566 1902 2642 cujus
1924 2567 2135 2626 intuitu
2161 2567 2321 2624 Deus
2343 2565 2511 2624 nobis
2541 2566 2965 2628 reconciliatus

528 2649 654 2721 fuit,
677 2656 734 2704 et
756 2651 1120 2722 peccatorum
1131 2643 1360 2700 veniam
1380 2643 1556 2701 dedit.
1604 2645 1825 2703 Eodem
1851 2666 2023 2705 sensu
2045 2647 2255 2705 dicitur
2281 2645 2513 2704 “sactus
2535 2646 2878 2707 maledictio
2902 2661 2964 2708 et

528 2733 830 2803 peccatum
846 2742 950 2800 pro
968 2721 1152 2794 nobis,
1173 2729 1238 2778 ut
1256 2740 1512 2779 essemus
1531 2723 1857 2783 benedictio
1877 2726 2179 2802 etjustitia
2199 2726 2257 2783 in
2277 2726 2439 2802 ipso,’
2448 2727 2461 2751 ’
2488 2726 2619 2784 Gal.
2642 2726 2722 2785 iii.
2754 2730 2852 2802 13,
2899 2734 2957 2801 2,

529 2806 658 2864 Cor.
688 2825 746 2864 v.
778 2807 873 2877 21,
906 2800 1041 2877 quia
1068 2799 1397 2858 maledictio
1425 2810 1483 2860 et
1511 2822 1682 2879 poena
1710 2807 1932 2880 peccati
1960 2826 2130 2882 quam
2153 2807 2214 2863 in
2243 2826 2304 2864 se
2346 2805 2561 2882 recepit
2587 2806 2718 2863 loco
2749 2818 2959 2866 nostro

526 2884 681 2944 cedit
707 2883 876 2943 nobis
903 2881 964 2939 in
992 2879 1413 2939 benedictionis
1442 2889 1499 2940 et
1519 2882 1762 2958 justitiae
1792 2904 2025 2944 causam
2047 2906 2239 2945 coram
2270 2886 2413 2961 Deo,
2445 2885 2506 2942 vi
2528 2887 2962 2947 communionis

525 2965 682 3025 illius
711 2962 1045 3024 arctissima}
1067 2980 1196 3037 quae
1224 2960 1392 3020 nobis
1422 2983 1553 3021 cum
1575 2983 1644 3021 eo
1674 2963 1992 3041 intercedit,
2023 2986 2126 3043 per
2174 2985 2364 3042 quam,
2396 2973 2460 3024 ut
2487 2975 2683 3024 nostra
2710 2978 2960 3042 peccata

526 3046 639 3124 ipsi
667 3045 947 3123 imputata
975 3049 1125 3117 sunt,
1157 3041 1238 3100 ita
1266 3041 1521 3103 vicissim
1552 3042 1882 3104 obedientia
1909 3055 1966 3105 et
2008 3046 2237 3122 justitia
2264 3046 2389 3121 ejus
2418 3045 2586 3104 nobis
2613 3047 2956 3122 imputatur.

530 3128 831 3202 Quomodo
862 3124 970 3185 sub
1004 3123 1177 3199 Lege,
1208 3142 1381 3200 poena
1402 3145 1574 3200 quam
1602 3125 1864 3184 ferebant
1891 3125 2162 3184 Victimae
2190 3125 2319 3184 loco
2347 3134 2729 3201 peccatorum,
2761 3125 2952 3203 impu—

529 3208 760 3266 tabatur
788 3207 930 3284 ipsis
959 3202 1034 3263 ad
1062 3202 1449 3279 expiationem
1478 3206 1718 3281 peccati,
1751 3214 1811 3264 et
1838 3205 2092 3282 ipsorum
2119 3205 2538 3264 liberationem.
2931 3246 2934 3247 ν

526 3338 556 3382 5
600 3337 641 3381 E
701 3338 743 3381 R
888 3338 938 3380 m
965 3335 996 3379 3
1133 3284 1322 3342 XIX.
1369 3284 1599 3359 Quinto,
1644 3285 1792 3360 Quia
1821 3285 2084 3345 Christus
2139 3305 2245 3344 nos
2286 3285 2569 3361 justificat
2615 3304 2718 3361 per
2738 3283 2813 3357 id,
2849 3305 2955 3361 per

560 3370 570 3381 '
648 3352 674 3379 ¹
746 3351 841 3381 ‘³¹¹¹’
859 3350 883 3379 v
943 3368 953 3378 ‘
999 3368 1009 3379 ⁶
1052 3363 1207 3438 quod
1223 3364 2077 3424 nosliberatacondemnatione
2101 3366 2294 3442 LegiS,
2310 3366 2495 3425 etJus
2515 3365 2672 3424 illius
2684 3363 2949 3424 advitam

527 3445 589 3501 in
610 3443 778 3500 nobis
799 3442 1017 3517 implet.
1106 3442 1308 3513 “Quia
1337 3444 1494 3518 quod
1515 3453 1637 3503 erat
1665 3446 2020 3521 impossibile
2051 3445 2215 3522 Legi,
2261 3444 2399 3522 quia
2446 3452 2569 3504 erat
2612 3444 2837 3502 infirma
2883 3446 2941 3503 in

531 3541 718 3595 carne,
752 3521 913 3576 Deus
942 3519 1119 3577 misso
1151 3521 1303 3578 Filio
1334 3542 1438 3580 suo
1468 3523 1526 3580 in
1556 3524 1740 3582 forma
1769 3526 1942 3584 simili
1990 3525 2230 3602 peccati,
2279 3534 2339 3583 et
2386 3545 2490 3602 pro
2527 3532 2779 3601 peccato,
2810 3544 2941 3583 con-

529 3599 826 3660 demnavit
855 3606 1150 3674 peccatum
1181 3598 1242 3656 in
1272 3620 1458 3676 carne,
1489 3611 1554 3661 ut
1575 3604 1675 3680 jus
1706 3606 1884 3683 Legis
1925 3606 1985 3662 in
2006 3605 2174 3664 nobis
2221 3604 2587 3681 impleatur,''
2618 3602 2745 3677 ἂψ,
2777 3604 2939 3662 nimi·

527 3702 656 3742 rum
678 3677 1090 3758 justificatione
1120 3688 1317 3737 nostra
1344 3701 1445 3757 per
1476 3682 1695 3760 Legem
1723 3685 2065 3763 impossibili
2094 3685 2246 3743 facta
2286 3705 2390 3761 per
2437 3693 2752 3762 peccatum,
2787 3683 2942 3743 Deus

528 3762 590 3822 in
619 3761 848 3821 Christo
876 3760 986 3818 hoc
1014 3758 1359 3818 beneficium
1385 3762 1552 3820 nobis
1580 3764 1848 3842 restituit,
1881 3765 2019 3824 dum
2048 3765 2251 3824 similis
2280 3766 2465 3824 factus
2494 3764 2652 3824 carni
2673 3766 2940 3841 peccatri-

528 3844 598 3917 ci,
631 3843 754 3902 sine
783 3848 1019 3918 peccato
1048 3848 1257 3916 tamen,
1289 3840 1585 3902 victimam
1613 3863 1716 3920 pro
1745 3853 1982 3921 peccato
2012 3865 2072 3903 se
2100 3865 2204 3922 pro
2253 3845 2422 3904 nobis
2472 3843 2698 3919 obtulit,
2743 3853 2799 3902 et
2825 3844 2940 3920 ple-

528 3924 767 3982 nissima
795 3921 930 3980 data
958 3920 1346 3981 satisfactione
1373 3931 1673 4000 peccatum
1703 3924 2123 3999 condemnavit,
2159 3925 2217 3984 id
2246 3934 2350 3999 est,
2395 3925 2646 4001 perfecte
2674 3924 2939 4000 expiavit,

528 4003 589 4060 in
619 4022 812 4076 carne,
841 4001 901 4058 in
930 4021 1061 4059 eum
1090 4001 1263 4059 finem
1292 4010 1358 4061 ut
1384 4002 1786 4063 condemnatio
1814 4005 2036 4082 peccati
2064 4005 2231 4063 cedat
2272 4005 2329 4062 in
2381 4005 2564 4063 nostri
2585 4004 2942 4081 justificatio·

530 4102 680 4156 nem,
703 4090 761 4141 et
784 4090 836 4137 era
859 4087 1088 4149 Sanam«
1115 4090 1255 4148 νέμω,
1273 4081 1336 4140 id
1357 4091 1461 4158 est,
1487 4084 1530 4143 J
1534 4102 1603 4142 us
1622 4084 1778 4160 quod
1794 4085 1986 4159 habet,
2019 4084 2142 4144 sive
2171 4085 2361 4162 quoad
2385 4084 2787 4159 obedientiam,
2822 4084 2938 4144 sive

529 4162 722 4240 quoad
749 4182 994 4238 poenam,
1027 4161 1087 4219 in
1110 4162 1278 4220 nobis
1323 4163 1646 4240 impleatur,
1699 4184 1816 4222 non
1842 4165 2206 4239 inhaerenter,
2257 4164 2359 4224 sed
2404 4163 2766 4241 imputative,
2809 4163 2938 4222 dum

528 4242 686 4319 quod
716 4241 978 4301 Christus
1008 4241 1144 4299 fecit
1172 4249 1230 4301 et
1255 4261 1462 4318 passus
1491 4251 1580 4303 est
1605 4244 1736 4303 loco
1765 4253 1979 4320 nostro,
2005 4245 2172 4303 nobis
2202 4244 2566 4315 adscribitur,
2589 4243 2755 4321 quasi
2777 4243 2832 4300 id
2858 4243 2936 4320 ip·

529 4342 657 4382 sum
686 4321 1189 4399 praestitissemus3
1237 4320 1320 4379 sic
1348 4342 1454 4381 nos
1476 4324 1535 4382 in
1567 4324 1796 4383 Christo
1823 4332 2156 4400 reputamur
2183 4332 2368 4385 totum
2416 4325 2517 4401 jus
2547 4323 2724 4400 Legis
2753 4322 2936 4400 imple-

527 4403 699 4473 visse,
732 4401 869 4478 quia
906 4408 1105 4461 nostro
1152 4399 1385 4460 nomine
1432 4403 1609 4480 Legis
1651 4404 1753 4481 jus
1807 4404 2221 4482 perfectissime
2266 4404 2548 4482 implevit,
2596 4412 2715 4463 tam
2761 4403 2940 4479 quoad

528 4481 931 4557 obedientiam,
954 4500 1125 4558 quam
1155 4480 1348 4557 quoad
1375 4502 1623 4559 posnam.
2279 4496 2290 4505 ”
2372 4515 2375 4519 v

524 4605 556 4651 6
601 4608 674 4652 Ex
708 4609 833 4653 Rom
881 4610 925 4653 iv
961 4610 991 4653 5
1133 4561 1285 4620 XX.
1335 4561 1532 4637 Sexto,
1572 4564 2082 4640 Quiajustificatio
2105 4574 2303 4625 nostra
2324 4564 2757 4642 estjustg‘fi'catio
2777 4563 2937 4641 impii,

560 4638 571 4649 '
838 4641 848 4652 ’
931 4644 941 4655 ’
995 4643 1005 4653 ’
1052 4640 1219 4701 Rom.
1251 4641 1328 4699 iv.
1361 4645 1416 4718 5,
1452 4644 1584 4701 “Ei
1615 4645 1714 4720 qui
1745 4665 1858 4704 non
1888 4654 2173 4724 operatur,
2207 4645 2309 4706 sed
2338 4645 2439 4722 qui
2482 4644 2664 4704 credit
2711 4643 2770 4702 in
2814 4665 2934 4704 eum
