3221 5200
515 350 631 408 338
1177 417 1184 422 ‚
1281 372 1462 414 Locus
1505 372 1765 412 necinus
1807 371 2093 421 otmarus.
2570 349 2827 431 [QuAEs‘r.
2874 369 2937 410 11.

603 508 784 566 XVI.
833 510 1042 569 Unitas
1056 511 1509 588 Apotelesmatis
1531 514 1723 591 arguit
1750 514 1985 591 quidem
2024 513 2303 572 unitatem
2332 510 2599 588 principii
2627 510 2801 588 quod,
2833 509 2937 568 sed

522 608 635 646 non
660 608 885 665 semper
904 590 1170 668 principii
1199 613 1351 669 quo;
1397 594 1550 653 idem
1594 596 1748 652 enim
1791 614 1936 671 opus
1964 601 2155 671 potest
2196 613 2230 650 a
2258 592 2437 650 variis
2478 591 2777 668 principiis
2819 591 2931 649 for-

524 668 773 727 malibus
784 670 937 746 oriri,
960 671 1064 729 sed
1078 671 1337 732 κατ’ἕλλο
1359 680 1450 733 καὶ
1460 673 1625 750 ἄλλος
1658 674 1822 733 verbi
1841 675 2044 752 gratia,
2061 673 2304 732 Locutio
2317 680 2405 731 est
2424 691 2602 730 unum
2627 691 2771 748 opus
2783 670 2939 747 quod

522 748 596 806 ab
625 749 856 809 homine
886 760 1160 827 tanquam
1188 755 1469 832 principio
1498 756 1789 814 communi
1830 754 2181 832 producitur,
2213 752 2371 829 quod
2398 761 2590 810 tamen
2620 751 2736 809 duo
2765 752 2941 809 habet

522 830 803 907 principia
819 830 1096 906 formalia,
1123 853 1329 910 corpus
1351 843 1409 894 et
1426 836 1677 894 animam
1702 859 1715 911 ;
1763 835 1857 893 Ita
1884 835 1977 892 hic
2007 834 2217 893 dantur
2259 833 2546 891 distinctae
2574 832 2811 912 ἂηςσγὲιαι,
2838 831 2943 889 sed

526 930 706 968 unum
748 911 996 991 big-yma,
1032 912 1204 972 Unde
1233 915 1383 974 male
1402 916 1646 992 colligas
1675 916 1838 992 sequi
1888 914 2281 973 confusionem
2311 912 2724 990 operationum,
2756 921 2815 970 et
2841 931 2944 989 per

527 1010 885 1067 consequens
913 1001 1267 1053 naturarum.

608 1070 824 1128 XVII.
868 1070 1034 1132 Licet
1065 1074 1394 1135 Sacerdotis
1421 1084 1479 1135 et
1508 1076 1916 1135 Intercessoris
1943 1094 2152 1134 munus
2182 1073 2257 1131 sit
2304 1072 2645 1147 ministrare,
2692 1072 2824 1129 Non
2853 1090 2939 1128 se-

526 1150 723 1226 quitur
750 1151 1029 1209 Naturam
1055 1153 1330 1214 Divinam
1350 1157 1409 1213 in
1438 1157 1669 1215 Christo
1692 1156 2015 1215 inferiorem
2066 1153 2240 1214 statui
2273 1153 2477 1228 Patre;
2530 1153 2790 1228 sequitur
2817 1161 2940 1209 tan-

527 1239 651 1288 tum
701 1229 993 1291 Christum
1042 1234 1257 1295 factum
1305 1256 1431 1295 esse
1479 1237 1759 1295 minorem
1808 1237 1977 1294 Patre
2019 1255 2137 1293 non
2165 1232 2327 1308 φίοπι,
2360 1232 2463 1291 sed
2518 1234 2777 1308 ὄικοημίει,
2829 1250 2943 1288 non

527 1310 791 1403 absolute
821 1321 879 1370 et
909 1312 968 1370 in
996 1333 1075 1389 sc,
1110 1317 1213 1374 sed
1240 1318 1460 1376 ratione
1483 1317 1825 1375 voluntariae
1855 1314 2319 1392 dispensationis,
2341 1331 2636 1389 perquam
2659 1332 2720 1371 se
2739 1320 2944 1389 sponte

531 1392 871 1450 exinanivit.

612 1469 864 1529 XVIII.
909 1472 1189 1547 Quamvis
1233 1496 1451 1552 ponere
1470 1478 1722 1535 animam
1741 1475 1973 1553 passive
1995 1474 2071 1532 sit
2092 1472 2253 1547 mori,
2300 1480 2358 1530 et
2385 1491 2669 1529 assumere
2715 1491 2839 1528 eam
2868 1470 2945 1528 sit

532 1570 853 1627 resurgere,
884 1561 945 1611 et
971 1563 1124 1613 recte
1148 1564 1457 1632 utrumque
1498 1556 1725 1615 dicatur
1769 1556 1841 1613 de
1888 1562 2094 1612 natura
2121 1554 2391 1626 humana,
2424 1552 2473 1608 si
2517 1558 2712 1609 tamen
2754 1549 2944 1607 active

532 1638 832 1689 sumantur
860 1633 985 1691 istae
1012 1635 1269 1711 phrases,
1294 1645 1358 1695 ut
1386 1636 1711 1695 necessario
1730 1634 1878 1693 sumi
1901 1633 2130 1707 debent,
2152 1632 2194 1691 J
2198 1632 2292 1691 oh.
2322 1652 2382 1689 x.
2417 1633 2609 1706 17,18,
2634 1631 2735 1689 ubi
2753 1629 2948 1705 agitur

531 1710 603 1768 de
631 1719 916 1788 potestate
944 1716 1197 1790 ponendi
1224 1725 1283 1775 et
1324 1716 1657 1775 assumendi
1697 1715 1946 1773 animam
1989 1733 2169 1788 suam,
2202 1731 2305 1771 seu
2334 1710 2406 1770 de
2461 1711 2697 1769 arbitrio
2726 1711 2862 1769 vitae
2891 1718 2950 1768 et

533 1793 752 1867 mortis,
777 1801 900 1850 tum
928 1814 1140 1871 ponere
1183 1796 1432 1854 animam
1454 1805 1543 1856 est
1583 1796 1763 1855 libere
1810 1795 2114 1872 disponere
2156 1792 2229 1851 de
2273 1793 2466 1850 anima
2521 1810 2626 1850 sua
2673 1799 2946 1866 tanquam

536 1872 850 1931 Dominum
878 1876 1264 1935 membrorum
1294 1897 1545 1952 suorum,
1569 1885 1629 1935 et
1651 1896 1776 1935 eam
1798 1893 2090 1934 assumere
2112 1881 2200 1932 est
2222 1872 2473 1950 seipsum
2503 1871 2774 1947 excitare,
2794 1870 2951 1947 quod

537 1972 653 2011 non
676 1953 958 2029 humanae,
992 1956 1095 2014 sed
1123 1957 1336 2015 divinae
1366 1965 1583 2016 naturae
1614 1966 1720 2015 est.

618 2033 809 2093 XIX.
857 2036 927 2092 In
961 2036 1253 2096 Sacrificio
1297 2037 1528 2113 Christi,
1575 2036 1901 2095 substantia
1949 2034 2138 2112 operis
2166 2031 2579 2109 distinguenda
2608 2038 2697 2090 est
2723 2029 2797 2088 ab
2825 2029 2953 2107 ejus

536 2114 732 2172 valore
781 2123 841 2173 et
884 2115 1185 2192 dignitate.
1271 2118 1492 2176 Natura
1533 2117 1786 2176 humana
1824 2116 1947 2175 sola
1990 2114 2233 2174 contulit
2263 2113 2439 2190 prius,
2471 2111 2575 2171 sed
2616 2111 2838 2169 Natura
2864 2108 2951 2167 di-

536 2194 675 2251 vina
703 2194 905 2254 debuit
932 2196 1191 2257 conferre
1237 2199 1556 2275 posterius3
1601 2198 1684 2256 ita
1712 2204 1776 2255 ut
1807 2195 2158 2254 Humanitas
2184 2193 2419 2271 quidem
2464 2192 2750 2266 Victimae,
2784 2189 2948 2247 Divi-

538 2274 690 2332 nitas
739 2295 879 2333 vero
925 2278 1253 2337 Sacerdotis
1295 2287 1489 2356 partes
1531 2278 1732 2356 egerit,
1778 2297 1893 2353 quo
1936 2296 2111 2336 sensu
2154 2275 2417 2333 Christus
2459 2273 2671 2331 dicitur
2699 2270 2950 2347 seipsum

541 2354 819 2413 obtulisse
849 2376 950 2432 per
975 2357 1252 2434 Spiritum
1271 2369 1564 2433 aeternum,
1601 2358 1752 2416 Heb.
1786 2358 1865 2415 ix.
1890 2361 1982 2414 14.
2028 2356 2194 2413 Licet
2221 2363 2413 2413 autem
2432 2352 2685 2412 efficacia
2704 2360 2764 2409 et
2792 2350 2956 2407 valor

545 2434 823 2494 Sacrificii
844 2455 962 2493 non
984 2438 1059 2495 sit
1078 2458 1183 2514 per
1204 2459 1265 2497 se
1294 2439 1446 2497 actio
1473 2438 1646 2496 realis
1668 2446 1726 2496 et
1756 2437 2024 2513 Physica,
2046 2445 2239 2494 tamen
2261 2433 2690 2510 agnoscendum
2713 2439 2803 2490 est
2829 2450 2955 2489 eam

539 2514 599 2571 in
627 2516 852 2574 actione
881 2516 1024 2574 reali
1054 2537 1281 2594 semper
1328 2519 1402 2576 ab
1432 2527 1642 2594 agente
1671 2517 1814 2575 reali
1841 2515 2171 2592 procedere.
2262 2515 2323 2572 Si
2352 2533 2492 2590 ergo
2520 2511 2773 2571 efficacia
2800 2519 2891 2569 est
2918 2531 2955 2568 a

543 2594 766 2653 Natura
809 2595 1026 2653 Divina
1073 2616 1188 2673 qua
1232 2597 1352 2669 tali,
1401 2596 1795 2673 colligendum
1847 2605 1936 2655 est
1979 2604 2243 2653 naturam
2286 2592 2545 2651 divinam
2590 2613 2706 2669 qua
2761 2591 2955 2666 talem,

544 2684 837 2750 operatam
862 2675 1038 2732 fuisse
1067 2676 1126 2733 in
1158 2677 1371 2734 Christi
1404 2676 1719 2750 SacrificiO,
1763 2683 1936 2751 atque
1965 2676 2027 2732 in
2069 2674 2256 2750 Opere
2286 2672 2632 2730 Mediatorio
2663 2671 2959 2729 Divinita-

545 2762 662 2811 tem
689 2762 882 2829 partes
911 2773 1045 2811 suas
1073 2755 1303 2813 habere.

627 2832 782 2890 XX.
828 2832 1118 2892 Mediator
1145 2834 1318 2893 debet
1345 2853 1471 2893 esse
1494 2834 1721 2892 medius
1749 2834 1901 2891 inter
1925 2840 2118 2909 partes
2148 2830 2510 2905 dissidentes,
2542 2849 2659 2888 non
2687 2830 2962 2907 negative

544 2933 649 2989 per
689 2914 1063 2971 remotionem
1093 2922 1498 2991 extremorum,
1531 2913 1635 2973 sed
1662 2914 1908 2992 positive
1939 2933 2040 2989 per
2066 2910 2562 2990 participationem
2591 2918 2961 2987 naturarum;

547 3013 654 3051 nec
677 2993 830 3051 enim
861 2993 1150 3053 Mediator
1178 3014 1304 3054 esse
1334 3003 1532 3074 posset
1558 2993 1635 3054 ad
1684 2993 1968 3053 uniendos
1995 2992 2258 3051 homines
2306 3011 2438 3050 cum
2470 2992 2615 3065 Deo,
2667 2991 2779 3050 nisi
2807 3010 2963 3051 com-

548 3074 880 3133 munionem
907 3074 1147 3135 haberet
1185 3097 1316 3135 cum
1345 3075 1622 3153 utrisque.
1689 3075 1774 3135 Ut
1800 3094 1940 3152 ergo
1979 3073 2123 3132 duas
2150 3082 2385 3132 naturas
2413 3071 2708 3148 copulavit
2746 3071 2805 3128 in
2839 3090 2966 3147 per-

548 3175 690 3214 sona
717 3175 821 3232 per
863 3155 1152 3215 Unionem
1195 3157 1637 3235 hypostaticam,
1682 3156 1765 3214 ita
1812 3154 2014 3213 debuit
2042 3154 2173 3212 illas
2217 3152 2486 3229 copulare
2515 3152 2575 3209 in
2615 3151 2816 3211 Officio
2862 3171 2965 3227 per

546 3236 818 3295 unionem
861 3237 1164 3313 mysticam
1217 3239 1580 3296 voluntatum
1638 3245 1697 3296 et
1742 3235 2158 3313 operationum.
2243 3234 2376 3291 Non
2432 3231 2642 3291 sufficit
2695 3251 2834 3308 ergo
2888 3230 2966 3288 ad

551 3316 985 3392 Mediationem,
1016 3327 1082 3376 ut
1109 3318 1322 3394 aliquis
1352 3318 1530 3376 distet
1579 3318 1654 3376 ab
1678 3326 1918 3391 utraque
1962 3324 2139 3391 parte,
2173 3313 2256 3372 sic
2300 3313 2454 3371 enim
2484 3312 2702 3388 Angeli
2730 3319 2965 3387 possent

551 3416 679 3454 esse
727 3396 1392 3456 Mediatoresdistantes
1414 3398 1630 3474 quippe
1676 3416 1710 3454 a
1742 3396 1868 3453 Deo
1913 3403 1972 3452 et
2019 3394 2366 3467 hominibus,
2399 3392 2503 3451 sed
2544 3391 2851 3468 requiritur
2900 3400 2965 3448 ut

555 3476 631 3533 sit
661 3475 899 3551 aequalis
942 3476 1217 3534 distantia
1258 3485 1318 3534 et
1363 3476 1724 3553 proximitas,
1755 3475 1816 3532 id
1863 3482 1968 3548 est,
2017 3482 2133 3532 tam
2177 3473 2414 3532 accedat
2450 3481 2508 3530 et
2535 3471 2765 3530 recedat
2793 3469 2866 3527 ab
2895 3489 2967 3527 eo

554 3554 709 3630 apud
736 3573 906 3629 quem
931 3555 1005 3612 sit
1035 3555 1324 3630 mediatio,
1369 3575 1541 3631 quam
1570 3556 1645 3613 ab
1695 3574 1763 3612 eo
1790 3574 1896 3631 pro
1924 3573 2039 3629 quo
2068 3554 2171 3611 illa
2213 3554 2305 3612 sit.
2390 3552 2432 3611 J
2435 3573 2527 3610 am
2557 3551 2820 3609 Christus
2848 3569 2966 3606 non

555 3653 718 3708 seque
759 3632 938 3691 distat
978 3654 1013 3691 a
1063 3634 1191 3692 Deo
1230 3642 1289 3693 et
1335 3635 1584 3708 homine,
1618 3654 1732 3710 qua
1759 3635 1931 3692 homo
1954 3635 2167 3711 justus,
2198 3642 2264 3692 ut
2306 3633 2435 3691 vult
2473 3630 2744 3703 Bellarm,
2776 3649 2811 3686 a
2842 3630 2971 3688 Deo

553 3713 707 3772 enim
749 3711 941 3771 differt
982 3714 1249 3789 essentia,
1281 3713 1384 3773 sed
1425 3715 1499 3773 ab
1517 3714 1847 3773 hominibus
1885 3713 2283 3790 peccatoribus
2324 3721 2547 3771 tantum
2576 3710 2971 3788 qualitatibus.

558 3794 735 3870 Ergo,
767 3802 830 3850 ut
858 3793 1187 3852 inveniatur
1233 3803 1291 3853 et
1340 3793 1630 3865 distantia,
1676 3802 1734 3853 et
1775 3794 2114 3871 proximitas
2144 3792 2501 3866 Mediatoris,
2545 3790 2853 3868 quaerenda
2881 3799 2972 3849 est

557 3875 613 3931 in
648 3873 876 3931 Christo
901 3874 1209 3955 &anagnia-q,
1242 3875 1359 3952 qui,
1391 3883 1456 3933 ut
1488 3874 1560 3932 ad
1586 3875 1774 3932 Deum
1819 3874 2040 3932 accedit
2069 3885 2126 3933 et
2164 3894 2197 3930 a
2235 3873 2403 3932 nobis
2431 3872 2663 3947 recedit,
2710 3880 2972 3947 respectu

555 3954 913 4029 Divinitatis,
942 3955 1025 4014 ita
1045 3955 1119 4013 ad
1141 3975 1246 4014 nos
1268 3955 1490 4013 accedit
1518 3962 1577 4013 et
1603 3974 1639 4011 a
1668 3954 1794 4012 Deo
1822 3953 2055 4028 recedit,
2087 3963 2350 4029 respectu
2391 3952 2784 4012 humanitatis.

640 4034 830 4093 XXI.
877 4036 1021 4093 Cum
1079 4036 1281 4094 Patres
1323 4043 1538 4112 negant
1581 4034 1872 4093 Christum
1929 4053 2054 4092 esse
2112 4033 2493 4092 Mediatorem
2544 4042 2828 4110 quatenus
2883 4038 2972 4089 est

564 4117 744 4189 Deus,
800 4115 946 4172 nihil
1008 4115 1169 4175 aliud
1209 4116 1430 4190 volunt,
1483 4135 1658 4191 quam
1712 4114 2115 4173 necessitatem
2176 4113 2422 4172 Unionis
2478 4113 2856 4190 hypostaticae
2912 4111 2973 4167 in

562 4197 793 4255 Christo
836 4195 1158 4254 Mediatore
1188 4195 1459 4271 indicare,
1484 4204 1549 4254 ut
1578 4193 1887 4254 ostendant
1907 4214 2038 4252 eum
2069 4213 2194 4252 esse
2241 4194 2641 4268 Mediatorem,
2673 4213 2789 4250 non
2838 4191 2972 4251 sim-

559 4276 785 4355 pliciter
813 4295 928 4352 qua
951 4275 1112 4334 Deus
1140 4284 1244 4351 est,
1276 4276 1379 4334 sed
1397 4295 1515 4352 qua
1543 4276 1704 4334 Deus
1731 4274 1791 4332 in
1834 4294 2003 4332 carne
2044 4273 2461 4333 manifestatus.

645 4356 870 4414 XXII.
920 4355 1086 4414 Licet
1116 4356 1313 4415 Moses
1337 4356 1629 4415 Mediator
1657 4355 1889 4413 Veteris
1917 4354 2271 4413 Testamenti
2321 4354 2494 4412 fuerit
2522 4361 2747 4411 tantum
2776 4371 2968 4409 merus

561 4439 771 4509 homo;
819 4435 950 4493 Non
969 4435 1228 4512 sequitur
1271 4444 1330 4494 et
1369 4435 1662 4495 Christum
1703 4435 1960 4512 potuisse
1990 4433 2306 4493 secundum
2351 4442 2615 4493 naturam
2659 4433 2970 4491 humanam

562 4520 670 4575 hoc
700 4515 885 4574 officio
915 4515 1173 4592 defungi.
1258 4515 1406 4589 Quia
1435 4516 1550 4574 alia
1593 4515 1740 4574 ratio
1789 4523 1880 4574 est
1918 4514 2259 4573 Mediatoris
2289 4515 2486 4591 typici,
2519 4513 2618 4590 qui
2662 4531 2854 4571 merus
2882 4519 2972 4569 est

560 4595 972 4668 internuncius,
1005 4595 1144 4653 Alia
1171 4594 1314 4670 ejus,
1347 4596 1446 4672 qui
1477 4616 1650 4656 verus
1678 4603 1767 4654 est
1807 4600 2121 4675 signnm-uk,
2152 4595 2251 4671 qui
2299 4594 2527 4653 nonnisi
2560 4592 2722 4673 λῦτςᾳ
2751 4591 2976 4650 infinito

562 4676 749 4754 potuit
778 4694 882 4731 nos
915 4676 1040 4731 Deo
1069 4675 1456 4749 reconciliare,
1481 4676 1671 4752 qualis
1699 4674 1899 4735 ‹lehuit
1941 4696 2066 4734 esse
2087 4675 2369 4734 Christus.
