3221 5200
327 381 554 430 Qus-:sau
586 361 681 442 11.]
1201 379 1279 418 ne
1309 379 1561 420 scensas
1589 380 1844 420 Gnarus.
2632 372 2740 428 161

929 520 1084 579 XX.
1129 520 1278 579 Dico
1303 520 1493 580 notari
1532 520 1734 598 primo,
1766 522 2291 582 Reconciliationem
2331 530 2391 584 et
2424 528 2738 587 communi·

849 620 1017 660 onem
1035 619 1166 660 cum
1186 601 1313 659 Deo
1333 622 1347 676 ;
1368 599 1505 677 quia
1526 620 1643 659 non
1662 610 1853 678 potest
1874 601 1990 661 dici
2011 611 2223 678 noster,
2244 603 2356 662 nisi
2377 614 2442 664 ut
2458 606 2735 684 placatus,

848 689 906 739 et
932 700 1010 740 ex
1036 679 1250 740 Judice
1278 681 1442 755 irat0,
1475 680 1649 739 Pater
1684 681 2008 740 misericors
2035 681 2239 757 factus,
2283 683 2383 760 qui
2411 704 2528 743 non
2563 687 2738 746 modo

326 758 478 816 bona
505 777 611 817 sua
637 757 806 817 nobis
832 760 1147 819 liberaliter
1184 759 1462 837 impertiri
1489 759 1780 837 dignatur,
1824 760 1929 820 sed
1956 761 2208 839 seipsum
2237 764 2405 822 nobis
2433 764 2627 842 donat,
2672 776 2738 826 ut

325 879 382 920 u,
407 875 535 921 Deus
557 876 623 921 nit
642 879 809 922 noster
833 839 1122 918 ,deinceps
1147 839 1210 898 in
1238 839 1365 917 ipso
1391 847 1459 898 ut
1487 840 1616 898 Deo
1656 849 1853 900 nostro
1881 850 1941 900 et
1972 842 2234 918 portione
2275 852 2473 902 nostra
2500 845 2736 921 gloriari

383 934 688 981 innaturaet
702 949 807 992 pro-
849 920 1154 997 possimus,
1189 918 1344 979 Psal.
1373 919 1496 979 xvi.
1527 922 1582 992 5,
1614 927 1673 979 et
1701 920 1890 979 lxxiii.
1922 924 2017 995 26,
2049 929 2108 981 et
2135 922 2292 981 cxix.
2319 926 2390 982 57
2419 945 2433 998 3
2468 925 2649 984 Hose.
2674 925 2732 984 ii.

383 993 690 1052 prietatibus.
848 1003 945 1058 23.
1035 999 1111 1058 Se
1138 999 1307 1059 nobis
1335 998 1437 1059 dat
1461 999 1523 1057 in
1549 1001 1848 1076 Maritum,
1880 1000 1980 1077 qui
2008 1020 2115 1060 nos
2143 1002 2256 1060 sibi
2278 1003 2651 1080 desponsavit
2673 1007 2733 1063 in

321 1077 786 1137 miserationibus
827 1079 1074 1154 aeternis,
1122 1079 1302 1139 Hose.
1342 1078 1401 1137 ii.
1445 1080 1557 1155 19;
1604 1079 1825 1139 Cantic.
1854 1080 1914 1139 ii.
1950 1082 2058 1155 163
2103 1080 2165 1138 in
2200 1083 2452 1157 Patrem,
2484 1083 2585 1160 qui
2624 1105 2731 1144 nos

322 1157 435 1217 sibi
462 1157 701 1235 adoptat
727 1158 786 1215 in
814 1158 982 1233 filios,
1014 1163 1050 1216 2
1083 1158 1212 1217 Cor.
1241 1159 1321 1217 vi.
1356 1160 1464 1233 183
1495 1158 1557 1216 in
1583 1159 1909 1234 Principem
1940 1168 1999 1219 et
2024 1162 2254 1236 Reqem,
2285 1161 2385 1238 qui
2413 1183 2519 1222 nos
2543 1163 2602 1221 in
2628 1185 2704 1241 po

321 1236 524 1315 pulum
545 1236 807 1318 πρωίην-ιον
828 1237 1040 1315 seligit,
1064 1257 1198 1298 cum
1224 1257 1340 1315 quo
1367 1237 1557 1297 foedus
1578 1237 1923 1298 offensivum
1944 1249 2004 1299 et
2031 1240 2391 1300 defensivum
2423 1244 2727 1309 contrahit.

321 1325 388 1376 ut
414 1337 521 1376 nos
547 1326 814 1394 protegat
833 1317 1084 1377 umbone
1106 1337 1212 1377 suo
1232 1317 1512 1377 adversus
1533 1318 1756 1394 quaevis
1777 1318 2031 1379 hostium
2051 1320 2365 1380 molimina.
2422 1322 2515 1381 Ita
2535 1332 2727 1382 autem

320 1416 384 1456 se
413 1397 582 1456 nobis
609 1397 787 1456 donat
815 1397 994 1472 Deus,
1038 1406 1105 1457 ut
1128 1406 1316 1457 noster
1355 1397 1433 1456 sit
1468 1397 1661 1474 quoad
1687 1400 1876 1457 omnia
1900 1400 2187 1474 attrt'buta,
2232 1420 2362 1478 quae
2390 1401 2450 1459 in
2478 1422 2728 1462 commo·

319 1477 459 1536 dum
487 1486 547 1537 et
575 1476 819 1537 salutem
847 1485 1103 1536 nostram
1129 1476 1359 1553 cedunt,
1401 1485 1460 1536 et
1488 1485 1685 1537 nostra
1717 1478 1864 1537 bene
1893 1478 2164 1538 dicuntur
2200 1480 2469 1540 fruitione
2497 1491 2556 1541 et
2596 1503 2724 1558 usu,

320 1556 458 1634 quia
483 1556 691 1616 effecta
716 1577 916 1616 eorum
944 1557 1218 1616 salutaria
1244 1557 1319 1616 ad
1340 1576 1447 1616 nos
1474 1556 1772 1617 dimanant
1796 1580 1810 1633 ;
1855 1559 2070 1618 Nostra
2096 1567 2187 1618 est
2208 1560 2320 1619 Dei
2350 1561 2633 1638 sapientia
2653 1563 2727 1621 ad

320 1636 711 1712 directionem,
745 1637 1013 1696 Potentia
1039 1636 1114 1695 ad
1141 1637 1572 1714 protectionem,
1605 1637 2007 1697 Misericordia
2032 1639 2107 1696 ad
2134 1647 2497 1715 peccatorum
2527 1642 2725 1701 remis·

320 1716 557 1792 sionem,
590 1717 796 1777 Gratia
836 1715 912 1775 ad
952 1716 1461 1776 sanctificationem
1500 1725 1559 1775 et
1596 1717 2065 1793 consolationem,
2096 1719 2341 1777 Justitia
2368 1719 2444 1777 ad
2470 1721 2725 1780 hostium

319 1796 655 1873 vindictam,
688 1795 969 1856 Fidelitas
1011 1796 1086 1854 ad
1111 1796 1557 1873 promissionum
1585 1797 2003 1871 executionem,
2038 1797 2393 1857 Sufficientia
2432 1799 2508 1858 ad
2545 1799 2722 1859 felici·

319 1876 456 1934 tatis
484 1876 828 1935 omnimodae
857 1876 1450 1935 communicationem.
1534 1876 1615 1934 Et
1634 1885 1701 1935 ut
1718 1885 2019 1952 peccatum
2040 1878 2339 1936 innumera
2365 1878 2426 1936 in
2447 1897 2554 1938 nos
2573 1880 2727 1938 mala

319 1957 641 2033 accersivit,
686 1955 1014 2015 invenimus
1040 1955 1356 2015 remedium
1377 1955 1659 2014 adversus
1687 1956 1880 2014 omnia
1906 1956 1966 2014 in
1994 1956 2441 2034 proprietatibus
2468 1958 2683 2018 divinis
2709 1982 2723 2018 ε

325 2036 620 2112 Sapientia
646 2035 910 2095 medetur
936 2033 1277 2113 ignorantiae
1305 2044 1365 2095 et
1391 2035 1655 2111 caecitati,
1690 2035 1894 2095 Gratia
1930 2036 2132 2112 reatui,
2180 2037 2446 2096 Potentia
2483 2038 2721 2097 infirmi-

318 2116 442 2189 tati,
477 2115 879 2176 Misericordia
905 2115 1171 2183 miseriae,
1203 2115 1445 2175 Bonitas
1472 2114 1725 2190 malitiae,
1756 2115 1799 2174 J
1804 2115 2001 2175 ustitia
2028 2115 2336 2193 iniquitati,
2371 2117 2725 2177 Sufficientia

318 2204 377 2254 et
397 2195 707 2255 Plenitudo
727 2195 840 2254 Dei
858 2195 1182 2274 paupertati
1210 2204 1270 2255 et
1289 2195 1645 2272 indigentiae,
1673 2195 1955 2254 Fidelitas
1975 2195 2375 2255 inconstantiae
2399 2205 2457 2257 et
2477 2197 2719 2273 levitati,

321 2275 611 2335 Sanctitas
637 2274 973 2354 impuritati,
1004 2283 1063 2335 et
1089 2275 1233 2335 Vita
1256 2275 1446 2335 morti.

922 2355 1112 2414 XXI.
1157 2356 1318 2414 Deus
1359 2364 1546 2414 noster
1576 2362 1666 2414 est
1705 2355 2106 2429 Per-sonaliter,
2150 2364 2436 2433 quatenus
2477 2357 2723 2434 singulae

843 2435 1113 2494 Personas
1154 2442 1366 2493 nostrae
1408 2443 1559 2511 sunt,
1592 2444 1652 2493 et
1679 2454 1741 2493 se
1770 2434 1910 2494 dant
1945 2435 2114 2494 nobis
2147 2435 2222 2494 ad
2259 2455 2404 2512 opus
2435 2436 2722 2514 Redemp-

320 2513 495 2571 tionis
563 2514 962 2591 rocurandum,
1009 2515 1183 2573 Pater
1223 2514 1510 2591 eligend0,
1557 2514 1744 2573 Filius
1784 2514 2136 2590 redimendo,
2182 2514 2430 2592 Spiritus
2475 2516 2724 2577 Sanctus

321 2534 750 2654 sanetigeando.
809 2595 991 2654 Pater
1010 2602 1208 2654 noster
1227 2594 1294 2653 fit
1313 2616 1416 2673 per
1436 2594 1822 2672 adoptionem,
1843 2614 2021 2672 quum
2043 2615 2151 2653 nos
2172 2595 2232 2653 in
2254 2594 2529 2656 familiam
2558 2616 2721 2657 suam

319 2673 538 2750 recipit,
570 2682 628 2733 et
655 2683 721 2734 ut
747 2674 898 2734 filios
926 2675 1175 2753 respicit,
1212 2674 1371 2734 fovet
1397 2682 1457 2734 et
1474 2684 1646 2748 amat,
1683 2677 1710 2731 1
1743 2675 1786 2734 J
1790 2675 1960 2735 ohan.
1990 2674 2070 2733 iii.
2106 2678 2158 2733 1.
2228 2677 2412 2734 Filius
2432 2686 2630 2738 noster
2655 2678 2723 2738 fit

317 2772 422 2829 per
448 2754 832 2830 sponsionem,
862 2774 1042 2832 quum
1069 2754 1129 2812 in
1158 2755 1387 2813 Vadem
1430 2754 1582 2814 sistit
1608 2774 1673 2813 se
1698 2774 1803 2830 pro
1832 2755 2002 2813 nobis
2034 2754 2110 2812 ad
2148 2755 2632 2832 satisfaciendum,
2663 2766 2723 2817 et

319 2833 379 2889 in
409 2834 595 2910 Caput
622 2834 699 2892 ad
724 2854 831 2893 nos
859 2834 1145 2912 regendos
1165 2842 1226 2893 et
1245 2834 1625 2893 vivificandos
1648 2856 1663 2909 3
1697 2834 1907 2894 Noster
1934 2834 2000 2894 fit
2018 2836 2324 2911 Propheta,
2348 2837 2450 2913 qui
2476 2838 2722 2897 salutem

318 2914 538 2973 revelet
571 2913 789 2973 lumine
817 2913 1109 2989 doctrinae,
1153 2922 1349 2973 noster
1375 2915 1673 2988 Sacerdcm,
1704 2914 1805 2990 qui
1833 2934 1960 2973 eam
2000 2915 2190 2974 meriti
2216 2917 2402 2992 pretio
2441 2917 2717 2994 acquirat,

317 3001 377 3051 et
404 3001 600 3052 noster
626 2996 775 3069 Rex,
807 2994 908 3070 qui
948 3013 1074 3053 eam
1117 2992 1458 3070 acquisitam
1485 2992 1740 3052 efficacia
1764 2994 2012 3069 Spiritus
2038 2994 2306 3071 applicet.
2389 2998 2636 3072 Spiritus
2658 2998 2718 3056 S.

321 3081 517 3131 noster
557 3072 638 3148 fit,
683 3073 918 3151 quando
954 3073 1030 3132 ad
1070 3093 1177 3131 nos
1218 3074 1481 3147 mittitur,
1527 3081 1586 3131 et
1628 3092 1689 3131 se
1717 3072 1886 3130 nobis
1923 3071 2025 3131 dat
2051 3074 2111 3129 in
2143 3074 2635 3133 Sanctificatorem
2664 3085 2723 3151 et

322 3152 772 3228 consolatorem,
802 3161 870 3212 ut
895 3154 1120 3212 habitet
1145 3152 1208 3210 in
1247 3152 1417 3210 nobis
1458 3160 1732 3228 tanquam
1762 3151 1821 3208 in
1849 3152 2106 3227 Templis
2134 3152 2271 3226 suis,
2312 3162 2372 3211 et
2406 3173 2514 3211 nos
2554 3154 2724 3213 donis

322 3232 443 3290 suis
482 3232 812 3311 locupletet,
856 3233 1091 3306 lumine,
1135 3232 1359 3306 robore,
1404 3231 1637 3308 gaudio,
1675 3231 1958 3304 libertate,
2000 3231 2303 3289 sanctitate
2332 3240 2409 3291 et.
2428 3232 2721 3293 felicitate.

323 3311 418 3370 Ita
444 3313 770 3371 communio
798 3322 998 3372 nostra
1023 3321 1112 3372 est
1140 3330 1270 3370 cum
1302 3312 1473 3370 Patre
1501 3318 1559 3369 et
1589 3309 1742 3368 Filio
1771 3317 1831 3368 et
1868 3329 1998 3368 cum
2033 3309 2249 3386 Spiritu
2283 3311 2362 3385 S„
2399 3315 2427 3370 1
2461 3312 2560 3372 J0.
2590 3312 2629 3371 i.
2661 3315 2716 3387 3,

320 3395 356 3448 2
388 3391 517 3451 Cor.
547 3392 670 3451 xiii.
705 3396 797 3469 14,
828 3392 982 3452 unde
1012 3391 1362 3469 Baptismus,
1394 3390 1496 3467 qui
1522 3398 1613 3449 est
1639 3389 1895 3466 sigillum
1923 3389 2173 3465 foederis,
2205 3390 2264 3448 in
2292 3410 2489 3451 eorum
2510 3412 2721 3451 nomen

320 3471 768 3547 administratur,
812 3481 879 3532 ut
919 3472 1003 3530 sic
1041 3490 1441 3530 consecremur
1468 3470 1527 3527 in
1557 3469 1742 3528 Filios
1771 3469 1884 3527 Dei
1920 3469 2129 3543 Patris,
2168 3470 2229 3528 in
2258 3471 2526 3531 Membra
2563 3472 2719 3548 Filii,

319 3559 379 3609 et
404 3551 466 3608 in
493 3552 735 3629 Templa
775 3552 1025 3629 Spiritus
1056 3552 1134 3626 S„
1167 3560 1226 3610 et
1261 3551 1517 3609 fruamur
1557 3550 1726 3609 bonis
1753 3568 1789 3609 a
1816 3549 2064 3627 singulis
2095 3550 2367 3612 Personis
2383 3553 2718 3628 orientibus,

318 3629 710 3692 misericordia
739 3630 950 3706 Patris,
978 3632 1166 3708 gratia
1195 3630 1349 3706 Filii,
1380 3637 1438 3689 et
1465 3630 1681 3689 virtute
1714 3628 1962 3708 Spiritus
1994 3630 2053 3689 S.

485 3756 493 3765 .
923 3711 1148 3770 XXII.
1193 3715 1250 3769 2.
1294 3710 1456 3769 Deus
1492 3720 1689 3769 noster
1716 3719 1807 3769 est
1832 3710 2053 3770 ratione
2081 3710 2590 3771 communicationis
2631 3714 2721 3772 bo-

317 3773 360 3820 2'
393 3775 780 3880 Cffimruffiatio
840 3810 1044 3850 norum
1064 3814 1087 3862 ;
1115 3810 1232 3848 non
1251 3797 1444 3866 potest
1464 3789 1618 3848 enim
1643 3790 1803 3848 Deus
1820 3797 2017 3849 noster
2044 3810 2188 3865 esse,
2212 3790 2355 3867 quin
2382 3798 2580 3849 nostra
2607 3791 2724 3850 sint

670 3865 683 3878 ⁸
840 3890 1197 3947 quaecunque
1230 3869 1341 3927 Dei
1375 3876 1526 3942 sunt,
1557 3878 1616 3927 et
1643 3876 1709 3927 ut
1738 3868 1850 3927 Dei
1892 3875 2028 3927 sunt
2064 3870 2273 3945 omnia,
2318 3880 2515 3927 nostra
2551 3870 2723 3929 etiam

318 3957 453 4006 sunt
480 3947 672 4006 omnia
699 3968 1056 4027 quaecunque
1086 3956 1222 4008 sunt
1247 3949 1310 4007 in
1337 3948 1484 4007 coelo
1503 3956 1563 4007 et
1590 3948 1650 4005 in
1677 3956 1865 4007 terra:
1898 3951 1934 3981 “
1957 3948 2165 4007 Omnia
2192 3956 2327 4006 sunt
2354 3950 2606 4022 vestra,''
2638 3949 2721 4004 in·

320 4026 446 4102 quit
489 4027 722 4102 Paulus,
773 4034 801 4087 1
846 4030 976 4088 Cor.
1017 4028 1097 4087 iii.
1142 4032 1239 4103 21,
1287 4030 1452 4086 “vos
1496 4028 1728 4100 Christi,
1775 4026 2039 4085 Christus
2082 4027 2193 4085 Dei
2220 4028 2276 4102 ;’'
2324 4027 2550 4084 Nostrae
2594 4037 2728 4085 sunt

321 4107 608 4165 Creaturae
640 4108 752 4167 Dei
779 4110 841 4167 in
869 4118 1021 4168 terra
1048 4117 1114 4167 ut
1139 4108 1309 4167 nobis
1338 4107 1609 4181 serviant,
1642 4106 1861 4182 Angeli
1891 4105 1950 4162 in
1976 4106 2123 4163 coelo
2147 4114 2209 4163 ιιι
2230 4125 2337 4163 nos
2379 4106 2724 4179 custodiant,

323 4185 545 4243 coelum
576 4195 640 4246 ut
667 4189 855 4264 patria
882 4197 1097 4262 nostra,
1143 4189 1321 4247 Terra
1349 4196 1414 4245 ut
1441 4187 1604 4245 locus
1633 4183 2129 4261 peregrinationis,
2156 4185 2414 4243 Mundus
2441 4193 2507 4243 ut
2546 4186 2726 4243 haere·

320 4263 486 4338 ditas,
511 4286 639 4342 quae
667 4268 837 4326 nobis
859 4268 1187 4326 datur'cum
1218 4267 1570 4340 Abrahamo,
1596 4266 1768 4323 Rom.
1791 4265 1870 4322 iv.
1898 4267 1992 4323 13.
2078 4265 2171 4322 Ita
2196 4272 2407 4322 nostrae
2431 4272 2566 4323 sunt
2589 4265 2705 4322 Pro

319 4344 621 4405 missiones
649 4367 851 4406 omnes
881 4347 996 4405 Dei
1036 4355 1155 4405 tam
1184 4348 1322 4407 vitae
1349 4346 1670 4422 praesentis,
1701 4360 1875 4420 quam
1905 4344 2128 4417 futurae,
2169 4353 2228 4402 et
2255 4344 2408 4401 bona
2437 4344 2567 4419 Dei,
2612 4352 2731 4402 tam

319 4425 537 4501 gratiae,
568 4446 744 4502 quam
774 4427 1006 4503 gloriae:
1038 4429 1074 4460 “
1099 4428 1260 4486 Deus
1288 4426 1458 4484 nobis
1487 4433 1577 4484 est
1609 4424 1709 4482 Sol
1738 4432 1798 4482 et
1827 4424 2098 4500 Clypeus,
2130 4424 2231 4483 dat
2252 4422 2495 4499 gratiam
2519 4434 2578 4483 et
2606 4425 2729 4500 glo-

320 4504 481 4580 riam,
512 4514 571 4562 et
599 4506 747 4564 nihil
777 4506 1031 4583 denegat
1058 4506 1130 4565 iis
1151 4507 1250 4583 qui
1274 4507 1334 4564 in
1355 4505 1688 4581 integritate
1711 4502 2066 4576 ambulant,''
2091 4504 2187 4562 Ps.
2209 4503 2441 4561 lxxxiv.
2471 4507 2540 4561 11
2570 4527 2585 4563 :
2633 4504 2733 4561 Sol

318 4582 738 4645 benedictionis
782 4586 1108 4663 omnigenae
1151 4586 1225 4644 ad
1268 4586 1549 4645 bonorum
1586 4583 2181 4657 communicationem,
2221 4582 2474 4659 Clypeus
2510 4596 2732 4660 protec-

324 586 364 631 1.
392 587 740 633 Reconciliatio
755 592 806 633 et

369 647 480 690 unio
501 660 608 690 cum
631 645 747 693 Dee.

395 2406 457 2451 In
478 2408 717 2456 Personis.

317 4663 494 4722 tionis
515 4663 747 4723 invictae
777 4666 850 4731 ad
874 4666 1154 4725 malorum
1176 4664 1590 4743 depulsionem,
1623 4671 1688 4721 ιιι
1709 4672 1862 4722 recte
1886 4682 2014 4722 cum
2040 4663 2223 4723 Paulo
2251 4663 2522 4739 colligere
2544 4664 2731 4737 liceat,
2823 4708 2825 4711 -

474 4762 622 4801 PARS
651 4763 714 4801 11.
2335 4762 2370 4799 ¹⁴
