3221 5200
350 320 575 369 Quaesr.
607 297 763 379 xm]
1076 317 1154 354 ns
1185 313 1451 354 pensons
1481 314 1554 354 ΕΤ
1584 314 1773 354 s'rAru
1801 316 2052 358 cnms'm.
2648 307 2760 363 311

344 469 507 537 parte
541 458 874 537 patiendum
903 456 1013 515 fuit
1055 456 1281 514 Christo
1315 455 1606 532 Sponsori,
1639 464 1704 513 ut
1744 455 1919 537 λῖπςου
1956 457 2242 517 sufficiens
2260 458 2505 537 justitiae
2549 461 2764 522 divinae

347 542 614 614 solveret,
663 547 721 597 et
765 538 969 595 animae
1025 545 1083 594 et
1138 534 1359 612 corpori
1415 535 1784 594 redimendis,
1897 538 2278 597 Confirmatur
2332 559 2407 597 ex
2462 560 2548 615 e0,
2607 543 2764 618 quod

343 621 660 696 passiones,
709 637 837 695 quae
885 615 1285 693 peccatoribus
1339 634 1416 672 ex
1474 614 1632 691 Lege
1688 614 2121 693 denunciantur,
2179 638 2296 676 non
2351 627 2484 678 sunt
2539 629 2764 680 tantum

346 707 633 775 corporeas
662 707 720 756 et
764 705 1034 769 externae,
1088 694 1192 752 sed
1239 694 1524 772 praecipue
1575 693 1901 770 spirituales
1930 706 1988 756 et
2016 697 2255 756 internae
2284 699 2344 754 in
2374 719 2545 757 sensu
2574 700 2673 758 irae
2704 710 2764 761 et

345 778 767 836 maledictionis
797 776 1027 849 divinae,
1061 774 1249 833 Levit.
1281 775 1464 847 xxvi„
1499 774 1671 832 Deut.
1704 775 1910 851 xxvii„
1943 785 2001 835 et
2023 777 2248 851 xxviii„
2273 777 2403 836 Gal.
2428 778 2508 837 iii.
2543 781 2634 856 10,
2665 784 2757 840 13.

345 858 502 916 Hinc
561 859 762 916 Irenae.
819 856 921 914 lib.
978 875 1036 912 v.
1093 874 1218 930 cap.
1273 856 1324 926 1,
1412 856 1448 885 ‘⁴
1478 854 1719 929 Proprie
1790 856 2071 932 sanguine
2143 857 2387 916 redemit
2461 878 2568 917 nos
2640 860 2759 919 Do-

342 938 548 1012 minuS,
606 938 708 1014 qui
777 934 939 993 dedit
971 934 1220 992 animam
1277 952 1438 990 suam
1492 952 1596 1009 pro
1653 933 1860 992 animis
1913 936 2124 994 nostris
2189 945 2247 994 et
2316 957 2544 995 carnem
2595 958 2760 998 suam

341 1037 444 1092 pro
486 1037 656 1075 carne
705 1015 959 1075 nostra.''
1049 1012 1218 1072 Unde
1276 1031 1393 1069 non
1453 1011 1626 1069 modo
1688 1022 1928 1072 vocatur
1988 1015 2269 1095 niniam-gon
2338 1016 2440 1074 sed
2503 1025 2562 1076 et
2624 1022 2757 1078 ainl-

337 1095 528 1172 ψυχος,
562 1097 662 1173 qui
691 1095 939 1152 animam
967 1113 1072 1170 pro
1100 1092 1292 1150 anima
1321 1091 1565 1167 spondet
1593 1101 1651 1150 et
1679 1103 2010 1154 commutat.

429 1177 532 1234 VI.
578 1176 790 1250 Tertio,
836 1175 1016 1231 Poena
1064 1171 1448 1246 derelictionis,
1489 1191 1663 1247 quam
1689 1192 1894 1249 passus
1937 1184 2025 1233 est
2054 1175 2333 1249 Christus,
2367 1175 2439 1233 de
2469 1195 2583 1252 qua
2611 1197 2755 1254 que-

338 1255 499 1331 ritur,
534 1256 744 1314 Matth.
774 1254 961 1311 xxvii.
993 1256 1088 1329 46,
1119 1272 1236 1309 non
1264 1251 1372 1309 fuit
1399 1251 1592 1328 passio
1636 1271 1922 1328 corporea,
1955 1254 2056 1312 sed
2092 1253 2403 1332 spiritualis
2432 1264 2490 1314 et
2510 1256 2751 1335 interna,

339 1345 481 1408 orta,
535 1354 650 1393 non
699 1354 774 1392 ex
822 1333 1082 1410 quolibet
1126 1331 1398 1406 cruciatu,
1450 1332 1822 1407 quantumvis
1871 1332 2174 1408 dirissime,
2227 1353 2398 1410 quem
2429 1334 2488 1391 in
2517 1356 2755 1414 corpore

338 1415 549 1472 sentire
597 1422 839 1491 poterat,
888 1413 1033 1471 tales
1063 1412 1215 1470 enim
1260 1430 1373 1468 non
1423 1410 1593 1486 pauci
1642 1411 1889 1487 experiri
1932 1422 2241 1490 potuerunt
2269 1434 2344 1470 ex
2374 1414 2749 1493 Martyribus,

336 1495 436 1569 qui
466 1503 659 1552 tamen
688 1493 760 1552 de
801 1494 910 1551 hac
955 1491 1323 1549 derelictione
1370 1509 1487 1547 non
1515 1489 1789 1566 leguntur
1816 1493 2148 1569 conquesti;
2194 1492 2296 1551 sed
2325 1513 2402 1551 ex
2427 1513 2600 1552 sensu
2623 1516 2751 1572 gra·

335 1573 573 1631 vissimo
597 1574 693 1631 irae
725 1573 835 1631 Dei
866 1573 950 1630 illi
971 1569 1354 1629 incumbentis
1376 1578 1607 1646 propter
1628 1578 1863 1645 peccata
1879 1582 2092 1631 nostra.
2138 1573 2262 1632 Ista
2282 1581 2473 1631 autem
2495 1577 2749 1652 desertio,

336 1672 452 1710 non
481 1653 856 1729 concipienda
883 1660 971 1710 est
999 1649 1281 1724 absoluta,
1313 1649 1524 1722 totaliS,
1557 1657 1616 1707 et
1644 1658 1872 1726 aeterna,
1904 1653 2092 1728 qualis
2122 1651 2179 1709 in
2212 1653 2522 1711 Daemonas
2550 1662 2609 1712 et
2660 1676 2748 1714 re-

334 1732 547 1808 probos
601 1740 824 1791 tantum
880 1731 1050 1805 cadit,
1103 1729 1206 1787 sed
1261 1729 1602 1804 temporalis,
1660 1737 1718 1786 et
1772 1733 2072 1789 secundum
2132 1733 2284 1808 quid,
2357 1751 2474 1789 non
2528 1734 2748 1794 ratione

333 1812 553 1870 unionis
621 1821 858 1887 naturoe,
928 1830 1063 1868 nam
1138 1807 1295 1886 quod
1378 1807 1556 1866 semel
1625 1809 1935 1885 assumpsit
2018 1811 2203 1868 Filius
2275 1810 2384 1868 Dei
2454 1831 2748 1888 nunquam

337 1890 601 1951 dimisit:
679 1892 794 1949 Vel
852 1891 1069 1949 unionis
1120 1889 1322 1965 qratioe
1383 1897 1437 1946 et
1493 1889 1820 1962 sanctitatis,
1865 1890 2001 1965 quia
2041 1890 2150 1948 fuit
2192 1909 2417 1967 semper
2457 1890 2646 1957 ἄκακος
2689 1902 2749 1953 et

329 1972 583 2046 ὶμίαντος,
651 1970 952 2029 sanctitate
1000 1969 1224 2027 illibata
1269 1966 1583 2044 praeditus3
1651 1967 1765 2026 Vel
1820 1970 2214 2029 communionis
2269 1978 2322 2027 et
2363 1973 2742 2048 protectionis,

331 2052 469 2126 quia
500 2052 659 2109 Deus
687 2050 775 2108 illi
801 2050 910 2108 fuit
944 2068 1167 2125 semper
1196 2067 1231 2104 a
1259 2046 1495 2121 dextriS,
1543 2046 1698 2104 Psal.
1743 2067 1836 2105 cx.
1880 2050 1934 2124 5,
1979 2069 2085 2107 nec
2112 2068 2365 2125 unquam
2394 2049 2628 2109 relictus
2657 2061 2746 2111 est

331 2131 506 2205 solua,
556 2131 598 2189 J
603 2131 695 2187 oh.
742 2130 865 2187 xvi.
915 2132 1012 2187 32.
1061 2127 1175 2186 Sed
1209 2125 1399 2202 quoad
1417 2127 1913 2202 participationem
1951 2130 2154 2204 qaudii
2191 2138 2245 2186 et
2273 2130 2579 2204 felicitatis,
2614 2132 2740 2189 Deo

328 2209 694 2284 praesentiam
732 2208 1104 2266 favorabilem
1150 2206 1350 2282 gratiae
1398 2214 1456 2264 et
1499 2205 1783 2264 influxum
1814 2207 2002 2265 solatii
2035 2217 2094 2268 et
2137 2208 2428 2266 beatitatis
2457 2210 2738 2287 tantisper

330 2288 732 2365 suspendente,
782 2297 848 2346 ut
901 2295 1096 2364 posset
1142 2286 1263 2362 pati
1308 2305 1510 2363 poenas
1538 2305 1738 2344 omnes
1786 2287 1952 2345 nobis
1980 2288 2242 2363 debitas;
2287 2287 2477 2364 quoad
2504 2291 2738 2348 subduc-

329 2367 530 2425 tionem
576 2367 814 2440 visionis,
856 2386 970 2424 non
999 2365 1189 2443 quoad
1228 2366 1639 2424 dissolutionem
1672 2366 1906 2440 unionis,
1948 2368 2140 2443 quoad
2182 2367 2491 2425 carentiam
2542 2389 2744 2429 sensus

328 2445 655 2505 dilectionis
683 2445 912 2521 divinae,
944 2465 1045 2523 per
1074 2465 1302 2503 sensum
1331 2445 1431 2502 irae
1460 2454 1518 2504 et
1545 2445 1817 2503 vindictas
1847 2445 2058 2504 divinae
2105 2446 2189 2504 illi
2233 2447 2618 2506 incumbentis
2646 2449 2733 2505 in-

326 2527 582 2605 tercepti,
628 2546 745 2584 non
785 2525 977 2603 quoad
1018 2526 1144 2604 ejus
1182 2524 1391 2583 realem
1420 2525 1821 2602 privationem,
1851 2526 1947 2583 vel
1975 2525 2426 2602 extinctionem3
2462 2527 2541 2585 Et
2568 2536 2631 2585 ut
2653 2529 2738 2586 lo·

324 2616 579 2682 quuntur
605 2606 963 2681 Scholastici,
989 2605 1179 2682 quoad
1196 2606 1540 2682 affectionem
1558 2606 1846 2681 commodi,
1872 2616 1935 2665 ut
1957 2607 2364 2666 destitueretur
2381 2608 2661 2667 solamine
2680 2617 2739 2667 et

321 2688 537 2762 gaudio
556 2686 849 2762 ineffabili,
876 2685 1032 2762 quod
1062 2686 1240 2744 oritur
1267 2706 1342 2744 ex
1373 2704 1544 2744 sensu
1572 2686 1784 2743 amoris
1812 2687 2035 2762 paterni
2055 2687 2182 2761 Dei,
2214 2695 2273 2745 et
2299 2687 2522 2745 visione
2550 2688 2734 2747 beati-

320 2767 431 2825 fica
458 2770 582 2844 ejus
612 2767 825 2841 vultus,
861 2766 1013 2824 Psal.
1043 2766 1185 2840 xvi„
1224 2764 1324 2823 sed
1352 2785 1468 2823 non
1511 2766 1704 2842 quoad
1744 2767 2089 2839 affectionem
2114 2767 2366 2843 justitiae,
2412 2767 2548 2844 quia
2587 2768 2737 2825 nihil

321 2854 624 2922 propterea
666 2847 845 2904 sensit
885 2846 947 2903 in
989 2865 1049 2903 se
1091 2845 1419 2919 inordinati,
1464 2845 1621 2921 quod
1662 2845 1923 2905 tenderet
1949 2846 2025 2904 ad
2052 2847 2524 2924 desperationem,
2554 2846 2734 2925 impa-

324 2924 606 2997 tientiam,
636 2924 733 2982 vel
759 2924 1175 3000 blasphemiam
1203 2923 1263 2980 in
1295 2924 1502 2981 Deum.

402 3002 549 3060 VII.
582 3003 814 3076 QuartO,
842 3003 1104 3060 Christus
1121 3022 1224 3078 pro
1243 3002 1409 3058 nobis
1431 3002 1617 3059 factus
1638 3010 1726 3061 est
1742 3002 2087 3078 maledictiO,
2110 3005 2243 3062 Gal.
2262 3004 2343 3062 iii.
2368 3007 2459 3077 13,
2481 3005 2619 3062 dum
2648 3005 2735 3062 illi

321 3090 556 3157 propter
584 3080 976 3138 vadimonium
1006 3088 1334 3155 susceptum
1363 3079 1631 3155 imposita
1648 3088 1737 3137 est
1767 3080 1943 3156 Legis
1971 3082 2297 3139 maledictio
2325 3082 2494 3140 nobis
2523 3083 2733 3159 debita,

319 3180 436 3218 non
465 3168 688 3219 tantum
737 3159 1100 3251 ἔπικατιίςατος
1148 3159 1489 3231 maledictus,
1523 3156 1627 3216 sed
1667 3159 1888 3237 naviga,
1937 3159 2224 3217 abstracto
2253 3160 2440 3235 posito
2469 3179 2573 3236 pro
2601 3182 2736 3219 con—

319 3250 477 3298 creto
506 3240 582 3297 ad
610 3241 846 3312 ἔπίτοισιι,
879 3259 1015 3315 quia
1043 3257 1270 3295 omnem
1297 3236 1776 3311 maledictionem,
1814 3257 1985 3314 quam
2029 3239 2154 3295 Lex
2184 3238 2568 3296 denunciabat
2604 3260 2737 3316 pec-

319 3320 626 3394 catoribUS,
679 3319 930 3395 pertulit,
983 3318 1139 3393 quod
1183 3318 1381 3392 utique
1411 3335 1525 3374 non
1555 3317 1789 3393 respicit
1816 3326 2038 3375 tantum
2064 3336 2288 3394 corpuS,
2321 3317 2421 3374 sed
2451 3318 2736 3395 praecipue

317 3400 584 3474 animam,
616 3420 745 3476 quae
775 3399 874 3457 tali
921 3417 1092 3456 sensu
1119 3404 1311 3474 potest
1338 3395 1504 3471 affici,
1537 3396 1695 3472 quod
1742 3416 1859 3455 non
1907 3397 2074 3474 pauci
2103 3418 2177 3455 ex
2208 3396 2527 3455 Pontificiis
2555 3418 2734 3475 agno-

315 3488 539 3554 verunt,
589 3478 962 3537 Maldonatus
992 3477 1052 3534 in
1107 3497 1157 3535 c.
1205 3478 1301 3550 26,
1347 3476 1595 3553 Matth.;
1646 3476 1830 3535 Ferus
1874 3477 1939 3534 in
1993 3497 2043 3536 c.
2094 3481 2190 3552 26,
2245 3485 2303 3535 et
2351 3481 2447 3553 27,
2501 3478 2733 3554 Matth.,

317 3567 376 3618 et
415 3559 530 3616 alii.

919 3636 1100 3705 VIII.
1146 3635 1308 3694 Licet
1352 3634 1647 3713 Scriptura
1677 3635 1863 3709 Cruci,
1899 3635 2196 3711 Sanguini,
2218 3656 2284 3694 ac
2310 3636 2488 3695 Morti
2519 3637 2733 3697 Christi

370 3704 553 3774 Fontes
585 3703 727 3773 Sqlu-
840 3715 1082 3775 salutem
1111 3716 1445 3794 plerumque
1474 3715 1795 3792 adscribat;
1825 3716 1936 3774 hoc
1981 3736 2095 3774 non
2125 3716 2191 3774 fit
2237 3716 2314 3773 ad
2341 3718 2733 3776 exclusionem

446 3769 651 3807 nonum.
838 3796 1168 3872 passionum
1192 3795 1589 3872 spiritualium,
1622 3804 1680 3854 et
1711 3796 2080 3870 internarum,
2113 3795 2214 3853 sed
2244 3797 2479 3872 synecd.
2511 3816 2545 3853 a
2571 3806 2732 3873 parte

313 3875 573 3934 sensibili
617 3884 675 3933 et
720 3883 974 3949 externa,
1006 3895 1135 3952 quae
1181 3875 1362 3932 oculis
1418 3875 1682 3950 exposita
1724 3882 1862 3948 erat,
1907 3873 2330 3932 denominando
2360 3883 2563 3933 totum.
2608 3876 2730 3934 Nec

310 3975 454 4013 crux
500 3954 596 4012 vel
623 3974 777 4012 mors
805 3963 1046 4030 possunt
1088 3953 1535 4028 commemorari,
1565 3954 1707 4030 quin
1735 3953 2067 4011 involvatur
2095 3973 2162 4011 eo
2212 3953 2337 4029 ipso
2365 3954 2524 4011 notio
2552 3954 2729 4012 male-

308 4034 595 4108 dictioniS,
627 4053 756 4110 quse
785 4033 901 4091 illis
938 4053 1164 4091 annexa
1192 4042 1329 4107 erat,
1361 4033 1497 4109 quia
1524 4052 1641 4091 non
1685 4032 1799 4090 alia
1842 4052 1995 4091 mors
2024 4040 2128 4108 est,
2159 4052 2329 4109 quam
2359 4052 2487 4110 quae
2511 4033 2728 4091 denun-

308 4115 569 4173 ciabatur
596 4133 698 4190 per
728 4113 961 4189 Legem.

392 4194 510 4252 IX.
557 4193 835 4267 Quamvis
878 4190 1164 4250 cruciatus
1208 4190 1418 4249 interni
1465 4199 1525 4249 et
1573 4189 1901 4267 spirituales
1945 4210 2060 4249 non
2088 4189 2377 4265 potuerint
2404 4190 2641 4267 figurari
2670 4192 2730 4250 in

309 4274 516 4349 specie,
549 4281 606 4331 et
647 4273 709 4330 in
750 4270 1079 4348 particulari
1123 4291 1226 4348 per
1265 4279 1507 4329 mortem
1566 4279 1626 4328 et
1668 4269 1964 4347 sanguinis
2018 4269 2299 4327 fusionem
2343 4269 2724 4346 victimarum,

307 4360 617 4428 potuerunt
657 4360 852 4410 tamen
893 4351 954 4408 in
998 4370 1206 4428 genere
1266 4351 1373 4409 sub
1435 4350 1553 4408 illis
1616 4350 1913 4408 contineri.
1959 4350 2102 4407 Cum
2145 4349 2298 4407 enim
2339 4349 2493 4425 ignis
2523 4350 2597 4408 sit
2626 4350 2725 4409 irae

308 4430 522 4488 divinae
566 4432 931 4507 symbolum3
990 4431 1136 4489 nihil
1198 4430 1389 4488 obstat
1446 4429 1752 4505 quominus
1812 4428 2132 4487 combustio
2176 4429 2581 4487 sacrificiorum
2622 4451 2726 4507 per

307 4509 520 4585 ignem,
565 4511 637 4567 ad
681 4512 779 4569 irae
823 4511 1034 4569 divinae
1080 4530 1327 4584 sensum,
1373 4529 1544 4585 quem
1590 4509 1648 4565 in
1690 4509 1880 4566 anima
1928 4508 2162 4586 pertulit
2204 4509 2482 4583 Christus,
2528 4509 2723 4568 referri

313 4589 514 4665 possit.
583 4590 674 4647 Ita
716 4591 951 4667 sanguis
995 4590 1418 4663 sacrificiorum,
1464 4598 1527 4648 ut
1570 4589 1773 4646 animae
1818 4588 2001 4662 eadee,
2047 4588 2259 4664 optime
2302 4589 2473 4647 etiam
2516 4589 2721 4649 animae
