3221 5200
454 309 571 365 254
1276 329 1462 369 Locus
1493 329 1752 368 necinus
1782 328 2049 368 Tannus).
2536 305 2783 387 [QUAEsT.
2818 326 2879 364 11.

458 485 552 523 ma
579 464 886 524 Thalmud.
932 466 1003 525 de
1049 467 1195 544 Reg.
1240 488 1290 526 c.
1326 468 1438 543 12„
1463 467 1634 528 docet
1665 471 1700 502 “
1721 469 1846 526 haec
1894 476 1952 526 et
1980 467 2093 525 alia
2122 466 2347 542 similia,
2380 486 2509 543 quae
2548 466 2620 524 de
2642 466 2713 524 iis
2740 486 2870 542 quae

463 544 537 604 ad
569 545 845 603 Messiam
874 546 1163 622 pertinent
1193 548 1405 624 scripta
1434 557 1584 623 sunt,
1617 548 1924 624 allegorias
1953 547 2137 605 esse.’'

544 624 898 684 XXXVII.
929 626 992 706 Si
1012 627 1150 684 Lux
1171 628 1317 684 Solis
1338 631 1590 702 septuplo
1608 632 1794 703 major
1815 635 2070 703 tempore
2086 625 2317 683 Messiae
2341 623 2541 682 debuit
2562 643 2706 697 esse,
2731 633 2797 682 ut
2814 633 2874 683 et

466 704 599 762 Lux
631 705 810 762 Lunae
837 705 1020 763 instar
1045 707 1193 764 lucis
1222 707 1377 772 soliS‚
1413 706 1526 765 Isa.
1548 728 1692 765 xxx.
1725 710 1820 781 26,
1851 708 1961 764 hoc
1989 706 2064 763 ad
2091 705 2317 763 literam
2345 723 2463 762 non
2481 712 2672 780 potest
2700 705 2868 761 intel-

462 783 567 859 ligi
592 806 606 859 ;
653 783 801 857 Quia
827 795 1212 862 praeterquam
1241 785 1396 862 quod
1430 786 1583 845 Solis
1612 785 1897 862 fulgorem
1945 786 2142 843 nullus
2171 793 2367 860 posset
2387 783 2551 857 ferre,
2601 784 2682 841 ita
2709 784 2873 844 nulla

464 884 583 921 nox
613 872 938 939 superesset
966 865 1040 922 ob
1071 865 1389 923 claritatem
1430 866 1628 925 Lunae.
1716 866 2000 924 Dominus
2054 865 2239 923 bonos
2268 872 2326 921 et
2372 863 2556 921 malos
2605 863 2738 921 Sole
2769 883 2874 921 suo

470 942 759 1018 illustrat3
808 943 892 1001 At
919 943 1013 1001 hic
1042 944 1236 1021 agitur
1263 944 1334 1002 de
1385 945 1676 1020 felicitate,
1709 966 1837 1022 quae
1881 944 2074 1021 impiis
2124 942 2442 1001 communis
2470 962 2597 1000 esse
2627 962 2744 1000 non
2773 962 2873 1019 po-

468 1031 598 1082 test.
689 1022 805 1080 Sed
833 1022 1077 1098 figurate
1109 1025 1452 1099 exponenda
1494 1034 1645 1099 sunt,
1694 1026 1791 1083 vel
1810 1025 2072 1082 -Ῐιίεἰονίοε
2113 1023 2185 1082 de
2230 1021 2626 1098 magnitudine
2656 1022 2873 1098 gaudii,

470 1101 626 1178 quod
654 1111 994 1178 perceptura
1035 1112 1162 1161 erat
1214 1103 1476 1162 Ecclesia
1504 1104 1763 1163 Juda'1‘ca
1789 1104 2032 1163 liberata
2060 1124 2094 1161 a
2131 1103 2465 1179 captivitate
2496 1095 2873 1178 Babydoniea,

468 1181 564 1239 vel
592 1182 813 1255 mystice
840 1181 912 1239 de
942 1182 1340 1258 magnitudine
1391 1183 1608 1260 gloriae,
1663 1184 2026 1261 cognitionis,
2058 1192 2116 1241 et
2144 1182 2378 1256 laetitiae,
2425 1203 2597 1258 quam
2628 1182 2877 1240 Messias

470 1260 571 1337 qui
598 1269 877 1320 venturus
910 1270 1032 1320 erat
1058 1261 1131 1319 ad
1162 1262 1418 1320 sananda
1465 1264 1708 1321 vulnera
1751 1264 2042 1337 Ecclesiae,
2074 1263 2162 1320 illi
2206 1263 2483 1321 allaturus
2528 1271 2668 1335 erat,
2700 1281 2878 1336 quum

469 1340 688 1398 umbrae
707 1340 964 1398 obscurae
993 1341 1168 1417 Legis
1191 1342 1455 1400 recedere
1479 1342 1784 1418 debebant,
1826 1353 1885 1404 et
1923 1344 2056 1401 Lux
2087 1342 2396 1418 Evangelii
2425 1341 2718 1418 affulgere,
2751 1342 2878 1399 lon-

475 1419 711 1496 gissime
742 1440 1019 1495 superans
1047 1430 1219 1479 tenue
1248 1422 1323 1479 V.
1355 1421 1421 1479 T.
1453 1421 1666 1480 lumen.

554 1498 943 1557 XXXVIII.
990 1500 1199 1558 Ezech.
1244 1500 1344 1559 xli.
1376 1509 1433 1559 et
1463 1520 1582 1578 seq.
1614 1502 1783 1578 capit.
1813 1521 1929 1559 non
1957 1500 2303 1576 intelligitur
2323 1499 2628 1575 Templum
2660 1499 2871 1557 Hiero-

474 1579 882 1654 solymitanum
904 1578 1093 1637 denuo
1123 1579 1573 1655 instaurandum,
1628 1581 1732 1639 sed
1776 1581 2076 1657 Templum
2121 1580 2432 1654 mysticum
2463 1579 2739 1640 Ecclesiae
2770 1579 2878 1637 sub

474 1657 707 1716 Veteris
734 1658 960 1734 Templi
992 1659 1338 1718 Salomonici
1379 1660 1644 1735 symbolo
1688 1660 2106 1732 adumbratum,
2138 1660 2321 1734 Cujus
2369 1658 2644 1734 impletiO,
2673 1678 2791 1717 non
2820 1659 2881 1716 in

476 1738 691 1795 carnali
720 1748 778 1796 et
806 1745 1047 1813 terrena,
1080 1738 1184 1796 sed
1212 1739 1496 1815 spirituali
1523 1749 1581 1799 et
1622 1739 1843 1798 coelesti
1887 1739 2293 1814 Hierosolyma
2330 1738 2642 1814 quaerenda
2668 1746 2774 1812 est,
2822 1739 2882 1794 in

476 1817 578 1874 illa
607 1817 825 1874 scilicet
853 1837 1025 1894 quam
1055 1818 1096 1875 J
1101 1818 1356 1877 ohannes
1379 1819 1572 1876 verbis
1600 1839 1675 1877 ex
1704 1819 1812 1877 hac
1843 1819 2164 1877 Ezechielis
2182 1818 2533 1894 hypotyposi
2562 1817 2881 1893 desumptis

479 1896 753 1955 describit
784 1896 969 1973 Apoc.
1001 1897 1123 1955 xxi.
1155 1901 1252 1970 22,
1283 1898 1346 1961 in
1374 1898 1481 1956 hac
1510 1898 1743 1974 quidem
1772 1899 1894 1956 vita
1914 1917 2016 1975 per
2042 1898 2245 1974 gratias
2274 1897 2577 1973 Templum
2604 1897 2878 1955 inchoan·

479 1975 570 2049 da,
602 1977 662 2033 in
692 1977 873 2034 altera
899 1996 1038 2035 vero
1066 1997 1170 2053 per
1197 1977 1499 2053 Templum
1530 1978 1729 2053 gloriae
1757 1978 1816 2035 in
1845 1978 1991 2036 coelo
2015 1977 2377 2054 perficienda.

559 2055 889 2114 XXXIX.
936 2056 1125 2129 Quum
1148 2057 1208 2113 in
1230 2057 1435 2115 diebus
1467 2057 1697 2116 Messiae
1727 2057 1936 2115 dicitur
1956 2057 2118 2116 Juda
2136 2056 2465 2129 salvandus,
2497 2063 2557 2114 et
2574 2055 2757 2113 Israel
2777 2054 2879 2112 ha-

474 2135 762 2194 bitaturus
805 2156 1020 2210 secure,
1065 2137 1109 2195 J
1112 2156 1189 2194 er.
1234 2137 1399 2195 xxiii.
1444 2140 1499 2212 6,
1531 2157 1648 2195 non
1691 2136 2033 2213 intelligitur
2063 2137 2247 2195 Israel
2290 2134 2605 2194 secundum
2633 2153 2878 2207 carnem,

479 2215 644 2290 cujus
672 2215 944 2291 reliquias
966 2223 1190 2274 tantum
1214 2217 1526 2275 servandas
1555 2237 1682 2276 esse
1700 2217 1810 2293 ipsi
1839 2217 1880 2274 J
1885 2216 2037 2274 udaei
2063 2236 2180 2274 non
2209 2216 2523 2275 diffitentur
2544 2235 2618 2273 ex
2646 2215 2688 2273 J
2691 2233 2770 2272 er.
2801 2213 2882 2272 iii.

482 2298 573 2368 14,
606 2303 665 2353 et
694 2296 808 2353 Isa.
840 2295 961 2353 viii.
997 2297 1088 2369 14,
1122 2295 1225 2354 lib.
1262 2296 1511 2355 Sanhed.
1554 2296 1687 2356 dist.
1742 2296 1998 2371 Chelek3
2049 2296 2164 2355 Sed
2194 2295 2379 2354 Israel
2407 2294 2722 2355 secundum
2756 2294 2884 2369 Spi-

475 2374 667 2448 ritum,
713 2375 806 2432 eui
835 2374 944 2432 soli
972 2375 1380 2450 promissiones
1408 2376 1569 2451 fiunt,
1604 2378 1774 2435 Rom.
1804 2377 1886 2436 ix.
1915 2380 1992 2450 4.,
2025 2376 2133 2434 sub
2162 2396 2278 2454 quo
2306 2375 2581 2434 universa
2625 2374 2887 2432 Ecclesia

476 2454 788 2512 electorum
821 2462 879 2511 et
905 2453 1163 2511 fidelium
1192 2455 1553 2532 intelligitur.

562 2532 698 2591 XL.
745 2533 876 2590 Non
906 2540 1096 2609 potest
1126 2534 1184 2590 in
1230 2533 1468 2591 dubium
1514 2535 1710 2592 vocari
1751 2534 2038 2594 adventus
2068 2535 2316 2609 Messiae,
2377 2554 2446 2592 eo
2495 2531 2651 2609 quod
2685 2531 2810 2606 Goq
2838 2539 2891 2587 et

476 2614 695 2688 Maqoq
721 2632 868 2688 quos
897 2611 1289 2671 debellaturus
1332 2614 1422 2687 sit,
1467 2614 1724 2671 nondum
1768 2615 2152 2690 apparuerint.
2238 2614 2385 2687 Quia
2426 2613 2606 2689 gratis
2650 2611 2889 2687 fingitur

482 2691 756 2748 Messiam
786 2711 886 2748 eos
915 2691 1146 2749 vincere
1176 2691 1416 2766 debere;
1464 2692 1584 2749 Nec
1615 2693 1727 2749 nisi
1753 2712 2051 2768 perperam
2080 2713 2149 2751 eo
2193 2692 2454 2763 trahitur,
2487 2691 2644 2767 quod
2675 2690 2886 2759 Ezech.

481 2769 735 2826 xxxviii.
767 2773 821 2843 2,
855 2772 910 2843 3,
943 2766 1050 2828 ἕω.
1081 2770 1153 2828 de
1185 2771 1319 2846 Gog
1347 2771 1462 2828 and
1492 2772 1715 2847 Magog
1743 2771 1988 2845 dicitur;
2036 2791 2167 2829 eum
2196 2770 2268 2828 de
2297 2790 2366 2829 eo
2405 2779 2630 2829 constet
2657 2771 2739 2827 ibi
2768 2789 2886 2827 ser-

477 2868 706 2906 monem
734 2867 849 2905 non
878 2868 1022 2923 esse,
1055 2858 1113 2907 et
1140 2869 1255 2907 non
1285 2851 1526 2910 obscure
1567 2850 1787 2927 liqueat
1834 2851 1943 2908 hoc
1973 2850 2334 2909 referendum
2362 2870 2489 2909 esse
2519 2850 2593 2908 ad
2623 2850 2887 2909 crudeles

480 2928 759 2987 Ecclesiae
789 2928 831 2986 J
834 2927 1058 2986 udai'cae
1088 2948 1456 3007 oppressores
1477 2940 1607 3007 post
1637 2929 2031 3007 captivitatem
2064 2929 2503 3006 Babylonicam,
2536 2929 2738 3007 quales
2766 2928 2890 2986 fue·

479 3017 615 3067 runt
646 3008 839 3083 Reges
872 3008 1073 3083 Syriae,
1106 3018 1164 3068 et
1192 3011 1389 3086 populi
1419 3011 1579 3069 Asiae
1608 3010 1864 3086 minoris,
1898 3010 1979 3068 sic
2001 3010 2159 3084 dicti,
2201 3010 2298 3068 vel
2326 3031 2361 3068 a
2389 3011 2562 3086 Gyge
2595 3009 2892 3086 Lydorum

480 3090 645 3165 Rege
672 3089 767 3147 vel
797 3109 832 3146 a
858 3088 1091 3163 Scythis
1119 3100 1178 3149 et
1206 3090 1461 3149 Tartaris
1489 3091 1570 3150 ita
1597 3090 1836 3165 vocatis,
1866 3092 2015 3149 Gen.
2042 3112 2099 3148 x.
2132 3095 2186 3164 2,
2208 3090 2307 3166 qui
2330 3090 2450 3166 jam
2482 3090 2620 3148 olim
2649 3108 2890 3164 occupa·

479 3176 683 3227 verant
706 3168 907 3226 Asiam
928 3169 1203 3228 minorem
1226 3180 1284 3229 et
1311 3172 1554 3248 Syriam;
1589 3171 1760 3229 Unde
1781 3171 1839 3227 in
1863 3171 2009 3228 Asia
2028 3170 2360 3247 Hierapolis
2381 3170 2535 3228 dicta
2553 3178 2639 3227 est
2657 3170 2891 3243 Maqoq,

480 3258 628 3308 teste
659 3248 866 3322 Plinio,
900 3248 1047 3306 libro
1076 3270 1135 3308 v.
1166 3272 1290 3327 cap.
1322 3254 1416 3326 28,
1450 3272 1564 3309 non
1586 3250 1785 3327 procul
1827 3250 1901 3308 ab
1934 3251 2242 3326 Euphrate,
2274 3259 2333 3307 et
2361 3250 2420 3306 in
2469 3248 2637 3323 Syria
2664 3247 2893 3321 Scytho-

472 3330 624 3403 polis
651 3328 726 3385 ad
750 3327 1041 3386 Orientem
1063 3328 1224 3389 lacus
1243 3330 1585 3405 Tyberiadis
1608 3331 1745 3387 olim
1770 3330 2028 3388 Bethsan
2047 3329 2217 3401 dicta,
2241 3328 2397 3403 quod
2427 3325 2639 3384 Euseb.
2671 3326 2896 3383 notavit

483 3407 544 3463 in
568 3407 777 3464 Chron.
805 3406 992 3464 Graec.
1022 3407 1105 3464 lib
1128 3409 1165 3465 i.
1190 3429 1246 3485 q.
1267 3411 1364 3466 40.
1392 3412 1427 3442 ‘⁴
1455 3410 1687 3483 Scythae
1709 3409 2075 3466 Palaestinam
2095 3414 2510 3482 percurrerunt,
2537 3414 2595 3461 et
2620 3404 2893 3477 Baisan,”

481 3484 544 3541 id
560 3493 664 3559 est,
688 3484 945 3542 Bethsan
981 3488 1385 3562 “occuparunt‚
1407 3507 1579 3563 quam
1599 3487 1670 3543 de
1691 3506 1794 3544 suo
1813 3487 2042 3544 nomine
2061 3491 2340 3542 vocarunt
2358 3481 2773 3559 Scythopolim.

1434 3721 1822 3797 QUAESTIO
1866 3722 1948 3780 11.

646 3884 739 3941 An
758 3886 926 3943 Jesus
958 3886 1295 3943 Nazarenus
1315 3883 1387 3940 sit
1413 3902 1575 3942 verus
1601 3881 1843 3940 hicesius
1865 3883 1892 3939 ἕ
1975 3881 2199 3939 Affirm.
2232 3889 2432 3940 contra
2459 3880 2501 3939 J
2506 3880 2719 3939 udaeos.

501 4041 671 4112 Status
699 4042 867 4113 βψω·
1010 4044 1058 4102 1.
1105 4042 1420 4118 Postquam
1448 4041 1750 4118 probatum
1792 4050 1881 4101 est
1928 4040 2206 4117 superiori
2251 4040 2578 4114 Quaestione
2628 4038 2902 4096 Messiam

591 4105 752 4145 nome.
936 4124 1060 4201 jam
1089 4122 1357 4193 venisse;
1401 4122 1443 4181 J
1448 4141 1540 4179 am
1582 4120 1989 4198 inquirendum
2034 4120 2275 4180 ulterius
2307 4120 2483 4179 estin
2524 4120 2650 4195 ejus
2697 4118 2899 4176 Perso-

487 4224 639 4278 nam,
692 4211 758 4262 ut
813 4206 1063 4265 sciamus
1120 4202 1262 4276 Quis
1316 4202 1413 4260 ille
1444 4202 1557 4276 sit;
1600 4211 1667 4262 ut
1707 4221 1826 4259 non
1867 4200 2044 4260 alium
2087 4220 2214 4259 esse
2256 4220 2426 4277 posse
2480 4217 2653 4275 quam
2694 4198 2736 4256 J
2740 4216 2902 4256 esum

491 4284 856 4342 Nazarenum
902 4284 1104 4343 Mariae
1132 4282 1315 4340 filium
1360 4282 1838 4341 demonstremus.
1926 4280 2010 4339 Ut
2038 4300 2174 4339 vero
2204 4281 2492 4357 praecipua
2518 4279 2642 4335 haec
2670 4285 2758 4336 est
2788 4277 2903 4334 Re,-

489 4363 726 4439 [igionis
748 4373 961 4424 nostrae
989 4362 1166 4438 basis,
1198 4371 1255 4420 et
1280 4361 1417 4420 fidei
1445 4361 1711 4435 fulcrum,
1735 4381 1804 4419 eo
1832 4360 2036 4436 majori
2053 4361 2413 4419 accuratione
2436 4355 2902 4435 perpendendum

488 4452 579 4505 est
605 4443 715 4501 hoc
743 4454 1164 4521 argumentum,
1196 4450 1261 4499 ut
1288 4440 1516 4500 Judaeis
1544 4441 1840 4511 acerrimis
1867 4440 2178 4501 Christiani
2206 4439 2454 4497 nominis
2481 4437 2761 4510 hostibus,
2803 4436 2904 4512 qui

386 4586 393 4593 ‚
486 4522 786 4582 veritatem
799 4524 968 4589 istam
980 4523 1285 4583 salutarem
1299 4541 1509 4598 magno
1520 4522 1813 4587 molimine
1827 4539 2159 4597 oppugnare
2170 4526 2465 4592 conantur,
2480 4537 2547 4576 os
2555 4516 2901 4576 obstruatur.

571 4600 656 4658 11.
703 4602 834 4659 Non
875 4602 1166 4678 quaeritur,
1203 4601 1301 4658 An
1346 4601 1593 4661 Messias
1622 4601 1863 4674 venerit,
1896 4599 2053 4677 quod
2080 4606 2251 4656 antea
2283 4597 2608 4674 probatum,
2654 4595 2774 4669 sed,
2811 4595 2907 4657 An
