<?xml version="1.0" encoding="UTF-8"?>
<!DOCTYPE html PUBLIC "-//W3C//DTD XHTML 1.0 Transitional//EN"
    "http://www.w3.org/TR/xhtml1/DTD/xhtml1-transitional.dtd">
<html xmlns="http://www.w3.org/1999/xhtml" xml:lang="en" lang="en">
 <head>
  <title>
</title>
<meta http-equiv="Content-Type" content="text/html;charset=utf-8" />
  <meta name='ocr-system' content='tesseract 3.04.00' />
  <meta name='ocr-capabilities' content='ocr_page ocr_carea ocr_par ocr_line ocrx_word'/>
</head>
<body>
  <div class='ocr_page' id='page_1' title='image "./institutiotheol01turrgoog_0172.png"; bbox 0 0 3221 5200; ppageno 0'>
   <div class='ocr_carea' id='block_1_1' title="bbox 471 298 2889 380">
    <p class='ocr_par' dir='ltr' id='par_1_1' title="bbox 471 298 2889 380">
     <span class='ocr_line' id='line_1_1' title="bbox 471 298 2889 380; baseline -0.003 -14"><span class='ocrx_word' id='word_1_1' title='bbox 471 309 597 367; x_wconf 53' lang='lat'>‘144</span> <span class='ocrx_word' id='word_1_2' title='bbox 1365 324 1547 366; x_wconf 73' lang='lat' dir='ltr'>Locus</span> <span class='ocrx_word' id='word_1_3' title='bbox 1578 322 1936 366; x_wconf 64' lang='lat' dir='ltr'>uxnscisms.</span> <span class='ocrx_word' id='word_1_4' title='bbox 2452 298 2710 380; x_wconf 74' lang='lat' dir='ltr'>[QUAEsT.</span> <span class='ocrx_word' id='word_1_5' title='bbox 2743 320 2889 360; x_wconf 83' lang='lat' dir='ltr'>xxv.</span> 
     </span>
    </p>
   </div>
   <div class='ocr_carea' id='block_1_2' title="bbox 453 460 2913 4697">
    <p class='ocr_par' dir='ltr' id='par_1_2' title="bbox 453 460 2888 702">
     <span class='ocr_line' id='line_1_2' title="bbox 481 460 2888 541; baseline -0.001 -18"><span class='ocrx_word' id='word_1_6' title='bbox 481 469 517 499; x_wconf 78' lang='lat'>‘⁶</span> <span class='ocrx_word' id='word_1_7' title='bbox 541 484 656 524; x_wconf 91' lang='lat' dir='ltr'>non</span> <span class='ocrx_word' id='word_1_8' title='bbox 685 463 878 523; x_wconf 88' lang='lat' dir='ltr'>omnia</span> <span class='ocrx_word' id='word_1_9' title='bbox 913 462 1212 523; x_wconf 90' lang='lat' dir='ltr'>hominum</span> <span class='ocrx_word' id='word_1_10' title='bbox 1249 465 1402 523; x_wconf 89' lang='lat' dir='ltr'>mala</span> <span class='ocrx_word' id='word_1_11' title='bbox 1429 465 1712 524; x_wconf 78' lang='lat' dir='ltr'><strong>fallaciter</strong></span> <span class='ocrx_word' id='word_1_12' title='bbox 1738 462 1982 541; x_wconf 89' lang='lat' dir='ltr'>agendo,</span> <span class='ocrx_word' id='word_1_13' title='bbox 2025 460 2130 521; x_wconf 86' lang='lat' dir='ltr'>sed</span> <span class='ocrx_word' id='word_1_14' title='bbox 2157 462 2399 519; x_wconf 88' lang='lat' dir='ltr'>aliorum</span> <span class='ocrx_word' id='word_1_15' title='bbox 2436 462 2692 521; x_wconf 89' lang='lat' dir='ltr'>omnium</span> <span class='ocrx_word' id='word_1_16' title='bbox 2722 462 2888 520; x_wconf 86' lang='lat' dir='ltr'>malis</span> 
     </span>
     <span class='ocr_line' id='line_1_3' title="bbox 479 541 2887 622; baseline -0.002 -18"><span class='ocrx_word' id='word_1_17' title='bbox 479 546 763 618; x_wconf 88' lang='lat' dir='ltr'>omnibus,</span> <span class='ocrx_word' id='word_1_18' title='bbox 804 555 1078 622; x_wconf 79' lang='lat' dir='ltr'>tanquam</span> <span class='ocrx_word' id='word_1_19' title='bbox 1110 545 1159 602; x_wconf 92' lang='lat' dir='ltr'>si</span> <span class='ocrx_word' id='word_1_20' title='bbox 1208 565 1312 604; x_wconf 91' lang='lat' dir='ltr'>sua</span> <span class='ocrx_word' id='word_1_21' title='bbox 1340 556 1549 621; x_wconf 88' lang='lat' dir='ltr'>essent,</span> <span class='ocrx_word' id='word_1_22' title='bbox 1595 543 1983 602; x_wconf 83' lang='lat' dir='ltr'>misericordis</span> <span class='ocrx_word' id='word_1_23' title='bbox 2024 542 2323 601; x_wconf 79' lang='lat' dir='ltr'>medicinae</span> <span class='ocrx_word' id='word_1_24' title='bbox 2353 541 2717 619; x_wconf 78' lang='lat' dir='ltr'>diligentiam</span> <span class='ocrx_word' id='word_1_25' title='bbox 2757 562 2887 619; x_wconf 89' lang='lat' dir='ltr'>pro-</span> 
     </span>
     <span class='ocr_line' id='line_1_4' title="bbox 453 624 1415 702; baseline -0.002 -16"><span class='ocrx_word' id='word_1_26' title='bbox 453 625 795 700; x_wconf 52' lang='lat' dir='ltr'>,curandos&#39;</span> <span class='ocrx_word' id='word_1_27' title='bbox 827 633 892 682; x_wconf 90' lang='lat' dir='ltr'>ut</span> <span class='ocrx_word' id='word_1_28' title='bbox 919 625 1001 683; x_wconf 87' lang='lat' dir='ltr'>ait</span> <span class='ocrx_word' id='word_1_29' title='bbox 1030 624 1415 702; x_wconf 88' lang='lat' dir='ltr'>Augustinus.</span> 
     </span>
    </p>

    <p class='ocr_par' dir='ltr' id='par_1_3' title="bbox 471 701 2890 1656">
     <span class='ocr_line' id='line_1_5' title="bbox 562 701 2885 781; baseline -0.001 -18"><span class='ocrx_word' id='word_1_30' title='bbox 562 705 750 763; x_wconf 89' lang='lat' dir='ltr'><strong>XIX.</strong></span> <span class='ocrx_word' id='word_1_31' title='bbox 797 704 984 762; x_wconf 89' lang='lat' dir='ltr'>Aliud</span> <span class='ocrx_word' id='word_1_32' title='bbox 1011 713 1100 762; x_wconf 89' lang='lat' dir='ltr'>est</span> <span class='ocrx_word' id='word_1_33' title='bbox 1127 704 1251 761; x_wconf 89' lang='lat' dir='ltr'>dari</span> <span class='ocrx_word' id='word_1_34' title='bbox 1281 713 1551 763; x_wconf 89' lang='lat' dir='ltr'>externos</span> <span class='ocrx_word' id='word_1_35' title='bbox 1581 704 1806 781; x_wconf 90' lang='lat' dir='ltr'>aliquos</span> <span class='ocrx_word' id='word_1_36' title='bbox 1839 703 1984 761; x_wconf 88' lang='lat' dir='ltr'>ritus</span> <span class='ocrx_word' id='word_1_37' title='bbox 2012 703 2073 760; x_wconf 93' lang='lat' dir='ltr'>in</span> <span class='ocrx_word' id='word_1_38' title='bbox 2104 702 2383 777; x_wconf 79' lang='lat' dir='ltr'>Ecclesia,</span> <span class='ocrx_word' id='word_1_39' title='bbox 2417 701 2603 760; x_wconf 89' lang='lat' dir='ltr'>Aliud</span> <span class='ocrx_word' id='word_1_40' title='bbox 2631 721 2770 760; x_wconf 89' lang='lat' dir='ltr'>vero</span> <span class='ocrx_word' id='word_1_41' title='bbox 2798 721 2885 760; x_wconf 88' lang='lat' dir='ltr'>re·</span> 
     </span>
     <span class='ocr_line' id='line_1_6' title="bbox 477 781 2890 861; baseline -0.002 -16"><span class='ocrx_word' id='word_1_42' title='bbox 477 786 660 845; x_wconf 89' lang='lat' dir='ltr'>tinere</span> <span class='ocrx_word' id='word_1_43' title='bbox 707 785 923 861; x_wconf 81' lang='lat' dir='ltr'>Legem</span> <span class='ocrx_word' id='word_1_44' title='bbox 968 784 1442 843; x_wconf 84' lang='lat' dir='ltr'>caeremonialem.</span> <span class='ocrx_word' id='word_1_45' title='bbox 1508 784 1682 842; x_wconf 80' lang='lat' dir='ltr'>Ritus</span> <span class='ocrx_word' id='word_1_46' title='bbox 1725 783 1950 842; x_wconf 81' lang='lat' dir='ltr'>externi</span> <span class='ocrx_word' id='word_1_47' title='bbox 1993 792 2126 842; x_wconf 88' lang='lat' dir='ltr'>sunt</span> <span class='ocrx_word' id='word_1_48' title='bbox 2168 782 2478 840; x_wconf 86' lang='lat' dir='ltr'>necessarii</span> <span class='ocrx_word' id='word_1_49' title='bbox 2521 783 2579 839; x_wconf 90' lang='lat' dir='ltr'>in</span> <span class='ocrx_word' id='word_1_50' title='bbox 2624 781 2890 840; x_wconf 79' lang='lat' dir='ltr'>Ecclesia</span> 
     </span>
     <span class='ocr_line' id='line_1_7' title="bbox 471 861 2886 940; baseline -0.002 -15"><span class='ocrx_word' id='word_1_51' title='bbox 471 866 616 925; x_wconf 63' lang='lat' dir='ltr'>⁴boni</span> <span class='ocrx_word' id='word_1_52' title='bbox 645 865 864 923; x_wconf 84' lang='lat' dir='ltr'>ordinis</span> <span class='ocrx_word' id='word_1_53' title='bbox 893 884 1082 937; x_wconf 88' lang='lat' dir='ltr'>causa,</span> <span class='ocrx_word' id='word_1_54' title='bbox 1105 865 1240 940; x_wconf 92' lang='lat' dir='ltr'>quia</span> <span class='ocrx_word' id='word_1_55' title='bbox 1268 865 1461 922; x_wconf 89' lang='lat' dir='ltr'>omnia</span> <span class='ocrx_word' id='word_1_56' title='bbox 1487 865 1729 922; x_wconf 84' lang='lat' dir='ltr'>honeste</span> <span class='ocrx_word' id='word_1_57' title='bbox 1758 874 1815 922; x_wconf 87' lang='lat' dir='ltr'>et</span> <span class='ocrx_word' id='word_1_58' title='bbox 1834 863 2104 921; x_wconf 88' lang='lat' dir='ltr'>decenter</span> <span class='ocrx_word' id='word_1_59' title='bbox 2131 863 2188 919; x_wconf 89' lang='lat' dir='ltr'>in</span> <span class='ocrx_word' id='word_1_60' title='bbox 2218 881 2288 920; x_wconf 89' lang='lat' dir='ltr'>ea</span> <span class='ocrx_word' id='word_1_61' title='bbox 2304 861 2428 919; x_wconf 88' lang='lat' dir='ltr'>fieri</span> <span class='ocrx_word' id='word_1_62' title='bbox 2448 862 2675 934; x_wconf 88' lang='lat' dir='ltr'>debent,</span> <span class='ocrx_word' id='word_1_63' title='bbox 2703 864 2731 918; x_wconf 92' lang='lat'>1</span> <span class='ocrx_word' id='word_1_64' title='bbox 2756 862 2886 920; x_wconf 89' lang='lat' dir='ltr'>Cor.</span> 
     </span>
     <span class='ocr_line' id='line_1_8' title="bbox 480 941 2889 1021; baseline -0.001 -19"><span class='ocrx_word' id='word_1_65' title='bbox 480 947 603 1004; x_wconf 84' lang='lat' dir='ltr'>xiv.</span> <span class='ocrx_word' id='word_1_66' title='bbox 634 948 751 1021; x_wconf 80' lang='lat'>403</span> <span class='ocrx_word' id='word_1_67' title='bbox 798 943 901 1002; x_wconf 90' lang='lat' dir='ltr'>sed</span> <span class='ocrx_word' id='word_1_68' title='bbox 943 944 1116 1020; x_wconf 87' lang='lat' dir='ltr'>longe</span> <span class='ocrx_word' id='word_1_69' title='bbox 1155 944 1428 1003; x_wconf 83' lang='lat' dir='ltr'>differunt</span> <span class='ocrx_word' id='word_1_70' title='bbox 1475 964 1510 1001; x_wconf 89' lang='lat' dir='ltr'>a</span> <span class='ocrx_word' id='word_1_71' title='bbox 1541 943 1700 1020; x_wconf 89' lang='lat' dir='ltr'>Lege</span> <span class='ocrx_word' id='word_1_72' title='bbox 1746 941 2146 1017; x_wconf 77' lang='lat' dir='ltr'>caeremoniali,</span> <span class='ocrx_word' id='word_1_73' title='bbox 2190 942 2328 1018; x_wconf 89' lang='lat' dir='ltr'>quia</span> <span class='ocrx_word' id='word_1_74' title='bbox 2369 943 2482 1000; x_wconf 86' lang='lat' dir='ltr'>ista</span> <span class='ocrx_word' id='word_1_75' title='bbox 2523 942 2889 1018; x_wconf 80' lang='lat' dir='ltr'>significabat</span> 
     </span>
     <span class='ocr_line' id='line_1_9' title="bbox 481 1021 2887 1102; baseline -0.001 -19"><span class='ocrx_word' id='word_1_76' title='bbox 481 1026 774 1084; x_wconf 84' lang='lat' dir='ltr'>Christum</span> <span class='ocrx_word' id='word_1_77' title='bbox 804 1032 1128 1098; x_wconf 81' lang='lat' dir='ltr'>venturum,</span> <span class='ocrx_word' id='word_1_78' title='bbox 1175 1024 1271 1083; x_wconf 91' lang='lat' dir='ltr'>isti</span> <span class='ocrx_word' id='word_1_79' title='bbox 1320 1044 1703 1102; x_wconf 89' lang='lat' dir='ltr'>nequaquam.</span> <span class='ocrx_word' id='word_1_80' title='bbox 1788 1023 1901 1081; x_wconf 89' lang='lat' dir='ltr'>Illa</span> <span class='ocrx_word' id='word_1_81' title='bbox 1927 1022 2038 1081; x_wconf 84' lang='lat' dir='ltr'>fuit</span> <span class='ocrx_word' id='word_1_82' title='bbox 2079 1042 2211 1099; x_wconf 89' lang='lat' dir='ltr'>pars</span> <span class='ocrx_word' id='word_1_83' title='bbox 2250 1022 2441 1080; x_wconf 86' lang='lat' dir='ltr'>cultus</span> <span class='ocrx_word' id='word_1_84' title='bbox 2469 1021 2652 1079; x_wconf 85' lang='lat' dir='ltr'>divini</span> <span class='ocrx_word' id='word_1_85' title='bbox 2689 1042 2887 1080; x_wconf 88' lang='lat' dir='ltr'>neces·</span> 
     </span>
     <span class='ocr_line' id='line_1_10' title="bbox 481 1102 2890 1180; baseline -0.002 -17"><span class='ocrx_word' id='word_1_86' title='bbox 481 1106 631 1164; x_wconf 89' lang='lat' dir='ltr'>saria</span> <span class='ocrx_word' id='word_1_87' title='bbox 654 1127 668 1180; x_wconf 88' lang='lat'>;</span> <span class='ocrx_word' id='word_1_88' title='bbox 716 1103 823 1161; x_wconf 89' lang='lat' dir='ltr'>Isti</span> <span class='ocrx_word' id='word_1_89' title='bbox 853 1112 988 1161; x_wconf 90' lang='lat' dir='ltr'>sunt</span> <span class='ocrx_word' id='word_1_90' title='bbox 1009 1112 1231 1162; x_wconf 91' lang='lat' dir='ltr'>tantum</span> <span class='ocrx_word' id='word_1_91' title='bbox 1254 1104 1604 1163; x_wconf 88' lang='lat' dir='ltr'>adminicula</span> <span class='ocrx_word' id='word_1_92' title='bbox 1626 1112 1683 1162; x_wconf 90' lang='lat' dir='ltr'>et</span> <span class='ocrx_word' id='word_1_93' title='bbox 1705 1103 1980 1180; x_wconf 87' lang='lat' dir='ltr'>adjuncta</span> <span class='ocrx_word' id='word_1_94' title='bbox 2001 1102 2208 1160; x_wconf 89' lang='lat' dir='ltr'>cultus.</span> <span class='ocrx_word' id='word_1_95' title='bbox 2270 1102 2340 1159; x_wconf 90' lang='lat' dir='ltr'>In</span> <span class='ocrx_word' id='word_1_96' title='bbox 2361 1102 2571 1179; x_wconf 91' lang='lat' dir='ltr'>quibus</span> <span class='ocrx_word' id='word_1_97' title='bbox 2594 1102 2890 1161; x_wconf 80' lang='lat' dir='ltr'>cautiones</span> 
     </span>
     <span class='ocr_line' id='line_1_11' title="bbox 479 1182 2886 1260; baseline -0.002 -17"><span class='ocrx_word' id='word_1_98' title='bbox 479 1185 606 1243; x_wconf 83' lang='lat' dir='ltr'>istae</span> <span class='ocrx_word' id='word_1_99' title='bbox 637 1202 861 1260; x_wconf 84' lang='lat' dir='ltr'>semper</span> <span class='ocrx_word' id='word_1_100' title='bbox 888 1183 1283 1242; x_wconf 80' lang='lat' dir='ltr'>observandae.</span> <span class='ocrx_word' id='word_1_101' title='bbox 1374 1187 1425 1243; x_wconf 90' lang='lat'>1.</span> <span class='ocrx_word' id='word_1_102' title='bbox 1471 1184 1559 1242; x_wconf 90' lang='lat' dir='ltr'>Ne</span> <span class='ocrx_word' id='word_1_103' title='bbox 1588 1183 1733 1242; x_wconf 88' lang='lat' dir='ltr'>ritus</span> <span class='ocrx_word' id='word_1_104' title='bbox 1755 1183 1857 1240; x_wconf 91' lang='lat' dir='ltr'>ulli</span> <span class='ocrx_word' id='word_1_105' title='bbox 1882 1182 2325 1259; x_wconf 70' lang='lat' dir='ltr'>praescribantur</span> <span class='ocrx_word' id='word_1_106' title='bbox 2345 1202 2474 1240; x_wconf 89' lang='lat' dir='ltr'>cum</span> <span class='ocrx_word' id='word_1_107' title='bbox 2498 1182 2766 1258; x_wconf 89' lang='lat' dir='ltr'>opinione</span> <span class='ocrx_word' id='word_1_108' title='bbox 2786 1202 2886 1239; x_wconf 90' lang='lat' dir='ltr'>ne·</span> 
     </span>
     <span class='ocr_line' id='line_1_12' title="bbox 483 1262 2888 1341; baseline -0.001 -18"><span class='ocrx_word' id='word_1_109' title='bbox 483 1263 770 1323; x_wconf 85' lang='lat' dir='ltr'>cessitatis</span> <span class='ocrx_word' id='word_1_110' title='bbox 799 1271 858 1320; x_wconf 88' lang='lat' dir='ltr'>et</span> <span class='ocrx_word' id='word_1_111' title='bbox 885 1263 1091 1320; x_wconf 88' lang='lat' dir='ltr'>meriti.</span> <span class='ocrx_word' id='word_1_112' title='bbox 1177 1268 1233 1321; x_wconf 91' lang='lat'>2.</span> <span class='ocrx_word' id='word_1_113' title='bbox 1280 1264 1366 1336; x_wconf 83' lang='lat' dir='ltr'>Ne</span> <span class='ocrx_word' id='word_1_114' title='bbox 1396 1283 1592 1341; x_wconf 89' lang='lat' dir='ltr'>parem</span> <span class='ocrx_word' id='word_1_115' title='bbox 1623 1262 2035 1340; x_wconf 78' lang='lat' dir='ltr'>obligationem</span> <span class='ocrx_word' id='word_1_116' title='bbox 2078 1262 2443 1320; x_wconf 71' lang='lat' dir='ltr'>conscientiae</span> <span class='ocrx_word' id='word_1_117' title='bbox 2478 1263 2729 1321; x_wconf 86' lang='lat' dir='ltr'>habeant</span> <span class='ocrx_word' id='word_1_118' title='bbox 2757 1283 2888 1321; x_wconf 91' lang='lat' dir='ltr'>cum</span> 
     </span>
     <span class='ocr_line' id='line_1_13' title="bbox 478 1342 2888 1420; baseline 0 -19"><span class='ocrx_word' id='word_1_119' title='bbox 478 1344 710 1420; x_wconf 89' lang='lat' dir='ltr'>legibus</span> <span class='ocrx_word' id='word_1_120' title='bbox 739 1342 969 1414; x_wconf 82' lang='lat' dir='ltr'>divinis,</span> <span class='ocrx_word' id='word_1_121' title='bbox 1013 1343 1180 1418; x_wconf 88' lang='lat' dir='ltr'>quasi</span> <span class='ocrx_word' id='word_1_122' title='bbox 1221 1353 1414 1401; x_wconf 88' lang='lat' dir='ltr'>reatus</span> <span class='ocrx_word' id='word_1_123' title='bbox 1448 1342 1793 1401; x_wconf 89' lang='lat' dir='ltr'>damnabilis</span> <span class='ocrx_word' id='word_1_124' title='bbox 1835 1342 2158 1400; x_wconf 80' lang='lat' dir='ltr'>incurratur</span> <span class='ocrx_word' id='word_1_125' title='bbox 2184 1362 2258 1400; x_wconf 87' lang='lat' dir='ltr'>ex</span> <span class='ocrx_word' id='word_1_126' title='bbox 2288 1342 2516 1400; x_wconf 89' lang='lat' dir='ltr'>illorum</span> <span class='ocrx_word' id='word_1_127' title='bbox 2547 1362 2888 1419; x_wconf 89' lang='lat' dir='ltr'>quacunque</span> 
     </span>
     <span class='ocr_line' id='line_1_14' title="bbox 480 1421 2889 1499; baseline 0 -19"><span class='ocrx_word' id='word_1_128' title='bbox 480 1422 811 1496; x_wconf 90' lang='lat' dir='ltr'>violatione,</span> <span class='ocrx_word' id='word_1_129' title='bbox 862 1421 999 1478; x_wconf 88' lang='lat' dir='ltr'>licet</span> <span class='ocrx_word' id='word_1_130' title='bbox 1047 1421 1106 1478; x_wconf 91' lang='lat' dir='ltr'>id</span> <span class='ocrx_word' id='word_1_131' title='bbox 1155 1422 1378 1481; x_wconf 87' lang='lat' dir='ltr'>accidat</span> <span class='ocrx_word' id='word_1_132' title='bbox 1427 1423 1645 1499; x_wconf 81' lang='lat' dir='ltr'>absque</span> <span class='ocrx_word' id='word_1_133' title='bbox 1695 1430 2026 1498; x_wconf 87' lang='lat' dir='ltr'>contemptu</span> <span class='ocrx_word' id='word_1_134' title='bbox 2067 1422 2470 1498; x_wconf 70' lang='lat' dir='ltr'>praecipientis,</span> <span class='ocrx_word' id='word_1_135' title='bbox 2514 1430 2575 1481; x_wconf 90' lang='lat' dir='ltr'>et</span> <span class='ocrx_word' id='word_1_136' title='bbox 2616 1422 2889 1481; x_wconf 86' lang='lat' dir='ltr'>seandalo</span> 
     </span>
     <span class='ocr_line' id='line_1_15' title="bbox 481 1500 2886 1580; baseline 0 -20"><span class='ocrx_word' id='word_1_137' title='bbox 481 1503 744 1561; x_wconf 88' lang='lat' dir='ltr'>aliorum.</span> <span class='ocrx_word' id='word_1_138' title='bbox 832 1503 887 1559; x_wconf 89' lang='lat'>3.</span> <span class='ocrx_word' id='word_1_139' title='bbox 933 1500 1020 1558; x_wconf 92' lang='lat' dir='ltr'>Ne</span> <span class='ocrx_word' id='word_1_140' title='bbox 1051 1501 1133 1558; x_wconf 90' lang='lat' dir='ltr'>sic</span> <span class='ocrx_word' id='word_1_141' title='bbox 1162 1502 1619 1579; x_wconf 86' lang='lat' dir='ltr'>multiplicentur</span> <span class='ocrx_word' id='word_1_142' title='bbox 1646 1502 1791 1559; x_wconf 86' lang='lat' dir='ltr'>ritus</span> <span class='ocrx_word' id='word_1_143' title='bbox 1820 1502 1933 1574; x_wconf 86' lang='lat' dir='ltr'>isti,</span> <span class='ocrx_word' id='word_1_144' title='bbox 1964 1510 2030 1559; x_wconf 92' lang='lat' dir='ltr'>ut</span> <span class='ocrx_word' id='word_1_145' title='bbox 2056 1501 2189 1559; x_wconf 91' lang='lat' dir='ltr'>inde</span> <span class='ocrx_word' id='word_1_146' title='bbox 2221 1502 2419 1559; x_wconf 88' lang='lat' dir='ltr'>servili</span> <span class='ocrx_word' id='word_1_147' title='bbox 2447 1503 2596 1580; x_wconf 90' lang='lat' dir='ltr'>jugo</span> <span class='ocrx_word' id='word_1_148' title='bbox 2624 1522 2886 1579; x_wconf 86' lang='lat' dir='ltr'>preman-</span> 
     </span>
     <span class='ocr_line' id='line_1_16' title="bbox 471 1580 2403 1656; baseline -0.001 -15"><span class='ocrx_word' id='word_1_149' title='bbox 471 1592 573 1642; x_wconf 81' lang='lat' dir='ltr'>tur</span> <span class='ocrx_word' id='word_1_150' title='bbox 601 1580 928 1655; x_wconf 85' lang='lat' dir='ltr'>Christiani,</span> <span class='ocrx_word' id='word_1_151' title='bbox 960 1588 1018 1638; x_wconf 91' lang='lat' dir='ltr'>et</span> <span class='ocrx_word' id='word_1_152' title='bbox 1044 1582 1212 1656; x_wconf 91' lang='lat' dir='ltr'>quasi</span> <span class='ocrx_word' id='word_1_153' title='bbox 1239 1581 1299 1639; x_wconf 92' lang='lat' dir='ltr'>in</span> <span class='ocrx_word' id='word_1_154' title='bbox 1329 1582 1667 1640; x_wconf 89' lang='lat' dir='ltr'>servitutem</span> <span class='ocrx_word' id='word_1_155' title='bbox 1696 1582 1738 1640; x_wconf 88' lang='lat' dir='ltr'>J</span> <span class='ocrx_word' id='word_1_156' title='bbox 1743 1580 2009 1639; x_wconf 84' lang='lat' dir='ltr'>uda’icam</span> <span class='ocrx_word' id='word_1_157' title='bbox 2038 1581 2403 1640; x_wconf 87' lang='lat' dir='ltr'>reducantur.</span> 
     </span>
    </p>

    <p class='ocr_par' dir='ltr' id='par_1_4' title="bbox 481 1659 2906 3495">
     <span class='ocr_line' id='line_1_17' title="bbox 563 1659 2889 1737; baseline 0.001 -18"><span class='ocrx_word' id='word_1_158' title='bbox 563 1661 719 1719; x_wconf 88' lang='lat' dir='ltr'>XX.</span> <span class='ocrx_word' id='word_1_159' title='bbox 767 1659 1117 1719; x_wconf 87' lang='lat' dir='ltr'>Constitutio</span> <span class='ocrx_word' id='word_1_160' title='bbox 1146 1660 1504 1737; x_wconf 88' lang='lat' dir='ltr'>Apostolica,</span> <span class='ocrx_word' id='word_1_161' title='bbox 1538 1662 1674 1720; x_wconf 88' lang='lat' dir='ltr'>Act.</span> <span class='ocrx_word' id='word_1_162' title='bbox 1705 1682 1807 1720; x_wconf 85' lang='lat' dir='ltr'>xv.</span> <span class='ocrx_word' id='word_1_163' title='bbox 1839 1664 1934 1734; x_wconf 91' lang='lat'>20,</span> <span class='ocrx_word' id='word_1_164' title='bbox 1960 1661 2032 1720; x_wconf 89' lang='lat' dir='ltr'>de</span> <span class='ocrx_word' id='word_1_165' title='bbox 2061 1661 2410 1720; x_wconf 81' lang='lat' dir='ltr'>abstinentia</span> <span class='ocrx_word' id='word_1_166' title='bbox 2446 1682 2481 1720; x_wconf 90' lang='lat' dir='ltr'>a</span> <span class='ocrx_word' id='word_1_167' title='bbox 2523 1661 2801 1721; x_wconf 84' lang='lat' dir='ltr'>suffocato</span> <span class='ocrx_word' id='word_1_168' title='bbox 2830 1671 2889 1721; x_wconf 84' lang='lat' dir='ltr'>et</span> 
     </span>
     <span class='ocr_line' id='line_1_18' title="bbox 484 1740 2892 1821; baseline 0 -20"><span class='ocrx_word' id='word_1_169' title='bbox 484 1742 781 1820; x_wconf 90' lang='lat' dir='ltr'>sanguiue,</span> <span class='ocrx_word' id='word_1_170' title='bbox 814 1761 932 1798; x_wconf 92' lang='lat' dir='ltr'>non</span> <span class='ocrx_word' id='word_1_171' title='bbox 961 1740 1070 1798; x_wconf 89' lang='lat' dir='ltr'>fuit</span> <span class='ocrx_word' id='word_1_172' title='bbox 1107 1741 1259 1817; x_wconf 89' lang='lat' dir='ltr'>juris</span> <span class='ocrx_word' id='word_1_173' title='bbox 1303 1742 1581 1819; x_wconf 89' lang='lat' dir='ltr'>perpetui,</span> <span class='ocrx_word' id='word_1_174' title='bbox 1615 1741 1717 1799; x_wconf 89' lang='lat' dir='ltr'>sed</span> <span class='ocrx_word' id='word_1_175' title='bbox 1761 1742 2132 1818; x_wconf 87' lang='lat' dir='ltr'>temporarii:</span> <span class='ocrx_word' id='word_1_176' title='bbox 2175 1742 2466 1818; x_wconf 90' lang='lat' dir='ltr'>probatur,</span> <span class='ocrx_word' id='word_1_177' title='bbox 2519 1746 2569 1800; x_wconf 92' lang='lat'>1.</span> <span class='ocrx_word' id='word_1_178' title='bbox 2601 1742 2657 1799; x_wconf 92' lang='lat' dir='ltr'>A</span> <span class='ocrx_word' id='word_1_179' title='bbox 2686 1745 2810 1821; x_wconf 80' lang='lat' dir='ltr'>fine</span> <span class='ocrx_word' id='word_1_180' title='bbox 2837 1751 2892 1801; x_wconf 79' lang='lat' dir='ltr'>et</span> 
     </span>
     <span class='ocr_line' id='line_1_19' title="bbox 481 1820 2884 1899; baseline -0 -18"><span class='ocrx_word' id='word_1_181' title='bbox 481 1843 664 1899; x_wconf 81' lang='lat' dir='ltr'>scopo,</span> <span class='ocrx_word' id='word_1_182' title='bbox 694 1821 795 1898; x_wconf 89' lang='lat' dir='ltr'>qui</span> <span class='ocrx_word' id='word_1_183' title='bbox 823 1820 933 1879; x_wconf 89' lang='lat' dir='ltr'>fuit</span> <span class='ocrx_word' id='word_1_184' title='bbox 961 1841 1136 1879; x_wconf 86' lang='lat' dir='ltr'>eausa</span> <span class='ocrx_word' id='word_1_185' title='bbox 1162 1822 1558 1894; x_wconf 89' lang='lat' dir='ltr'>institutionis,</span> <span class='ocrx_word' id='word_1_186' title='bbox 1583 1821 1683 1898; x_wconf 92' lang='lat' dir='ltr'>qui</span> <span class='ocrx_word' id='word_1_187' title='bbox 1711 1820 1821 1879; x_wconf 88' lang='lat' dir='ltr'>fuit</span> <span class='ocrx_word' id='word_1_188' title='bbox 1848 1821 2242 1899; x_wconf 83' lang='lat' dir='ltr'>temporariuS,</span> <span class='ocrx_word' id='word_1_189' title='bbox 2274 1842 2389 1899; x_wconf 84' lang='lat' dir='ltr'>pax</span> <span class='ocrx_word' id='word_1_190' title='bbox 2419 1822 2556 1880; x_wconf 91' lang='lat' dir='ltr'>nim.</span> <span class='ocrx_word' id='word_1_191' title='bbox 2588 1822 2884 1897; x_wconf 64' lang='lat' dir='ltr'>Ecclesiae,</span> 
     </span>
     <span class='ocr_line' id='line_1_20' title="bbox 483 1901 2889 1980; baseline -0 -19"><span class='ocrx_word' id='word_1_192' title='bbox 483 1923 587 1980; x_wconf 91' lang='lat' dir='ltr'>per</span> <span class='ocrx_word' id='word_1_193' title='bbox 614 1902 978 1961; x_wconf 84' lang='lat' dir='ltr'>tolerantiam</span> <span class='ocrx_word' id='word_1_194' title='bbox 1007 1901 1361 1960; x_wconf 89' lang='lat' dir='ltr'>infirmorum</span> <span class='ocrx_word' id='word_1_195' title='bbox 1392 1922 1465 1960; x_wconf 87' lang='lat' dir='ltr'>ex</span> <span class='ocrx_word' id='word_1_196' title='bbox 1504 1901 1750 1975; x_wconf 81' lang='lat' dir='ltr'>Judaeis,</span> <span class='ocrx_word' id='word_1_197' title='bbox 1795 1901 1894 1978; x_wconf 91' lang='lat' dir='ltr'>qui</span> <span class='ocrx_word' id='word_1_198' title='bbox 1936 1901 2292 1960; x_wconf 57' lang='lat' dir='ltr'>caeremoniis</span> <span class='ocrx_word' id='word_1_199' title='bbox 2334 1903 2566 1975; x_wconf 90' lang='lat' dir='ltr'>assueti,</span> <span class='ocrx_word' id='word_1_200' title='bbox 2611 1903 2889 1980; x_wconf 90' lang='lat' dir='ltr'>paulatim</span> 
     </span>
     <span class='ocr_line' id='line_1_21' title="bbox 485 1981 2889 2060; baseline -0.001 -19"><span class='ocrx_word' id='word_1_201' title='bbox 485 1983 808 2041; x_wconf 86' lang='lat' dir='ltr'>debuerunt</span> <span class='ocrx_word' id='word_1_202' title='bbox 836 1981 911 2039; x_wconf 92' lang='lat' dir='ltr'>ab</span> <span class='ocrx_word' id='word_1_203' title='bbox 939 1981 1012 2039; x_wconf 91' lang='lat' dir='ltr'>iis</span> <span class='ocrx_word' id='word_1_204' title='bbox 1040 1982 1308 2057; x_wconf 88' lang='lat' dir='ltr'>avocari;</span> <span class='ocrx_word' id='word_1_205' title='bbox 1355 1986 1410 2040; x_wconf 88' lang='lat'>2.</span> <span class='ocrx_word' id='word_1_206' title='bbox 1444 1982 1538 2039; x_wconf 88' lang='lat' dir='ltr'>Ex</span> <span class='ocrx_word' id='word_1_207' title='bbox 1567 1984 1733 2039; x_wconf 86' lang='lat' dir='ltr'>modo</span> <span class='ocrx_word' id='word_1_208' title='bbox 1775 1982 2080 2057; x_wconf 77' lang='lat' dir='ltr'>decisionis,</span> <span class='ocrx_word' id='word_1_209' title='bbox 2112 2002 2227 2058; x_wconf 93' lang='lat' dir='ltr'>quo</span> <span class='ocrx_word' id='word_1_210' title='bbox 2255 1990 2314 2041; x_wconf 89' lang='lat' dir='ltr'>et</span> <span class='ocrx_word' id='word_1_211' title='bbox 2343 1982 2632 2041; x_wconf 82' lang='lat' dir='ltr'>Gentibus</span> <span class='ocrx_word' id='word_1_212' title='bbox 2673 1982 2889 2060; x_wconf 88' lang='lat' dir='ltr'>gratifi-</span> 
     </span>
     <span class='ocr_line' id='line_1_22' title="bbox 486 2061 2888 2138; baseline -0.001 -17"><span class='ocrx_word' id='word_1_213' title='bbox 486 2072 705 2136; x_wconf 83' lang='lat' dir='ltr'>cantur,</span> <span class='ocrx_word' id='word_1_214' title='bbox 738 2061 1094 2120; x_wconf 88' lang='lat' dir='ltr'>absolvendo</span> <span class='ocrx_word' id='word_1_215' title='bbox 1124 2081 1222 2120; x_wconf 89' lang='lat' dir='ltr'>eas</span> <span class='ocrx_word' id='word_1_216' title='bbox 1250 2082 1284 2119; x_wconf 93' lang='lat' dir='ltr'>a</span> <span class='ocrx_word' id='word_1_217' title='bbox 1313 2062 1669 2120; x_wconf 70' lang='lat' dir='ltr'>caeremoniis</span> <span class='ocrx_word' id='word_1_218' title='bbox 1700 2061 1893 2138; x_wconf 82' lang='lat' dir='ltr'>Legis,</span> <span class='ocrx_word' id='word_1_219' title='bbox 1924 2070 1983 2120; x_wconf 86' lang='lat' dir='ltr'>et</span> <span class='ocrx_word' id='word_1_220' title='bbox 2010 2062 2052 2120; x_wconf 88' lang='lat' dir='ltr'>J</span> <span class='ocrx_word' id='word_1_221' title='bbox 2056 2061 2238 2119; x_wconf 87' lang='lat' dir='ltr'>udaeis</span> <span class='ocrx_word' id='word_1_222' title='bbox 2279 2062 2607 2121; x_wconf 85' lang='lat' dir='ltr'>satisfacere</span> <span class='ocrx_word' id='word_1_223' title='bbox 2638 2062 2888 2134; x_wconf 88' lang='lat' dir='ltr'>student,</span> 
     </span>
     <span class='ocr_line' id='line_1_23' title="bbox 485 2141 2892 2219; baseline -0 -18"><span class='ocrx_word' id='word_1_224' title='bbox 485 2142 765 2219; x_wconf 88' lang='lat' dir='ltr'>quasdam</span> <span class='ocrx_word' id='word_1_225' title='bbox 814 2142 1184 2200; x_wconf 63' lang='lat' dir='ltr'>caeremonias</span> <span class='ocrx_word' id='word_1_226' title='bbox 1224 2142 1511 2200; x_wconf 89' lang='lat' dir='ltr'>Gentibus</span> <span class='ocrx_word' id='word_1_227' title='bbox 1559 2142 1924 2218; x_wconf 75' lang='lat' dir='ltr'>imperanteS,</span> <span class='ocrx_word' id='word_1_228' title='bbox 1975 2150 2041 2200; x_wconf 89' lang='lat' dir='ltr'>ut</span> <span class='ocrx_word' id='word_1_229' title='bbox 2087 2142 2409 2200; x_wconf 72' lang='lat' dir='ltr'>concordiae</span> <span class='ocrx_word' id='word_1_230' title='bbox 2454 2163 2629 2201; x_wconf 87' lang='lat' dir='ltr'>causa</span> <span class='ocrx_word' id='word_1_231' title='bbox 2671 2141 2892 2219; x_wconf 90' lang='lat' dir='ltr'>aliquid</span> 
     </span>
     <span class='ocr_line' id='line_1_24' title="bbox 484 2221 2892 2299; baseline -0 -19"><span class='ocrx_word' id='word_1_232' title='bbox 484 2223 602 2280; x_wconf 88' lang='lat' dir='ltr'>illis</span> <span class='ocrx_word' id='word_1_233' title='bbox 632 2222 1015 2298; x_wconf 88' lang='lat' dir='ltr'>indulgerent,</span> <span class='ocrx_word' id='word_1_234' title='bbox 1056 2221 1239 2280; x_wconf 86' lang='lat' dir='ltr'>donec</span> <span class='ocrx_word' id='word_1_235' title='bbox 1280 2222 1508 2299; x_wconf 88' lang='lat' dir='ltr'>plenius</span> <span class='ocrx_word' id='word_1_236' title='bbox 1550 2221 1934 2280; x_wconf 86' lang='lat' dir='ltr'>innotesceret</span> <span class='ocrx_word' id='word_1_237' title='bbox 1976 2221 2301 2280; x_wconf 88' lang='lat' dir='ltr'>Christiana</span> <span class='ocrx_word' id='word_1_238' title='bbox 2340 2223 2594 2297; x_wconf 85' lang='lat' dir='ltr'>libertas,</span> <span class='ocrx_word' id='word_1_239' title='bbox 2640 2223 2892 2280; x_wconf 86' lang='lat' dir='ltr'>maxime</span> 
     </span>
     <span class='ocr_line' id='line_1_25' title="bbox 488 2301 2896 2379; baseline 0 -19"><span class='ocrx_word' id='word_1_240' title='bbox 488 2302 624 2379; x_wconf 90' lang='lat' dir='ltr'>quia</span> <span class='ocrx_word' id='word_1_241' title='bbox 650 2302 848 2361; x_wconf 80' lang='lat' dir='ltr'>Judaei</span> <span class='ocrx_word' id='word_1_242' title='bbox 876 2321 944 2360; x_wconf 93' lang='lat' dir='ltr'>eo</span> <span class='ocrx_word' id='word_1_243' title='bbox 992 2302 1355 2379; x_wconf 85' lang='lat' dir='ltr'>potissimum</span> <span class='ocrx_word' id='word_1_244' title='bbox 1385 2323 1445 2361; x_wconf 89' lang='lat' dir='ltr'>se</span> <span class='ocrx_word' id='word_1_245' title='bbox 1489 2322 1523 2360; x_wconf 90' lang='lat' dir='ltr'>a</span> <span class='ocrx_word' id='word_1_246' title='bbox 1553 2302 1842 2361; x_wconf 87' lang='lat' dir='ltr'>Gentibus</span> <span class='ocrx_word' id='word_1_247' title='bbox 1883 2321 2120 2360; x_wconf 89' lang='lat' dir='ltr'>aversos</span> <span class='ocrx_word' id='word_1_248' title='bbox 2160 2301 2612 2379; x_wconf 87' lang='lat' dir='ltr'>profitebantur;</span> <span class='ocrx_word' id='word_1_249' title='bbox 2658 2306 2714 2362; x_wconf 89' lang='lat'>3.</span> <span class='ocrx_word' id='word_1_250' title='bbox 2746 2302 2896 2375; x_wconf 89' lang='lat' dir='ltr'>Quia</span> 
     </span>
     <span class='ocr_line' id='line_1_26' title="bbox 489 2381 2897 2458; baseline 0 -18"><span class='ocrx_word' id='word_1_251' title='bbox 489 2382 795 2440; x_wconf 87' lang='lat' dir='ltr'>discrimen</span> <span class='ocrx_word' id='word_1_252' title='bbox 825 2401 993 2440; x_wconf 91' lang='lat' dir='ltr'>omne</span> <span class='ocrx_word' id='word_1_253' title='bbox 1023 2382 1280 2440; x_wconf 90' lang='lat' dir='ltr'>ciborum</span> <span class='ocrx_word' id='word_1_254' title='bbox 1310 2383 1418 2440; x_wconf 92' lang='lat' dir='ltr'>sub</span> <span class='ocrx_word' id='word_1_255' title='bbox 1463 2382 1631 2440; x_wconf 86' lang='lat' dir='ltr'>Novo</span> <span class='ocrx_word' id='word_1_256' title='bbox 1673 2382 2045 2441; x_wconf 84' lang='lat' dir='ltr'>Testamento</span> <span class='ocrx_word' id='word_1_257' title='bbox 2085 2381 2255 2458; x_wconf 88' lang='lat' dir='ltr'>plane</span> <span class='ocrx_word' id='word_1_258' title='bbox 2296 2382 2640 2458; x_wconf 86' lang='lat' dir='ltr'>abrogatum</span> <span class='ocrx_word' id='word_1_259' title='bbox 2682 2392 2787 2454; x_wconf 87' lang='lat' dir='ltr'>est,</span> <span class='ocrx_word' id='word_1_260' title='bbox 2832 2390 2897 2440; x_wconf 88' lang='lat' dir='ltr'>ut</span> 
     </span>
     <span class='ocr_line' id='line_1_27' title="bbox 490 2461 2895 2539; baseline -0 -19"><span class='ocrx_word' id='word_1_261' title='bbox 490 2470 650 2539; x_wconf 86' lang='lat' dir='ltr'>patet</span> <span class='ocrx_word' id='word_1_262' title='bbox 678 2482 754 2520; x_wconf 80' lang='lat' dir='ltr'>ex</span> <span class='ocrx_word' id='word_1_263' title='bbox 781 2462 942 2538; x_wconf 89' lang='lat' dir='ltr'>loeis,</span> <span class='ocrx_word' id='word_1_264' title='bbox 978 2461 1144 2519; x_wconf 88' lang='lat' dir='ltr'>Rom.</span> <span class='ocrx_word' id='word_1_265' title='bbox 1175 2462 1296 2519; x_wconf 87' lang='lat' dir='ltr'>xiv.</span> <span class='ocrx_word' id='word_1_266' title='bbox 1332 2465 1423 2536; x_wconf 87' lang='grc'>14,</span> <span class='ocrx_word' id='word_1_267' title='bbox 1460 2464 1487 2518; x_wconf 96' lang='grc'>1</span> <span class='ocrx_word' id='word_1_268' title='bbox 1525 2462 1653 2520; x_wconf 92' lang='lat' dir='ltr'>Cor.</span> <span class='ocrx_word' id='word_1_269' title='bbox 1683 2462 1806 2520; x_wconf 89' lang='lat' dir='ltr'>viii.</span> <span class='ocrx_word' id='word_1_270' title='bbox 1848 2465 1902 2536; x_wconf 89' lang='lat'>8,</span> <span class='ocrx_word' id='word_1_271' title='bbox 1935 2470 1993 2520; x_wconf 92' lang='lat' dir='ltr'>et</span> <span class='ocrx_word' id='word_1_272' title='bbox 2021 2482 2080 2519; x_wconf 87' lang='lat' dir='ltr'>x.</span> <span class='ocrx_word' id='word_1_273' title='bbox 2125 2466 2220 2534; x_wconf 81' lang='lat'>27,</span> <span class='ocrx_word' id='word_1_274' title='bbox 2266 2462 2388 2520; x_wconf 87' lang='lat' dir='ltr'>Col.</span> <span class='ocrx_word' id='word_1_275' title='bbox 2433 2463 2498 2521; x_wconf 90' lang='lat' dir='ltr'>ii.</span> <span class='ocrx_word' id='word_1_276' title='bbox 2538 2467 2633 2536; x_wconf 89' lang='lat'>21,</span> <span class='ocrx_word' id='word_1_277' title='bbox 2682 2465 2712 2520; x_wconf 93' lang='lat'>1</span> <span class='ocrx_word' id='word_1_278' title='bbox 2745 2462 2895 2520; x_wconf 88' lang='lat' dir='ltr'>Tim.</span> 
     </span>
     <span class='ocr_line' id='line_1_28' title="bbox 492 2541 2898 2620; baseline 0 -22"><span class='ocrx_word' id='word_1_279' title='bbox 492 2541 572 2599; x_wconf 90' lang='lat' dir='ltr'>iv.</span> <span class='ocrx_word' id='word_1_280' title='bbox 605 2544 661 2598; x_wconf 88' lang='lat'>3.</span> <span class='ocrx_word' id='word_1_281' title='bbox 747 2541 945 2618; x_wconf 87' lang='lat' dir='ltr'>Atque</span> <span class='ocrx_word' id='word_1_282' title='bbox 975 2561 1043 2599; x_wconf 88' lang='lat' dir='ltr'>eo</span> <span class='ocrx_word' id='word_1_283' title='bbox 1071 2541 1275 2599; x_wconf 84' lang='lat' dir='ltr'>fortius</span> <span class='ocrx_word' id='word_1_284' title='bbox 1311 2541 1544 2619; x_wconf 89' lang='lat' dir='ltr'>stringit</span> <span class='ocrx_word' id='word_1_285' title='bbox 1589 2550 2012 2618; x_wconf 89' lang='lat' dir='ltr'>argumentum,</span> <span class='ocrx_word' id='word_1_286' title='bbox 2063 2545 2113 2598; x_wconf 92' lang='lat' dir='ltr'>l.</span> <span class='ocrx_word' id='word_1_287' title='bbox 2146 2541 2315 2616; x_wconf 93' lang='lat' dir='ltr'>Quod</span> <span class='ocrx_word' id='word_1_288' title='bbox 2366 2542 2586 2602; x_wconf 89' lang='lat' dir='ltr'>Paulus</span> <span class='ocrx_word' id='word_1_289' title='bbox 2623 2544 2764 2620; x_wconf 89' lang='lat' dir='ltr'>ipse,</span> <span class='ocrx_word' id='word_1_290' title='bbox 2797 2541 2898 2620; x_wconf 92' lang='lat' dir='ltr'>qui</span> 
     </span>
     <span class='ocr_line' id='line_1_29' title="bbox 496 2620 2902 2700; baseline 0.002 -21"><span class='ocrx_word' id='word_1_291' title='bbox 496 2620 734 2697; x_wconf 84' lang='lat' dir='ltr'>Synodo</span> <span class='ocrx_word' id='word_1_292' title='bbox 762 2620 1037 2696; x_wconf 85' lang='lat' dir='ltr'>interfuit,</span> <span class='ocrx_word' id='word_1_293' title='bbox 1070 2631 1433 2697; x_wconf 88' lang='lat' dir='ltr'>mentemque</span> <span class='ocrx_word' id='word_1_294' title='bbox 1462 2623 1588 2698; x_wconf 88' lang='lat' dir='ltr'>ejus</span> <span class='ocrx_word' id='word_1_295' title='bbox 1617 2623 1830 2698; x_wconf 88' lang='lat' dir='ltr'>optime</span> <span class='ocrx_word' id='word_1_296' title='bbox 1858 2623 2044 2681; x_wconf 85' lang='lat' dir='ltr'>tenuit</span> <span class='ocrx_word' id='word_1_297' title='bbox 2073 2631 2131 2681; x_wconf 85' lang='lat' dir='ltr'>et</span> <span class='ocrx_word' id='word_1_298' title='bbox 2158 2622 2490 2699; x_wconf 76' lang='lat' dir='ltr'>explicavit,</span> <span class='ocrx_word' id='word_1_299' title='bbox 2522 2624 2633 2683; x_wconf 90' lang='lat' dir='ltr'>ista</span> <span class='ocrx_word' id='word_1_300' title='bbox 2672 2624 2902 2700; x_wconf 87' lang='lat' dir='ltr'>scripsit</span> 
     </span>
     <span class='ocr_line' id='line_1_30' title="bbox 495 2699 2900 2780; baseline 0.002 -23"><span class='ocrx_word' id='word_1_301' title='bbox 495 2709 629 2777; x_wconf 89' lang='lat' dir='ltr'>post</span> <span class='ocrx_word' id='word_1_302' title='bbox 661 2700 978 2774; x_wconf 86' lang='lat' dir='ltr'>Synodum.</span> <span class='ocrx_word' id='word_1_303' title='bbox 1065 2699 1364 2773; x_wconf 89' lang='lat' dir='ltr'>Quomodo</span> <span class='ocrx_word' id='word_1_304' title='bbox 1393 2721 1531 2759; x_wconf 86' lang='lat' dir='ltr'>vero</span> <span class='ocrx_word' id='word_1_305' title='bbox 1562 2700 1884 2778; x_wconf 87' lang='lat' dir='ltr'>Apostolus</span> <span class='ocrx_word' id='word_1_306' title='bbox 1913 2712 2030 2761; x_wconf 90' lang='lat' dir='ltr'>tam</span> <span class='ocrx_word' id='word_1_307' title='bbox 2061 2702 2211 2760; x_wconf 90' lang='lat' dir='ltr'>clare</span> <span class='ocrx_word' id='word_1_308' title='bbox 2241 2711 2300 2760; x_wconf 88' lang='lat' dir='ltr'>et</span> <span class='ocrx_word' id='word_1_309' title='bbox 2328 2723 2600 2780; x_wconf 84' lang='lat' dir='ltr'>expresse</span> <span class='ocrx_word' id='word_1_310' title='bbox 2642 2705 2756 2763; x_wconf 84' lang='lat' dir='ltr'>tale</span> <span class='ocrx_word' id='word_1_311' title='bbox 2785 2704 2900 2762; x_wconf 90' lang='lat' dir='ltr'>dis-</span> 
     </span>
     <span class='ocr_line' id='line_1_31' title="bbox 495 2779 2902 2861; baseline 0.001 -23"><span class='ocrx_word' id='word_1_312' title='bbox 495 2779 712 2838; x_wconf 87' lang='lat' dir='ltr'>crimen</span> <span class='ocrx_word' id='word_1_313' title='bbox 757 2779 881 2837; x_wconf 90' lang='lat' dir='ltr'>sine</span> <span class='ocrx_word' id='word_1_314' title='bbox 909 2779 1029 2837; x_wconf 89' lang='lat' dir='ltr'>ulla</span> <span class='ocrx_word' id='word_1_315' title='bbox 1056 2781 1394 2856; x_wconf 87' lang='lat' dir='ltr'>exceptione</span> <span class='ocrx_word' id='word_1_316' title='bbox 1424 2781 1626 2840; x_wconf 89' lang='lat' dir='ltr'>tollere</span> <span class='ocrx_word' id='word_1_317' title='bbox 1676 2783 1878 2859; x_wconf 89' lang='lat' dir='ltr'>potuit,</span> <span class='ocrx_word' id='word_1_318' title='bbox 1927 2783 1977 2841; x_wconf 92' lang='lat' dir='ltr'>si</span> <span class='ocrx_word' id='word_1_319' title='bbox 2022 2783 2242 2840; x_wconf 89' lang='lat' dir='ltr'>sanctio</span> <span class='ocrx_word' id='word_1_320' title='bbox 2273 2783 2615 2859; x_wconf 90' lang='lat' dir='ltr'>Apostolica</span> <span class='ocrx_word' id='word_1_321' title='bbox 2658 2784 2731 2841; x_wconf 91' lang='lat' dir='ltr'>ab</span> <span class='ocrx_word' id='word_1_322' title='bbox 2775 2784 2902 2861; x_wconf 90' lang='lat' dir='ltr'>ipso</span> 
     </span>
     <span class='ocr_line' id='line_1_32' title="bbox 497 2858 2901 2941; baseline 0.002 -25"><span class='ocrx_word' id='word_1_323' title='bbox 497 2858 830 2917; x_wconf 87' lang='lat' dir='ltr'>existimata</span> <span class='ocrx_word' id='word_1_324' title='bbox 857 2858 1061 2917; x_wconf 86' lang='lat' dir='ltr'>fuisset</span> <span class='ocrx_word' id='word_1_325' title='bbox 1082 2859 1234 2936; x_wconf 89' lang='lat' dir='ltr'>juris</span> <span class='ocrx_word' id='word_1_326' title='bbox 1263 2861 1574 2937; x_wconf 81' lang='lat' dir='ltr'>perpetui?</span> <span class='ocrx_word' id='word_1_327' title='bbox 1618 2861 1745 2919; x_wconf 92' lang='lat' dir='ltr'>Imo</span> <span class='ocrx_word' id='word_1_328' title='bbox 1775 2881 1906 2920; x_wconf 89' lang='lat' dir='ltr'>cum</span> <span class='ocrx_word' id='word_1_329' title='bbox 1938 2862 2065 2920; x_wconf 85' lang='lat' dir='ltr'>Lex</span> <span class='ocrx_word' id='word_1_330' title='bbox 2103 2862 2385 2939; x_wconf 86' lang='lat' dir='ltr'>posterior</span> <span class='ocrx_word' id='word_1_331' title='bbox 2426 2862 2667 2941; x_wconf 86' lang='lat' dir='ltr'>deroget</span> <span class='ocrx_word' id='word_1_332' title='bbox 2706 2864 2901 2940; x_wconf 88' lang='lat' dir='ltr'>priori,</span> 
     </span>
     <span class='ocr_line' id='line_1_33' title="bbox 496 2938 2901 3020; baseline 0.002 -23"><span class='ocrx_word' id='word_1_333' title='bbox 496 2938 760 2998; x_wconf 88' lang='lat' dir='ltr'>dubitare</span> <span class='ocrx_word' id='word_1_334' title='bbox 788 2958 902 2997; x_wconf 91' lang='lat' dir='ltr'>non</span> <span class='ocrx_word' id='word_1_335' title='bbox 932 2939 1209 2998; x_wconf 90' lang='lat' dir='ltr'>debemus</span> <span class='ocrx_word' id='word_1_336' title='bbox 1240 2941 1456 3018; x_wconf 88' lang='lat' dir='ltr'>Legem</span> <span class='ocrx_word' id='word_1_337' title='bbox 1497 2941 1666 3000; x_wconf 88' lang='lat' dir='ltr'>istam</span> <span class='ocrx_word' id='word_1_338' title='bbox 1695 2942 1767 2999; x_wconf 89' lang='lat' dir='ltr'>ab</span> <span class='ocrx_word' id='word_1_339' title='bbox 1817 2942 1945 3019; x_wconf 91' lang='lat' dir='ltr'>ipso</span> <span class='ocrx_word' id='word_1_340' title='bbox 1974 2952 2288 3018; x_wconf 86' lang='lat' dir='ltr'>spectatam</span> <span class='ocrx_word' id='word_1_341' title='bbox 2330 2942 2508 3001; x_wconf 86' lang='lat' dir='ltr'>fuisse</span> <span class='ocrx_word' id='word_1_342' title='bbox 2549 2953 2614 3003; x_wconf 92' lang='lat' dir='ltr'>ut</span> <span class='ocrx_word' id='word_1_343' title='bbox 2656 2944 2901 3020; x_wconf 87' lang='lat' dir='ltr'>abrogo-</span> 
     </span>
     <span class='ocr_line' id='line_1_34' title="bbox 493 3018 2906 3101; baseline 0.002 -23"><span class='ocrx_word' id='word_1_344' title='bbox 493 3026 632 3094; x_wconf 90' lang='lat' dir='ltr'>tam,</span> <span class='ocrx_word' id='word_1_345' title='bbox 662 3018 760 3077; x_wconf 90' lang='lat' dir='ltr'>vel</span> <span class='ocrx_word' id='word_1_346' title='bbox 788 3027 854 3078; x_wconf 91' lang='lat' dir='ltr'>ut</span> <span class='ocrx_word' id='word_1_347' title='bbox 882 3019 1292 3098; x_wconf 86' lang='lat' dir='ltr'>abrogandam.</span> <span class='ocrx_word' id='word_1_348' title='bbox 1379 3022 1560 3099; x_wconf 90' lang='lat' dir='ltr'>Cujus</span> <span class='ocrx_word' id='word_1_349' title='bbox 1589 3021 1810 3079; x_wconf 89' lang='lat' dir='ltr'>sanctio</span> <span class='ocrx_word' id='word_1_350' title='bbox 1840 3021 1890 3080; x_wconf 88' lang='lat' dir='ltr'>si</span> <span class='ocrx_word' id='word_1_351' title='bbox 1918 3030 2243 3095; x_wconf 85' lang='lat' dir='ltr'>renovatur,</span> <span class='ocrx_word' id='word_1_352' title='bbox 2286 3023 2421 3081; x_wconf 91' lang='lat' dir='ltr'>Act.</span> <span class='ocrx_word' id='word_1_353' title='bbox 2467 3024 2589 3081; x_wconf 85' lang='lat' dir='ltr'>xxi.</span> <span class='ocrx_word' id='word_1_354' title='bbox 2634 3027 2729 3098; x_wconf 88' lang='lat'>25,</span> <span class='ocrx_word' id='word_1_355' title='bbox 2774 3033 2906 3101; x_wconf 85' lang='lat' dir='ltr'>post</span> 
     </span>
     <span class='ocr_line' id='line_1_35' title="bbox 495 3100 2900 3180; baseline 0.001 -21"><span class='ocrx_word' id='word_1_356' title='bbox 495 3100 767 3178; x_wconf 83' lang='lat' dir='ltr'>scriptam</span> <span class='ocrx_word' id='word_1_357' title='bbox 797 3101 1098 3178; x_wconf 89' lang='lat' dir='ltr'>epistolam</span> <span class='ocrx_word' id='word_1_358' title='bbox 1128 3100 1204 3159; x_wconf 90' lang='lat' dir='ltr'>ad</span> <span class='ocrx_word' id='word_1_359' title='bbox 1233 3101 1577 3175; x_wconf 89' lang='lat' dir='ltr'>Corinthios,</span> <span class='ocrx_word' id='word_1_360' title='bbox 1609 3121 1727 3159; x_wconf 89' lang='lat' dir='ltr'>non</span> <span class='ocrx_word' id='word_1_361' title='bbox 1755 3100 1924 3159; x_wconf 88' lang='lat' dir='ltr'>aliter</span> <span class='ocrx_word' id='word_1_362' title='bbox 1952 3101 2331 3178; x_wconf 88' lang='lat' dir='ltr'>intelligenda</span> <span class='ocrx_word' id='word_1_363' title='bbox 2358 3111 2462 3174; x_wconf 89' lang='lat' dir='ltr'>est,</span> <span class='ocrx_word' id='word_1_364' title='bbox 2495 3123 2667 3180; x_wconf 90' lang='lat' dir='ltr'>quam</span> <span class='ocrx_word' id='word_1_365' title='bbox 2711 3124 2785 3162; x_wconf 84' lang='lat' dir='ltr'>ex</span> <span class='ocrx_word' id='word_1_366' title='bbox 2813 3104 2900 3161; x_wconf 90' lang='lat' dir='ltr'>in-</span> 
     </span>
     <span class='ocr_line' id='line_1_36' title="bbox 494 3181 2901 3261; baseline 0.002 -22"><span class='ocrx_word' id='word_1_367' title='bbox 494 3182 696 3241; x_wconf 91' lang='lat' dir='ltr'>stituto</span> <span class='ocrx_word' id='word_1_368' title='bbox 725 3190 784 3240; x_wconf 90' lang='lat' dir='ltr'>et</span> <span class='ocrx_word' id='word_1_369' title='bbox 825 3182 1182 3240; x_wconf 89' lang='lat' dir='ltr'>ordinatione</span> <span class='ocrx_word' id='word_1_370' title='bbox 1212 3181 1556 3259; x_wconf 87' lang='lat' dir='ltr'>Apostolica</span> <span class='ocrx_word' id='word_1_371' title='bbox 1603 3200 1706 3257; x_wconf 91' lang='lat' dir='ltr'>pro</span> <span class='ocrx_word' id='word_1_372' title='bbox 1749 3190 1906 3239; x_wconf 90' lang='lat' dir='ltr'>certo</span> <span class='ocrx_word' id='word_1_373' title='bbox 1951 3188 2223 3257; x_wconf 88' lang='lat' dir='ltr'>tempore,</span> <span class='ocrx_word' id='word_1_374' title='bbox 2274 3202 2390 3240; x_wconf 92' lang='lat' dir='ltr'>non</span> <span class='ocrx_word' id='word_1_375' title='bbox 2440 3183 2499 3240; x_wconf 91' lang='lat' dir='ltr'>in</span> <span class='ocrx_word' id='word_1_376' title='bbox 2543 3192 2901 3261; x_wconf 86' lang='lat' dir='ltr'>perpetuum.</span> 
     </span>
     <span class='ocr_line' id='line_1_37' title="bbox 493 3260 2901 3340; baseline 0.001 -21"><span class='ocrx_word' id='word_1_377' title='bbox 493 3265 550 3319; x_wconf 86' lang='lat'>4.</span> <span class='ocrx_word' id='word_1_378' title='bbox 594 3261 894 3321; x_wconf 85' lang='lat' dir='ltr'>Judicium</span> <span class='ocrx_word' id='word_1_379' title='bbox 925 3271 983 3321; x_wconf 91' lang='lat' dir='ltr'>et</span> <span class='ocrx_word' id='word_1_380' title='bbox 1011 3262 1328 3320; x_wconf 87' lang='lat' dir='ltr'>authoritas</span> <span class='ocrx_word' id='word_1_381' title='bbox 1372 3261 1667 3335; x_wconf 82' lang='lat' dir='ltr'>Ecclesiae,</span> <span class='ocrx_word' id='word_1_382' title='bbox 1700 3281 1829 3337; x_wconf 84' lang='lat' dir='ltr'>quae</span> <span class='ocrx_word' id='word_1_383' title='bbox 1869 3260 2135 3319; x_wconf 87' lang='lat' dir='ltr'>libertate</span> <span class='ocrx_word' id='word_1_384' title='bbox 2179 3261 2506 3321; x_wconf 89' lang='lat' dir='ltr'>Christiana</span> <span class='ocrx_word' id='word_1_385' title='bbox 2546 3263 2774 3340; x_wconf 88' lang='lat' dir='ltr'>plenius</span> <span class='ocrx_word' id='word_1_386' title='bbox 2814 3284 2901 3322; x_wconf 92' lang='lat' dir='ltr'>re-</span> 
     </span>
     <span class='ocr_line' id='line_1_38' title="bbox 493 3339 2902 3419; baseline 0.001 -20"><span class='ocrx_word' id='word_1_387' title='bbox 493 3350 663 3414; x_wconf 87' lang='lat' dir='ltr'>tecta,</span> <span class='ocrx_word' id='word_1_388' title='bbox 698 3341 912 3418; x_wconf 90' lang='lat' dir='ltr'>Legem</span> <span class='ocrx_word' id='word_1_389' title='bbox 946 3341 1104 3397; x_wconf 88' lang='lat' dir='ltr'>illam</span> <span class='ocrx_word' id='word_1_390' title='bbox 1155 3341 1367 3399; x_wconf 91' lang='lat' dir='ltr'>sensim</span> <span class='ocrx_word' id='word_1_391' title='bbox 1402 3341 1652 3399; x_wconf 89' lang='lat' dir='ltr'>mutavit</span> <span class='ocrx_word' id='word_1_392' title='bbox 1692 3350 1752 3399; x_wconf 91' lang='lat' dir='ltr'>et</span> <span class='ocrx_word' id='word_1_393' title='bbox 1793 3339 2115 3416; x_wconf 89' lang='lat' dir='ltr'>abrogavit,</span> <span class='ocrx_word' id='word_1_394' title='bbox 2162 3341 2233 3399; x_wconf 87' lang='lat' dir='ltr'>de</span> <span class='ocrx_word' id='word_1_395' title='bbox 2276 3362 2391 3418; x_wconf 90' lang='lat' dir='ltr'>quo</span> <span class='ocrx_word' id='word_1_396' title='bbox 2420 3342 2553 3401; x_wconf 88' lang='lat' dir='ltr'>vide</span> <span class='ocrx_word' id='word_1_397' title='bbox 2598 3342 2756 3419; x_wconf 89' lang='lat' dir='ltr'>Aug.</span> <span class='ocrx_word' id='word_1_398' title='bbox 2797 3343 2902 3402; x_wconf 92' lang='lat' dir='ltr'>lib.</span> 
     </span>
     <span class='ocr_line' id='line_1_39' title="bbox 492 3420 1404 3495; baseline 0.002 -19"><span class='ocrx_word' id='word_1_399' title='bbox 492 3420 681 3477; x_wconf 83' lang='lat' dir='ltr'>xxxii.</span> <span class='ocrx_word' id='word_1_400' title='bbox 713 3428 864 3478; x_wconf 87' lang='lat' dir='ltr'>cont.</span> <span class='ocrx_word' id='word_1_401' title='bbox 897 3421 1196 3495; x_wconf 88' lang='lat' dir='ltr'>Faustum,</span> <span class='ocrx_word' id='word_1_402' title='bbox 1228 3440 1276 3478; x_wconf 88' lang='lat' dir='ltr'>c.</span> <span class='ocrx_word' id='word_1_403' title='bbox 1313 3423 1404 3479; x_wconf 89' lang='lat'>13.</span> 
     </span>
    </p>

    <p class='ocr_par' dir='ltr' id='par_1_5' title="bbox 482 3498 2913 4697">
     <span class='ocr_line' id='line_1_40' title="bbox 576 3498 2901 3577; baseline 0.003 -23"><span class='ocrx_word' id='word_1_404' title='bbox 576 3498 766 3555; x_wconf 87' lang='lat' dir='ltr'>XXI.</span> <span class='ocrx_word' id='word_1_405' title='bbox 812 3499 1254 3557; x_wconf 86' lang='lat' dir='ltr'>Constitutionis</span> <span class='ocrx_word' id='word_1_406' title='bbox 1302 3500 1468 3558; x_wconf 89' lang='lat' dir='ltr'>istius</span> <span class='ocrx_word' id='word_1_407' title='bbox 1510 3500 1952 3577; x_wconf 86' lang='lat' dir='ltr'>perpetuitatem</span> <span class='ocrx_word' id='word_1_408' title='bbox 1980 3519 2096 3559; x_wconf 90' lang='lat' dir='ltr'>non</span> <span class='ocrx_word' id='word_1_409' title='bbox 2124 3500 2356 3577; x_wconf 86' lang='lat' dir='ltr'>evincit,</span> <span class='ocrx_word' id='word_1_410' title='bbox 2406 3506 2457 3560; x_wconf 92' lang='lat'>1.</span> <span class='ocrx_word' id='word_1_411' title='bbox 2491 3503 2657 3577; x_wconf 89' lang='lat' dir='ltr'>Quod</span> <span class='ocrx_word' id='word_1_412' title='bbox 2686 3505 2901 3562; x_wconf 81' lang='lat' dir='ltr'>autori-</span> 
     </span>
     <span class='ocr_line' id='line_1_41' title="bbox 493 3578 2904 3659; baseline 0.003 -24"><span class='ocrx_word' id='word_1_413' title='bbox 493 3586 605 3635; x_wconf 79' lang='lat' dir='ltr'>tate</span> <span class='ocrx_word' id='word_1_414' title='bbox 633 3578 956 3652; x_wconf 79' lang='lat' dir='ltr'>Apostolica</span> <span class='ocrx_word' id='word_1_415' title='bbox 983 3578 1136 3636; x_wconf 88' lang='lat' dir='ltr'>facta</span> <span class='ocrx_word' id='word_1_416' title='bbox 1163 3579 1271 3652; x_wconf 91' lang='lat' dir='ltr'>sit;</span> <span class='ocrx_word' id='word_1_417' title='bbox 1319 3579 1467 3653; x_wconf 90' lang='lat' dir='ltr'>Quia</span> <span class='ocrx_word' id='word_1_418' title='bbox 1495 3580 1667 3638; x_wconf 89' lang='lat' dir='ltr'>etiam</span> <span class='ocrx_word' id='word_1_419' title='bbox 1698 3600 1767 3639; x_wconf 90' lang='lat' dir='ltr'>ea</span> <span class='ocrx_word' id='word_1_420' title='bbox 1815 3600 1943 3657; x_wconf 84' lang='lat' dir='ltr'>quae</span> <span class='ocrx_word' id='word_1_421' title='bbox 1989 3580 2064 3638; x_wconf 86' lang='lat' dir='ltr'>ad</span> <span class='ocrx_word' id='word_1_422' title='bbox 2113 3583 2333 3652; x_wconf 67' lang='grc' dir='ltr'>ιῦταξιῖυ</span> <span class='ocrx_word' id='word_1_423' title='bbox 2374 3583 2662 3659; x_wconf 90' lang='lat' dir='ltr'>pertinent</span> <span class='ocrx_word' id='word_1_424' title='bbox 2710 3584 2783 3641; x_wconf 92' lang='lat' dir='ltr'>ab</span> <span class='ocrx_word' id='word_1_425' title='bbox 2832 3583 2904 3642; x_wconf 88' lang='lat' dir='ltr'>iis</span> 
     </span>
     <span class='ocr_line' id='line_1_42' title="bbox 492 3657 2900 3738; baseline 0.002 -23"><span class='ocrx_word' id='word_1_426' title='bbox 492 3657 712 3716; x_wconf 84' lang='lat' dir='ltr'>sancita</span> <span class='ocrx_word' id='word_1_427' title='bbox 753 3665 903 3730; x_wconf 90' lang='lat' dir='ltr'>sunt,</span> <span class='ocrx_word' id='word_1_428' title='bbox 952 3660 982 3715; x_wconf 94' lang='lat'>1</span> <span class='ocrx_word' id='word_1_429' title='bbox 1030 3658 1158 3716; x_wconf 90' lang='lat' dir='ltr'>Cor.</span> <span class='ocrx_word' id='word_1_430' title='bbox 1202 3659 1324 3717; x_wconf 86' lang='lat' dir='ltr'>xiv.</span> <span class='ocrx_word' id='word_1_431' title='bbox 1369 3662 1465 3719; x_wconf 90' lang='lat'>33.</span> <span class='ocrx_word' id='word_1_432' title='bbox 1560 3663 1616 3717; x_wconf 88' lang='lat'>2.</span> <span class='ocrx_word' id='word_1_433' title='bbox 1663 3660 1830 3734; x_wconf 89' lang='lat' dir='ltr'>Quod</span> <span class='ocrx_word' id='word_1_434' title='bbox 1872 3660 1980 3719; x_wconf 89' lang='lat' dir='ltr'>sub</span> <span class='ocrx_word' id='word_1_435' title='bbox 2021 3659 2193 3719; x_wconf 89' lang='lat' dir='ltr'>titulo</span> <span class='ocrx_word' id='word_1_436' title='bbox 2234 3663 2567 3720; x_wconf 74' lang='lat' dir='ltr'>necessitatis</span> <span class='ocrx_word' id='word_1_437' title='bbox 2608 3663 2900 3738; x_wconf 86' lang='lat' dir='ltr'>sancitur;</span> 
     </span>
     <span class='ocr_line' id='line_1_43' title="bbox 495 3736 2904 3818; baseline 0.002 -23"><span class='ocrx_word' id='word_1_438' title='bbox 495 3736 644 3812; x_wconf 89' lang='lat' dir='ltr'>Quia</span> <span class='ocrx_word' id='word_1_439' title='bbox 671 3756 785 3795; x_wconf 91' lang='lat' dir='ltr'>non</span> <span class='ocrx_word' id='word_1_440' title='bbox 828 3747 917 3795; x_wconf 92' lang='lat' dir='ltr'>est</span> <span class='ocrx_word' id='word_1_441' title='bbox 944 3738 1258 3797; x_wconf 88' lang='lat' dir='ltr'>necessitas</span> <span class='ocrx_word' id='word_1_442' title='bbox 1296 3740 1562 3798; x_wconf 91' lang='lat' dir='ltr'>absoluta</span> <span class='ocrx_word' id='word_1_443' title='bbox 1603 3748 1662 3798; x_wconf 90' lang='lat' dir='ltr'>et</span> <span class='ocrx_word' id='word_1_444' title='bbox 1705 3740 1968 3817; x_wconf 87' lang='lat' dir='ltr'>simplex,</span> <span class='ocrx_word' id='word_1_445' title='bbox 2021 3739 2125 3799; x_wconf 86' lang='lat' dir='ltr'>sed</span> <span class='ocrx_word' id='word_1_446' title='bbox 2169 3741 2484 3800; x_wconf 91' lang='lat' dir='ltr'>secundum</span> <span class='ocrx_word' id='word_1_447' title='bbox 2530 3742 2672 3818; x_wconf 87' lang='lat' dir='ltr'>quid</span> <span class='ocrx_word' id='word_1_448' title='bbox 2720 3751 2779 3800; x_wconf 92' lang='lat' dir='ltr'>et</span> <span class='ocrx_word' id='word_1_449' title='bbox 2827 3762 2904 3801; x_wconf 85' lang='lat' dir='ltr'>ex</span> 
     </span>
     <span class='ocr_line' id='line_1_44' title="bbox 491 3817 2900 3897; baseline 0.002 -21"><span class='ocrx_word' id='word_1_450' title='bbox 491 3817 819 3894; x_wconf 88' lang='lat' dir='ltr'>hypothesi,</span> <span class='ocrx_word' id='word_1_451' title='bbox 851 3836 954 3893; x_wconf 89' lang='lat' dir='ltr'>pro</span> <span class='ocrx_word' id='word_1_452' title='bbox 983 3818 1257 3895; x_wconf 85' lang='lat' dir='ltr'>temporis</span> <span class='ocrx_word' id='word_1_453' title='bbox 1286 3819 1522 3892; x_wconf 90' lang='lat' dir='ltr'>ratione,</span> <span class='ocrx_word' id='word_1_454' title='bbox 1555 3828 1612 3878; x_wconf 88' lang='lat' dir='ltr'>et</span> <span class='ocrx_word' id='word_1_455' title='bbox 1643 3820 1901 3878; x_wconf 88' lang='lat' dir='ltr'>scandali</span> <span class='ocrx_word' id='word_1_456' title='bbox 1928 3820 2150 3879; x_wconf 89' lang='lat' dir='ltr'>vitandi</span> <span class='ocrx_word' id='word_1_457' title='bbox 2180 3821 2385 3897; x_wconf 89' lang='lat' dir='ltr'>gratia.</span> <span class='ocrx_word' id='word_1_458' title='bbox 2480 3825 2535 3880; x_wconf 89' lang='lat'>3.</span> <span class='ocrx_word' id='word_1_459' title='bbox 2569 3822 2739 3895; x_wconf 91' lang='lat' dir='ltr'>Quod</span> <span class='ocrx_word' id='word_1_460' title='bbox 2765 3842 2900 3880; x_wconf 87' lang='lat' dir='ltr'>con-</span> 
     </span>
     <span class='ocr_line' id='line_1_45' title="bbox 482 3898 2900 3979; baseline 0.002 -23"><span class='ocrx_word' id='word_1_461' title='bbox 482 3898 767 3975; x_wconf 87' lang='lat' dir='ltr'>jungatur</span> <span class='ocrx_word' id='word_1_462' title='bbox 795 3917 925 3955; x_wconf 90' lang='lat' dir='ltr'>cum</span> <span class='ocrx_word' id='word_1_463' title='bbox 965 3898 1329 3957; x_wconf 84' lang='lat' dir='ltr'>scortationis</span> <span class='ocrx_word' id='word_1_464' title='bbox 1377 3899 1781 3977; x_wconf 89' lang='lat' dir='ltr'>prohibitione,</span> <span class='ocrx_word' id='word_1_465' title='bbox 1830 3920 1959 3976; x_wconf 82' lang='lat' dir='ltr'>quae</span> <span class='ocrx_word' id='word_1_466' title='bbox 2005 3901 2237 3958; x_wconf 91' lang='lat' dir='ltr'>omnino</span> <span class='ocrx_word' id='word_1_467' title='bbox 2280 3901 2429 3976; x_wconf 89' lang='lat' dir='ltr'>juris</span> <span class='ocrx_word' id='word_1_468' title='bbox 2472 3910 2561 3960; x_wconf 89' lang='lat' dir='ltr'>est</span> <span class='ocrx_word' id='word_1_469' title='bbox 2604 3902 2900 3979; x_wconf 85' lang='lat' dir='ltr'>perpetui;</span> 
     </span>
     <span class='ocr_line' id='line_1_46' title="bbox 493 3978 2902 4059; baseline 0.002 -24"><span class='ocrx_word' id='word_1_470' title='bbox 493 3978 641 4052; x_wconf 87' lang='lat' dir='ltr'>Quia</span> <span class='ocrx_word' id='word_1_471' title='bbox 669 3986 858 4055; x_wconf 91' lang='lat' dir='ltr'>potest</span> <span class='ocrx_word' id='word_1_472' title='bbox 885 3978 1134 4055; x_wconf 89' lang='lat' dir='ltr'>intelligi</span> <span class='ocrx_word' id='word_1_473' title='bbox 1162 3999 1275 4037; x_wconf 90' lang='lat' dir='ltr'>non</span> <span class='ocrx_word' id='word_1_474' title='bbox 1308 3980 1433 4056; x_wconf 87' lang='lat' dir='ltr'>ipsa</span> <span class='ocrx_word' id='word_1_475' title='bbox 1462 3980 1751 4053; x_wconf 87' lang='lat' dir='ltr'>scortatio,</span> <span class='ocrx_word' id='word_1_476' title='bbox 1785 3980 1886 4037; x_wconf 88' lang='lat' dir='ltr'>sed</span> <span class='ocrx_word' id='word_1_477' title='bbox 1916 3979 2079 4038; x_wconf 89' lang='lat' dir='ltr'>cibus</span> <span class='ocrx_word' id='word_1_478' title='bbox 2117 3980 2490 4054; x_wconf 88' lang='lat' dir='ltr'>meretricius,</span> <span class='ocrx_word' id='word_1_479' title='bbox 2524 4002 2626 4041; x_wconf 86' lang='lat' dir='ltr'>seu</span> <span class='ocrx_word' id='word_1_480' title='bbox 2654 3982 2902 4059; x_wconf 90' lang='lat' dir='ltr'>pretium</span> 
     </span>
     <span class='ocr_line' id='line_1_47' title="bbox 492 4058 2903 4136; baseline 0.001 -20"><span class='ocrx_word' id='word_1_481' title='bbox 492 4058 683 4130; x_wconf 89' lang='lat' dir='ltr'>scorti,</span> <span class='ocrx_word' id='word_1_482' title='bbox 715 4067 779 4116; x_wconf 90' lang='lat' dir='ltr'>ut</span> <span class='ocrx_word' id='word_1_483' title='bbox 808 4078 926 4116; x_wconf 89' lang='lat' dir='ltr'>vox</span> <span class='ocrx_word' id='word_1_484' title='bbox 954 4062 1304 4134; x_wconf 69' lang='grc' dir='ltr'>ἀλισγῆμτος</span> <span class='ocrx_word' id='word_1_485' title='bbox 1348 4060 1422 4118; x_wconf 91' lang='lat' dir='ltr'>sit</span> <span class='ocrx_word' id='word_1_486' title='bbox 1463 4059 1776 4135; x_wconf 89' lang='lat' dir='ltr'>repetenda</span> <span class='ocrx_word' id='word_1_487' title='bbox 1802 4064 1904 4117; x_wconf 69' lang='grc' dir='ltr'>ἀπὸ</span> <span class='ocrx_word' id='word_1_488' title='bbox 1932 4068 2101 4132; x_wconf 72' lang='grc' dir='ltr'>κοινοῦ,</span> <span class='ocrx_word' id='word_1_489' title='bbox 2144 4079 2272 4136; x_wconf 83' lang='lat' dir='ltr'>quae</span> <span class='ocrx_word' id='word_1_490' title='bbox 2321 4070 2484 4120; x_wconf 87' lang='lat' dir='ltr'>notat</span> <span class='ocrx_word' id='word_1_491' title='bbox 2565 4062 2903 4120; x_wconf 90' lang='lat' dir='ltr'>ollutionem</span> 
     </span>
     <span class='ocr_line' id='line_1_48' title="bbox 492 4138 2907 4217; baseline 0.001 -20"><span class='ocrx_word' id='word_1_492' title='bbox 492 4138 608 4197; x_wconf 88' lang='lat' dir='ltr'>cibi</span> <span class='ocrx_word' id='word_1_493' title='bbox 637 4148 695 4197; x_wconf 89' lang='lat' dir='ltr'>et</span> <span class='ocrx_word' id='word_1_494' title='bbox 722 4146 909 4215; x_wconf 85' lang='lat' dir='ltr'>potus,</span> <span class='ocrx_word' id='word_1_495' title='bbox 941 4159 1016 4196; x_wconf 88' lang='lat' dir='ltr'>ex</span> <span class='ocrx_word' id='word_1_496' title='bbox 1048 4140 1198 4197; x_wconf 81' lang='lat' dir='ltr'>Dan.</span> <span class='ocrx_word' id='word_1_497' title='bbox 1231 4141 1267 4199; x_wconf 91' lang='lat' dir='ltr'>i.</span> <span class='ocrx_word' id='word_1_498' title='bbox 1299 4143 1355 4198; x_wconf 84' lang='lat'>8.</span> <span class='ocrx_word' id='word_1_499' title='bbox 1442 4140 1520 4197; x_wconf 87' lang='lat' dir='ltr'>Et</span> <span class='ocrx_word' id='word_1_500' title='bbox 1549 4139 1598 4196; x_wconf 91' lang='lat' dir='ltr'>si</span> <span class='ocrx_word' id='word_1_501' title='bbox 1647 4139 1722 4196; x_wconf 86' lang='lat' dir='ltr'>ad</span> <span class='ocrx_word' id='word_1_502' title='bbox 1771 4141 2175 4198; x_wconf 89' lang='lat' dir='ltr'>scortationem</span> <span class='ocrx_word' id='word_1_503' title='bbox 2226 4140 2409 4217; x_wconf 83' lang='lat' dir='ltr'>ipsam</span> <span class='ocrx_word' id='word_1_504' title='bbox 2447 4161 2507 4199; x_wconf 90' lang='lat' dir='ltr'>re</span> <span class='ocrx_word' id='word_1_505' title='bbox 2535 4152 2743 4217; x_wconf 87' lang='lat' dir='ltr'>eratur,</span> <span class='ocrx_word' id='word_1_506' title='bbox 2787 4161 2907 4199; x_wconf 92' lang='lat' dir='ltr'>non</span> 
     </span>
     <span class='ocr_line' id='line_1_49' title="bbox 491 4218 2907 4298; baseline 0.002 -21"><span class='ocrx_word' id='word_1_507' title='bbox 491 4218 684 4277; x_wconf 89' lang='lat' dir='ltr'>statim</span> <span class='ocrx_word' id='word_1_508' title='bbox 716 4218 979 4294; x_wconf 90' lang='lat' dir='ltr'>sequitur</span> <span class='ocrx_word' id='word_1_509' title='bbox 1006 4218 1268 4294; x_wconf 87' lang='lat' dir='ltr'>ejusdem</span> <span class='ocrx_word' id='word_1_510' title='bbox 1298 4239 1425 4278; x_wconf 85' lang='lat' dir='ltr'>esse</span> <span class='ocrx_word' id='word_1_511' title='bbox 1454 4218 1702 4295; x_wconf 76' lang='lat' dir='ltr'>generiS.</span> <span class='ocrx_word' id='word_1_512' title='bbox 1734 4219 1871 4295; x_wconf 88' lang='lat' dir='ltr'>quia</span> <span class='ocrx_word' id='word_1_513' title='bbox 1912 4239 2063 4296; x_wconf 86' lang='lat' dir='ltr'>saepe</span> <span class='ocrx_word' id='word_1_514' title='bbox 2093 4220 2346 4296; x_wconf 88' lang='lat' dir='ltr'>disparia</span> <span class='ocrx_word' id='word_1_515' title='bbox 2372 4222 2807 4298; x_wconf 89' lang='lat' dir='ltr'>conjunguntur</span> <span class='ocrx_word' id='word_1_516' title='bbox 2847 4230 2907 4281; x_wconf 86' lang='lat' dir='ltr'>et</span> 
     </span>
     <span class='ocr_line' id='line_1_50' title="bbox 492 4298 2903 4374; baseline 0.002 -20"><span class='ocrx_word' id='word_1_517' title='bbox 492 4298 732 4355; x_wconf 88' lang='lat' dir='ltr'>moralia</span> <span class='ocrx_word' id='word_1_518' title='bbox 751 4318 879 4355; x_wconf 89' lang='lat' dir='ltr'>cum</span> <span class='ocrx_word' id='word_1_519' title='bbox 910 4299 1421 4373; x_wconf 74' lang='lat' dir='ltr'>caeremonialibuS,</span> <span class='ocrx_word' id='word_1_520' title='bbox 1447 4309 1512 4356; x_wconf 89' lang='lat' dir='ltr'>ut</span> <span class='ocrx_word' id='word_1_521' title='bbox 1537 4299 1747 4357; x_wconf 87' lang='lat' dir='ltr'>Ezech.</span> <span class='ocrx_word' id='word_1_522' title='bbox 1778 4298 1942 4356; x_wconf 89' lang='lat' dir='ltr'>xviii.</span> <span class='ocrx_word' id='word_1_523' title='bbox 1968 4304 2022 4374; x_wconf 85' lang='lat'>6,</span> <span class='ocrx_word' id='word_1_524' title='bbox 2056 4300 2199 4359; x_wconf 90' lang='lat' dir='ltr'>Luc.</span> <span class='ocrx_word' id='word_1_525' title='bbox 2230 4300 2267 4358; x_wconf 90' lang='lat' dir='ltr'>i.</span> <span class='ocrx_word' id='word_1_526' title='bbox 2294 4303 2348 4373; x_wconf 80' lang='lat'>6,</span> <span class='ocrx_word' id='word_1_527' title='bbox 2387 4304 2413 4358; x_wconf 94' lang='lat' dir='ltr'>l</span> <span class='ocrx_word' id='word_1_528' title='bbox 2442 4301 2694 4359; x_wconf 86' lang='lat' dir='ltr'>Timoth.</span> <span class='ocrx_word' id='word_1_529' title='bbox 2724 4301 2804 4359; x_wconf 90' lang='lat' dir='ltr'>iii.</span> <span class='ocrx_word' id='word_1_530' title='bbox 2830 4305 2903 4374; x_wconf 83' lang='lat'>23</span> 
     </span>
     <span class='ocr_line' id='line_1_51' title="bbox 494 4376 2907 4457; baseline 0.002 -23"><span class='ocrx_word' id='word_1_531' title='bbox 494 4386 552 4435; x_wconf 87' lang='lat' dir='ltr'>et</span> <span class='ocrx_word' id='word_1_532' title='bbox 579 4377 675 4434; x_wconf 87' lang='lat' dir='ltr'>hic</span> <span class='ocrx_word' id='word_1_533' title='bbox 704 4378 896 4452; x_wconf 88' lang='lat' dir='ltr'>agitur</span> <span class='ocrx_word' id='word_1_534' title='bbox 925 4376 996 4435; x_wconf 91' lang='lat' dir='ltr'>de</span> <span class='ocrx_word' id='word_1_535' title='bbox 1024 4379 1371 4454; x_wconf 70' lang='lat' dir='ltr'>Idolothytis,</span> <span class='ocrx_word' id='word_1_536' title='bbox 1403 4398 1647 4454; x_wconf 89' lang='lat' dir='ltr'>quorum</span> <span class='ocrx_word' id='word_1_537' title='bbox 1678 4377 2026 4437; x_wconf 87' lang='lat' dir='ltr'>abstinentia</span> <span class='ocrx_word' id='word_1_538' title='bbox 2064 4399 2181 4438; x_wconf 90' lang='lat' dir='ltr'>non</span> <span class='ocrx_word' id='word_1_539' title='bbox 2223 4379 2485 4457; x_wconf 89' lang='lat' dir='ltr'>ejusdem</span> <span class='ocrx_word' id='word_1_540' title='bbox 2529 4389 2617 4438; x_wconf 90' lang='lat' dir='ltr'>est</span> <span class='ocrx_word' id='word_1_541' title='bbox 2659 4381 2907 4439; x_wconf 89' lang='lat' dir='ltr'>necessi-</span> 
     </span>
     <span class='ocr_line' id='line_1_52' title="bbox 492 4456 2912 4535; baseline 0.002 -23"><span class='ocrx_word' id='word_1_542' title='bbox 492 4456 630 4513; x_wconf 88' lang='lat' dir='ltr'>tatis</span> <span class='ocrx_word' id='word_1_543' title='bbox 658 4476 786 4512; x_wconf 87' lang='lat' dir='ltr'>cum</span> <span class='ocrx_word' id='word_1_544' title='bbox 831 4457 1198 4532; x_wconf 89' lang='lat' dir='ltr'>scortatione,</span> <span class='ocrx_word' id='word_1_545' title='bbox 1227 4459 1363 4535; x_wconf 91' lang='lat' dir='ltr'>quia</span> <span class='ocrx_word' id='word_1_546' title='bbox 1405 4457 1745 4534; x_wconf 86' lang='lat' dir='ltr'>idolothytis</span> <span class='ocrx_word' id='word_1_547' title='bbox 1788 4457 2097 4534; x_wconf 89' lang='lat' dir='ltr'>aliquando</span> <span class='ocrx_word' id='word_1_548' title='bbox 2126 4460 2285 4518; x_wconf 89' lang='lat' dir='ltr'>vesci</span> <span class='ocrx_word' id='word_1_549' title='bbox 2326 4459 2479 4534; x_wconf 90' lang='lat' dir='ltr'>licet,</span> <span class='ocrx_word' id='word_1_550' title='bbox 2526 4461 2629 4519; x_wconf 88' lang='lat' dir='ltr'>sed</span> <span class='ocrx_word' id='word_1_551' title='bbox 2670 4461 2912 4518; x_wconf 86' lang='lat' dir='ltr'>scortari</span> 
     </span>
     <span class='ocr_line' id='line_1_53' title="bbox 493 4536 2912 4617; baseline 0.003 -27"><span class='ocrx_word' id='word_1_552' title='bbox 493 4553 786 4610; x_wconf 89' lang='lat' dir='ltr'>nunquam</span> <span class='ocrx_word' id='word_1_553' title='bbox 826 4536 995 4609; x_wconf 87' lang='lat' dir='ltr'>licet;</span> <span class='ocrx_word' id='word_1_554' title='bbox 1042 4536 1294 4595; x_wconf 87' lang='lat' dir='ltr'>Possunt</span> <span class='ocrx_word' id='word_1_555' title='bbox 1343 4558 1481 4613; x_wconf 90' lang='lat' dir='ltr'>ergo</span> <span class='ocrx_word' id='word_1_556' title='bbox 1530 4537 1773 4595; x_wconf 88' lang='lat' dir='ltr'>moralia</span> <span class='ocrx_word' id='word_1_557' title='bbox 1817 4558 1947 4595; x_wconf 91' lang='lat' dir='ltr'>cum</span> <span class='ocrx_word' id='word_1_558' title='bbox 1996 4539 2264 4614; x_wconf 87' lang='lat' dir='ltr'>positivis</span> <span class='ocrx_word' id='word_1_559' title='bbox 2313 4540 2607 4617; x_wconf 89' lang='lat' dir='ltr'>conjungi,</span> <span class='ocrx_word' id='word_1_560' title='bbox 2658 4540 2912 4598; x_wconf 87' lang='lat' dir='ltr'>maxime</span> 
     </span>
     <span class='ocr_line' id='line_1_54' title="bbox 495 4614 2913 4697; baseline 0.003 -25"><span class='ocrx_word' id='word_1_561' title='bbox 495 4632 625 4672; x_wconf 90' lang='lat' dir='ltr'>cum</span> <span class='ocrx_word' id='word_1_562' title='bbox 658 4614 795 4671; x_wconf 87' lang='lat' dir='ltr'>talia</span> <span class='ocrx_word' id='word_1_563' title='bbox 823 4614 1080 4690; x_wconf 83' lang='lat' dir='ltr'>ejusdem</span> <span class='ocrx_word' id='word_1_564' title='bbox 1110 4617 1340 4693; x_wconf 88' lang='lat' dir='ltr'>generis</span> <span class='ocrx_word' id='word_1_565' title='bbox 1378 4637 1503 4676; x_wconf 89' lang='lat' dir='ltr'>esse</span> <span class='ocrx_word' id='word_1_566' title='bbox 1534 4637 1612 4675; x_wconf 87' lang='lat' dir='ltr'>ex</span> <span class='ocrx_word' id='word_1_567' title='bbox 1640 4637 1815 4677; x_wconf 88' lang='lat' dir='ltr'>sensu</span> <span class='ocrx_word' id='word_1_568' title='bbox 1841 4617 2137 4676; x_wconf 91' lang='lat' dir='ltr'>hominum</span> <span class='ocrx_word' id='word_1_569' title='bbox 2167 4618 2591 4694; x_wconf 85' lang='lat' dir='ltr'>existimantur,</span> <span class='ocrx_word' id='word_1_570' title='bbox 2623 4619 2913 4697; x_wconf 90' lang='lat' dir='ltr'>quomodo</span> 
     </span>
    </p>
   </div>
  </div>
 </body>
</html>
