3221 5200
284 374 516 426 ouAEsr.
548 351 640 435 x.]
1122 435 1131 444 ·
1166 368 1242 406 ns
1276 366 1525 408 resonas
1555 368 1809 411 61111111.
2595 359 2712 417 225

276 516 433 593 dum,
468 516 563 574 Ex
592 514 790 590 altera,
825 511 1166 573 Mediatoris
1211 519 1453 572 mortem
1489 510 1887 587 adumbrabat,
1922 520 1979 570 et
2023 512 2369 589 obsignabat
2397 515 2525 593 ejus
2567 536 2697 594 gra-

275 597 415 656 tiam
445 597 521 655 ad
548 594 996 655 consolationem
1028 593 1272 672 piorum.
1359 593 1620 652 Fuerunt
1641 612 1781 670 ergo
1810 592 2060 650 victimae
2090 592 2356 668 ἆνέμνησις
2386 613 2502 652 11011
2524 596 2697 655 1110ᾱο

275 684 659 754 peccatorum,
690 674 795 733 sed
823 684 881 734 et
907 673 1263 732 remissionis
1290 682 1657 751 peccatorum
1680 695 1694 747 ς
1725 673 2038 731 monebant
2066 693 2167 732 eos
2196 693 2312 732 non
2340 674 2512 733 modo
2541 675 2698 753 quod

275 766 609 835 peccatores
649 763 861 830 essent,
894 753 1140 831 ideoque
1182 753 1347 830 digni
1388 761 1571 811 morte
1615 771 1689 810 ex
1735 753 1898 829 exim
1939 752 2132 830 legali,
2166 752 2269 812 sed
2316 753 2490 813 etiam
2537 756 2695 833 quod

273 836 556 896 haberent
582 834 977 893 remissionem
1005 842 1373 912 peccatorum
1402 833 1463 891 in
1493 832 1742 891 Christ0.

359 915 610 975 XXVI.
658 914 1010 974 Conscientia
1048 914 1274 990 peccati
1321 912 1395 972 de
1438 932 1555 990 qua
1602 912 1820 972 Paulus
1857 913 2113 989 loquitur
2162 912 2314 973 Heb.
2366 933 2426 973 x.
2476 919 2533 973 2.
2577 934 2692 974 non

275 1005 466 1075 potest
494 1014 621 1056 esse
649 994 890 1073 peccati,
919 994 1189 1053 Patribus
1217 993 1406 1052 adhuc
1453 992 1858 1068 incumbentia,
1891 1003 1949 1052 et
1976 993 2224 1052 arcentis
2278 1013 2378 1053 eos
2432 995 2506 1054 ab
2534 997 2691 1055 omni

277 1076 679 1136 communione
712 1073 840 1150 Dei,
865 1075 975 1132 hoc
1004 1073 1157 1132 enim
1187 1092 1258 1132 ne
1286 1072 1466 1147 fieret,
1497 1072 1767 1132 obstabat
1813 1073 2059 1150 Sponsio
2090 1074 2304 1132 Christi
2351 1073 2466 1133 fide
2487 1095 2688 1154 appre-

277 1157 459 1217 hensa
482 1180 496 1232 ;
542 1154 646 1215 sed
673 1163 764 1214 est
784 1153 1138 1213 conscientia
1163 1153 1384 1231 peccati
1414 1152 1671 1212 nondum
1699 1162 1833 1212 actu
1863 1153 2098 1231 expiati,
2129 1173 2235 1212 nec
2253 1154 2562 1232 expiabilis
2588 1176 2692 1234 per

279 1235 561 1296 sacrificia
587 1234 817 1314 legalia,
848 1254 978 1311 quae
1027 1233 1158 1293 ideo
1186 1233 1558 1308 iterabantur,
1604 1241 1673 1291 ut
1713 1231 1916 1292 fideles
1961 1241 2322 1309 testarentur,
2356 1253 2418 1293 se
2463 1234 2535 1293 iis
2562 1236 2688 1314 qui-

280 1317 411 1377 dem
441 1316 543 1392 uti,
573 1323 639 1375 ut
668 1314 950 1393 symbolis
977 1334 1012 1372 a
1042 1314 1170 1373 Deo
1206 1313 1504 1387 institutis,
1536 1311 1640 1371 sed
1669 1332 1864 1372 veram
1894 1313 2289 1372 remissionem
2311 1334 2427 1372 non
2454 1315 2684 1391 habere,

280 1397 390 1456 nisi
419 1417 495 1456 ex
528 1395 849 1474 Sponsione
880 1394 1095 1453 Christi
1122 1402 1181 1453 et
1206 1392 1400 1453 futura
1440 1394 1568 1470 ejus
1597 1392 1906 1469 oblatione,
1957 1401 2024 1453 ut
2051 1394 2207 1472 quod
2239 1394 2364 1454 Lex
2405 1394 2543 1455 dare
2571 1416 2688 1454 non

279 1485 520 1554 poterat,
551 1475 613 1535 id
640 1495 744 1553 per
770 1474 1016 1553 gratiam
1063 1473 1279 1533 Christi
1325 1483 1830 1551 consequerentur.
1914 1474 2008 1533 Ita
2052 1494 2169 1533 non
2210 1474 2538 1535 habuerunt
2563 1476 2687 1553 qui-

279 1556 411 1616 dem
440 1576 567 1616 eam
596 1555 963 1615 conscientiae
991 1553 1483 1632 tranquillitatem,
1514 1574 1645 1632 quae
1674 1554 1855 1613 oritur
1871 1574 1946 1612 ex
1970 1570 1988 1605 ²
2004 1553 2127 1633 ι’πςᾳ
2155 1576 2190 1613 a
2214 1555 2501 1632 Sponsore
2519 1557 2688 1633 plene

281 1637 489 1711 solut0,
519 1656 705 1714 neque
733 1635 870 1694 data
895 1634 1006 1693 fuit
1033 1635 1104 1693 iis
1132 1634 1266 1694 talis
1293 1635 1531 1712 apocha,
1564 1634 1753 1711 qualis
1775 1642 1865 1693 est
1890 1635 1953 1692 in
1971 1634 2340 1694 suscitatione
2371 1635 2584 1695 Christi
2612 1656 2688 1694 ex

282 1717 541 1776 mortuis.
626 1715 743 1775 Sed
765 1715 1090 1775 habuerunt
1116 1723 1327 1791 tamen,
1359 1722 1639 1791 quantum
1667 1714 1743 1772 ad
1791 1714 2201 1774 conscientiam
2230 1735 2366 1774 vere
2408 1716 2687 1793 tranquil-

281 1794 514 1854 landam
543 1795 681 1856 satis
710 1804 849 1871 erat,
882 1795 942 1853 in
974 1795 1295 1873 Sponsione
1326 1795 1539 1853 Christi
1566 1793 1682 1853 fide
1711 1803 1957 1872 recepta.
2044 1796 2157 1853 Per
2198 1814 2326 1853 eam
2364 1795 2518 1853 enim
2547 1797 2691 1855 certi

280 1896 408 1935 esse
436 1885 699 1955 poterant
725 1884 963 1955 peccata
990 1875 1184 1934 omnia
1211 1894 1316 1934 sua
1332 1894 1364 1933 6
1392 1874 1714 1933 rationibus
1757 1874 1879 1934 suis
1923 1881 2230 1953 expuncta,
2261 1882 2321 1934 61
2348 1874 2409 1932 in
2437 1869 2689 1935 rationes

281 1956 494 2016 Christi
523 1957 704 2016 relata
730 1976 875 2033 esse,
906 1956 1044 2034 quia
1063 1975 1133 2014 ea
1158 1974 1390 2032 quoque
1413 1954 1472 2012 in
1501 1973 1563 2012 66
1593 1963 1939 2032 susceperat,
1964 1964 2022 2013 et
2042 1974 2147 2032 pro
2174 1954 2247 2014 iis
2276 1974 2337 2014 se
2367 1954 2685 2014 debitorem

278 2037 504 2097 luendae
530 2057 717 2116 poenae
744 2035 1137 2113 constituerat,
1169 2044 1228 2095 et
1254 2034 1488 2113 quidem
1512 2033 1594 2092 ita
1620 2041 1686 2093 ut
1720 2034 1794 2092 ab
1823 2035 1980 2092 omni
2009 2034 2364 2112 obligatione
2392 2035 2683 2112 personali

279 2116 561 2177 immunes
610 2124 821 2194 essent,
852 2136 960 2175 nec
987 2116 1107 2175 ullo
1136 2133 1390 2193 unquam
1419 2122 1676 2192 tempore
1705 2113 1964 2174 debitum
1992 2113 2066 2173 ab
2111 2113 2184 2172 iis
2227 2115 2387 2191 exigi
2415 2116 2683 2192 potuerit.

280 2197 646 2257 Conscientia
673 2205 826 2256 certe
854 2215 971 2255 non
999 2204 1190 2274 potest
1217 2195 1599 2271 acquiescere,
1631 2193 1744 2250 nisi
1773 2193 1951 2270 digno
1994 2193 2274 2252 sacrificio
2303 2194 2380 2253 sit
2422 2202 2556 2254 actu
2584 2215 2684 2254 ex-

278 2277 450 2356 piata,
482 2278 579 2336 vel
607 2285 764 2337 certo
792 2275 1120 2353 expianda:
1163 2274 1374 2334 sufficit
1400 2273 1504 2349 illi,
1532 2280 1599 2332 ut
1626 2272 1971 2350 acquiescat,
2003 2282 2062 2332 et
2089 2273 2505 2352 tranquillitate
2532 2273 2685 2334 frua-

277 2365 386 2433 tur,
417 2357 618 2416 divina
645 2367 704 2416 et
731 2357 1103 2434 ἅμιτιιμίλητος
1131 2354 1335 2433 gratias
1367 2354 1480 2413 Dei
1506 2352 1830 2430 promissi0,
1877 2363 1936 2412 et
1967 2353 2275 2431 Sponsoris
2325 2354 2686 2415 sufficientis·

278 2437 408 2496 simi
438 2438 836 2497 irrevocabilis
875 2435 1211 2496 substitutio
1240 2434 1300 2492 in
1331 2434 1442 2493 Dei
1464 2433 1689 2512 judicio
1735 2441 2049 2512 acceptata,
2084 2433 2209 2493 sive
2231 2434 2581 2496 solvendum
2615 2436 2692 2495 sit

274 2516 464 2577 adhuc
493 2516 594 2577 λῦτ
647 2544 667 2576 v
694 2539 729 2576 a
760 2511 1067 2596 Sponsore,
1093 2516 1216 2576 sive
1236 2516 1360 2595 jam
1390 2514 1467 2575 sit
1494 2513 1766 2573 solutum.

355 2545 643 2659 xxvlf
687 2598 786 2658 Ad
813 2598 1037 2678 peccati
1083 2597 1476 2659 remissionem
1504 2616 1622 2658 non
1661 2598 1984 2659 necessaria
2027 2608 2117 2661 est
2144 2600 2273 2679 ejus
2299 2599 2544 2662 actualis
2583 2622 2686 2661 ex-

274 2679 487 2757 piatio;
519 2680 725 2740 sufficit
754 2689 819 2739 ut
847 2680 923 2740 sit
948 2680 1232 2758 promissa
1257 2688 1317 2739 et
1343 2688 1501 2740 certo
1529 2679 1739 2739 futura.
1825 2678 2039 2741 Fateor
2066 2680 2164 2741 ubi
2208 2682 2402 2761 agitur
2422 2681 2494 2743 de
2532 2682 2685 2742 60111-

272 2759 427 2819 tione
456 2761 685 2839 propria
711 2769 772 2821 et
797 2761 1085 2838 personali
1114 2759 1293 2819 debiti
1322 2759 1654 2838 pecuniarii,
1685 2779 1802 2818 non
1830 2757 1955 2819 dari
1987 2762 2169 2822 debiti
2218 2762 2682 2840 expunctionem,

274 2838 386 2898 nisi
413 2841 671 2916 praestita
698 2840 1002 2902 solutione.
1091 2839 1207 2900 Sed
1236 2840 1349 2899 alia
1376 2839 1522 2900 ratio
1550 2849 1641 2900 est
1689 2840 2096 2901 satisfactionis
2146 2843 2378 2901 vicariae
2401 2844 2460 2901 in
2488 2843 2685 2902 debito

274 2918 506 3054 Knpffl’
536 2918 596 2975 in
625 2940 740 2996 quo
770 2921 1003 2997 sponsio
1032 2920 1172 2993 sola,
1203 2919 1375 2979 modo
1405 2920 1481 2979 sit
1524 2920 1864 2995 infallibilis,
1912 2921 2123 2981 sufficit
2165 2922 2241 2980 ad
2286 2922 2684 2983 liberationem

334 3017 365 3054 e
392 3040 406 3056 .
1160 3020 1164 3024 *

367 3017 389 3054 1

359 3074 682 3135 XXVIII.
726 3076 911 3135 Aliud
957 3086 1047 3136 est
1093 3072 1393 3154 peccatum
1441 3078 1701 3134 nondum
1750 3077 1928 3135 fuisse
1972 3079 2270 3156 expiatum
2319 3080 2428 3137 sub
2484 3080 2687 3139 Veteri

275 3155 666 3230 TestamentO,
699 3154 884 3213 Aliud
911 3155 1112 3214 fideles
1133 3155 1309 3214 fuisse
1347 3156 1535 3214 adhuc
1564 3155 1674 3212 sub
1702 3155 1828 3233 ejus
1856 3164 2037 3215 reatu.
2124 3158 2432 3216 Peccatum
2492 3158 2686 3217 uidem

272 3235 465 3295 adhuc
494 3235 689 3294 extitit
715 3233 973 3293 nondum
1000 3234 1313 3328 expiatum,
1343 3243 1402 3293 et
1449 3233 1834 3312 expiandum;
1883 3234 1999 3293 Sed
2047 3234 2249 3294 fideles
2292 3255 2408 3294 non
2480 3246 2690 3297 uerunt

273 3324 469 3375 tamen
497 3315 607 3379 sub
636 3316 765 3394 ejus
791 3323 974 3391 reatu,
1005 3335 1106 3392 qm
1134 3315 1193 3373 in
1224 3314 1516 3387 Christum
1543 3313 1858 3373 translatus
1881 3313 2023 3375 fuit:
2067 3315 2361 3375 Vixerunt
2407 3336 2547 3395 ergo
2577 3318 2686 3377 sub

269 3404 433 3457 reatu
462 3395 652 3455 adhuc
681 3402 934 3471 extante,
967 3395 1070 3455 sed
1099 3414 1213 3454 non
1243 3396 1352 3454 sub
1380 3403 1542 3454 reatu
1571 3394 1713 3472 ipsis
1753 3394 2138 3471 incumbente,
2171 3395 2274 3455 sed
2301 3396 2362 3455 in
2391 3396 2685 3459 Christum

270 3477 549 3536 translato
577 3497 654 3535 ex
686 3475 799 3534 Dei
826 3475 1226 3553 destinatione,
1259 3486 1317 3535 et
1345 3476 1419 3534 ab
1447 3475 1573 3553 ipso
1602 3474 1664 3533 in
1692 3495 1754 3534 se
1793 3483 2077 3554 suscepto,
2109 3496 2143 3535 a
2171 3496 2286 3555 quo
2334 3477 2574 3554 proinde
2603 3479 2687 3558 pii

269 3556 499 3616 liberati
527 3555 704 3617 fuere.
791 3556 871 3615 Et
896 3565 962 3615 ut
990 3565 1183 3616 reatus
1210 3576 1326 3615 non
1354 3555 1603 3633 amplius
1632 3555 1828 3634 tetigit
1870 3555 2087 3633 fideles,
2136 3557 2229 3616 Ita
2276 3577 2382 3618 nec
2411 3558 2683 3620 maledic·

271 3636 353 3694 tio
369 3645 592 3696 reatum
615 3656 991 3714 consequens,
1052 3637 1388 3715 Impetratio
1407 3636 1767 3695 liberationis
1784 3656 1820 3694 a
1841 3636 2243 3697 maledictione
2263 3636 2441 3718 Legis
2458 3647 2682 3701 tantum

273 3716 518 3793 contigit
542 3737 646 3794 per
675 3717 985 3794 Christum,
1037 3716 1137 3794 qui
1167 3737 1272 3776 nos
1300 3715 1544 3776 redemit
1570 3716 1645 3775 ab
1690 3716 2054 3777 execratione
2095 3717 2291 3796 Legis,
2343 3719 2529 3780 factus
2555 3719 2576 3779 i
2618 3740 2682 3779 se

270 3795 491 3875 κατάραι,
522 3796 654 3869 Gal.
684 3796 764 3856 iii.
810 3799 882 3855 13
908 3819 923 3873 ;
979 3797 1095 3856 Sed
1124 3796 1343 3857 fructus
1377 3805 1437 3855 et
1463 3795 1773 3875 applicatio
1809 3798 1934 3875 jam
1981 3817 2255 3857 concessa
2280 3796 2389 3858 fuit
2415 3799 2572 3859 Patri
2614 3819 2687 3860 116

269 3875 485 3933 virtute
513 3876 713 3934 mortis
740 3876 965 3936 futurae.

356 3953 616 4014 XXIX.
660 3955 845 4026 Aliud
873 3964 962 4015 est
1009 3956 1208 4015 vivere
1238 3956 1346 4015 sub
1396 3955 1718 4015 oeconomia
1764 3955 1986 4033 Legali,
2036 3955 2219 4015 Aliud
2250 3974 2386 4015 vero
2415 3975 2542 4015 esse
2572 3958 2680 4016 sub

274 4034 433 4113 Lege
461 4041 528 4093 ut
554 4034 663 4093 sub
691 4034 924 4111 foedere,
955 4036 1054 4095 vel
1080 4055 1206 4095 esse
1235 4054 1311 4094 ex
1360 4035 1631 4113 operibus
1682 4033 1877 4112 Legis.
1963 4035 2167 4094 Patres
2214 4043 2367 4094 recte
2412 4035 2684 4096 dicuntur

270 4113 449 4174 fuisse
471 4114 579 4174 sub
608 4115 928 4174 oeconomia
957 4115 1180 4192 Legali,
1211 4115 1314 4174 sed
1343 4135 1457 4173 non
1485 4115 1701 4194 pariter
1742 4121 1986 4191 possunt
2033 4111 2149 4173 dici
2176 4113 2355 4174 fuisse
2382 4114 2491 4173 sub
2522 4114 2683 4193 Lege

269 4201 336 4253 ut
365 4194 471 4254 sub
500 4195 713 4254 foedere
742 4194 817 4253 ad
836 4196 1124 4274 justitiam
1155 4205 1213 4254 et
1240 4195 1418 4254 vitam
1448 4214 1522 4253 cx
1561 4215 1631 4253 ea
1674 4192 2059 4271 quaerendam,
2097 4193 2191 4253 vel
2220 4213 2346 4253 6666
2392 4213 2468 4254 ex
2496 4195 2682 4288 operi-

266 4274 379 4333 bus
408 4275 602 4352 Legis.
661 4275 810 4350 Quia
837 4283 1122 4353 quotquot
1148 4274 1258 4334 hoc
1286 4275 1459 4333 modo
1488 4283 1625 4333 sunt
1652 4274 1761 4332 sub
1793 4273 1968 4351 Lege,
2000 4281 2135 4334 sunt
2155 4273 2264 4333 sub
2295 4283 2678 4351 execratione,

267 4354 398 4413 Gal.
429 4354 509 4413 iii.
542 4355 635 4429 10,
668 4355 826 4432 quod
853 4356 970 4415 dici
996 4375 1113 4414 non
1140 4363 1329 4432 potest
1355 4354 1429 4413 de
1455 4352 1742 4412 fidelibus.

351 4433 574 4493 XXX.
618 4436 873 4513 Tempus
918 4436 991 4495 N.
1022 4435 1180 4495 Test.
1223 4442 1465 4494 vocatur
1510 4436 1792 4510 “tempus
1840 4431 2043 4510 gratiae
2091 4440 2150 4492 et
2194 4452 2379 4492 annus
2406 4434 2678 4512 benepla-

267 4512 427 4587 citi,''
488 4514 602 4573 Isa.
643 4516 788 4574 xlix.
834 4518 889 4590 8,
932 4525 991 4575 et
1038 4515 1141 4573 lxi.
1192 4520 1248 4591 2,
1293 4534 1410 4574 non
1459 4513 1723 4572 absolute
1765 4520 1825 4572 et
1872 4512 2224 4606 simpliciter,
2265 4513 2433 4591 quasi
2478 4514 2682 4576 Patres

265 4590 481 4651 fuerint
508 4594 615 4651 sub
644 4594 730 4654 ira
759 4596 889 4669 Dei,
921 4615 1051 4654 cum
1081 4596 1189 4654 sub
1219 4594 1419 4654 eodem
1451 4593 1664 4652 foedere
1703 4592 1905 4670 gratiae
1934 4593 2205 4669 vixerint,
2237 4601 2296 4652 et
2323 4595 2537 4654 servati
2559 4596 2677 4656 sint

264 4670 467 4730 eadem
498 4673 711 4732 Christi
740 4675 926 4751 gratia
959 4675 1258 4734 nobiscum
1284 4696 1296 4750 ;
1348 4673 1463 4732 Sed
1486 4673 1800 4732 secundum
1825 4673 1965 4750 quid
1994 4681 2053 4733 et
2080 4682 2424 4752 comparate,
2454 4676 2677 4744 ratione

341 4770 490 4811 rans
533 4770 594 4810 11.
2320 4773 2355 4813 1·
