3221 5200
312 407 535 457 QuAEsr.
567 384 680 468 xx.]
1021 407 1098 444 ns
1139 407 1401 447 raason
1433 408 1507 447 m·
1536 408 1723 450 s'u'ru
1753 410 2004 450 cumam.
2611 392 2726 449 293

311 556 626 608 torrentem
657 546 1008 620 deliciarum,
1042 568 1157 624 quo
1190 549 1348 607 Deus
1380 569 1513 606 suos
1548 558 1709 626 potat
1732 551 1790 608 in
1820 552 2005 627 gratia
2033 559 2090 609 et
2120 550 2320 628 gloria,
2346 550 2498 608 Psal.
2520 548 2727 606 xxxvi.

316 631 371 686 9.
420 629 498 686 Et
526 647 628 703 per
656 632 710 683 τὶ
739 627 918 683 bibere
940 630 1007 684 de
1036 637 1280 686 torrente
1308 631 1633 688 communio
1668 632 1998 706 passionum
2042 640 2289 704 notatur,
2322 650 2449 706 quae
2480 629 2727 687 ferendae

317 709 550 765 fuerunt
581 706 808 763 Christo
839 706 896 763 in
925 706 1098 783 hujus
1127 708 1261 766 vitae
1291 709 1590 783 curriculo,
1625 710 1779 786 quod
1822 710 1930 768 fuit
1958 710 2054 767 via
2083 710 2157 768 ad
2199 710 2460 785 gloriam.
2547 708 2726 765 Exal-

314 788 531 845 tatione
563 805 700 843 vero
728 786 933 861 capitis
962 786 1248 845 indicatur
1276 789 1476 864 gloria,
1509 809 1637 864 quae
1667 798 1865 848 secuta
1920 799 2009 848 est
2038 790 2163 866 ejus
2206 789 2503 866 passiones
2532 808 2605 844 ex
2637 807 2725 845 or-

318 866 452 924 dine
484 865 611 938 Dei,
643 872 702 923 et
728 866 1070 923 necessitate
1102 866 1304 924 salutis
1325 877 1551 942 nostrae,
1586 869 1727 927 Luc.
1752 870 1915 926 xxiv.
1948 872 2042 943 26,
2079 869 2227 926 Phil.
2248 869 2306 926 ii.
2339 871 2394 927 9.
2444 868 2539 926 Sic
2573 867 2725 924 Psal.

312 945 510 1004 cxviii.
542 949 636 1018 22,
671 947 705 977 “
726 945 902 1020 Lapis
931 947 1029 1020 qui
1053 947 1388 1022 reprobatus
1416 957 1504 1005 est
1533 948 1605 1005 ab
1636 948 2068 1022 aedificantibus,
2100 949 2359 1024 positus’'
2391 948 2601 1005 dicitur
2622 947 2729 1003 “in

313 1034 488 1102 caput
516 1024 769 1100 anguli,''
804 1024 878 1081 id.
939 1026 1218 1099 ChristuS,
1277 1027 1377 1102 qui
1406 1047 1556 1104 saepe
1585 1027 1763 1104 lapidi
1793 1037 1849 1085 et
1878 1028 2249 1085 fundamento
2272 1027 2576 1100 confertur,
2613 1027 2726 1084 Isa.

317 1104 523 1161 xxviii.
560 1107 650 1179 16,
702 1107 730 1160 1
767 1104 895 1161 Cor.
927 1104 1006 1161 iii.
1045 1109 1133 1178 10,
1165 1106 1414 1181 rejectus
1443 1127 1544 1182 per
1571 1116 1962 1183 contemptum
1991 1128 2026 1165 a
2058 1107 2273 1165 Scribis
2316 1115 2374 1165 et
2406 1105 2728 1165 Sacerdoti-

318 1186 444 1257 bus,
477 1183 688 1260 quibus
718 1202 854 1240 cura
883 1193 1005 1242 erat
1034 1186 1338 1243 commissa
1366 1186 1687 1244 aedificandi
1730 1187 2066 1261 Ecclesiam,
2098 1196 2163 1245 ut
2185 1187 2403 1245 inutilis
2434 1196 2491 1244 et
2519 1186 2729 1243 noxius

318 1264 581 1336 aedificio,
614 1262 959 1320 constitutus
988 1273 1076 1321 est
1104 1283 1138 1320 a
1170 1266 1295 1322 Deo
1324 1265 1382 1321 in
1427 1266 1614 1342 Caput
1671 1266 1965 1341 Ecclesiae,
2012 1275 2070 1325 et
2118 1267 2177 1323 in
2206 1266 2457 1343 lapidem
2486 1265 2728 1341 angula-

318 1363 458 1412 rem,
489 1343 589 1418 qui
618 1350 922 1417 utrumque
953 1344 1226 1419 parietem
1262 1344 1603 1403 Judaeorum
1647 1355 1705 1403 et
1735 1346 2010 1405 Gentium
2056 1348 2182 1404 unit
2210 1355 2268 1404 et
2297 1347 2558 1404 sustinet.
2612 1346 2727 1402 Isa.

320 1423 443 1497 liii„
465 1422 683 1498 duplex
710 1422 907 1480 Status
930 1424 1161 1480 Messiae
1185 1424 1264 1481 ita
1286 1425 1556 1500 graphice
1580 1424 1926 1502 depingitur,
1949 1435 2013 1484 ut
2031 1426 2296 1485 videatur
2322 1426 2514 1501 potius
2547 1425 2730 1482 Isaias

322 1501 762 1578 Evangelistam
792 1521 962 1576 agere
1004 1503 1301 1560 referendo
1331 1524 1421 1561 res
1464 1513 1676 1580 gestas,
1722 1525 1893 1580 quam
1940 1505 2288 1583 l’rophetam
2316 1505 2727 1563 vaticinantem

321 1581 391 1639 de
421 1582 646 1639 futuriS.
737 1581 924 1655 Unde,
959 1582 1099 1640 Luc.
1121 1583 1303 1656 xxiv„
1327 1583 1589 1641 Christus
1608 1604 1681 1641 ex
1708 1585 2011 1660 Prophetis
2030 1587 2326 1661 utriusque
2355 1585 2551 1642 Status
2580 1583 2728 1641 veri-

317 1670 492 1719 tatem
523 1670 581 1719 et
609 1660 1009 1720 necessitatem
1039 1661 1409 1737 demonstrat,
1435 1673 1492 1722 et
1513 1664 1735 1739 PetruS‚
1773 1669 1838 1721 1·Β
1877 1684 1999 1740 cap.
2051 1665 2107 1738 i.‚
2141 1664 2281 1723 dicit
2314 1664 2630 1739 Prophetas
2658 1662 2731 1720 de

318 1740 684 1816 passionibus
712 1749 770 1797 et
791 1739 975 1815 gloria
1005 1751 1271 1800 secutura
1299 1742 1470 1801 anxie
1490 1742 1877 1819 inquisivisse.
1923 1749 1978 1801 2.
2013 1745 2168 1801 Loca
2197 1743 2357 1800 varia
2388 1743 2540 1799 Novi
2570 1744 2726 1800 Test.

319 1820 529 1896 quibus
553 1819 1031 1896 complementum
1056 1821 1773 1895 Oraculorum‘exhibetur,
1803 1822 1950 1879 Phil.
1976 1822 2033 1880 ii.
2066 1828 2119 1898 7,
2143 1826 2196 1898 8,
2224 1826 2277 1898 9,
2300 1827 2335 1879 2
2358 1823 2486 1880 Cor.
2517 1822 2638 1879 xiii.
2669 1825 2725 1897 4,

324 1903 351 1956 1
388 1899 515 1956 Cor.
548 1919 645 1956 xV.
678 1903 733 1975 4,
781 1901 934 1958 Heb.
965 1902 1022 1958 ii.
1055 1903 1109 1974 9,
1161 1905 1185 1957 1
1225 1902 1348 1960 Pet.
1381 1901 1460 1958 iii.
1491 1904 1581 1976 18,
1634 1906 1661 1959 1
1695 1903 1844 1959 Tim.
1876 1906 1931 1960 3.
1968 1905 2058 1960 16.

318 2023 594 2070 Necessitas
641 2023 666 2067 1
721 2025 768 2069 A
893 1983 955 2038 11
967 1982 1012 2038 Ι.
1057 1982 1370 2038 Necessitas
1398 1982 1699 2055 evincitur,
1732 1991 1853 2039 tum
1910 2003 1943 2040 a
1986 1992 2146 2058 parte
2196 1984 2324 2058 Dei,
2358 1992 2479 2040 tum
2509 2001 2543 2038 a
2570 1990 2730 2058 parte

376 2088 516 2140 parte
530 2058 620 2126 De'i
638 2096 650 2135 ;
670 2054 682 2066 ’
811 2062 1029 2134 Nostri,
1050 2069 1173 2118 tum
1191 2081 1225 2117 a
1247 2070 1406 2136 parte
1425 2062 1637 2118 Salutis
1659 2061 1827 2119 nobis
1850 2061 2225 2120 conferendae.
2263 2066 2312 2119 1.
2340 2063 2393 2118 A
2415 2070 2572 2138 parte
2597 2062 2727 2134 Dei,

811 2141 948 2216 quia
976 2141 1052 2198 ad
1078 2139 1497 2198 conciliandum
1527 2142 1696 2198 nobis
1728 2142 1932 2214 Deum,
1959 2149 2016 2200 et
2045 2143 2243 2218 gratiae
2274 2141 2540 2200 salutaris
2580 2140 2728 2198 fruc·

321 2228 413 2278 tus
443 2220 785 2278 obtinendos
808 2220 922 2278 duo
950 2220 1273 2296 praestanda
1315 2220 1576 2294 fuerunt;
1607 2221 1809 2298 prim0,
1842 2222 2106 2279 satisfieri
2145 2222 2344 2280 debuit
2377 2221 2619 2296 justitiae
2648 2220 2733 2277 of·-

320 2298 497 2357 fensae
539 2319 641 2375 per
670 2299 882 2358 Christi
910 2299 1233 2374 passionem
1262 2308 1320 2357 et
1347 2310 1587 2358 mortem
1613 2323 1626 2375 ;
1673 2301 1941 2375 secundo,
1988 2302 2188 2377 gratiae
2222 2301 2374 2358 dona
2414 2301 2644 2359 fuerunt
2672 2300 2732 2357 in

697 2430 708 2441 ,
763 2430 792 2455 ·.
822 2379 1082 2435 homines
1101 2377 1460 2452 effundenda,
1482 2380 1637 2455 quod
1661 2380 1719 2436 in
1742 2381 2090 2439 exaltatione
2109 2381 2443 2458 praestitum,
2472 2380 2619 2455 Eph.
2651 2380 2728 2437 iv.

321 2428 576 2487 2.Aparte
593 2429 792 2483 chr-utu,
822 2460 878 2516 8.
922 2464 978 2516 2.
1024 2457 1081 2514 Α
1111 2467 1270 2534 parte
1297 2458 1520 2532 Christi,
1546 2459 1683 2535 quia
1704 2460 1903 2519 debuit
1921 2460 2210 2538 duplicem
2235 2461 2398 2536 σχέο-ιι
2427 2460 2728 2534 sustinere,

333 2543 524 2618 Vadis,
557 2543 656 2619 qui
684 2562 787 2620 pro
817 2538 984 2597 nobis
1014 2537 1383 2613 satisfaceret,
1409 2547 1466 2596 et
1498 2540 1730 2615 Capitis,
1753 2540 1907 2618 quod
1938 2542 2047 2599 sibi
2071 2541 2320 2599 uniendo
2340 2561 2445 2598 nos
2474 2539 2730 2597 vivifica-

320 2631 410 2680 ret
440 2632 496 2680 et
525 2632 765 2700 regeret.
853 2621 1143 2696 Respectu
1172 2618 1376 2695 prioris
1431 2618 1632 2677 debuit
1680 2641 1851 2696 agere
1893 2642 2009 2697 pro
2037 2624 2189 2681 nobis
2243 2624 2404 2698 apud
2428 2624 2632 2694 Deum,
2665 2640 2734 2677 ea

319 2702 512 2759 omnia
540 2702 802 2762 faciendo
832 2709 890 2759 et
916 2699 1203 2777 patiendO,
1249 2719 1378 2775 quae
1400 2719 1435 2756 a
1472 2700 1640 2758 nobis
1676 2701 2049 2760 debebantur.
2137 2703 2422 2779 Respectu
2454 2699 2732 2777 posterio-

318 2781 414 2855 ris,
447 2782 646 2842 debuit
674 2803 844 2859 agere
874 2780 1091 2838 nomine
1112 2779 1230 2836 Dei
1248 2781 1330 2836 ad
1353 2800 1467 2853 nos,
1499 2789 1564 2838 ut
1594 2780 1871 2838 beneficia
1899 2781 2130 2840 foederis
2159 2782 2325 2840 nobis
2354 2779 2732 2857 impertiendo

322 2861 395 2919 ad
425 2863 552 2937 ejus
581 2862 1038 2920 communionem
1069 2858 1393 2917 deduceret.
1478 2858 1717 2935 Triplex
1747 2862 1873 2936 ejus
1904 2860 2165 2919 Officium
2196 2863 2304 2919 hoc
2334 2862 2505 2919 etiam
2535 2869 2732 2937 postu-

319 2940 497 2998 labat.
588 2940 952 2999 Sacerdotale
983 2938 1207 2996 duabus
1236 2939 1494 3013 partibus
1523 2939 1860 3011 absolvitur,
1899 2940 2298 2998 Satisfactione
2328 2941 2386 2997 in
2416 2940 2600 3013 terris,
2635 2940 2729 2995 In-

321 3020 668 3077 tercessione
698 3021 758 3075 in
781 3019 961 3076 coelis.
1047 3016 1251 3089 Quoad
1277 3018 1523 3091 Regium
1554 3016 1755 3074 debuit
1784 3018 1966 3092 primo
1995 3020 2289 3093 acquirere
2319 3019 2428 3075 sibi
2458 3018 2731 3094 populum

323 3116 425 3173 per
453 3098 780 3169 certamina,
813 3105 1121 3170 antequam
1150 3094 1225 3150 ad
1253 3095 1520 3150 thronum
1556 3096 1911 3168 eveheretur,
1945 3104 2003 3153 et
2033 3097 2223 3171 Regni
2250 3097 2507 3154 habenas
2536 3116 2732 3172 capes-

324 3185 493 3234 seret.
608 3177 691 3234 Ut
769 3175 1056 3250 Propheta
1097 3172 1298 3229 debuit
1351 3173 1536 3248 primo
1592 3192 1718 3230 esse
1774 3174 2043 3232 Minister
2083 3175 2532 3232 circumcisionis
2586 3176 2735 3231 inter

322 3254 544 3330 fratreS‚
565 3265 870 3331 antequam
901 3255 959 3310 in
979 3252 1185 3310 coelum
1217 3251 1477 3309 sublatus
1505 3251 1668 3309 fieret
1697 3252 1830 3310 Lux
1861 3253 2136 3312 Gentium
2171 3263 2229 3312 et
2259 3254 2478 3311 Doctor
2515 3253 2732 3311 mundi.

892 3333 1000 3391 IV.
1045 3336 1099 3390 3.
1133 3331 1190 3388 A
1220 3340 1380 3406 parte
1406 3331 1625 3406 Nostri,
1658 3331 1884 3391 duobus
1912 3332 2078 3391 malis
2106 3334 2455 3409 urgebamur
2474 3352 2576 3409 per
2602 3352 2734 3408 pec-

806 3422 995 3471 catum
1028 3410 1336 3484 accersitiS,
1360 3420 1524 3468 reatu
1553 3431 1743 3469 coram
1777 3413 1919 3487 De0,
1951 3416 2175 3470 macula
2212 3414 2270 3470 in
2300 3413 2500 3487 nobis3
2541 3422 2732 3471 reatus

804 3513 919 3551 non
975 3493 1160 3568 potuit
1189 3491 1332 3563 tolli,
1365 3491 1474 3548 nisi
1518 3511 1622 3567 per
1650 3492 1988 3569 sanguinem
2021 3492 2250 3567 Christi,
2287 3493 2443 3568 quod
2465 3492 2573 3551 fuit
2601 3497 2732 3550 ἀντί-

323 3590 501 3654 λυτρον
528 3574 844 3632 animarum
875 3582 1196 3631 nostrarum
1219 3593 1232 3646 ;
1277 3570 1505 3628 macula
1531 3591 1646 3628 non
1666 3573 1851 3648 potuit
1872 3572 2005 3646 elui,
2030 3572 2141 3630 nisi
2162 3593 2265 3650 per
2285 3573 2528 3650 gratiam
2556 3573 2733 3651 Spiri-

321 3663 431 3728 tus,
464 3655 562 3730 qui
592 3654 958 3712 exaltationis
988 3652 1114 3728 ejus
1143 3650 1250 3708 fuit
1272 3648 1507 3724 fruetus,
1540 3651 1581 3709 J
1586 3652 1679 3709 oh.
1711 3652 1831 3709 xvi.
1865 3656 1919 3710 7.

882 3733 957 3791 V.
1001 3735 1058 3789 4.
1090 3730 1147 3787 A
1170 3739 1330 3808 parte
1352 3730 1578 3804 Salutis,
1595 3730 1743 3805 Quia
1765 3731 1880 3790 duo
1902 3732 1976 3789 ad
1999 3733 2123 3810 ejus
2136 3733 2462 3792 fruitionem
2481 3734 2731 3809 require-

808 3813 1053 3870 bantur:
1082 3814 1132 3868 1.
1154 3811 1483 3886 acquisitio;
1507 3814 1560 3867 2.
1586 3812 1911 3887 applicatio.
1941 3812 2041 3869 Ad
2070 3814 2509 3888 acquisitionem
2536 3815 2733 3870 Status

807 3891 1214 3949 exinanitionis
1242 3890 1599 3947 necessarius
1655 3890 1780 3966 fuit,
1813 3892 1949 3967 quia
1992 3911 2107 3948 non
2144 3892 2330 3966 potuit
2375 3892 2592 3967 acquiri
2621 3892 2734 3949 nisi

326 3992 429 4051 per
456 3981 716 4031 mortem.
803 3969 902 4027 Ad
930 3969 1369 4045 applicationem
1399 3989 1538 4027 vero
1581 3970 1778 4028 Status
1807 3970 2192 4043 exaltationis,
2238 3971 2375 4046 quia
2402 3990 2517 4027 non
2545 3971 2735 4046 potuit

325 4052 601 4130 applicari
630 4052 742 4109 nisi
769 4070 870 4127 per
899 4049 1206 4106 efficaciam
1235 4049 1389 4105 vitae.
1475 4050 1545 4106 In
1575 4050 1776 4125 prim0,
1823 4050 1937 4107 Jus
1980 4050 2054 4106 ad
2082 4050 2262 4106 vitam
2311 4050 2477 4107 nobis
2507 4051 2732 4123 meruit,

328 4134 399 4189 In
418 4133 615 4207 altem,
638 4131 710 4190 de
733 4131 884 4189 facto
908 4148 1033 4186 eam
1057 4128 1221 4185 nobis
1234 4127 1472 4186 confert.
1498 4128 1566 4184 In
1579 4129 1780 4204 prium,
1797 4127 2025 4203 justitia
2045 4127 2257 4186 Christi
2283 4148 2406 4185 sese
2427 4128 2736 4186 exeruitad

324 4212 851 4271 reconciliationem
879 4217 1131 4266 nostram
1152 4227 1279 4265 cum
1326 4208 1468 4282 Deo,
1503 4208 1574 4264 In
1602 4209 1800 4280 altem,
1832 4208 2091 4282 potentia
2119 4206 2399 4265 adversus
2419 4207 2731 4266 Diabolum

326 4301 384 4350 et
425 4301 741 4368 peceatum.
806 4291 878 4346 In
918 4295 1162 4364 utroque
1191 4287 1442 4345 absolvit
1472 4287 1649 4363 Opus,
1681 4286 1835 4362 quod
1866 4286 1950 4343 illi
1973 4287 2341 4344 commissum
2371 4296 2458 4344 est
2486 4307 2520 4344 a
2546 4287 2733 4345 Patre.

407 4371 519 4429 VI.
565 4371 844 4446 Quamvis
875 4368 1138 4427 Christus
1192 4366 1449 4425 fueritin
1509 4367 1677 4424 Statu
1731 4365 2174 4440 exinanitionis3
2218 4387 2335 4423 non
2365 4365 2495 4424 ideo
2524 4367 2604 4423 ita
2633 4368 2735 4424 hu-

327 4449 588 4509 militatis
616 4451 724 4510 fuit
753 4450 894 4526 quin
923 4447 1166 4506 subinde
1197 4447 1271 4504 ad
1301 4446 1434 4503 fidei
1464 4454 1675 4503 nostrae
1704 4446 1989 4516 ἀσφάλειαν
2037 4445 2229 4503 varios
2266 4445 2458 4503 radios
2487 4446 2740 4505 emiserit

327 4528 526 4604 gloriae
556 4549 671 4587 suae
701 4530 930 4602 divinae,
964 4529 1086 4586 sive
1116 4528 1175 4584 in
1203 4525 1494 4584 miraculis
1522 4545 1651 4600 quae
1689 4526 1967 4602 patrabat,
2001 4524 2123 4582 sive
2151 4526 2210 4581 in
2240 4525 2411 4584 rebus
2465 4526 2739 4583 mirabili-

326 4609 455 4680 buS,
486 4627 614 4683 quae
643 4609 727 4665 illi
750 4608 1177 4683 contingebant,
1200 4606 1398 4682 quales
1425 4605 1566 4663 visae
1596 4615 1729 4663 sunt
1750 4606 1806 4662 in
1838 4605 2171 4679 Nativitate‚
2196 4605 2509 4684 BaptismO,
2531 4606 2740 4664 Trans-

329 4686 689 4763 figuratione,
721 4696 778 4745 et
808 4688 1014 4745 Morte.

316 3400 363 3446 3.
384 3402 426 3445 Α
470 3405 610 3502 zar-te
641 3399 762 3445 Nos·

515 3474 557 3503 rx
583 3476 594 3514 ;

325 3798 371 3840 4.
391 3798 438 3841 A
472 3801 610 3898 pag-te
635 3798 770 3843 Salu-

555 3869 611 3898 rs.
