3221 5200
331 360 558 409 QcAEsr.
593 340 747 421 x1x.]
1046 362 1124 401 ns
1155 362 1418 402 ransom
1450 361 1518 398 ετ
1548 361 1726 401 snm
1756 361 2002 400 cuam-1.
2638 344 2751 401 327

331 511 393 561 et
425 510 628 580 postea
673 502 1102 579 corruptibilem
1132 503 1363 576 factum,
1395 521 1510 559 non
1540 511 1844 578 propterea
1869 501 1967 560 vel
2011 520 2220 578 corpus
2249 503 2453 559 animae
2483 521 2751 578 exaequa·

331 602 478 655 mus,
511 581 606 641 vel
628 582 875 640 animam
905 581 980 640 ad
1009 581 1277 658 Corporis
1318 600 1501 658 usque
1529 580 1904 657 ignominiam
1948 580 2271 658 dejicimus.

415 661 668 721 XVIII.
713 661 899 720 Aliud
953 670 1041 720 est
1086 661 1378 720 Christum
1426 660 1644 736 ubique
1692 668 2033 736 praesentem
2089 660 2297 734 dicere,
2352 660 2562 738 aequali
2619 680 2750 720 cum

334 741 506 800 Patre
535 740 722 818 gloria
747 740 1068 817 praeditum,
1089 750 1148 799 et
1175 741 1368 799 omnia
1395 739 1650 817 implere,
1676 738 1862 797 Aliud
1888 739 1998 797 hoc
2025 738 2197 796 Carni
2228 740 2442 799 Christi
2472 740 2747 800 tribuere.

333 820 483 895 Quia
510 820 666 898 quod
714 820 786 879 de
834 840 1081 897 persona
1122 820 1334 879 dicitur
1380 820 1441 876 in
1482 826 1767 892 concret0,
1812 838 1928 875 non
1972 818 2164 877 statim
2207 828 2399 895 potest
2439 820 2536 878 vel
2577 821 2751 879 dehet

333 900 482 958 trahi
512 900 587 958 ad
614 908 848 958 naturas
875 900 935 958 in
964 901 1270 959 abstractO.
1357 899 1523 957 Licet
1570 898 1724 956 enim
1766 916 1968 956 verum
1999 898 2075 957 sit
2122 898 2413 957 Christum
2458 900 2750 959 hominem

332 999 459 1038 esse
491 981 698 1055 Deum,
729 979 879 1039 male
922 989 1116 1039 tamen
1160 978 1379 1037 dixeris
1425 979 1575 1036 hanc
1604 995 1833 1035 carnem
1883 997 2009 1036 esse
2055 977 2434 1054 divinitatem,
2467 980 2603 1056 quia
2630 1000 2748 1038 non

331 1059 760 1134 commixtione,
791 1068 891 1118 aut
919 1059 1270 1133 confusione,
1316 1058 1421 1117 sed
1463 1055 1766 1116 inconfusa
1812 1064 1873 1115 et
1899 1056 2267 1134 impermixta
2310 1058 2550 1118 duarum
2580 1070 2747 1118 natu-

333 1159 525 1197 rarum
545 1139 775 1212 unione,
803 1139 989 1197 Filius
1019 1139 1132 1197 Dei
1153 1138 1339 1196 factus
1365 1144 1457 1196 est
1483 1143 1675 1196 homo.
1788 1213 1793 1216 ,

416 1218 605 1276 XIX.
652 1218 834 1277 Aliud
878 1227 967 1277 est
1013 1237 1221 1295 corpus
1270 1216 1657 1294 glorificatum
1689 1217 1813 1276 fieri
1864 1217 2161 1295 spirituale
2189 1216 2379 1294 quoad
2436 1218 2745 1294 qualitates

333 1298 553 1356 ratione
576 1297 870 1372 claritatis,
889 1297 1187 1374 agilitatis,
1219 1296 1555 1356 subtilitatis
1577 1305 1637 1355 et
1664 1297 1956 1371 similium,
1983 1296 2167 1356 Aliud
2184 1316 2323 1355 vero
2340 1296 2464 1355 fieri
2483 1298 2745 1374 spiritum

330 1396 434 1435 seu
488 1377 697 1435 mutari
726 1378 786 1434 in
839 1386 1103 1436 naturam
1132 1377 1383 1454 spiritus,
1435 1383 1497 1434 et
1543 1376 1779 1454 spiritus
1820 1376 2086 1435 immensi
2113 1383 2172 1435 et
2218 1375 2445 1435 infiniti.
2530 1377 2745 1438 Christi

329 1457 552 1533 Corpus
581 1475 682 1534 per
722 1456 1132 1515 exaltationem
1154 1463 1213 1515 et
1239 1456 1553 1515 sessionem
1581 1456 1655 1513 ad
1698 1456 1962 1514 dextram
1994 1456 2121 1530 Dei,
2152 1456 2367 1514 factum
2394 1455 2629 1534 quidem
2656 1466 2746 1518 est

329 1536 626 1613 spirituale
654 1536 845 1613 quoad
873 1536 1200 1612 qualitates,
1232 1535 1334 1594 sed
1378 1554 1495 1592 non
1522 1543 1807 1594 mutatum
1856 1544 1946 1596 est
1988 1536 2049 1593 in
2078 1536 2340 1612 spiritum
2385 1537 2577 1613 quoad
2605 1537 2740 1597 sub·

331 1616 619 1690 stantiam,
644 1615 738 1674 vel
766 1615 1145 1693 proprietates
1186 1613 1539 1689 essentiales,
1570 1615 1755 1673 multo
1784 1614 1976 1674 minus
2030 1615 2092 1672 in
2134 1615 2396 1693 spiritum
2438 1616 2738 1695 omniprae·

332 1704 572 1755 sentem.

414 1774 569 1832 XX.
600 1774 883 1834 Caeterum
912 1773 962 1832 si
990 1774 1296 1834 diversitas
1324 1773 1590 1851 quaedam
1632 1794 1931 1834 occurrere
1972 1774 2204 1832 videtur
2231 1774 2381 1833 inter
2407 1776 2739 1854 Theologos

331 1862 559 1913 nostros
607 1854 668 1910 in
716 1853 1100 1930 explicatione
1154 1853 1441 1913 Sessionis
1481 1854 1697 1913 Christi
1725 1855 1799 1912 ad
1829 1854 2092 1913 dextram
2125 1853 2254 1927 Dei,
2286 1853 2422 1912 dum
2478 1856 2577 1913 alii
2610 1877 2738 1915 eam

371 1941 553 1992 onunt
573 1934 633 1991 in
650 1943 930 2011 quatuor:
966 1937 1016 1991 1.
1050 1933 1122 1991 In
1150 1933 1478 2011 aequalitate
1504 1939 1592 1992 τοῦ
1618 1933 1785 2005 Λόγον
1808 1952 1909 1992 seu
1940 1934 2208 1991 Personae
2237 1933 2578 1993 Mediatoris
2607 1956 2737 1995 cum

330 1953 521 2087 gatte,
554 2033 725 2090 quam
755 2013 816 2071 in
848 2012 1116 2071 Sessione
1144 2012 1377 2090 quidem
1419 2033 1534 2071 non
1564 2013 1865 2091 acceperit,
1912 2013 2013 2072 sed
2042 2022 2296 2090 tempore
2324 2014 2740 2076 humiliationis

328 2093 675 2152 occultatam
716 2092 1130 2166 manifestarit;
1176 2096 1233 2151 2.
1281 2092 1354 2149 In
1400 2091 1749 2169 perfectione
1798 2092 1985 2152 Officii
2030 2092 2386 2168 Mediatoris,
2437 2114 2540 2170 per
2582 2097 2739 2173 quod

331 2172 680 2230 constitutus
733 2171 843 2230 fuit
899 2172 1029 2229 Rex
1085 2180 1145 2230 et
1200 2167 1388 2249 Caput
1443 2172 1759 2247 Ecclesiae3
1805 2175 1863 2231 3.
1935 2172 2008 2229 In
2062 2171 2413 2249 perfectione
2468 2175 2735 2235 humanm

329 2251 545 2310 Christi
586 2250 663 2309 ad
704 2270 983 2309 summam
1012 2250 1256 2328 gloriam
1297 2259 1513 2310 evectae
1538 2273 1552 2327 ;
1609 2255 1667 2311 4.
1701 2253 1772 2310 In
1802 2251 2148 2330 perfectione
2177 2252 2411 2311 honoris
2440 2262 2498 2312 et
2526 2255 2733 2331 cultus,

330 2349 434 2408 per
460 2350 631 2406 quem
662 2329 923 2389 Christus
944 2339 1218 2407 tanquam
1247 2331 1532 2390 Dominus
1558 2340 1620 2390 et
1647 2332 1779 2390 Rex
1803 2331 2078 2390 Ecclesiae
2108 2331 2317 2390 colitur
2342 2341 2402 2391 et
2428 2333 2700 2394 adoratur
2721 2358 2737 2412 ς

337 2409 462 2467 Alii
482 2409 649 2467 unice
705 2408 764 2466 in
794 2410 1309 2469 communicatione
1362 2411 1597 2469 honoris
1625 2419 1686 2470 et
1740 2411 1979 2488 Imperii
2018 2411 2132 2488 ipsi
2185 2418 2317 2488 post
2344 2414 2735 2474 ascensionem

332 2489 530 2548 collati
562 2512 575 2549 :
633 2488 687 2546 N
691 2508 765 2546 on
786 2497 902 2547 tam
947 2497 1036 2548 est
1079 2488 1375 2549 dissensus
1422 2489 1483 2547 in
1509 2490 1715 2567 reipsa,
1747 2510 1919 2568 quam
1950 2491 2010 2548 in
2037 2490 2284 2549 docendi
2313 2492 2504 2552 modo.
2589 2494 2739 2568 Quia

331 2568 501 2648 primi
530 2569 697 2628 latius
724 2568 1090 2628 considerant
1119 2569 1427 2628 sessionem
1460 2569 1645 2647 istam,
1682 2578 1743 2632 et
1781 2591 1908 2631 eam
1953 2569 2301 2646 describunt,
2346 2592 2461 2632 non
2503 2574 2676 2633 modo
2704 2595 2740 2634 a

332 2650 564 2727 propria
603 2649 802 2725 forma,
847 2649 952 2708 sed
994 2650 1167 2708 etiam
1195 2669 1231 2706 a
1273 2650 1559 2726 pnncipio
1601 2671 1704 2710 seu
1732 2651 2141 2726 fundament03
2213 2654 2541 2728 aequalitate
2596 2656 2733 2715 nim.

329 2748 461 2788 cum
494 2730 683 2806 Patre,
716 2730 838 2789 sine
867 2748 983 2807 qua
1008 2749 1124 2787 non
1146 2749 1331 2807 capax
1371 2730 1575 2790 fuisset
1610 2732 1759 2790 tanti
1785 2731 2019 2791 honoris
2048 2740 2106 2791 et
2133 2732 2374 2809 imperii,
2420 2734 2494 2793 ab
2520 2743 2736 2794 antece·

328 2810 578 2869 dentibus
619 2817 677 2869 et
730 2810 1189 2886 consequentibus,
1229 2829 1358 2887 quae
1401 2829 1532 2869 cum
1573 2830 1645 2870 ea
1680 2812 1987 2888 conjuncta
2030 2820 2165 2870 sunt
2207 2813 2568 2891 necessario;
2614 2815 2740 2873 Alii

329 2909 469 2948 vero
496 2890 738 2948 strictius
779 2909 905 2949 eam
947 2896 1209 2966 spectant
1256 2888 1447 2966 quoad
1494 2888 1738 2948 formam
1770 2891 2057 2950 Sessionis
2086 2891 2295 2969 simpli.
2338 2914 2468 2971 quse
2508 2896 2736 2974 proprie

329 2968 596 3027 consistit
621 2969 683 3025 in
725 2968 1072 3045 perfectione
1102 2967 1290 3027 Officii
1329 2967 1687 3044 Mediatoris,
1718 2990 1833 3046 quo
1861 2970 2048 3047 gloria
2094 2980 2154 3029 et
2193 2970 2409 3032 honore
2431 2984 2736 3035 coronatus

327 3048 592 3106 Christus
621 3047 947 3105 dominatur
973 3046 1033 3103 in
1061 3045 1252 3104 medio
1279 3045 1657 3105 inimicorum.
