3221 5200
290 351 519 399 Quffis‘r.
558 333 734 412 xv11.]
1169 353 1246 391 nr.
1277 352 1613 392 voca‘moxs
1646 350 1901 390 armos.
2591 335 2704 390 547

292 492 475 550 tantis
503 501 561 550 et
590 492 896 569 operantis,
929 491 979 550 si
1007 491 1077 551 de
1108 513 1176 551 eo
1199 494 1359 551 nulla
1386 491 1670 551 certitudo
1699 491 1885 550 solida
1912 497 2103 567 potest
2129 490 2327 548 haberi
2348 492 2377 548 ?
2459 491 2581 549 Nec
2609 492 2703 550 hic

292 573 487 647 regeri
511 581 701 648 potest
731 577 766 605 ‘⁴
789 573 885 648 agi
914 572 985 630 de
1014 574 1318 649 praesentia
1347 573 1560 630 Christi
1588 573 1738 630 inter
1765 571 1920 647 ipsos
1948 591 2051 648 per
2097 571 2390 642 miracula,
2421 589 2537 628 non
2567 592 2705 629 vero

292 651 371 708 de
401 653 705 727 praesentia
734 651 948 710 Christi
975 653 1034 709 in
1063 653 1204 729 ipsis
1232 673 1334 730 per
1375 652 1905 729 justificationem.'’
1990 650 2138 724 Quia
2182 647 2490 708 falsitatem
2539 650 2706 709 istius

294 732 610 789 commenti
631 732 809 790 verba
836 733 962 808 ipsa
998 733 1262 791 innuunt.
1348 733 1479 790 Non
1519 732 1690 808 jubet
1720 731 1937 789 Paulus
1985 729 2422 806 circumspicere
2450 739 2615 788 extra
2644 750 2706 788 se

293 811 573 886 potentiae
621 820 680 870 et
723 812 1127 871 miraculorum
1178 813 1391 871 Christi
1433 812 1911 888 experimentum,
1971 809 2075 868 sed
2100 809 2341 885 probare
2370 810 2608 885 seipsos,
2633 829 2707 867 an

297 890 417 948 sint
446 890 503 947 in
532 891 663 966 fide,
696 900 849 950 etan
875 911 979 967 per
1004 892 1179 949 fidem
1202 893 1451 950 sentiant
1481 893 1771 950 Christum
1802 892 1860 948 in
1892 910 1951 948 se
1980 888 2351 947 habitantem.
2398 890 2519 947 Nec
2548 889 2708 947 aliud

301 969 602 1029 insinuant
628 971 807 1029 verba
835 969 1151 1047 sequentia,
1183 973 1292 1030 nisi
1304 975 1460 1048 forte
1487 973 1717 1047 reprobi
1739 972 1873 1045 sitis,
1906 969 2042 1046 quia
2069 969 2179 1026 hoc
2208 968 2279 1025 de
2308 968 2422 1026 fide
2454 969 2704 1026 Miracu-

297 1049 489 1107 lorum
518 1051 633 1108 dici
661 1070 776 1109 non
805 1060 1017 1128 posset,
1050 1052 1333 1128 siquidem
1361 1072 1478 1110 non
1507 1051 1702 1110 statim
1731 1051 2008 1126 reprobus
2036 1057 2094 1106 et
2141 1049 2498 1124 rejectaneus
2536 1048 2710 1106 debet

298 1131 539 1202 censeri,
572 1131 763 1207 quiea
788 1131 1063 1208 privatur,
1097 1131 1199 1189 sed
1227 1130 1302 1189 ad
1329 1131 1500 1189 fidem
1522 1131 1935 1208 justificantem
1964 1129 2229 1205 pertinet.

387 1209 566 1267 XVI.
612 1210 777 1268 Idem
822 1211 1116 1286 colligitur
1155 1231 1229 1269 ex
1272 1230 1341 1268 eo
1384 1211 1537 1287 quod
1581 1210 1797 1287 singuli
1841 1218 2107 1267 tenentur
2147 1205 2282 1265 fidei
2326 1224 2443 1264 suae
2486 1207 2707 1265 confes-

302 1287 525 1345 sionem
555 1290 739 1365 edere,
777 1292 804 1347 1
843 1291 966 1348 Pet.
997 1290 1079 1348 iii.
1113 1293 1204 1365 15,
1240 1291 1408 1356 Rom,
1452 1312 1508 1349 x.
1554 1293 1609 1348 9.
1696 1288 1997 1364 Quomodo
2040 1289 2191 1345 enim
2234 1305 2360 1346 eam
2404 1287 2623 1346 sincere
2654 1295 2712 1345 et

301 1376 635 1426 constanter
663 1369 921 1428 confiteri
949 1379 1200 1446 possent,
1234 1371 1282 1428 si
1311 1371 1382 1429 de
1412 1391 1480 1428 ea
1509 1369 1651 1428 certi
1680 1389 1806 1427 esse
1836 1388 1951 1426 non
1979 1370 2270 1444 possunt?
2355 1367 2567 1425 Fateor
2593 1387 2711 1424 non

301 1465 519 1522 paucos
561 1449 790 1506 mentiri
831 1458 890 1507 et
929 1449 1285 1526 hypocritice
1325 1470 1498 1527 agere
1539 1449 1860 1527 profitendo
1902 1448 2075 1505 fidem
2117 1467 2290 1524 quam
2333 1466 2447 1504 non
2476 1447 2709 1505 habent.

307 1526 425 1584 Sed
454 1527 563 1585 hoc
593 1549 710 1586 non
732 1528 939 1603 obstat,
963 1530 1103 1605 quin
1120 1529 1321 1588 fideles
1342 1550 1478 1588 vere
1507 1529 1924 1588 confessionem
1956 1527 2123 1585 istam
2153 1527 2343 1601 edant,
2376 1537 2434 1585 et
2454 1547 2556 1602 per
2578 1547 2712 1584 con·

302 1625 552 1682 sequens
581 1608 752 1667 fidem
784 1628 945 1666 suam
975 1619 1330 1687 perspectam
1358 1611 1627 1685 habeant,
1658 1629 1829 1686 quam
1859 1608 2001 1665 alias
2031 1607 2288 1664 confiteri
2316 1625 2430 1663 non
2459 1616 2712 1681 possent.

543 1748 596 1759 ..
910 1689 1125 1747 XVII.
1191 1690 1519 1748 Secundum
1565 1697 1968 1766 argumentum
2019 1686 2231 1762 petitur
2274 1705 2312 1742 a
2361 1686 2607 1759 Spiritus
2651 1687 2712 1744 S.

334 1744 378 1788 ²·
397 1744 756 1850 &ogig-2132&
834 1769 1164 1826 Testimonio
1206 1779 1260 1826 et
1297 1771 1514 1844 Siqillo.
1590 1769 1824 1826 Scilicet
1866 1785 1981 1822 non
2024 1764 2163 1822 satis
2190 1763 2300 1821 fuit
2332 1765 2457 1820 Deo
2486 1764 2560 1821 ad
2589 1764 2713 1840 glo-

696 1840 708 1852 ’
829 1846 972 1903 riam
1014 1867 1175 1905 suam
1218 1867 1323 1906 nos
1365 1868 1723 1920 conservare,
1768 1847 1881 1903 nisi
1908 1845 1980 1902 de
2010 1844 2120 1901 ista
2148 1843 2582 1901 conservatione
2612 1863 2718 1902 nos

306 1919 522 1980 faceret
570 1925 856 2000 certioreS,
904 1934 970 1983 ιιι
1018 1926 1088 1983 de
1138 1945 1218 1984 ea*
1254 1927 1341 1984 illi
1386 1928 1602 2004 gratias
1652 1943 1990 2002 ageremus;
2038 1922 2159 1981 Nec
2209 1922 2376 1980 nobis
2433 1922 2717 1981 sufficeret

303 2010 541 2075 propter
568 2003 834 2061 solatium
864 2012 1122 2062 nostrum
1161 2025 1268 2062 nos
1309 2026 1435 2064 esse
1477 2008 1536 2063 in
1579 2007 1767 2082 gratia
1797 2005 1923 2077 Dei,
1956 2003 2066 2060 nisi
2096 2003 2223 2079 ejus
2267 2021 2498 2060 sensum
2541 2002 2715 2060 habe·

305 2098 516 2154 remuS,
548 2101 678 2138 cum
708 2082 782 2139 ad
809 2082 1140 2142 felicitatem
1168 2104 1286 2142 non
1313 2095 1536 2144 tantum
1565 2086 1852 2161 possessio
1880 2084 2017 2140 boni
2045 2081 2384 2158 requiratur,
2416 2083 2517 2140 sed
2546 2083 2719 2140 etiam

309 2159 565 2234 cognitio
616 2160 783 2220 istius
837 2165 1236 2238 possessionis.
1347 2165 1489 2222 Ideo
1545 2165 1844 2240 utriusque
1902 2162 2304 2220 certitudinem
2359 2161 2527 2220 nobis
2582 2162 2718 2218 dare

306 2237 516 2312 voluit,
548 2239 734 2315 primo
761 2241 822 2298 in
857 2242 1069 2318 Verbo,
1116 2244 1272 2320 quod
1294 2244 1364 2302 de
1410 2244 1654 2302 veritate
1697 2242 2142 2319 promissionum
2171 2241 2562 2299 testimonium
2591 2262 2716 2318 per-

310 2316 487 2391 hibet,
542 2319 793 2378 secundo
838 2321 898 2378 in
947 2323 1117 2380 corde
1141 2343 1242 2400 per
1315 2324 1588 2401 Spiritum
1641 2323 1713 2381 de
1768 2323 2012 2380 veritate
2067 2320 2468 2397 applicationis
2524 2341 2719 2380 earum

311 2405 637 2456 testantem.
722 2400 865 2459 Cum
910 2411 1101 2459 autem
1144 2403 1535 2462 testimonium
1576 2402 1735 2460 istud
1775 2421 1892 2459 non
1933 2401 2116 2477 possit
2164 2419 2290 2458 esse
2338 2401 2620 2458 incertum
2665 2410 2724 2459 et

310 2475 509 2552 fallax,
554 2486 752 2555 utpote
794 2500 829 2538 a
874 2482 1123 2540 Doctore
1166 2483 1427 2541 veritatis
1468 2483 1805 2560 profectum,
1839 2479 2121 2539 certitudo
2150 2480 2323 2537 etiam
2353 2500 2524 2557 quam
2557 2481 2720 2556 inge-

310 2567 491 2632 nerat,
522 2578 639 2617 non
667 2569 756 2619 est
784 2570 1005 2620 tantum
1035 2563 1438 2640 conjecturalis
1480 2572 1538 2622 et
1575 2561 1908 2640 probabilis,
1941 2560 2042 2619 sed
2071 2560 2270 2618 divina
2298 2569 2356 2620 et
2383 2560 2720 2620 infallibilis.

313 2636 481 2711 Quod
529 2648 594 2697 ιιι
642 2640 929 2700 efficacius
978 2643 1395 2702 demonstraret
1443 2643 1754 2720 Scriptura,
1798 2662 1916 2700 non
1956 2661 2129 2699 unam
2178 2648 2400 2699 tantum
2451 2642 2724 2699 adhibere

314 2717 503 2776 voluit
533 2720 983 2798 similitudinem,
1031 2724 1133 2782 sed
1174 2724 1385 2800 plures,
1430 2743 1559 2801 quae
1594 2724 1798 2781 miram
1826 2721 2114 2799 quandam
2144 2721 2461 2797 emphasim
2489 2722 2722 2797 habent,

312 2799 564 2856 maxime
614 2801 665 2857 si
711 2821 828 2859 non
873 2804 1111 2861 seorsim
1152 2804 1412 2881 singulae,
1458 2805 1560 2862 sed
1604 2814 1777 2879 ἀθρόως,
1822 2811 1882 2861 et
1923 2820 2122 2859 omnes
2164 2800 2336 2859 simul
2379 2810 2725 2877 spectentur.

315 2876 404 2934 Eo
431 2879 680 2953 pertinet
708 2881 862 2956 quod
897 2883 1160 2959 Spiritus,
1194 2884 1373 2942 Modo
1396 2892 1460 2941 ut
1487 2884 1733 2959 Spiritus
1759 2882 2008 2941 veritatis
2035 2880 2388 2958 proponitur,
2421 2882 2519 2957 qui
2549 2881 2729 2938 instar

313 2957 579 3014 Doctoris
619 2978 726 3015 nos
769 2960 927 3019 ducit
968 2963 1029 3019 in
1071 2983 1297 3020 omnem
1340 2963 1659 3035 veritatem,
1706 2971 1763 3021 et
1803 2962 1942 3019 facit
1980 2979 2087 3017 nos
2116 2965 2443 3034 &notatim-wc,
2476 2960 2615 3019 Joh.
2646 2960 2725 3019 vi.

314 3036 411 3107 45,
443 3043 501 3092 et
530 3036 650 3093 xiv.
687 3040 777 3111 17,
810 3047 867 3096 et
896 3041 1015 3098 xvi.
1054 3044 1164 3114 133
1213 3041 1392 3098 Modo
1434 3050 1499 3099 ut
1546 3043 1736 3114 Testis,
1782 3042 1880 3116 qui
1923 3039 1994 3096 de
2039 3039 2225 3114 gratia
2256 3038 2367 3095 Dei
2396 3047 2453 3096 et
2497 3039 2727 3097 Christo

317 3114 709 3172 testimonium
752 3117 920 3174 nobis
961 3118 1264 3176 infallibile
1290 3119 1570 3196 perhibet,
1617 3121 1755 3176 Joh.
1801 3138 1900 3175 xv.
1945 3121 2040 3191 26,
2083 3125 2141 3173 et
2182 3116 2303 3173 xvi.
2354 3120 2443 3189 14,
2475 3126 2540 3174 ut
2568 3126 2627 3175 et
2654 3118 2727 3176 de

320 3202 474 3251 statu
503 3205 715 3267 nostro,
751 3195 918 3253 Rom.
949 3197 1070 3254 viii.
1106 3200 1195 3272 16,
1222 3218 1399 3273 quum
1428 3207 1662 3255 testatur
1687 3198 1914 3273 spiritui
1938 3205 2127 3255 nostro
2153 3215 2253 3252 nos
2282 3215 2394 3253 esse
2408 3196 2567 3271 filios
2595 3198 2724 3271 Dei,

321 3292 436 3330 non
465 3281 687 3332 tantum
718 3274 792 3331 ad
821 3276 1222 3334 certitudinem
1253 3277 1466 3353 objecti
1509 3276 1977 3343 confirmandam,
2011 3275 2109 3332 sed
2141 3274 2426 3351 praecipue
2456 3275 2531 3332 ad
2560 3277 2726 3334 certi-

318 3352 577 3411 tudinem
621 3354 866 3430 subjecti
907 3355 1374 3432 ingenerandam,
1421 3358 1520 3432 qui
1563 3375 1772 3433 scopus
1800 3364 1889 3414 est
1917 3355 2098 3414 testis.
2183 3354 2354 3412 Unde
2386 3354 2726 3431 Chrysosto-

320 3451 448 3490 mus
490 3442 659 3508 recte,
709 3438 743 3466 ‘⁴
769 3435 1044 3509 Quaenam
1086 3436 1180 3494 hic
1224 3436 1565 3512 relinquitur
1605 3436 1939 3495 dubitatio?
2024 3435 2086 3493 Si
2113 3434 2303 3508 hom0,
2335 3435 2431 3493 vel
2461 3436 2729 3512 Angelus

322 3512 541 3588 aliquid
569 3514 909 3589 promiserit,
941 3514 1087 3574 forte
1117 3516 1247 3592 quis
1276 3516 1628 3575 dubitaverit
1652 3540 1665 3593 3
1716 3517 1994 3593 Suprema
2023 3534 2160 3573 vero
2192 3514 2475 3589 Essentia,
2512 3516 2731 3592 Spiritu

323 3592 449 3665 Dei,
482 3594 581 3669 qui
610 3613 769 3652 orare
799 3594 951 3670 facit,
984 3597 1281 3655 orantibus
1321 3596 1618 3673 promittit,
1665 3597 2007 3673 promissum
2046 3594 2306 3672 largitur,
2338 3595 2730 3654 testimonium

321 3672 488 3729 nobis
531 3674 686 3731 intus
727 3675 1082 3751 perhibente,
1128 3678 1393 3753 quisnam
1437 3676 1784 3735 dubitationi
1824 3676 2088 3734 locus?''
2176 3674 2355 3733 Modo
2397 3683 2463 3733 ut
2510 3677 2727 3748 Scriba,

322 3752 419 3826 qui
462 3761 663 3811 exarat
708 3755 922 3831 Legem
952 3764 1010 3814 et
1060 3757 1278 3814 Foedus
1325 3757 1433 3815 Dei
1476 3756 1534 3814 in
1578 3757 1848 3815 cordibus
1876 3756 2105 3828 nostris,
2150 3754 2274 3812 Jer.
2319 3754 2484 3810 xxxi.
2530 3758 2624 3827 33,
2673 3766 2731 3813 et

325 3834 358 3886 2
405 3830 532 3888 Cor.
578 3832 656 3889 iii.
701 3836 755 3907 3,
802 3844 865 3891 ut
907 3835 1180 3893 innuatur
1221 3837 1441 3894 scilicet
1481 3837 1875 3894 testimonium
1916 3836 2042 3910 ejus
2083 3852 2200 3890 non
2235 3852 2359 3890 esse
2389 3841 2578 3890 actum
2609 3853 2730 3890 mo·

323 3918 687 3967 mentaneum
736 3920 794 3969 et
841 3915 1192 3987 mutabilem,
1238 3914 1339 3972 sed
1383 3924 1739 3973 constantem
1782 3922 1840 3971 et
1880 3921 2236 3989 perpetuum,
2280 3930 2395 3986 quo
2437 3911 2511 3968 ad
2552 3912 2735 3970 instar

327 3988 666 4045 Cancellarii
714 3991 967 4048 coelestis
1015 3993 1290 4050 exscribit
1338 3994 1399 4050 in
1453 3994 1725 4051 cordibus
1774 3992 1986 4049 nostris
2034 3990 2465 4069 justificationis
2519 4001 2729 4051 nostrae

326 4066 595 4143 diploma,
648 4088 763 4143 quo
794 4069 1018 4128 Electio
1050 4071 1255 4144 Patris,
1306 4080 1365 4129 et
1391 4071 1758 4148 :Redemptio
1817 4071 1953 4127 Filii
1981 4071 2042 4128 in
2096 4069 2263 4128 nobis
2319 4072 2727 4147 confirmatur;

331 4147 506 4205 Modo
535 4156 599 4206 ut
638 4148 909 4224 Szjqillum,
957 4170 1071 4226 quo
1114 4151 1492 4227 obsignantur
1530 4152 1733 4209 fideles
1768 4150 1843 4207 ad
1896 4150 2048 4208 diem
2104 4148 2530 4226 redemptionis,
2578 4152 2726 4227 Eph.

329 4227 362 4285 i.
419 4230 508 4302 13,
562 4237 619 4286 et
668 4228 746 4285 iv.
799 4230 894 4286 30.
997 4230 1127 4287 Non
1173 4238 1395 4287 tantum
1449 4239 1515 4288 ut
1569 4230 2011 4307 promissionum
2067 4230 2267 4306 gratiae
2323 4230 2623 4288 veritatem
2673 4240 2731 4289 et

327 4307 725 4365 certitudinem
769 4309 828 4367 in
870 4308 1139 4368 cordibus
1180 4311 1391 4367 nostris
1434 4312 1746 4384 confirmet,
1791 4318 1856 4367 ut
1898 4310 2211 4386 diplomata
2238 4318 2297 4366 et
2332 4309 2513 4367 literae
2555 4311 2729 4386 regiae

329 4387 513 4444 solent
556 4388 764 4465 sigillis
806 4389 1031 4464 muniri,
1078 4397 1140 4447 ut
1167 4389 1332 4447 firma
1373 4397 1431 4447 et
1473 4389 1797 4448 indubitata
1838 4390 2156 4447 authoritas
2196 4388 2313 4446 illis
2356 4389 2728 4465 concilietur3

329 4465 429 4522 sed
477 4467 649 4524 etiam
699 4476 764 4526 ut
810 4468 1013 4527 fideles
1054 4469 1164 4545 ipsi
1221 4469 1615 4546 obsignentur,
1672 4478 1795 4528 tum
1837 4478 1902 4527 ut
1943 4469 2373 4544 distinguantur
2413 4489 2448 4526 a
2489 4470 2728 4545 caeteris,

330 4552 384 4602 et
413 4545 599 4603 sciant
628 4567 687 4603 se
717 4548 776 4604 in
805 4569 1103 4607 numerum
1135 4550 1361 4607 illorum
1398 4559 1648 4608 assertos
1676 4570 1819 4622 esse,
1852 4549 2061 4625 quibus
2089 4549 2131 4606 J
2138 4567 2204 4605 us
2234 4548 2369 4606 vitae
2398 4548 2595 4608 datum
2625 4560 2728 4625 est,

331 4630 449 4680 tum
495 4632 557 4683 ut
600 4626 707 4682 sub
749 4628 941 4702 sigillo
988 4629 1097 4687 Dei
1138 4631 1320 4687 sciant
1349 4648 1408 4686 se
1440 4649 1582 4704 esse,
1615 4629 1715 4705 qui
1744 4629 1816 4686 ab
1845 4648 1913 4687 eo
1952 4627 2355 4687 custodiuntur
2396 4629 2727 4707 certissime,

2290 4795 2315 4825 Ι
