3221 5200
246 348 486 393 Quaes'r.
519 330 590 407 1.]
1134 349 1210 387 m:
1239 348 1757 388 JUSTIFICATIONR.
2567 332 2682 388 559

245 491 372 546 hoc
400 488 531 546 loco
552 486 897 561 justificare,
927 504 996 544 ac
1017 487 1247 559 justum
1276 487 1688 562 pronunciare,
1720 488 1873 544 sicut
1899 486 1940 543 J
1948 490 2105 544 udex
2133 505 2242 545 sua
2269 488 2561 545 sententia
2589 489 2676 545 in-

247 573 569 624 nocentem
597 563 853 621 absolvit
872 573 931 622 et
957 565 1368 639 pronunciat.’'
1455 566 1767 623 Cornelius
1795 585 1832 622 a
1854 564 2101 639 Lapide,
2125 566 2231 639 qui
2259 565 2408 622 alias
2437 584 2675 624 omnem
2720 609 2726 615 .

141 657 168 718 f
247 644 520 718 lapidem
547 649 749 700 movet
788 644 864 698 ad
900 643 1333 701 obscurandam
1359 644 1691 713 veritatem,
1720 644 1781 700 vi
1809 645 2072 701 veritatis
2113 652 2309 701 tamen
2339 643 2533 700 victus
2572 663 2675 719 ag-

135 741 166 748 ··
248 722 465 790 noscit,
497 722 693 778 Deum
713 720 1042 793 justificare
1070 721 1148 778 id.
1181 723 1255 779 ab
1284 722 1518 779 intenta
1544 722 1770 796 peccati
1797 730 1857 778 et
1880 722 2182 780 Daemonis
2210 721 2440 779 actione
2481 723 2675 781 absol-

135 803 168 881 ⁶.-
253 818 417 867 vere,
439 800 757 872 justosque
786 799 1195 872 pronunciare.

345 877 540 934 VIII.
587 877 641 933 3.
690 875 851 942 Quia
894 878 1133 950 phrases
1181 877 1650 951 aequipollentes,
1680 878 1897 951 quibus
1937 877 2285 951 justificatio
2330 885 2533 936 nostra
2576 882 2676 937 de·

145 965 164 988 ³
252 956 553 1024 scribitur,
585 961 725 1012 sunt
744 953 1062 1026 judiciales
1085 976 1099 1022 ;
1142 956 1351 1028 quales
1378 962 1519 1011 sunt
1545 975 1656 1013 non
1684 956 1876 1014 venire
1903 956 1964 1011 in
1981 956 2285 1031 judicium,
2308 955 2349 1012 J
2354 957 2450 1013 oh.
2479 976 2535 1014 v.
2567 959 2676 1027 24;

135 1051 144 1058 “
251 1056 371 1092 non
403 1032 794 1101 condemnari,
824 1032 865 1089 J
872 1035 964 1089 oh.
989 1032 1069 1090 iii.
1104 1032 1215 1100 183
1246 1035 1534 1092 remittere
1566 1044 1821 1110 peccata,
1851 1036 2137 1110 imputare
2167 1035 2471 1108 justitiam,
2503 1035 2678 1095 Rom.

255 1113 382 1182 iv.;
417 1111 791 1180 reconciliari,
837 1111 1010 1167 Rom.
1041 1129 1098 1170 v.
1151 1111 1247 1180 10,
1283 1112 1321 1167 2
1352 1113 1486 1171 Cor.
1517 1131 1573 1168 v.
1621 1113 1733 1182 19;
1782 1121 1843 1170 et
1883 1115 2012 1170 sim.
2094 1115 2149 1169 4.
2183 1112 2272 1168 Eo
2301 1131 2475 1169 sensu
2504 1115 2680 1170 debet

254 1191 537 1265 usurpari
566 1191 681 1247 ista
707 1189 952 1257 locuti0,
982 1207 1102 1261 quo
1132 1199 1424 1263 usurpata
1451 1197 1540 1247 est
1568 1210 1605 1249 a
1646 1190 1840 1249 Paulo
1870 1192 1933 1247 in
1961 1191 2365 1266 disputatione
2394 1192 2678 1249 adversus

256 1268 302 1326 J
309 1270 552 1338 udaeos3
599 1270 687 1325 At
713 1275 939 1325 certum
981 1274 1069 1324 est
1096 1285 1217 1323 non
1245 1276 1446 1325 actum
1486 1268 1568 1326 ibi
1608 1269 1791 1326 fuisse
1820 1272 1894 1326 de
1922 1270 2220 1326 infusione
2260 1268 2530 1342 justitiae,
2577 1270 2679 1326 An

258 1346 486 1405 scilicet
513 1365 586 1403 ex
614 1348 748 1416 fide,
783 1345 886 1402 An
913 1363 1054 1401 vero
1082 1363 1156 1400 ex
1185 1347 1462 1420 operibus
1493 1345 1673 1422 Legis
1707 1347 2127 1404 infunderetur
2154 1347 2214 1403 in
2244 1346 2548 1403 hominem
2577 1349 2681 1404 ha-

257 1425 424 1480 bitus
443 1425 715 1498 justitiae,
764 1423 882 1481 Sed
931 1424 1235 1496 quomodo
1284 1426 1465 1481 homo
1508 1432 1782 1499 peccator
1830 1433 2024 1500 posset
2051 1444 2248 1482 coram
2300 1425 2412 1481 Dei
2448 1425 2681 1500 judicio

262 1503 602 1572 subsistere,
631 1509 691 1560 ct
710 1503 815 1577 jus
842 1502 917 1557 ad
947 1500 1134 1558 vitam
1161 1503 1459 1575 consequi,
1493 1505 1594 1560 An
1646 1522 1749 1578 per
1778 1522 1957 1577 opera
1986 1503 2181 1577 LegiS,
2227 1511 2295 1559 ut
2321 1502 2362 1558 J
2370 1503 2527 1560 udaei
2567 1504 2681 1560 sibi

263 1580 773 1653 imaginabantur,
807 1580 906 1635 An
938 1597 1080 1635 vero
1109 1599 1214 1653 per
1254 1582 1432 1638 fidem
1482 1581 1700 1639 Christi
1727 1605 1741 1640 :
1803 1581 1882 1638 Et
1910 1600 2050 1638 cum
2078 1581 2361 1654 cogitatio
2391 1583 2463 1637 de
2492 1581 2533 1638 J
2542 1583 2682 1638 usti-

258 1659 538 1716 ficatione
567 1667 710 1716 nata
737 1659 813 1716 sit
841 1658 1005 1714 haud
1033 1657 1214 1715 dubie
1241 1678 1313 1716 ex
1343 1668 1508 1717 metu
1536 1659 1577 1715 J
1585 1661 1765 1716 udicii
1792 1659 1999 1728 divini,
2030 1667 2088 1716 et
2116 1659 2216 1716 irae
2247 1666 2531 1726 venturae,
2561 1678 2682 1715 non

262 1744 463 1809 potest
485 1738 605 1793 alio
635 1755 810 1794 sensu
838 1753 1020 1808 quam
1061 1734 1281 1793 forensi
1331 1738 1608 1811 usurpari
1635 1759 1650 1807 ;
1707 1739 2012 1811 quomodo
2053 1743 2337 1808 usurpata
2363 1743 2451 1792 cst
2477 1736 2540 1791 in
2570 1737 2684 1792 ori-

261 1814 404 1887 gine
433 1816 830 1889 quaestionum
861 1813 1127 1881 istarum,
1158 1833 1291 1887 quae
1315 1822 1492 1871 motae
1522 1823 1673 1871 sunt
1704 1814 1993 1889 superiori
2021 1816 2219 1870 seculo
2244 1813 2546 1869 occasione
2581 1813 2683 1869 In-

264 1893 752 1966 dulgentiarum,{
786 1889 1276 1947 satisfactionum
1315 1898 1374 1947 et
1410 1892 1770 1948 remissionis
1817 1899 2212 1966 peccatorum.
2305 1892 2357 1946 5.
2391 1890 2686 1964 Denique,

263 1969 383 2025 nisi
425 1989 601 2027 sensu
644 1967 864 2026 forensi
905 1974 1175 2024 sumatur
1214 1970 1342 2025 haec
1385 1988 1520 2039 vox,
1564 1969 1968 2026 confundetur
2007 1987 2145 2025 cum
2192 1967 2687 2038 Sanctificatione,

266 2065 415 2120 quas
457 2055 654 2104 tamen
692 2064 815 2104 esse
856 2044 1179 2114 distinctaS,
1222 2053 1281 2103 et
1322 2047 1406 2103 rei
1448 2054 1681 2118 natura,
1723 2055 1783 2104 et
1829 2047 2149 2121 Scripturae
2178 2065 2295 2102 vox
2336 2064 2458 2102 non
2502 2047 2685 2104 semel

268 2125 493 2181 asserit.

866 2200 981 2257 IX.
1027 2201 1194 2259 Licet
1224 2221 1338 2258 vox
1379 2201 1423 2258 J
1427 2202 1834 2260 ustificationis
1873 2203 1937 2258 in
1974 2202 2334 2275 quibusdam
2365 2201 2685 2276 Scripturas

323 2267 507 2367 5⁰23&
544 2266 684 2312 5⁰¹⁸·
782 2279 927 2336 locis
954 2297 991 2335 a
1025 2281 1268 2353 propria
1294 2280 1725 2354 significatione
1768 2281 2080 2349 recederet,
2109 2289 2169 2336 et
2208 2280 2328 2336 alio
2375 2299 2557 2354 quam
2598 2279 2688 2337 fo-

427 2339 611 2368 ¹⁰¹¹⁰¹¹¹‘
783 2357 938 2412 rensi
981 2375 1156 2413 sensu
1197 2365 1566 2428 sumeretur3
1610 2357 1754 2416 Non
1786 2365 2130 2432 sequeretur
2156 2376 2465 2432 perperam
2492 2376 2530 2415 a
2554 2377 2690 2415 nos·

271 2434 380 2489 tris
422 2434 578 2490 sumi
610 2434 996 2507 judicialiter,
1027 2434 1171 2507 quia
1199 2435 1471 2509 proprius
1500 2454 1708 2494 sensus
1738 2438 2094 2511 spectandus
2121 2443 2211 2493 est
2237 2437 2298 2491 in
2320 2435 2391 2491 iis
2421 2435 2584 2507 locis,
2626 2436 2688 2493 in

270 2512 490 2585 quibus
519 2515 684 2568 sedes
707 2520 795 2569 est
821 2512 993 2569 istius
1021 2514 1323 2569 doctrinae.
1408 2514 1463 2571 2.
1510 2514 1801 2581 Quamvis
1829 2514 1983 2570 forte
2024 2532 2144 2570 non
2180 2522 2514 2571 sumeretur
2538 2509 2688 2589 praess

269 2589 386 2645 eise
416 2609 590 2648 sensu
619 2590 857 2660 forensi,
900 2610 1006 2665 pro
1036 2609 1106 2647 eo
1135 2593 1298 2666 quod
1345 2598 1434 2649 est
1467 2592 1704 2666 justum
1732 2592 2146 2669 pronunciare,
2178 2599 2237 2649 et
2280 2593 2584 2650 absolvere
2624 2592 2688 2650 in

264 2668 518 2741 judici0,
549 2688 671 2726 non
700 2670 856 2726 sumi
883 2677 1082 2726 tamen
1125 2689 1298 2744 posse
1326 2689 1501 2727 sensu
1547 2674 1791 2746 physico
1820 2690 1929 2746 pro
1971 2669 2270 2728 infusione
2309 2671 2580 2745 justitiae,
2622 2679 2693 2728 ut

272 2747 498 2803 vellent
527 2746 838 2818 Pontificii,
868 2748 1292 2823 pertendimus,
1322 2756 1393 2805 ut
1432 2749 1607 2808 facile
1634 2752 1926 2826 probatur
1954 2766 2028 2806 ex
2068 2749 2214 2808 locis
2243 2768 2279 2806 a
2320 2748 2690 2807 Bellarmino

272 2824 400 2898 ipso
430 2826 644 2883 allatis,

356 2902 432 2959 X.
479 2904 658 2973 Nam,
683 2904 798 2961 Isa.
823 2904 928 2960 liii.
957 2903 1048 2973 11,
1073 2905 1176 2961 ubi
1200 2904 1464 2963 Christus
1481 2907 1701 2964 dicitur
1717 2906 2135 2986 justificaturus
2158 2906 2365 2963 multos
2384 2910 2693 2983 coynitione

273 2980 363 3036 sui
381 3004 402 3051 ,·
431 2980 830 3038 Manifestum
857 2989 945 3037 est
973 2984 1169 3037 notari
1198 3000 1437 3042 causam
1464 2986 1849 3058 meritoriam,
1878 2992 1937 3042 et
1978 2985 2492 3042 instrumentalem
2520 2988 2690 3044 abso-

275 3058 522 3114 lutionis
551 3065 767 3114 nostrae
797 3076 995 3114 coram
1026 3058 1173 3127 De0,
1204 3060 1488 3117 nimirum
1519 3062 1841 3132 Christum,
1885 3069 1945 3119 et
1986 3064 2116 3134 ejus
2155 3062 2558 3133 cognitionem
2587 3084 2692 3123 seu

273 3136 468 3192 fidem.
555 3135 673 3191 Hic
700 3134 858 3191 enim
876 3134 1140 3206 cognitio
1161 3136 1379 3193 Christi
1407 3155 1527 3194 non
1546 3140 1724 3196 debet
1744 3141 1898 3196 sumi
1919 3139 2231 3212 subjective,
2254 3140 2328 3194 de
2351 3140 2690 3212 cognitione

278 3232 399 3289 qua
422 3212 541 3285 ipse
571 3212 678 3269 scit
705 3212 851 3286 quid
881 3212 1033 3268 inter
1062 3232 1122 3269 se
1140 3220 1199 3269 et
1228 3211 1467 3272 Patrem
1496 3224 1855 3273 conventum
1884 3217 2083 3285 fuerit,
2114 3235 2247 3290 quae
2276 3217 2427 3273 nihil
2449 3218 2592 3275 facit
2612 3222 2691 3278 ad

276 3298 539 3349 nostram
560 3290 1066 3364 justificationem.
1152 3291 1268 3348 Sed
1299 3293 1560 3367 objective
1586 3295 1660 3349 de
1690 3314 1777 3363 ea,
1808 3313 1930 3369 qua
1969 3295 2348 3367 cognoscitur
2374 3313 2411 3351 a
2451 3295 2573 3353 suis
2612 3300 2691 3356 ad

276 3370 547 3437 salutem,
579 3388 713 3442 quae
742 3368 893 3424 nihil
921 3367 1086 3424 aliud
1116 3376 1204 3425 est
1231 3387 1410 3441 quam
1451 3372 1614 3441 fides,
1646 3373 1739 3429 cui
1768 3372 1987 3448 passim
2019 3372 2368 3446 justificatio
2413 3374 2691 3433 adscribi-

276 3456 393 3504 tur.
499 3446 560 3502 N
565 3465 630 3503 ec
673 3447 859 3503 alium
903 3465 1139 3503 sensum
1168 3450 1558 3520 quaerendum
1601 3468 1729 3508 esse
1771 3451 1950 3507 verba
1993 3451 2301 3525 sequentia
2347 3455 2690 3525 ostendunt,

278 3527 521 3600 quando
540 3524 782 3581 additur
801 3535 852 3582 et
873 3526 1198 3600 iniquitates
1220 3546 1415 3583 eorum
1429 3530 1707 3602 portabit,
1729 3536 1797 3586 ut
1819 3536 2064 3586 notetur
2088 3529 2427 3588 Satisfactio
2453 3530 2690 3604 Christi,

279 3622 457 3679 quam
485 3604 630 3660 fides
657 3604 934 3678 amplecti
961 3605 1155 3674 debet,
1187 3611 1254 3661 ut
1273 3606 1685 3681 justificemur.

356 3682 473 3739 XI.
517 3680 660 3737 Non
689 3683 879 3756 magis
921 3690 1095 3755 urget
1138 3684 1303 3742 locus
1352 3684 1639 3756 Danielis,
1685 3687 1783 3743 xii.
1832 3687 1884 3742 3.
1972 3687 2150 3755 Quia,
2180 3695 2251 3744 ut
2269 3688 2399 3760 jam
2444 3689 2689 3760 dictum,

270 3759 616 3832 justificatio
647 3759 938 3818 Ministris
975 3761 1292 3834 Evangelii
1321 3763 1623 3834 tribuitur,
1654 3772 1724 3821 ut
1750 3765 1895 3822 alibi
1938 3767 2098 3821 salus
2140 3766 2427 3834 fidelium,
2474 3767 2504 3822 1
2537 3766 2688 3825 Tim.

281 3838 354 3893 iv.
391 3837 480 3905 16,
513 3837 543 3892 1
579 3836 711 3894 Cor.
737 3838 812 3893 ix.
845 3840 936 3894 22.
980 3837 1043 3894 N
1048 3859 1125 3895 on
1156 3840 1361 3913 utique
1391 3861 1496 3915 per
1522 3843 1846 3899 habitualis
1865 3842 2115 3915 justitiae
2147 3841 2525 3913 infusionem,
2555 3862 2690 3915 quae

280 3913 416 3987 ipsis
446 3932 567 3969 non
597 3916 909 3986 competit;
955 3915 1072 3972 Sed
1101 3934 1205 3988 per
1247 3918 1515 3976 fidelium
1542 3919 1997 3987 institutionem,
2044 3938 2147 3991 per
2175 3937 2376 3992 quam,
2411 3928 2477 3975 ut
2504 3921 2692 3994 aperi-

283 4002 390 4047 unt
418 3990 576 4046 viam
605 3992 830 4060 salutiS,
877 3992 976 4047 Ita
1002 3994 1218 4048 docent
1246 3995 1511 4064 modum,
1533 4016 1655 4070 quo
1679 4002 2010 4070 peccatores
2050 3996 2535 4068 justificationem
2557 4017 2691 4072 pos-

283 4075 420 4125 sunt
447 4067 726 4141 consequi
754 4068 814 4123 in
842 4068 1074 4125 Christo
1104 4088 1209 4142 per
1234 4072 1429 4128 fidem.
1477 4073 1657 4131 Unde
1690 4072 1769 4129 V.
1803 4072 1881 4129 V.
1912 4091 2031 4129 non
2061 4074 2258 4129 reddit
2289 4076 2689 4155 justificantes,

283 4150 379 4203 sed
409 4145 733 4204 erudientes
761 4147 1167 4220 adjustitiam.

361 4224 517 4282 XII.
566 4224 762 4281 Locus
793 4224 981 4299 Apoc.
1013 4225 1153 4282 xxii.
1188 4225 1280 4295 11,
1310 4228 1623 4302 quijustus
1652 4239 1735 4284 est
1750 4230 2097 4308 justificetur
2118 4230 2312 4287 adhuc
2331 4256 2354 4303 ;
2382 4250 2503 4290 non
2531 4233 2692 4291 favet

288 4302 693 4370 Adversariis3
739 4311 806 4360 ut
837 4302 1088 4376 justitiae
1119 4304 1495 4373 infusionem,
1526 4308 1622 4364 vel
1667 4307 2097 4366 incrementum
2139 4317 2322 4367 notet.
2409 4312 2570 4379 Quia
2611 4313 2691 4369 sic

285 4390 430 4438 esset
450 4389 737 4448 vav-namt:
758 4400 893 4438 cum
917 4381 1112 4438 verbis
1140 4384 1541 4456 sequentibuS,
1567 4385 1667 4461 qui
1707 4398 1940 4446 sanctus
1980 4398 2060 4445 est
2085 4388 2466 4465 sanctificetur
2487 4391 2691 4461 adhuc,

289 4478 389 4515 nec
417 4462 578 4515 enim
603 4461 713 4517 illa
731 4459 1077 4534 justificatio
1101 4460 1368 4519 differret
1396 4481 1434 4521 a
1459 4464 1934 4525 sanctificatione.
1995 4466 2111 4524 Sed
2135 4468 2354 4540 optime
2382 4470 2458 4525 ad
2478 4469 2697 4542 justifi-

289 4538 533 4593 cationis
580 4538 1037 4612 applicationem
1071 4546 1131 4595 et
1160 4558 1401 4598 sensum
1427 4542 1718 4614 refertur3
1766 4544 2054 4611 Quamvis
2096 4545 2253 4602 enim
2282 4564 2319 4603 a
2366 4555 2532 4619 parte
2582 4551 2695 4607 Dei

282 4615 625 4687 justificatio
655 4634 773 4669 non
802 4618 906 4673 fiat
933 4618 1274 4689 successive,
1303 4626 1502 4677 tamen
1532 4638 1569 4677 a
1594 4630 1764 4696 parte
1787 4624 1989 4694 nostri,
2021 4623 2197 4681 variis
2223 4623 2563 4700 iteratisque
2604 4651 2699 4689 ac·
