3221 5200
265 299 494 350 qusr.
527 277 623 359 u.]
1143 294 1220 334 ns
1249 294 1500 335 roensss
1530 294 1795 335 onum.
2558 278 2670 334 157

273 441 466 521 gratia
496 437 625 515 Dei,
657 445 782 497 tum
801 433 1032 514 justitia
1061 435 1293 512 Christi,
1327 436 1496 496 Rom.
1527 436 1565 496 i.
1594 438 1686 512 16,
1724 438 1830 511 173
1881 433 2256 493 Sacramenta
2277 434 2584 511 vero,quia
2614 455 2676 494 se

267 523 487 581 habent
515 540 591 579 ex
635 526 798 596 parte
829 516 941 575 Dei
969 524 1243 593 tanquam
1282 518 1460 594 siqua,
1509 537 1640 594 quae
1680 523 2095 593 repraesentant
2138 514 2370 572 foederis
2408 516 2678 574 substan-

267 602 429 678 tiam,
454 609 514 660 et
532 599 734 675 siqilla,
767 616 896 674 quae
918 595 1161 655 eandem
1188 596 1514 674 obsignant,
1549 598 1717 656 Rom.
1740 597 1839 670 iv.,
1870 602 1928 653 et
1956 603 2021 653 ut
2042 595 2407 653 irwtrumenta
2434 595 2682 653 moralia

267 702 377 760 per
416 701 546 758 quae
586 678 757 738 nobis
799 677 899 734 illa
941 676 1294 753 app‘licatur3
1338 697 1411 735 ex
1452 686 1616 754 parte
1657 685 1855 735 nostra
1883 694 2020 734 vero
2063 682 2335 751 tanquam
2378 675 2678 753 restipula-

270 762 477 836 tiones,
523 759 734 838 quibus
779 758 906 815 Deo
947 776 1055 814 nos
1097 756 1440 833 obligamus,
1483 759 1511 815 1
1560 757 1687 816 Pet.
1724 757 1803 815 iii.
1843 758 1939 830 21,
1980 762 2039 814 et
2079 764 2226 813 notoe
2266 765 2531 830 externa,
2577 774 2681 813 seu

270 841 537 918 symbola
563 837 1067 913 consoederationie.
1150 837 1407 895 Ministri
1432 857 1493 896 se
1514 838 1733 895 habent
1759 845 2034 912 tanquam
2062 836 2399 894 internuntii
2427 844 2485 894 et
2511 836 2676 910 servi,

268 941 375 999 per
401 940 548 998 quos
579 920 742 977 Deus
768 937 877 975 nos
904 915 1236 992 alloquitur,
1281 926 1340 976 et
1368 917 1443 975 ad
1472 917 1663 976 foedus
1704 916 1930 989 invitat,
1978 915 2188 974 Matth.
2219 916 2386 973 xxiii.
2417 919 2472 990 3,
2520 915 2677 975 Heb.

272 1001 309 1063 i.
365 1004 415 1076 1,
467 1009 526 1059 et
565 1008 843 1077 tanquam
885 997 1058 1074 leqati
1096 1016 1200 1074 per
1239 1016 1385 1073 quos
1423 997 1725 1056 nobiscum
1774 1015 1906 1054 cum
1954 995 2302 1054 authoritate
2351 996 2676 1073 stipulatur,

458 1124 472 1139 .
505 1100 561 1138 v.
592 1082 691 1137 20.

269 1081 754 1241 {aiz-contrahen-
877 1156 996 1215 IX.
1039 1176 1103 1215 11.
1133 1158 1339 1216 Partes
1374 1158 1757 1217 contrahentes
1797 1176 1900 1216 seu
1934 1156 2257 1234 subjectum
2300 1155 2533 1215 foederis
2560 1163 2679 1216 tres

329 1259 431 1298 tos:
459 1253 590 1299 Deus
611 1251 758 1299 offen·
797 1245 948 1313 sunt,
980 1240 1140 1296 Deus
1168 1237 1437 1314 offensus,
1469 1240 1660 1296 Homo
1682 1236 1996 1312 offendens,
2028 1245 2086 1295 et
2113 1236 2367 1296 Christus
2390 1236 2682 1295 Mediator

332 1325 428 1356 ⁸¹¹⁸·
794 1317 1088 1376 hominem
1130 1316 1514 1377 offendentem
1563 1318 1691 1376 Deo
1733 1316 1950 1375 offenso
1993 1324 2052 1375 et
2094 1317 2242 1374 irato
2284 1316 2681 1374 reconcilians.

275 1400 435 1456 Deus
460 1395 557 1455 hic
584 1396 724 1473 agit,
755 1417 874 1455 non
893 1407 960 1457 ut
987 1399 1046 1455 in
1076 1398 1291 1456 foedere
1319 1406 1539 1457 naturae
1568 1406 1853 1474 quatenus
1887 1396 2130 1456 Creator
2156 1405 2214 1455 et
2236 1395 2522 1471 dominus,
2547 1397 2686 1472 quia

274 1484 577 1555 peccatum
618 1476 874 1536 abolevit
913 1478 1234 1537 naturalem
1275 1477 1435 1536 illam
1478 1477 1955 1550 communionem,
2000 1496 2130 1552 quse
2174 1475 2507 1535 Creaturam
2549 1497 2681 1534 cum

277 1557 547 1615 Creatore
575 1556 997 1634 conjungebat;
1042 1558 1164 1616 Nec
1192 1566 1476 1634 quatenus
1504 1558 1794 1616 excelsam
1812 1565 1871 1616 et
1899 1556 2181 1614 infinitam
2209 1575 2382 1633 super
2408 1575 2500 1614 res
2529 1576 2684 1614 crea-

277 1644 370 1694 tas
399 1638 635 1715 ὑπιςοχὸν
663 1637 918 1712 obtinet;
963 1638 1101 1714 quia
1142 1646 1361 1696 tantam
1392 1638 1760 1715 Majestatem
1803 1638 1978 1694 homo
2020 1635 2240 1712 peccati
2277 1655 2426 1710 reus,
2472 1644 2532 1694 et
2559 1636 2686 1711 ejus

277 1734 454 1774 sensu
495 1716 790 1792 perculsus
830 1716 977 1775 ferre
1018 1737 1137 1776 non
1176 1718 1478 1794 potuisset,
1518 1717 1703 1776 multo
1751 1717 1943 1775 minus
1985 1735 2052 1774 ac
2096 1714 2332 1792 Angeli,
2377 1715 2478 1791 qui
2507 1714 2683 1772 facies

279 1814 417 1854 suas
461 1814 651 1854 coram
693 1816 762 1854 ea
809 1804 1005 1873 tegere
1048 1806 1350 1873 coguntur,
1398 1798 1479 1856 Is.
1525 1798 1603 1856 vi.
1648 1801 1725 1873 2;
1787 1797 1910 1854 Nec
1951 1804 2226 1871 tanquam
2268 1794 2586 1869 Leqislator
2626 1803 2686 1852 et

275 1874 500 1952 rigidus
527 1874 899 1952 perfectionis
927 1877 1160 1934 moralis
1188 1876 1262 1933 ab
1291 1877 1393 1935 illo
1422 1886 1691 1952 exactor3
1737 1876 1874 1952 quia
1901 1875 2036 1933 talis
2064 1895 2099 1932 a
2126 1882 2388 1932 creatura
2415 1882 2684 1950 corrupta

276 1974 391 2013 non
417 1955 608 2031 potuit
634 1955 961 2033 expectari3
1006 1975 1112 2014 nee
1154 1955 1309 2015 ullus
1349 1956 1637 2033 peccatori
1678 1964 1838 2032 patet
1865 1954 1940 2013 ad
1971 1955 2161 2012 Deum
2195 1953 2582 2030 justissimum
2626 1962 2685 2011 et

278 2035 705 2093 sanctissimum
747 2055 1049 2094 accessus:
1098 2035 1214 2093 Sed
1256 2045 1540 2112 quatenus
1566 2036 1883 2094 misericors
1922 2036 2104 2092 Pater
2144 2041 2198 2090 et
2222 2035 2585 2108 Redemptor,
2618 2040 2685 2091 ut

277 2114 529 2173 offensus
572 2114 825 2191 quidem,
871 2113 975 2173 sed
1007 2122 1082 2173 ut
1123 2115 1459 2191 placandus,
1500 2115 1601 2191 qui
1643 2134 1838 2173 amore
1877 2111 2299 2172 benevolentiae
2341 2112 2455 2170 sibi
2496 2111 2686 2171 voluit

277 2194 540 2253 homines
568 2194 927 2253 offendentes
955 2194 1278 2269 conciliare,
1312 2195 1480 2253 Rom.
1512 2215 1569 2252 v,
1600 2196 1656 2269 8,
1690 2195 1840 2271 Eph.
1870 2194 1929 2251 ii.
1960 2196 2017 2251 4.

886 2273 971 2332 X.
1014 2276 1205 2332 Homo
1235 2294 1351 2332 non
1378 2274 1474 2333 hic
1503 2282 1796 2351 spectatur
1821 2281 1887 2331 ut
1919 2272 2204 2332 Creatura
2233 2271 2463 2348 simpli.,
2494 2271 2591 2331 vel
2619 2280 2687 2331 ιιι

297 2325 456 2371 Homo
479 2326 740 2373 offendens.
803 2352 1080 2412 Creatura
1126 2354 1354 2430 integra
1400 2362 1460 2413 et
1497 2354 1677 2431 justa,
1721 2361 1787 2412 ut
1827 2353 1887 2410 in
1926 2353 2112 2429 primo
2158 2351 2407 2426 foedere;
2456 2352 2571 2409 Sed
2619 2359 2686 2410 ut

281 2432 564 2491 Creatura
580 2433 880 2508 peccatrix
906 2435 1203 2507 offendente,
1235 2442 1302 2492 ut
1327 2433 1499 2492 homo
1527 2434 1589 2490 in
1617 2433 1869 2509 peccatis
1888 2441 2166 2506 mortuus,
2199 2431 2498 2508 impotens,
2530 2431 2688 2489 filius

277 2511 391 2586 irae,
423 2532 458 2570 a
489 2513 615 2570 Deo
643 2513 883 2589 ejusque
905 2513 1028 2571 vita
1053 2513 1412 2572 abalienatus
1436 2535 1450 2588 3
1495 2521 1554 2572 et
1580 2512 1814 2589 quidem
1843 2521 2130 2589 quatenus
2156 2510 2399 2569 miserias
2422 2530 2541 2569 suae
2572 2511 2687 2569 sibi

278 2589 558 2666 conscius,
588 2591 747 2651 illius
788 2612 964 2652 sensu
1003 2592 1319 2671 perculsus,
1352 2594 1612 2671 adeoque
1652 2593 1918 2670 legaliter
1944 2592 2225 2667 contritus,
2258 2592 2429 2651 Matt.
2458 2592 2539 2650 xi.
2569 2593 2684 2667 283

275 2680 340 2729 ut
367 2670 461 2729 hic
493 2673 652 2747 σχίσις
678 2672 998 2749 peccatoris
1026 2693 1142 2731 non
1171 2674 1248 2733 sit
1275 2674 1614 2751 simpliciter
1640 2673 2007 2747 attendenda,
2037 2673 2174 2731 licet
2202 2673 2279 2731 sit
2302 2672 2521 2749 praevia
2549 2691 2685 2730 con·

278 2750 421 2808 ditio
448 2752 725 2828 requisita
766 2752 826 2811 in
869 2752 1115 2830 objecto,
1160 2754 1304 2812 alias
1345 2754 1534 2812 foedus
1576 2755 1686 2812 hoc
1719 2753 1957 2812 deberet
1984 2772 2058 2810 ex
2087 2772 2255 2829 aequo
2283 2751 2359 2809 ad
2399 2771 2600 2809 omnes
2628 2758 2688 2809 et

278 2829 539 2906 singulos
567 2840 897 2908 peccatores
925 2833 1178 2907 extendi,
1210 2833 1366 2910 quod
1394 2834 1509 2892 dici
1550 2853 1669 2892 non
1696 2853 1867 2910 posse
1893 2852 1987 2891 res
2013 2833 2140 2908 ipsa
2167 2833 2379 2890 clamat
2404 2841 2463 2891 et
2490 2831 2685 2889 decre-

277 2916 401 2967 tum
427 2911 845 2987 reprobationis
884 2912 1026 2971 satis
1054 2913 1303 2989 evincit5
1348 2913 1451 2971 sed
1480 2912 1887 2989 conjungenda
1913 2912 1991 2971 sit
2016 2911 2343 2970 necessario
2371 2931 2502 2969 cum
2534 2910 2689 2987 σχίσει

275 2988 598 3065 peccatoris
626 2990 872 3067 contriti,
902 2999 962 3050 et
988 2992 1260 3051 credituri
1288 3012 1363 3050 ex
1389 2992 1573 3050 libera
1604 2992 1714 3049 Dei
1743 2992 2040 3050 electione.

521 3118 532 3129 .
887 3070 1006 3130 XI.
1050 3072 1264 3146 Terti0,
1296 3072 1589 3130 Mediator
1615 3071 1711 3129 hic
1750 3069 2053 3129 intercedit
2083 3068 2363 3139 Christus,
2394 3068 2686 3126 hominem

400 3118 658 3164 Medmtor.
808 3147 1189 3210 offendentem
1222 3152 1348 3209 Deo
1376 3150 1596 3209 offenso
1630 3150 2025 3208 reconcilians.
2112 3147 2183 3204 In
2223 3148 2438 3205 foedere
2480 3148 2685 3224 primo,

280 3224 420 3302 quia
459 3224 683 3283 nullum
725 3225 912 3287 adhuc
951 3230 1256 3289 dissidium
1297 3230 1407 3289 fuit
1446 3230 1598 3289 inter
1641 3230 1832 3288 Deum
1872 3237 1932 3288 et
1966 3227 2275 3303 hominem,
2322 3226 2483 3284 nullo
2511 3226 2687 3285 etiam

279 3324 425 3382 opus
452 3304 563 3363 fuit
591 3304 944 3384 Mediatore;
993 3309 1110 3368 Sed
1137 3310 1198 3367 in
1237 3310 1541 3387 posteriori
1569 3310 1653 3369 ita
1679 3308 2036 3368 necessarius
2064 3307 2174 3366 fuit
2200 3315 2435 3384 propter
2465 3306 2689 3383 peccati

281 3384 684 3458 interventum,
737 3395 801 3445 ut
841 3388 1058 3465 absque
1100 3410 1170 3448 eo
1211 3391 1435 3449 nullum
1477 3389 1602 3447 dari
1642 3389 1926 3467 potuisset
1973 3387 2162 3447 foedus
2201 3388 2353 3446 inter
2399 3388 2586 3445 Deum
2631 3394 2691 3445 et

279 3464 606 3539 hominem;
660 3465 787 3523 Deo
834 3476 1069 3544 propter
1106 3469 1396 3545 justitiam
1441 3490 1603 3528 suam
1652 3469 1942 3528 hominem
1990 3488 2153 3527 reum
2199 3488 2317 3525 non
2365 3467 2599 3541 ferente,
2631 3475 2691 3525 et

281 3542 509 3601 homine
549 3552 786 3621 propter
825 3546 1168 3623 injustitiam
1197 3568 1360 3607 suam
1388 3549 1463 3608 ad
1493 3550 1681 3608 Deum
1712 3549 1985 3608 accedere
2012 3568 2129 3607 non
2157 3549 2405 3607 valente.
2490 3546 2689 3624 Atque

281 3621 339 3678 in
368 3643 436 3680 eo
465 3641 527 3681 se
553 3623 748 3700 prodit
776 3625 1132 3685 admirabilis
1164 3629 1276 3687 Dei
1303 3649 1442 3705 erga
1467 3629 1758 3687 hominem
1788 3628 2196 3703 misericordia,
2240 3648 2344 3704 per
2370 3647 2542 3703 quam
2572 3647 2689 3685 non

279 3708 504 3760 tantum
549 3701 621 3760 de
666 3702 882 3763 foedere
920 3705 1172 3765 ineundo
1214 3708 1468 3785 cogitare
1497 3709 1700 3783 voluit,
1745 3707 1847 3767 sed
1896 3707 2277 3766 Mediatorem
2306 3707 2479 3766 etiam
2507 3706 2685 3780 dedit,

281 3780 401 3838 sine
430 3801 547 3857 quo
589 3784 852 3841 contrahi
892 3804 1010 3843 non
1048 3786 1255 3862 potuit.
1342 3786 1631 3846 Mediator
1671 3797 1863 3846 autem
1906 3787 2015 3846 iste
2061 3789 2221 3845 Deus
2262 3793 2321 3844 et
2360 3786 2533 3842 homo
2562 3804 2691 3842 esse

283 3858 498 3952 debuit,
529 3868 590 3919 et
617 3882 692 3919 ex
720 3870 965 3939 utroque
993 3866 1220 3925 medius
1243 3888 1258 3926 ε
1304 3866 1499 3926 Homo
1526 3866 1779 3943 quidem,
1810 3875 1877 3925 ut
1902 3866 2025 3942 pati
2050 3874 2247 3943 posset
2274 3872 2333 3922 et
2359 3863 2522 3935 mori,
2554 3863 2693 3939 quia

279 3940 509 3997 nonnisi
551 3959 656 4016 per
697 3942 1025 4018 passionem
1067 3953 1125 4004 et
1164 3954 1408 4004 mortem
1450 3955 1745 4005 cruentam
1788 3954 2088 4021 peccatum
2133 3944 2321 4021 potuit
2357 3942 2597 4019 expiari,
2629 3949 2690 4000 et

280 4027 547 4095 peccator
586 4020 647 4078 in
690 4022 938 4097 gratiam
982 4025 1226 4100 restitui,
1259 4026 1383 4085 Col.
1413 4026 1451 4084 i.
1483 4029 1578 4101 20,
1612 4031 1724 4100 22;
1771 4024 1925 4082 Heb.
1954 4024 2016 4081 ii.
2051 4026 2143 4097 14,
2179 4026 2290 4098 153
2338 4022 2499 4080 Deus
2525 4040 2685 4095 ver0,

279 4107 345 4156 ut
370 4118 527 4156 mors
555 4098 738 4177 ipsius
766 4101 1005 4162 haberet
1033 4104 1289 4165 valorem
1317 4104 1623 4179 infinitum,
1654 4104 1754 4181 qui
1795 4112 2071 4162 creaturae
2098 4101 2335 4161 modum
2363 4100 2685 4175 excederet,

279 4185 336 4235 et
362 4186 427 4236 ut
454 4187 639 4237 morte
667 4191 938 4257 superata
964 4183 1025 4241 in
1054 4192 1331 4244 aeternum
1359 4205 1489 4243 cum
1512 4185 1634 4243 suis
1654 4183 1880 4241 viveret
1902 4205 1917 4258 3
1964 4183 2043 4241 Et
2068 4201 2145 4240 ex
2172 4190 2416 4257 utroque
2444 4179 2687 4254 medius,

277 4264 344 4315 ut
367 4256 429 4314 in
457 4267 665 4316 natura
690 4260 851 4336 prius
877 4262 1107 4337 faceret,
1139 4265 1296 4340 quod
1322 4265 1384 4322 in
1412 4264 1599 4341 gratia
1625 4271 1827 4341 postea
1854 4261 2076 4320 efficere
2104 4261 2369 4319 debebat.

354 4335 511 4395 XII.
555 4338 755 4414 Atque
784 4341 879 4399 hic
908 4342 1259 4420 superfluum
1287 4344 1519 4403 videtur
1545 4362 1819 4420 quaerere,
1852 4341 1951 4399 An
1979 4340 2166 4399 foedus
2194 4342 2304 4398 hoc
2332 4345 2690 4399 contractum

275 4412 445 4507 fuerit
472 4437 606 4475 cum
636 4418 884 4495 Christo,
916 4430 1192 4499 tanquam
1220 4424 1402 4482 altera
1439 4431 1600 4500 parte
1629 4422 2018 4496 contrahente,
2051 4429 2110 4479 et
2149 4420 2211 4477 in
2253 4420 2378 4496 ipso
2408 4438 2539 4477 cum
2567 4427 2691 4477 toto

275 4512 402 4570 ejus
433 4495 684 4572 Semine,
712 4507 781 4558 ιιι
807 4500 1055 4577 primum
1086 4502 1275 4562 foedus
1314 4523 1446 4562 cum
1475 4503 1706 4561 Adamo
1747 4510 1979 4579 paetum
2021 4499 2224 4575 fuerat,
2268 4508 2328 4558 et
2369 4499 2428 4557 in
2457 4498 2690 4557 Adamo

275 4592 406 4632 cum
435 4582 558 4635 tota
585 4577 712 4656 ejus
738 4581 1114 4657 posteritate:
1157 4582 1315 4661 quod
1342 4604 1459 4642 non
1481 4582 1687 4661 paucis
1714 4583 1920 4662 placet,
1950 4581 2088 4660 quia
2127 4580 2538 4659 promissiones
2578 4579 2691 4657 ipsi

2206 4783 2240 4807 '-
