3221 5200
553 402 629 460 66
1471 413 1655 459 meus
1683 413 2043 454 uunncmus.
2553 390 2813 472 [quAEST.
2845 406 2958 462 ιη.

559 559 767 618 evitare
795 557 1090 615 innumera
1118 564 1378 632 peccata.
1464 554 1597 615 Hoc
1624 563 1795 633 pacto
1830 554 2006 632 juxta
2024 553 2183 631 ipsos
2209 551 2433 611 licitum
2462 550 2572 610 erit
2599 550 2967 628 aequivocato

558 636 791 715 quando
819 644 878 696 et
898 635 1124 713 quoties
1143 635 1304 710 libet,
1325 643 1390 693 ut
1407 644 1561 693 recte
1584 655 1660 693 ex
1681 635 1860 693 variis
1881 635 2136 712 ipsorum
2158 633 2390 691 casibus
2416 631 2671 690 ostendit
2686 634 2968 689 Masona

559 718 623 776 in
645 717 814 775 Nova
840 724 962 774 arte
982 714 1313 790 mentiendi,
1330 734 1454 792 cap.
1473 714 1554 773 iii.
1612 714 1781 789 Quod
1802 734 1976 791 quam
1995 712 2384 791 periculosum
2406 711 2661 771 futurum
2683 711 2745 767 in
2760 710 2966 768 Eccle-

561 797 680 872 siae,
714 794 1089 874 Reipublicae,
1120 802 1180 854 et
1203 794 1512 887 reciprocis
1540 794 1898 887 singulorum
1928 791 2286 887 commerciis
2311 811 2482 884 nemo
2509 811 2627 883 non
2651 790 2835 883 yidet.

559 914 605 960 ἃ
620 914 1050 1026 ιὲξὲὶὶῐῖεὲῗζὲ
1088 873 1869 1031 ωέῧειὲὲῗζηὲῗνὲἒῗ
1879 870 2967 1024 ἕθῖὶ”“ἓῖᾎιὲ“ἆῖἳὲέῃῖἕηῗ“ζὶἶῖωῗῧῗτὲ-

620 1031 789 1086 tumui,
810 1034 863 1077 et
881 1029 1033 1074 civili.
1087 1033 1280 1107 turali,
1310 1033 1448 1110 quia
1487 1042 1577 1093 est
1605 1033 1753 1093 falsa
1792 1031 2156 1110 significatio,
2185 1050 2454 1109 pugnans
2495 1049 2626 1089 cum
2653 1038 2877 1103 natura,
2908 1034 2972 1085 et

563 1136 695 1175 cum
723 1114 1018 1192 proposito
1038 1112 1277 1173 fallendi
1304 1114 1643 1190 conjuncta;
1688 1112 1867 1206 Civili,
1882 1111 2018 1189 quia
2037 1112 2148 1170 hoc
2169 1112 2358 1188 posito
2375 1118 2643 1188 suspecta
2659 1117 2828 1168 erunt
2849 1106 2969 1165 col·

562 1195 777 1271 ¹⁰q¹¹³²²²
811 1195 1161 1272 '‘mm''
1175 1201 1540 1348 fimf?
1564 1212 1923 1331 cffm³³¹3⁸e
1954 1191 2430 1329 Ἢῳέθὶἓωὲἲ
2446 1187 2975 1329 ἓὶῗῖἓιῗέοθῗιί

564 1338 609 1382 4.
627 1337 791 1441 Monta
847 1337 915 1382 ¹¹²¹
977 1338 1055 1384 '²³¹⁵
1093 1291 2164 1430 ambiguis.muggnsgffid2rig1nefff
2175 1359 2282 1424 est,
2293 1313 2453 1427 t’luod
2474 1291 2754 1427 ⁸praestent
2792 1287 2971 1423 agui-

570 1498 575 1503 <
684 1400 923 1454 agxsmtu
1089 1431 1426 1495 vocationes
1461 1431 1779 1509 Jesuitieae,
1822 1430 1961 1509 quia
1994 1429 2080 1490 sie
2109 1432 2236 1490 Deo
2263 1430 2583 1507 imponunt,
2614 1428 2716 1505 qui
2759 1433 2975 1505 praeest

567 1509 611 1570 J
614 1506 839 1584 udieiis,
869 1516 929 1567 et
956 1508 1123 1586 cujus
1150 1510 1383 1570 nomine
1409 1520 1778 1586 exercentur,
1813 1516 1851 1573 2
1883 1511 2093 1571 Chron.
2121 1510 2246 1569 xix.
2278 1511 2333 1584 6,
2386 1517 2446 1569 et
2473 1509 2555 1568 sic
2584 1508 2778 1567 omnia
2810 1505 2972 1585 judi·

568 1588 658 1647 cia
696 1587 1077 1665 Magistratus
1114 1588 1528 1666 dissolvuntur,
1578 1611 1710 1652 cum
1753 1611 1858 1670 per
1900 1589 2414 1668 aequivocationem
2459 1609 2565 1647 nec
2609 1588 2826 1646 veritas
2881 1586 2973 1643 in-

568 1667 738 1760 quiri,
768 1687 904 1760 nec·
921 1669 1330 1731 controversiae
1358 1670 1550 1732 decidi
1575 1680 1808 1749 queant,
1839 1690 1946 1730 nec
1990 1678 2187 1731 sontes
2227 1669 2437 1747 puniri,
2481 1676 2542 1727 et
2568 1668 2828 1726 insontes
2868 1665 2972 1724 ab·

569 1748 887 1916 &13:¹3on
888 1755 1056 1911 mgb,
1179 1827 1335 1889 XII.
1380 1831 1436 1891 5.
1480 1830 1759 1891 Mentalis
1786 1829 2166 1908 aequivocatio
2196 1828 2318 1888 sine
2361 1825 2708 1905 gravissimo
2733 1834 2974 1903 peccato

629 1878 937 1969 reservatam
979 1928 1056 1972 est
1096 1927 1216 1968 non
1253 1919 1446 1989 potest
1486 1910 1766 1986 adhiberi,
1800 1913 1853 1969 1.
1885 1909 2034 1984 Quia
2074 1918 2164 1969 est
2189 1908 2551 1967 mendacium
2589 1906 2870 1964 directum
2916 1913 2978 1961 et

570 2044 575 2045 ff
628 1985 1063 2041 peccatumgrave.
1103 1989 1489 2065 manifestum,
1519 1990 1658 2082 quia
1698 1989 1856 2049 aliud
1896 1990 2113 2068 tegitur
2151 1996 2400 2066 pectore,
2432 1986 2589 2045 aliud
2630 2005 2728 2044 ore
2757 1982 2974 2061 profer-

572 2076 684 2143 tur,
714 2067 890 2145 idque
919 2087 1050 2127 cum
1078 2067 1319 2129 fallendi
1360 2069 1698 2146 intentione,
1729 2077 1788 2129 et
1827 2070 2024 2129 verbis
2068 2069 2183 2127 itur
2223 2076 2341 2126 tam
2387 2075 2586 2126 contra
2621 2074 2873 2123 mentem
2914 2070 2977 2121 et

574 2147 983 2207 conscientiam
1010 2148 1197 2225 testis,
1224 2167 1398 2226 quam
1427 2157 1627 2209 contra
1655 2170 1775 2209 rem
1803 2149 2005 2227 ipsam.
2067 2148 2190 2207 Nec
2218 2146 2465 2206 elabitur
2490 2146 2590 2223 qui
2619 2145 2848 2220 dixerit,
2879 2141 2977 2201 hic

572 2227 798 2285 nullum
825 2227 1176 2287 intervenire
1200 2227 1582 2304 mendacium,
1595 2229 1734 2307 quia
1759 2229 2127 2307 aequivocans
2156 2227 2426 2287 enunciat
2453 2226 2679 2300 falsum,
2703 2244 2819 2283 non
2847 2222 2975 2300 qui-

575 2305 708 2364 dem
726 2305 966 2365 fallendi
993 2307 1098 2368 sed
1124 2307 1377 2386 seipsum
1406 2308 1788 2369 conservandi
1807 2308 2017 2368 studio,
2102 2307 2251 2382 Quia
2276 2307 2376 2384 qui
2404 2307 2572 2365 aliter
2599 2305 2776 2364 sentit
2802 2322 2977 2380 quam

572 2385 848 2462 loquitur,
875 2386 1122 2445 alterum
1147 2386 1317 2464 fallit,
1344 2396 1404 2451 et
1430 2388 1630 2450 fallere
1656 2388 1921 2464 intendit,
1950 2387 2140 2465 inquit
2167 2387 2423 2462 Toletus,
2457 2385 2624 2444 Insti.
2656 2385 2758 2444 lib.
2771 2383 2894 2442 viii.
2923 2403 2975 2441 e.

575 2468 672 2541 54,
704 2484 824 2523 non
848 2466 1002 2525 enim
1030 2466 1115 2526 sic
1140 2466 1375 2546 profert,
1402 2468 1518 2528 nisi
1543 2476 1614 2529 ut
1629 2469 1919 2529 diversam
1948 2467 2276 2545 opinionem
2303 2467 2363 2524 in
2391 2465 2583 2524 animo
2611 2465 2848 2523 alterius
2876 2482 2975 2540 ge-

575 2553 755 2622 neret,
785 2545 944 2624 quod
984 2554 1074 2607 est
1101 2545 1320 2608 fallere.
1378 2547 1504 2609 Nec
1521 2548 1713 2628 juvat,
1743 2547 1901 2626 quod
1927 2548 2038 2607 hoc
2066 2546 2190 2606 fieri
2219 2546 2444 2606 dicatur
2471 2545 2547 2604 ad
2574 2543 2976 2618 evadendum3

576 2626 728 2684 Nam
769 2634 1065 2702 uteunque
1102 2625 1237 2688 finis
1275 2626 1582 2705 primarius
1622 2628 1699 2687 sit
1737 2636 1803 2687 ut
1843 2628 2161 2707 periculum
2209 2627 2441 2701 evadas,
2473 2624 2848 2685 intermedius
2889 2631 2980 2681 est

575 2712 643 2764 ut
669 2703 924 2764 fallendo
944 2704 1178 2766 evadas.
1222 2705 1399 2766 Latro
1419 2706 1575 2766 dicet
1601 2725 1664 2766 se
1693 2707 1958 2785 grassari,
1979 2727 2096 2765 non
2124 2714 2189 2766 ut
2215 2707 2497 2765 viatorem
2526 2705 2751 2782 spoliet,
2784 2703 2887 2762 sed
2913 2710 2982 2761 ut

575 2783 825 2861 propriis
850 2784 1294 2845 necessitatibus
1319 2785 1613 2861 consulat;
1643 2786 1730 2846 At
1749 2787 1792 2845 J
1796 2786 1953 2846 udex
1973 2794 2229 2863 reponet,
2251 2787 2305 2845 N
2310 2806 2386 2844 on
2405 2785 2537 2844 ideo
2558 2793 2617 2844 te
2639 2783 2978 2857 condemno,

576 2864 715 2941 quia
740 2864 848 2923 tibi
874 2863 987 2942 ipsi
1018 2864 1390 2943 prospexisti,
1430 2865 1534 2925 sed
1562 2866 1699 2943 quia
1725 2865 1903 2924 furari
1929 2866 2167 2924 voluisti
2195 2875 2260 2925 ut
2286 2865 2397 2924 hoe
2424 2865 2661 2940 faceres,
2690 2883 2798 2922 nec
2825 2863 2980 2921 enim

576 2943 843 3003 facienda
868 2951 1007 3003 sunt
1030 2944 1183 3003 mala
1209 2945 1274 3006 ul
1299 2943 1571 3005 eveniant
1596 2945 1768 3004 bona.
1850 2949 1906 3004 2.
1940 2944 2088 3020 Quia
2108 2945 2423 3021 juramenti
2450 2953 2655 3003 natura
2680 2963 2784 3020 per
2808 2943 2982 3001 istam

578 3023 1004 3084 simulationem
1041 3023 1311 3098 violatur,
1352 3043 1481 3102 qnae
1520 3031 1612 3085 est
1654 3025 2046 3085 testimonium
2085 3025 2216 3083 aliis
2245 3024 2547 3102 perhibere
2591 3022 2842 3081 maxime
2888 3041 2980 3080 so-

576 3103 786 3178 lemne,
817 3103 975 3181 quod
1016 3102 1143 3163 fieri
1189 3103 1391 3183 nequit
1434 3124 1566 3165 cum
1615 3105 1762 3165 nihil
1810 3105 1952 3164 certi
1993 3103 2187 3164 verbis
2232 3104 2606 3181 explicamus,
2650 3102 2754 3161 sed
2781 3102 2982 3160 fictum

578 3182 801 3260 aliquid
827 3192 889 3242 et
912 3183 1264 3244 simulatum.
1347 3185 1409 3243 3.
1449 3184 1600 3259 Quia
1626 3185 1822 3263 gravis
1850 3192 1940 3244 est
1966 3203 2105 3262 erga
2134 3185 2323 3242 Deum
2351 3184 2580 3261 injuria,
2625 3182 2826 3240 afferre
2856 3182 2983 3259 ejus

578 3261 971 3323 testimonium
998 3281 1328 3341 quanquam
1370 3263 1507 3324 ficte
1542 3264 1619 3324 ad
1661 3285 1782 3324 rem
1826 3263 2032 3323 falsam
2075 3262 2576 3340 comprobandam.
2619 3265 2677 3321 4.
2708 3260 2857 3337 Quia
2901 3260 2984 3318 sie

580 3342 834 3418 aperitur
873 3342 1056 3417 janua
1097 3343 1368 3403 omnibus
1392 3343 1710 3402 mendaciis
1734 3344 2036 3420 fovendis3
2091 3344 2238 3401 nihil
2267 3343 2419 3401 enim
2461 3350 2566 3418 est,
2604 3342 2685 3401 ait
2721 3342 2979 3415 Amr-ius,

578 3429 701 3479 tam
729 3419 958 3494 falsum,
975 3420 1133 3496 qnod
1153 3438 1272 3479 non
1291 3429 1468 3496 queat
1493 3421 1567 3480 ab
1589 3422 1747 3480 omni
1768 3423 2067 3481 mendacio
2094 3423 2344 3498 liberari,
2376 3423 2426 3481 si
2454 3421 2676 3499 aliquid
2702 3421 2984 3480 arbitratu

580 3504 779 3555 nostro
806 3506 1000 3556 mente
1027 3498 1266 3557 tacitum
1292 3499 1659 3559 retineamus.
1708 3501 1906 3560 Facile
1935 3501 2086 3560 enim
2114 3522 2421 3579 possumus
2449 3500 2726 3579 quicquid
2752 3521 2789 3560 a
2815 3501 2987 3559 nobis

623 3575 800 3634 etitur
826 3594 1041 3653 negare
1068 3595 1176 3635 nos
1201 3577 1434 3653 habere,
1463 3578 1858 3657 intelligentes
1887 3581 2127 3655 scilicet,
2170 3590 2233 3639 ut
2257 3584 2463 3657 demus,
2496 3589 2556 3640 et
2591 3581 2869 3660 quicquid
2896 3580 2985 3639 vi·

580 3597 836 3714 flerimus
864 3664 967 3716 aut
992 3655 1315 3732 fecerimus,
1343 3676 1557 3735 negare
1585 3678 1694 3718 nos
1720 3659 1925 3719 fecisse
1953 3669 2054 3720 aut
2080 3661 2316 3737 vidisse,
2348 3681 2417 3721 eo
2446 3662 2668 3721 scilicet
2697 3681 2887 3737 sensu,
2918 3668 2988 3719 ut

582 3735 712 3795 aliis
739 3736 1007 3795 dicamus.
1078 3735 1201 3797 Nec
1227 3737 1641 3815 reponendum,
1671 3759 1747 3799 ex
1775 3740 2033 3800 oratione
2060 3742 2250 3800 vocali
2277 3748 2336 3800 et
2363 3741 2720 3802 restrictione
2748 3739 2988 3799 mentali

581 3815 708 3875 fieri
729 3836 901 3875 unam
930 3817 1246 3877 orationem
1268 3817 1645 3895 compositam
1673 3828 1732 3880 et
1759 3821 2013 3896 totalem,
2036 3820 2098 3878 in
2115 3840 2231 3898 qua
2256 3821 2417 3880 nulla
2445 3820 2667 3881 falsitas
2683 3829 2787 3896 est,
2812 3820 2988 3878 licere

582 3904 777 3957 autem
802 3897 1023 3957 homini
1049 3897 1366 3958 orationem
1386 3918 1549 3958 suam
1571 3919 1911 3977 componere
1940 3921 2016 3960 ex
2036 3900 2296 3959 terminis
2316 3901 2615 3959 vocalibus
2643 3908 2703 3960 et
2721 3898 2987 3958 mentali-

582 3973 714 4038 bus·
798 3977 1075 4053 Quamvis
1102 3977 1258 4037 enim
1300 3977 1435 4038 talis
1469 3980 1652 4039 oratio
1699 3980 1885 4040 mixta
1910 3988 2107 4058 posset
2146 3988 2440 4056 utcunque
2478 3980 2722 4056 admitti,
2753 3978 2988 4057 quando

581 4055 772 4117 fidelis
800 4078 994 4118 secum
1042 4066 1145 4117 aut
1171 4076 1301 4118 cum
1331 4059 1459 4118 Deo
1488 4059 1614 4118 solo
1639 4060 1915 4137 loquitur,
1937 4060 2036 4137 qui
2065 4059 2341 4136 quicquid
2368 4069 2457 4119 est
2482 4061 2544 4118 in
2571 4068 2762 4118 mente
2790 4067 2991 4117 nostra

584 4157 750 4214 oeque
776 4138 1020 4216 percipit
1045 4157 1114 4196 ac
1143 4137 1193 4196 si
1220 4138 1415 4197 verbis
1442 4138 1896 4216 exprimeretur:
1936 4159 2054 4198 non
2080 4147 2272 4216 potest
2319 4148 2512 4199 tamen
2544 4140 2737 4198 locum
2773 4138 2989 4197 habere

581 4216 644 4276 in
666 4218 995 4277 testimonio
1016 4236 1209 4276 coram
1234 4217 1565 4277 hominibus
1586 4218 1849 4294 dicendo,
1869 4219 2005 4298 quia
2023 4219 2340 4278 reservatio
2361 4219 2629 4278 mentalis
2645 4219 2793 4277 nihil
2813 4226 2990 4278 testa-

583 4306 680 4358 tur
720 4297 1122 4373 audientibus;
1177 4296 1594 4374 qualiscunque
1631 4318 1771 4376 ergo
1808 4298 1996 4375 fuerit,
2027 4299 2422 4359 testimonium
2461 4319 2578 4358 non
2607 4298 2819 4357 desinit
2861 4317 2990 4357 esse

583 4376 965 4454 mendacium,
999 4385 1059 4437 et
1102 4375 1153 4436 si
1193 4377 1528 4455 juramento
1571 4377 1955 4454 confirmetur,
1999 4378 2332 4456 perjurium,
2374 4399 2505 4438 cum
2547 4378 2696 4437 illud
2732 4378 2893 4455 quod
2929 4378 2992 4435 in

583 4455 913 4515 testimonio
941 4457 1198 4516 oratione
1226 4457 1416 4515 vocali
1443 4457 1818 4534 significatur,
1857 4458 2223 4517 conscientiae
2249 4458 2416 4517 testis
2443 4466 2744 4535 repugnet.
2823 4536 2836 4550 ⁸
2931 4535 2946 4550 ·

583 4568 1075 4698 ⁶333¹3⁸02⁸ffi¹11⁰223
1106 4536 1481 4695 jafi&
1496 4537 2677 4694 tfflgssffiffiffissffifflqffi
2693 4538 2994 4694 §murammess'l

642 4685 832 4731 mmm·
1107 4705 1229 4754 tum
1258 4695 1463 4756 saltem
1491 4704 1579 4766 est
1617 4715 1832 4756 vanum
1855 4719 1872 4775 ;
1916 4706 2045 4779 tum·
2067 4696 2204 4774 quia
2231 4697 2379 4757 fallit
2406 4717 2473 4756 ac
2502 4696 2719 4774 decipit
2746 4696 2989 4756 audien-
