3221 5200
480 362 598 419 234
1321 374 1504 415 Locus
1534 372 1933 415 uuonacmus.
2500 351 2756 434 [Quffisr.
2787 371 2895 411 xu.

475 518 714 596 peccati,
746 525 868 575 tum
899 536 1071 593 supra
1091 518 1365 593 populum
1391 515 1467 574 ad
1495 514 1936 593 applicationem
1955 515 2081 593 ejus
2101 513 2307 589 meriti,
2338 513 2732 573 remissionem
2760 532 2891 590 pec-

480 600 593 658 cati
650 608 708 657 et
756 596 1248 674 justificationem.
1334 597 1515 673 Cujus
1569 596 1959 655 indubitatum
2014 603 2415 672 argumentum
2472 594 2581 653 fuit
2627 613 2896 652 accessus

483 679 802 752 Seniorum,
827 678 928 753 qui
956 685 1140 735 totum
1162 676 1437 753 populum
1457 676 1960 753 repraesentabant,
1990 675 2066 733 ad
2086 676 2292 750 Deum,
2315 673 2504 732 Exod.
2524 674 2707 747 xxiv„
2723 692 2898 750 quem

477 778 594 817 non
624 759 810 817 solum
836 758 1110 832 viderunt,
1143 756 1245 814 sed
1268 766 1326 815 et
1353 778 1547 815 coram
1573 776 1638 814 eo
1667 757 1880 832 epulati
1894 766 2037 829 sunt,
2063 754 2139 814 id.
2171 755 2245 813 ad
2267 755 2393 831 ejus
2415 755 2892 829 communionem,

479 859 608 915 quae
637 837 778 914 ipsis
807 847 977 895 antea
1005 836 1311 895 interdicta
1337 837 1522 896 fuerat
1548 846 1669 895 tam
1698 855 1914 910 severe,
1947 835 2183 893 admissi
2213 835 2440 910 fuerint,
2483 841 2542 893 et
2568 834 2698 910 ejus
2725 833 2895 892 bonis

477 919 634 978 fruiti
680 918 811 992 sint,
856 917 1013 994 quod
1042 937 1158 974 non
1200 917 1389 994 potuit
1414 916 1538 975 fieri
1567 936 1671 993 per
1698 915 1885 973 foedus
1912 915 2117 993 legale,
2148 916 2306 992 quod
2331 923 2692 991 peccatorem
2719 922 2891 988 arcet,

477 1000 582 1058 sed
608 998 932 1057 necessario
978 997 1178 1055 debuit
1225 996 1349 1054 fieri
1392 1016 1496 1074 per
1534 995 1921 1073 Evangelium
1960 996 2019 1053 in
2061 995 2276 1054 virtute
2315 994 2614 1071 sanguinis
2658 993 2890 1052 Christi.

478 1079 675 1156 Atque
734 1078 830 1135 hic
875 1078 1131 1153 apprime
1190 1077 1551 1134 observanda
1589 1075 1808 1153 duplex
1849 1076 2259 1152 Legislationis
2302 1075 2466 1149 rati0,
2508 1093 2681 1151 quam
2734 1073 2894 1131 Deus

475 1159 619 1218 inire
649 1157 867 1232 voluit;
915 1156 1110 1215 Prima
1137 1156 1426 1230 terribilis,
1459 1177 1586 1233 quae
1618 1155 1808 1213 Exod.
1837 1156 1961 1213 xix.
1992 1155 2250 1230 refertur,
2281 1153 2381 1213 ubi
2403 1153 2644 1212 cancelli
2670 1173 2891 1230 ponun-

474 1250 570 1298 tur
597 1240 749 1297 circa
776 1246 1046 1310 montem,
1079 1245 1137 1295 et
1165 1237 1273 1294 soli
1305 1236 1458 1294 Mosi
1480 1245 1639 1313 patet
1666 1255 1931 1294 accessus
1959 1235 2033 1293 ad
2058 1236 2244 1294 Deum
2269 1256 2284 1310 ;
2329 1234 2535 1292 Altera
2577 1234 2790 1309 suavis,
2833 1233 2895 1290 in

476 1339 593 1396 qua
621 1317 875 1376 sancitur
895 1316 1082 1374 foedus
1122 1317 1401 1393 sanguine
1422 1317 1802 1390 victimarum,
1827 1323 1886 1373 et
1928 1316 2193 1374 Seniores
2215 1334 2346 1374 cum
2370 1315 2537 1372 Mose
2557 1314 2618 1371 in
2640 1322 2893 1372 montem

477 1405 776 1471 vocantur,
809 1406 874 1455 ut
907 1405 1220 1473 conspectu
1257 1404 1314 1454 et
1342 1397 1743 1454 communione
1764 1395 1873 1454 Dei
1907 1395 2186 1471 fruantur,
2218 1416 2274 1453 v.
2311 1397 2402 1469 10,
2452 1396 2544 1452 11.
2598 1394 2711 1452 Illa
2730 1395 2892 1469 σχίσιν

476 1479 654 1536 habet
680 1476 944 1553 legalem,
975 1476 1096 1534 Ista
1121 1476 1553 1553 Evangelicam,
1577 1496 1708 1553 quae
1730 1476 1860 1535 duae
1878 1475 2062 1550 σχέσεις
2085 1476 2144 1532 in
2166 1477 2278 1533 ista
2294 1473 2720 1552 dispensatione
2744 1494 2890 1532 sem-

475 1578 580 1637 per
607 1559 1036 1633 conjunguntur
1058 1577 1073 1633 ;
1103 1556 1387 1633 posterior
1411 1556 1600 1633 potior
1627 1565 1716 1614 est
1743 1564 1801 1614 et
1836 1556 2187 1633 principalis,
2226 1555 2384 1633 prior
2410 1574 2549 1613 vero
2577 1554 2897 1613 accessoria

480 1645 540 1698 et
579 1636 987 1695 ministerialis.
2743 1666 2746 1669 <

562 1716 741 1775 XIV.
788 1716 924 1773 Huc
952 1715 1216 1792 pertinet,
1265 1715 1423 1792 quod
1467 1716 1701 1790 Paulus,
1736 1715 1904 1773 Rom.
1947 1736 2007 1773 x.
2038 1717 2094 1791 6,
2128 1718 2183 1789 7,
2235 1720 2288 1789 8,
2315 1713 2591 1773 describit
2603 1712 2891 1790 justitiam

476 1797 614 1856 fidei
646 1795 1058 1872 Evangelicam
1088 1796 1292 1859 iisdem
1311 1795 1522 1871 verbis,
1554 1796 1765 1872 quibus
1796 1796 1993 1854 Moses
2015 1794 2334 1853 doctrinam
2362 1793 2424 1850 in
2452 1794 2666 1852 foedere
2700 1793 2890 1851 Sinai·-

476 1879 590 1938 tico
608 1875 821 1954 populo
840 1875 1108 1934 traditam
1138 1885 1516 1952 expresserat,
1540 1876 1714 1934 Deut.
1727 1896 1871 1932 xxx.
1901 1878 1991 1950 11,
2023 1879 2113 1950 12,
2140 1877 2230 1949 14,
2248 1875 2379 1932 Non
2401 1881 2624 1932 tantum
2645 1873 2891 1932 allusive

477 1968 535 2017 et
561 1977 664 2035 per
708 1959 912 2033 μίμησιν
958 1955 1353 2014 transferendo
1375 1964 1433 2014 et
1460 1955 1710 2032 aptando
1732 1955 1976 2032 justitiae
2003 1954 2155 2030 fidei,
2187 1954 2345 2031 quod
2372 1953 2444 2012 de
2471 1953 2648 2030 legali
2675 1953 2894 2011 dictum

479 2038 697 2112 fuerat;
743 2036 847 2095 sed
873 2036 1100 2112 proprie
1123 2044 1181 2094 et
1208 2055 1311 2112 per
1338 2035 1614 2094 directam
1641 2035 2056 2112 probationem,
2088 2042 2208 2093 tum
2240 2034 2377 2111 quia
2406 2034 2584 2110 Legis
2605 2034 2892 2110 justitiam

476 2118 590 2177 alio
608 2117 780 2174 modo
802 2115 1225 2192 designaverat,
1246 2114 1403 2192 quod
1420 2116 1733 2192 quifecerit
1751 2116 1867 2173 hoec
1886 2115 2026 2173 vivet
2047 2115 2104 2172 in
2124 2114 2207 2189 iis,
2233 2121 2355 2172 tum
2369 2114 2505 2190 quia
2525 2113 2771 2172 facilitas
2788 2114 2891 2172 ob-

480 2197 824 2258 servationis
868 2195 1049 2254 Verbi
1091 2195 1276 2271 istius,
1309 2215 1427 2253 non
1463 2196 1713 2272 pertinet
1759 2194 1835 2253 ad
1874 2196 2109 2271 Legem,
2156 2214 2285 2271 quae
2319 2202 2408 2252 est
2435 2194 2602 2252 litera
2628 2203 2892 2270 mortua;

477 2277 580 2337 sed
597 2277 673 2335 ad
690 2276 1095 2353 Evangelium‚
1120 2277 1210 2353 cuj
1217 2295 1285 2335 us
1302 2277 1542 2335 verbum
1561 2296 1677 2334 non
1694 2284 1919 2333 tantum
1942 2283 2031 2333 est
2052 2274 2472 2350 imperativum,
2495 2272 2596 2332 sed
2618 2282 2676 2332 et
2693 2293 2892 2350 opera-

480 2359 666 2416 tivum
731 2376 834 2433 per
878 2356 999 2413 vim
1054 2356 1302 2433 Spiritus
1347 2356 1605 2419 vivifici:
1682 2356 1765 2414 Ut
1805 2355 1900 2413 hic
1927 2355 2170 2412 verbum
2200 2374 2315 2412 non
2343 2362 2461 2412 tam
2493 2354 2686 2430 Legis,
2719 2373 2895 2429 quam

482 2437 792 2513 Evangelii
819 2435 1262 2511 intelligendum
1290 2436 1503 2509 veniat,
1535 2455 1651 2512 quo
1696 2436 1856 2494 Deus
1885 2434 2099 2492 ibidem
2129 2434 2357 2492 veniam
2400 2433 2889 2511 resipiscentibus,

477 2526 536 2576 et
563 2515 999 2575 circumsionem
1042 2515 1232 2573 cordis
1258 2516 1580 2592 promittit3
1630 2517 1665 2547 ‘⁴
1684 2515 2003 2589 Verbum,'’
2049 2514 2285 2588 scilicet,
2333 2514 2519 2572 “fidei
2562 2513 2718 2590 quod
2746 2533 2891 2589 prae-

477 2597 794 2671 dicamus,’'
826 2604 890 2653 ut
919 2594 1133 2653 ibidem
1162 2594 1483 2672 Apostolus
1512 2595 1768 2671 exponit.
1829 2597 1865 2628 ‘⁴
1888 2593 2003 2653 Sed
2023 2594 2253 2671 justitia
2278 2594 2414 2652 fidei
2442 2594 2599 2668 dicit,
2630 2614 2702 2652 ne
2732 2592 2894 2653 dicas

473 2677 534 2734 in
565 2677 735 2734 corde
764 2683 882 2749 tu0,
902 2674 1033 2750 quis
1050 2675 1323 2732 ascendet
1342 2675 1403 2731 in
1426 2674 1674 2733 coelum?
1702 2673 1809 2733 &Q
1828 2694 1962 2732 nam
1991 2676 2232 2733 verbum
2249 2685 2338 2734 est
2356 2694 2530 2752 prope
2552 2682 2609 2732 te
2637 2673 2697 2731 in
2720 2674 2892 2733 corde

477 2764 596 2831 tuo,
617 2764 677 2813 et
698 2756 758 2812 in
786 2773 883 2811 ore
912 2755 1071 2828 tu0,''
1097 2751 1205 2811 ὅτε.
1234 2753 1312 2812 id.
1344 2762 1466 2813 tota
1494 2755 1697 2813 salutis
1720 2754 1996 2829 doctrina,
2020 2775 2149 2831 quae
2179 2764 2267 2813 est
2288 2755 2347 2812 in
2375 2757 2544 2812 corde
2569 2773 2672 2831 per
2698 2753 2891 2830 fidem,

478 2837 537 2893 in
566 2855 664 2892 ore
692 2853 830 2891 vero
857 2851 961 2909 per
986 2833 1440 2893 confessionem:
1485 2833 1787 2908 Quomodo
1815 2854 1954 2892 vero
1982 2834 2092 2893 hoc
2122 2835 2310 2893 dicere
2338 2834 2622 2913 potuisset
2651 2833 2887 2910 Paulus,

475 2915 585 2972 nisi
616 2913 950 2990 agnovisset
980 2911 1197 2971 Foedus
1223 2913 1397 2988 istud,
1430 2915 1597 2989 cujus
1626 2915 1687 2972 vi
1727 2915 1874 2973 tales
1901 2914 2308 2993 promissiones
2352 2914 2577 2989 dantur,
2625 2934 2741 2972 non
2771 2924 2890 2973 tam

477 3015 603 3053 esse
635 2993 850 3070 Legale
879 3012 1051 3069 quam
1083 2993 1499 3070 Evangelicum
1519 2997 1548 3052 P

469 3115 512 3159 4
559 3114 603 3158 A
646 3113 775 3171 Lege
819 3126 1040 3157 ememo-
1110 3154 1123 3168 ·
1164 3074 1308 3132 XV.
1353 3078 1424 3169 4‘.
1454 3075 1603 3148 Quia
1644 3075 1741 3167 lei}
1783 3074 2210 3166 caeremonialis,
2242 3094 2370 3150 quse
2399 3073 2536 3132 facit
2562 3081 2782 3166 partem
2816 3073 2895 3132 is·

530 3176 646 3289 1:33¹
657 3184 787 3286 13¹1}ss
831 3174 935 3216 ‘m
964 3178 1031 3227 ‘³‘
1080 3154 1475 3312 {fflifssss‘i‘ssiff’
1491 3153 2891 3311 „2352ssssss32315521¹2ffylffi301¹3223555d2¹33⁸ffi23

475 3325 534 3376 et
562 3315 817 3374 omnium
854 3316 1013 3374 illius
1046 3315 1312 3391 partium,
1351 3335 1477 3391 quae
1518 3315 1761 3392 proinde
1801 3314 1909 3371 sub
1937 3313 2054 3371 illis
2095 3313 2551 3388 continebantur,
2581 3322 2649 3371 ut
2675 3313 2890 3371 veritas

477 3397 584 3454 sub
613 3395 833 3471 figuris,
866 3395 990 3454 Col.
1021 3395 1079 3451 ii.
1115 3398 1206 3452 17.
1309 3394 1476 3468 Quod
1523 3395 1774 3452 maxime
1824 3393 2089 3469 apparuit
2117 3393 2176 3449 in
2223 3393 2548 3468 Sacrificiis,
2600 3412 2730 3469 quae
2773 3412 2890 3449 non

475 3475 589 3532 alia
616 3474 854 3547 ratione,
885 3493 1059 3549 quam
1089 3482 1152 3531 ut
1190 3474 1315 3549 typi
1346 3474 1560 3532 Christi
1590 3473 1870 3547 sacrificii,
1916 3474 2224 3549 expiarunt
2263 3482 2515 3550 peccata,
2547 3472 2700 3531 unde
2741 3471 2886 3531 Lev,

474 3554 513 3611 i.
564 3555 618 3627 9,
665 3556 756 3627 13,
799 3555 890 3628 17,
935 3553 1137 3610 oblatio
1165 3553 1339 3628 {quita
1367 3553 1576 3611 dicitur
1603 3574 1730 3612 esse
1777 3574 2022 3612 ruwet-m
2055 3554 2110 3610 in
2140 3556 2367 3612 odorem
2396 3553 2591 3629 quietis
2636 3554 2883 3628 Jehovoe,

477 3632 555 3690 id.
588 3632 996 3708 gratissimum,
1021 3630 1120 3707 qui
1152 3631 1338 3690 Deum
1367 3634 1619 3709 peccatis
1647 3643 2042 3710 provocatum,
2073 3634 2368 3710 quiescere
2397 3632 2587 3707 faciat,
2613 3641 2671 3690 et
2698 3632 2889 3708 ipsum

475 3713 683 3790 placet.
769 3712 913 3770 Cum
957 3720 1148 3769 autem
1192 3711 1303 3769 ista
1330 3713 1584 3789 expiatio
1615 3734 1730 3771 non
1773 3716 2024 3791 potuerit
2066 3713 2187 3771 fieri
2233 3714 2462 3790 propria
2502 3712 2717 3769 virtute
2766 3712 2881 3769 vic·

472 3794 759 3866 timarum,
807 3792 960 3849 ch.
1005 3790 1085 3848 iit.
1130 3793 1186 3865 9,
1242 3794 1333 3866 10,
1379 3812 1612 3851 necesse
1656 3801 1745 3852 est
1785 3804 1850 3852 ut
1890 3815 2002 3871 per
2040 3794 2214 3867 aliud,
2260 3793 2399 3850 nim.
2441 3811 2546 3868 per
2594 3791 2887 3849 Christum

472 3873 899 3951 praefiguratum
931 3871 1083 3929 facta
1111 3871 1203 3929 sit.
1289 3872 1409 3931 Nec
1445 3874 1619 3949 juvat
1646 3872 1836 3933 dicere
1865 3875 2084 3933 cultum
2120 3873 2274 3931 hunc
2308 3871 2652 3949 pertinuisse
2681 3869 2755 3927 ad
2784 3891 2886 3929 ex-

469 3964 688 4012 ternam
722 3954 1045 4028 puritatem‚
1078 3960 1136 4009 et
1163 3952 1581 4010 immunitatem
1612 3973 1647 4010 a
1674 3954 1861 4029 poenis
1882 3953 2294 4031 temporalibus
2323 3954 2383 4009 in
2410 3952 2534 4009 foro
2565 3951 2691 4009 soli.
2736 3949 2888 4025 Quia

469 4032 606 4092 licet
627 4034 721 4090 hic
743 4051 883 4091 usus
912 4031 1085 4090 fuerit
1113 4033 1580 4090 caeremoniarum
1603 4042 1889 4109 quatenus
1916 4036 2161 4092 absolute
2189 4043 2241 4091 et
2267 4033 2324 4090 in
2344 4052 2402 4090 se
2429 4030 2884 4105 considerantur,

468 4115 617 4172 alius
646 4112 846 4171 debuit
874 4131 999 4170 esse
1030 4131 1243 4187 earum,
1276 4122 1560 4189 quatenus
1591 4132 1653 4170 se
1682 4113 1989 4189 habebant,
2021 4124 2086 4172 ut
2113 4115 2324 4191 fiqurae
2352 4120 2411 4170 et
2453 4111 2722 4187 imayincs
2739 4133 2762 4182 ,·
2801 4110 2886 4169 sic

466 4194 616 4251 enim
650 4213 709 4251 se
752 4193 1074 4250 habuerunt
1118 4200 1393 4269 tanquam
1439 4192 1820 4250 instrumenta
1847 4194 2087 4251 moralia
2134 4213 2235 4268 per
2282 4212 2412 4268 quae
2456 4190 2570 4248 fide
2617 4199 2888 4267 percepta

459 4273 661 4331 fideles
689 4272 921 4330 Veteris
950 4272 1107 4330 Test.
1139 4292 1257 4330 rem
1281 4271 1452 4330 simul
1469 4272 1844 4349 perciperent,
1869 4283 1935 4332 ut
1955 4273 2071 4331 illis
2100 4272 2301 4330 tribuit
2332 4267 2667 4348 Apostolus,
2699 4273 2727 4327 1
2752 4270 2882 4330 Cor.

466 4373 524 4410 x.
555 4357 610 4427 2,
643 4356 697 4425 3,
730 4356 787 4410 4.

902 4497 913 4507 ·
1069 4431 1249 4489 XVI.
1294 4434 1349 4489 5.
1395 4431 1544 4505 Quia
1573 4431 1805 4490 Foederi
1839 4433 2116 4492 Sinai‘tico
2160 4432 2469 4508 conjuncta
2507 4442 2643 4493 sunt
2680 4434 2881 4492 Sacra·

462 4495 509 4542 ⁶·
540 4498 588 4542 A
617 4497 941 4600 erffffflm
989 4520 1184 4570 menta
1204 4511 1318 4569 duo
1341 4511 1573 4569 foederis
1604 4514 1822 4571 Gratiae
1844 4513 1972 4572 initi
1988 4515 2109 4590 jam
2140 4533 2268 4571 cum
2294 4512 2579 4590 Patribus,
2611 4514 2882 4571 nimirum

795 4590 806 4606 '
973 4591 1347 4649 Circumcisio
1369 4600 1426 4649 et
1460 4591 1686 4649 Pascha
1713 4612 1842 4668 quae
1864 4612 2031 4651 usum
2055 4613 2223 4652 suum
2254 4592 2626 4653 obtinuerunt
2648 4593 2757 4652 sub
2781 4594 2887 4651 illa

461 4665 886 4742 dispensatione
917 4689 1099 4745 usque
1128 4671 1203 4727 ad
1234 4671 1542 4743 Clu-istum,
1574 4680 1633 4729 et
1661 4671 1858 4730 addita
1892 4680 2025 4730 sunt
2054 4681 2326 4749 tanquam
2358 4672 2552 4749 sigilla
2579 4674 2654 4732 ad
2682 4674 2879 4750 obsig-
