3221 5200
516 364 593 423 46
1366 376 1547 418 Locus
1577 374 1938 418 monemus.
2508 345 2759 433 [omas-r.
2789 372 2940 416 vm.

516 523 720 601 pulum
737 519 1128 580 Christianum
1154 518 1461 577 memorias
1482 518 1809 593 Martyrum
1854 514 2126 592 religiosa
2152 512 2496 573 solennitate
2517 514 2941 574 concelebrare

517 603 593 661 ad
632 601 1007 659 imitationem
1055 597 1480 673 excitandam,''
1532 596 1691 673 quod
1736 597 2015 654 hactenus
2060 593 2466 671 superstitione
2511 594 2714 652 caruit.
2803 594 2940 653 Sed

518 700 828 758 progressu
856 679 1130 756 temporis
1168 678 1642 755 superstitionum
1687 676 1909 734 semina
1948 674 2227 751 paulatim
2264 673 2426 749 jacta
2473 682 2641 749 sunt;
2687 674 2939 750 quando

517 762 626 820 sub
657 760 1033 819 Constantino
1063 759 1148 816 M.
1178 757 1514 816 effossiones
1541 766 1601 815 et
1627 756 2031 814 translationes
2060 753 2457 831 Reliquiarum
2495 772 2573 811 ex
2601 753 2940 830 sepulchris

517 840 944 899 obscurioribus
972 838 1048 897 ad
1065 837 1380 897 celebriora.
1405 836 1531 894 fieri
1558 844 1888 912 coeperunt3
1920 833 2078 911 quod
2104 832 2338 910 quidem
2365 833 2519 891 bono
2547 833 2672 891 zelo
2701 833 2777 891 ab
2799 834 2937 891 Im-

592 929 778 979 ratore
807 919 1182 978 constitutum
1211 926 1333 992 est;
1380 917 1467 976 Ut
1493 916 1646 974 enim
1674 915 1836 972 varia
1862 923 2102 973 externa
2129 922 2481 988 ornamenta,
2502 933 2630 989 quae
2655 913 2937 972 Ethnicae

516 940 815 1077 §eligioni
857 998 1107 1075 speciem
1155 998 1407 1075 aliquam
1450 1004 1510 1055 et
1550 994 1956 1054 authoritatem
1998 993 2396 1067 conciliarunt,
2427 991 2503 1049 ad
2533 992 2936 1051 Christianam

519 1080 888 1156 Religionem
928 1078 1235 1137 transferre
1278 1076 1516 1149 studuit,
1557 1083 1624 1133 ιιι
1668 1094 1796 1133 eam
1833 1094 1950 1132 non
1991 1072 2164 1131 modo
2194 1072 2552 1145 Christianis,
2598 1072 2703 1131 sed
2743 1072 2934 1132 etiam

521 1160 809 1225 Gentibus
850 1156 1453 1218 commendabiliorem
1482 1154 1765 1228 redderet,
1810 1162 1876 1213 ut
1906 1153 2196 1211 Eusebius
2229 1152 2486 1228 loquitur
2526 1152 2587 1209 in
2615 1153 2738 1211 vita
2766 1152 2931 1211 Con-

519 1239 791 1299 stantini:
837 1239 931 1296 Ita
972 1258 1103 1296 cum
1145 1236 1371 1295 videret
1397 1228 1620 1295 Gentes
1664 1234 1894 1310 Regum
1934 1231 2293 1309 aliorumque
2331 1231 2614 1290 clarorum
2642 1233 2934 1291 Virorum

518 1338 774 1396 corpora,
806 1318 857 1377 si
898 1317 959 1375 in
985 1317 1130 1376 locis
1172 1314 1598 1375 obscurioribus
1627 1314 1864 1373 humata
1904 1321 2113 1385 essent,
2143 1331 2357 1389 magna
2381 1330 2593 1388 pompa
2624 1319 2683 1371 et
2727 1313 2930 1371 solen·

520 1399 701 1457 nitate
730 1397 806 1456 ad
832 1397 1076 1456 clariora
1102 1402 1474 1454 monumenta
1499 1392 1826 1468 transferre,
1858 1393 1973 1451 imo
2001 1400 2062 1451 et
2087 1392 2148 1449 in
2176 1391 2435 1469 Templis
2462 1391 2787 1468 magnificis
2813 1392 2930 1451 de·

518 1497 766 1556 ponere3
810 1477 1086 1534 honorem
1113 1475 1267 1535 hunc
1294 1475 1478 1534 multo
1498 1474 1713 1532 rectius
1734 1482 2062 1532 sanctorum
2092 1472 2204 1531 Dei
2217 1470 2656 1548 Apostolorum,
2689 1472 2929 1550 Marty-

520 1577 665 1632 rum,
696 1556 1052 1632 aliorumque
1081 1555 1416 1632 corporibus
1445 1561 1503 1613 et
1533 1553 1819 1630 Reliquiis
1845 1552 2107 1610 exhiberi
2136 1552 2378 1610 censuit.
2449 1552 2638 1626 Quum
2667 1552 2929 1628 primum

517 1657 658 1695 vero
688 1636 942 1712 Corpora
988 1643 1047 1694 et
1087 1634 1373 1711 Reliquiae
1406 1635 1748 1692 Sanctorum
1775 1631 1950 1690 effodi
1991 1639 2050 1690 et
2084 1630 2381 1691 transferri
2417 1640 2732 1707 coeperunt,
2775 1651 2927 1691 mox

514 1716 812 1794 persuasio
838 1714 1136 1773 hominum
1163 1714 1387 1772 animos
1435 1713 1667 1788 invasit,
1698 1713 1989 1788 Martyres
2016 1712 2275 1787 aliosque
2308 1711 2550 1769 Sanctos
2577 1711 2705 1789 ejus
2735 1712 2924 1788 Regi-

515 1796 660 1871 oniS,
689 1795 867 1871 urbis,
898 1795 1031 1870 loci,
1053 1793 1154 1853 ubi
1182 1814 1377 1855 eorum
1403 1793 1688 1869 Reliquiae
1714 1812 1818 1851 seu
1845 1811 2085 1867 corpora
2111 1790 2374 1867 deposita
2394 1798 2573 1864 erant,
2597 1790 2924 1865 columnas,

514 1885 718 1949 turres,
749 1883 808 1934 et
834 1874 1103 1952 praesidia
1128 1893 1272 1949 esse,
1304 1882 1370 1932 ut
1397 1872 1654 1931 Basilius
1678 1871 1953 1949 loquitur.
1998 1871 2170 1929 Hanc
2197 1871 2660 1947 superstitionem
2690 1869 2922 1929 confes-

514 1956 618 2015 tim
650 1963 847 2014 secuta
887 1962 976 2012 est
1003 1952 1133 2027 alia,
1164 1961 1231 2011 ut
1270 1972 1511 2029 corpora
1542 1952 1885 2011 Sanctorum
1913 1960 1971 2010 et
1994 1950 2294 2027 Reliquias
2322 1950 2466 2009 alias
2508 1969 2624 2008 non
2665 1950 2924 2028 amplius

512 2035 620 2094 sub
670 2033 864 2093 Altari
917 2032 1248 2106 conderent,
1292 2031 1395 2090 sed
1444 2050 1617 2108 super
1657 2031 1887 2089 Altaria
1928 2038 2224 2108 ponerent,
2269 2038 2329 2088 et
2368 2029 2444 2088 ad
2484 2030 2924 2089 venerationem

509 2115 938 2193 prostituerent.
1024 2111 1198 2171 Unde
1226 2120 1366 2171 ortae
1395 2120 1531 2170 sunt
1558 2111 2130 2187 circumgestationes
2159 2109 2574 2185 Reliquiarum‚
2607 2119 2672 2169 ιιι
2703 2109 2764 2167 in
2791 2129 2919 2168 ma-

503 2195 621 2272 jori
650 2194 1026 2252 admiratione
1054 2198 1264 2251 essent.
1310 2192 1389 2250 Et
1415 2191 1553 2268 quia
1578 2190 1857 2250 miracula
1884 2190 2046 2248 varia
2071 2189 2288 2248 fiebant
2315 2189 2389 2247 ad
2417 2189 2722 2266 sepulchra
2748 2188 2920 2247 Mar·

509 2284 721 2351 tyrum,
752 2293 869 2331 non
893 2273 1083 2332 Deum
1112 2280 1353 2347 tantum,
1384 2271 1488 2330 sed
1516 2271 1673 2348 ipsos
1711 2270 1884 2330 etiam
1916 2271 2206 2346 Martyres
2234 2268 2387 2345 apud
2416 2268 2721 2345 sepulchra
2747 2268 2920 2328 invo-

510 2373 658 2427 care,
688 2354 805 2411 imo
835 2353 1007 2411 etiam
1036 2372 1233 2411 eorum
1263 2351 1563 2428 Reliquias
1591 2352 1780 2410 colere
1809 2358 2121 2427 coeperunt.
2197 2349 2294 2408 Sic
2322 2348 2535 2407 sensim
2564 2368 2725 2407 error
2749 2349 2918 2407 iuva-

508 2433 635 2508 luit,
688 2441 746 2491 et
772 2432 848 2491 ad
875 2431 1500 2509 superstitiosissimum
1529 2432 1765 2506 cultum,
1819 2438 1878 2489 et
1906 2429 2320 2488 crassissimam
2351 2447 2479 2506 quae
2507 2448 2662 2488 nunc
2690 2429 2923 2489 obtinet

496 2512 893 2572 'idololatriam
922 2512 1199 2570 excrevit.
2194 2532 2196 2535 ’

1114 2590 1233 2650 ΙΧ.
1279 2589 1627 2649 Miraculum
1670 2587 1826 2667 apud
1867 2608 1999 2648 ossa
2043 2589 2245 2648 Elizaei
2275 2587 2556 2648 divinitus
2597 2588 2835 2664 editum,
2877 2594 2917 2649 2

1041 2670 1189 2746 Reg.
1235 2669 1359 2726 xiii.
1407 2673 1503 2742 21,
1554 2669 1816 2728 vaticinii
1857 2670 1983 2746 ejus
2026 2669 2405 2747 praecedentis
2448 2668 2522 2727 de
2577 2689 2922 2729 successura

1040 2748 1429 2807 Moabitarum
1485 2749 1802 2825 irruptione
1849 2747 2023 2806 fidem
2069 2748 2478 2825 confirmabat3
2544 2749 2647 2808 sed
2695 2751 2921 2808 cultum

511 2826 849 2903 religiosum
877 2829 1131 2904 corporis
1159 2829 1285 2905 ejus
1322 2847 1439 2887 non
1470 2828 1708 2904 probat;
1753 2827 1907 2887 unde
1935 2848 2043 2887 nec
2079 2837 2213 2887 ante
2254 2848 2362 2887 nec
2402 2837 2535 2906 post
2576 2830 2919 2888 miraculum

511 2899 675 2980 illud,
705 2906 1006 2983 quisquam
1039 2908 1406 2985 sepulchrum
1431 2908 1632 2966 Elisaei
1658 2907 1946 2982 invisisse,
1976 2909 2075 2966 vel
2102 2928 2236 2967 ossa
2261 2907 2536 2985 religioso
2564 2909 2919 2968 adorationis

512 2986 711 3045 osculo
761 2987 1058 3064 excepisse
1100 2987 1330 3065 legitur.
1417 2987 1645 3046 Deinde
1687 2986 2026 3046 miraculum
2069 2988 2227 3047 istud
2254 3008 2457 3046 verum
2489 2988 2630 3063 fuit,
2659 2996 2719 3047 et
2756 2988 2920 3046 omni

512 3066 838 3205 ffipieime
880 3065 1010 3128 falsi
1034 3087 1301 3144 vacuum,
1346 3067 1504 3146 quod
1544 3067 1619 3127 de
1657 3068 1960 3146 praetensis
1999 3068 2405 3126 miraculorum
2447 3068 2706 3146 reliquiis
2745 3088 2919 3127 nemo

558 3145 571 3160 ⁶
619 3147 745 3207 erit.
1801 3161 1812 3165 ’

594 3227 680 3286 Χ.
726 3227 999 3288 Fimbriae
1029 3229 1243 3288 Christi
1270 3237 1476 3305 tactus,
1509 3228 1658 3288 Mat.
1687 3228 1769 3287 ix.
1799 3232 1896 3302 21,
1939 3227 2298 3287 miraculosae
2341 3227 2655 3286 sanationis
2683 3228 2920 3303 symbo-

514 3305 638 3367 lum
666 3309 1186 3368 extraordinarium
1213 3309 1360 3368 fuit:
1418 3308 1521 3367 sed
1563 3309 1674 3366 hoc
1702 3327 1809 3366 nec
1850 3307 2035 3367 ullum
2062 3307 2222 3365 aliud
2249 3308 2574 3366 divinorum
2611 3306 2920 3365 miraculo·

512 3406 640 3445 rum
679 3387 1007 3463 symbolum
1052 3408 1087 3446 a
1114 3407 1404 3464 quoquam
1432 3387 1528 3463 pio
1556 3386 1826 3463 religiose
1855 3387 2072 3445 cultum
2103 3396 2228 3463 est3
2275 3387 2397 3446 Nec
2425 3387 2622 3446 eadem
2652 3395 2742 3444 est
2766 3387 2922 3445 ratio

515 3465 848 3523 vestimenti
878 3466 1108 3539 Christi,
1140 3485 1256 3541 quo
1284 3465 1521 3524 indutus
1562 3466 1638 3523 ad
1665 3465 1879 3523 divinae
1913 3485 2032 3524 suae
2072 3466 2346 3542 potentine
2372 3466 2922 3525 demonstrationem

516 3543 605 3602 uti
648 3543 851 3617 voluit,
897 3553 955 3603 et
991 3544 1362 3620 reliquiarum
1408 3544 1845 3621 Papisticarum,
1897 3564 2026 3621 quae
2068 3547 2165 3604 vel
2192 3547 2443 3622 incertae,
2482 3547 2580 3605 vel
2624 3566 2660 3605 a
2688 3546 2922 3605 Christo

516 3622 657 3681 vivo
688 3630 981 3698 separatae,
1011 3623 1253 3682 eandem
1280 3624 1402 3681 vim
1430 3633 1490 3682 et
1516 3623 1827 3683 efficaciam
1856 3625 2066 3683 habere
2094 3645 2211 3685 non
2237 3633 2498 3703 possunt.

532 3757 540 3762 .
600 3701 721 3760 XI.
773 3703 986 3761 Umbra
1015 3703 1190 3779 Petri,
1212 3703 1347 3762 Act.
1378 3724 1436 3761 v.
1470 3706 1562 3778 15,
1584 3712 1644 3763 et
1668 3705 1908 3763 sudaria
1927 3724 1996 3763 ac
2015 3706 2350 3764 semicinctia
2374 3706 2559 3781 Pauli,
2582 3726 2713 3782 quae
2736 3725 2921 3783 aegro-

518 3789 611 3844 tos
640 3782 937 3858 sanabant,
967 3782 1104 3842 Act.
1133 3784 1257 3842 xix.
1294 3787 1384 3859 12,
1415 3784 1647 3843 fuerunt
1683 3784 1883 3843 itidem
1912 3785 2380 3844 extraordinariae
2423 3786 2735 3845 curationis
2764 3806 2922 3863 sym·

518 3861 654 3921 bola
676 3884 690 3937 ;
736 3862 839 3920 sed
864 3871 931 3921 ut
955 3871 1187 3940 propter
1215 3864 1325 3923 hoc
1354 3863 1738 3942 symbolicum
1756 3864 2004 3925 officium
2027 3865 2417 3940 adorarentur,
2441 3886 2548 3924 nec
2576 3866 2926 3924 mandarunt

519 3940 809 4020 Apostoli,
839 3962 946 4002 nec
974 3963 1009 4001 a
1035 3963 1324 4020 quoquam
1364 3943 1684 4022 praestitum
1728 3953 1971 4004 constat.
2055 3943 2156 4002 An
2185 3945 2393 4003 Petrus
2440 3944 2541 4022 qui
2568 3946 2756 4004 noluit
2782 3945 2922 4004 ado-

517 4022 633 4080 rari
659 4023 832 4081 vivus
859 4042 894 4080 a
923 4023 1206 4098 Corneli0,
1234 4025 1437 4101 jubere
1465 4023 1654 4083 voluit
1697 4024 2087 4083 adorationem
2136 4024 2226 4083 sui
2254 4024 2555 4083 cadaveris
2575 4027 2605 4082 Ρ
2644 4025 2762 4083 Vel
2788 4044 2919 4101 pas·

519 4121 688 4161 surus
714 4102 935 4177 fuisset,
965 4111 1031 4162 ut
1059 4123 1251 4162 coram
1278 4104 1483 4163 umbra
1510 4123 1633 4178 sua,
1663 4104 1760 4162 vel
1802 4104 2187 4180 semicinctiis,
2219 4103 2292 4162 ad
2328 4106 2455 4163 e'us
2483 4105 2793 4163 essentiam
2820 4125 2922 4163 ne-

517 4182 751 4259 quidem
779 4183 1214 4260 pertinentibus,
1244 4183 1507 4242 homines
1533 4184 1976 4261 procumberent
2003 4183 2334 4243 venerabun
2379 4184 2446 4242 i?

600 4261 756 4321 XII.
799 4262 1124 4321 Translatio
1152 4263 1369 4322 ossium
1398 4264 1862 4322 Patriareharum
1904 4262 2152 4322 faciebat
2177 4263 2253 4321 ad
2279 4262 2451 4322 fidem
2499 4264 2518 4321 i
2561 4283 2753 4322 sorum
2783 4283 2925 4342 erga

520 4341 631 4399 Dei
678 4342 1113 4417 promissionem
1162 4342 1234 4401 de
1263 4342 1454 4401 Terrae
1496 4343 1859 4419 possessione
1901 4341 2352 4402 confirmandam
2394 4352 2454 4402 et
2551 4343 2703 4401 essia
2749 4343 2810 4400 in
2852 4364 2924 4402 ea

517 4420 807 4479 nascituro
831 4444 845 4496 ;
895 4421 1011 4480 Sed
1038 4422 1185 4480 nihil
1212 4422 1459 4481 faciebat
1485 4421 1562 4481 ad
1600 4421 1937 4498 religiosum
1978 4421 2196 4481 ossium
2223 4422 2480 4501 ipsorum
2521 4422 2760 4499 cultum,
2790 4443 2923 4499 quae

517 4498 707 4557 denuo
734 4501 1099 4560 recondenda
1125 4510 1183 4560 et
1211 4501 1502 4560 humanda
1529 4501 1777 4560 fuerunt.

532 4636 541 4645 ,
600 4577 791 4636 ΧΙΙΙ.
837 4578 901 4638 Si
940 4582 1270 4656 Viqilantius
1297 4581 1357 4639 id
1385 4600 1563 4641 unum
1591 4581 1731 4657 egit,
1761 4589 1828 4640 ut
1867 4600 1931 4639 se
1969 4581 2238 4659 gliscenti
2279 4582 2673 4660 superstitioni
2715 4582 2775 4639 in
2805 4582 2932 4641 Re:

512 4656 823 4737 liquiarum
872 4660 1032 4719 cultu
1081 4669 1410 4739 opponeret,
1461 4680 1579 4722 non
1623 4661 1754 4721 ideo
1795 4660 1955 4739 juste
2001 4661 2289 4723 haereseos
2332 4663 2588 4722 accusari
2631 4662 2822 4740 potuit
2846 4662 2924 4720 ab

580 2657 763 2704 Fontes
786 2656 920 2701 Solu-

535 2721 547 2728 *
650 2716 856 2759 tionum.
