3221 5200
510 327 629 388 184
1431 342 1615 384 Locus
1645 343 2045 385 nuonncmus,
2546 322 2802 404 [ouaes'r.
2836 343 2918 386 vr.

515 487 986 567 acceptationem,
1015 491 1076 544 et
1102 483 1467 542 collationem
1497 493 1555 543 et
1592 484 1978 562 receptionem
2020 483 2427 543 beneficiorum
2456 485 2714 543 omnium
2739 485 2916 546 foede-

518 569 744 642 ralium,
774 575 833 625 et
860 563 1321 623 communionem
1360 563 1645 622 internam
1674 584 1807 623 cum
1836 564 2066 623 Christo
2107 583 2209 641 per
2236 564 2426 638 fidem,
2457 584 2574 640 quo
2604 584 2783 625 sensu
2804 585 2921 623 non

518 648 596 708 ad
636 648 781 707 alios
822 645 1087 723 pertinet,
1116 662 1293 719 quam
1319 643 1395 700 ad
1422 643 1655 719 electos,
1684 645 1787 720 qui
1819 644 2009 721 reipsa
2048 643 2195 702 fiunt
2235 643 2468 702 foederis
2507 645 2818 722 participes
2844 665 2920 703 ex

523 728 637 788 Dei
676 726 1013 800 intentione,
1052 723 1114 780 in
1141 723 1351 800 quibus
1378 731 1518 800 puta
1545 724 1906 783 conditiones
1931 724 2088 801 ipsas
2116 722 2349 783 foederis
2376 724 2594 803 implet,
2626 735 2685 783 et
2712 725 2923 802 quibus

519 828 639 868 non
680 806 846 867 offert
884 813 1129 877 tantum,
1173 802 1281 862 sed
1314 802 1534 862 confert
1571 813 1703 861 actu
1744 803 1978 874 foederis
2018 803 2314 862 beneficia.
2399 805 2753 881 Quocunque
2782 824 2921 863 vero

519 888 692 947 modo
720 894 1011 963 spectetur
1050 883 1240 942 foedus
1280 882 1454 958 istud,
1498 883 1826 942 universale
1867 881 2045 942 fuisse
2085 891 2319 960 negant,
2361 903 2479 943 non
2519 885 2692 944 modo
2729 884 2922 961 quoad

519 967 975 1045 acceptationem
1013 971 1074 1023 et
1113 963 1497 1038 collationem,
1541 962 1650 1022 sed
1686 983 1794 1021 nec
1834 962 2027 1038 quoad
2067 964 2585 1039 promulgationem
2625 974 2726 1023 aut
2763 965 2918 1023 obla-

520 1050 754 1121 tionem,
785 1065 915 1122 quae
955 1044 1094 1102 licet
1133 1044 1303 1101 letior
1343 1043 1655 1119 aliquando
1704 1041 1876 1102 fuerit
1916 1051 1974 1102 et
2017 1043 2356 1119 generalior,
2397 1064 2690 1122 nunquam
2729 1052 2922 1103 tamen

521 1128 787 1187 absolute
811 1123 1157 1184 universalis
1185 1122 1372 1196 fuerit,
1404 1123 1502 1180 vel
1529 1122 1645 1180 dici
1713 1122 1874 1181 ossit.

1120 1202 1233 1260 VI.
1279 1201 1452 1261 Unde
1479 1222 1596 1260 non
1624 1142 1866 1261 ogscure
1898 1201 2097 1261 Status
2126 1201 2472 1276 Quaestionis
2499 1203 2809 1280 colligitur.
2867 1206 2919 1261 l.

586 1269 942 1374 Βῑῦξῗωὲω*
1042 1282 1176 1340 Non
1216 1282 1492 1357 quaeritur
1532 1282 1605 1339 de
1632 1283 1855 1340 Eventu
1895 1289 1956 1339 et
1998 1282 2234 1340 salutari
2275 1281 2508 1340 foederis
2547 1283 2775 1358 fructu3
2820 1282 2922 1341 An

832 1359 845 1374 ⁸
931 1363 935 1367 ’
1043 1381 1245 1419 omnes
1270 1361 1334 1418 vi
1358 1360 1593 1419 foederis
1622 1362 1822 1438 gratiae
1852 1370 2191 1436 serventur;
2218 1361 2471 1420 fatentur
2497 1363 2650 1420 enim
2677 1363 2764 1419 ini
2793 1382 2923 1421 cum

520 1444 734 1523 quibus
761 1441 989 1518 agimus
1008 1439 1337 1500 innumeros
1366 1441 1569 1518 perire,
1607 1450 1675 1500 et*
1695 1440 1989 1499 beneficiis
2008 1440 2242 1500 foederis
2268 1441 2501 1518 privari.
2548 1441 2665 1500 Sed
2692 1441 2765 1499 de
2793 1463 2921 1501 con-

521 1526 646 1584 silio
687 1532 742 1581 et
765 1522 1062 1580 intentione
1088 1521 1206 1579 Dei
1228 1521 1291 1578 in
1320 1519 1582 1579 Foederis
1609 1521 1812 1597 gratiss
1854 1520 2148 1578 sanctione
2174 1543 2187 1579 ε
2249 1521 2349 1578 An
2376 1521 2695 1598 respexerit
2722 1541 2922 1580 omnes

521 1614 580 1664 et
609 1602 886 1680 singulos,
915 1609 983 1661 ut
1009 1600 1096 1658 illi
1122 1600 1357 1675 vellent,
1388 1599 1489 1658 An
1516 1600 1796 1676 quosdam
1820 1608 2043 1660 tantum
2058 1603 2088 1659 P
2127 1599 2285 1676 quod
2312 1600 2635 1660 statuimus.
2701 1605 2759 1660 2.
2789 1602 2923 1660 Non

521 1683 815 1762 quaeritur,
860 1681 958 1740 An
996 1680 1226 1739 vocatio
1266 1680 1342 1739 ad
1382 1679 1588 1755 foedus,
1634 1700 1763 1756 quae
1803 1679 1870 1737 fit
1900 1699 2004 1756 per
2030 1679 2308 1754 Verbum,
2347 1681 2692 1740 universalis
2732 1680 2921 1757 fuerit,

523 1763 938 1824 Particularem
966 1760 1123 1820 enim
1149 1759 1326 1819 fuisse
1353 1759 1558 1818 saltem
1587 1760 1697 1818 sub
1724 1759 1927 1818 Veteri
1954 1759 2341 1835 Testamento,
2373 1759 2604 1818 diffiteri
2631 1780 2747 1819 non
2789 1780 2919 1838 pos-

520 1853 658 1904 sunt
684 1845 727 1901 u‘
753 1844 802 1915 ἔξ
829 1843 1055 1906 ἔην-τίεις.
1123 1839 1256 1914 Sed,
1297 1838 1398 1898 An
1426 1839 1594 1898 detur
1626 1839 1855 1898 vocatio
1883 1839 2054 1896 realis
2081 1858 2184 1916 per
2211 1840 2401 1915 Opere.
2439 1848 2676 1915 naturae,
2708 1860 2823 1916 qua
2849 1840 2925 1898 ad

517 1924 710 1983 foedus
738 1923 939 2000 gratiss
966 1939 1166 1978 omnes
1186 1927 1500 1978 evocentur
1518 1921 1547 1977 Ρ
1588 1917 1758 1993 Quod
1785 1918 1872 1976 illi
1899 1928 2179 1993 asserunt,
2212 1919 2334 1977 Nos
2361 1938 2659 1996 negamus.
2703 1923 2759 1979 3.
2791 1920 2924 1978 Non

516 2004 811 2083 quaeritur,
843 2000 944 2059 An
970 1999 1095 2058 sine
1124 1998 1353 2057 Christo
1381 1998 1643 2057 homines
1670 1998 1767 2056 vel
1809 1998 2026 2056 servari
2069 1998 2184 2056 sint
2209 2018 2480 2075 unquam,
2511 2000 2607 2057 vel
2634 2000 2927 2077 potuerint

516 2084 781 2143 servari?
823 2082 1174 2158 Agnoscunt
1200 2077 1353 2136 enim
1379 2077 1605 2136 nullum
1633 2078 1791 2136 aliud
1818 2097 1945 2135 esse
1974 2077 2177 2136 salutis
2203 2078 2484 2155 medium;
2520 2079 2653 2155 Sed,
2680 2079 2778 2137 An
2800 2080 2925 2138 sine

518 2163 848 2241 cognitione
879 2158 1092 2220 Christi
1121 2157 1304 2216 adulti
1331 2158 1625 2234 potuerint
1652 2157 1894 2216 salutem
1923 2158 2199 2235 consequi
2219 2161 2247 2217 Ρ
2289 2158 2458 2232 Quod
2494 2178 2790 2236 negamus,
2824 2159 2924 2216 Illi

515 2243 817 2303 affirmant.
886 2244 943 2299 4.
976 2238 1241 2315 Denique
1266 2256 1384 2295 non
1411 2237 1704 2314 quaeritur,
1736 2236 1837 2296 An
1865 2238 2026 2296 varia
2051 2237 2330 2296 beneficia
2360 2239 2520 2297 Deus
2549 2239 2795 2316 singulis
2821 2239 2923 2295 ho-

518 2322 771 2382 minibus
798 2318 1055 2398 quotidie
1082 2317 1377 2394 largiatur,
1409 2318 1621 2393 quibus
1648 2317 1966 2376 bonitatem
1994 2337 2156 2376 suam
2186 2326 2244 2376 et
2272 2317 2516 2394 gratiam
2538 2319 2763 2377 miseris
2789 2338 2922 2395 pec-

517 2402 808 2462 catoribus
834 2407 1079 2460 testatur
1096 2400 1126 2455 ¹?
1168 2397 1301 2455 Hoc
1328 2396 1481 2454 enim
1509 2396 1665 2474 apud
1691 2416 1891 2455 omnes
1931 2406 2021 2456 est
2061 2398 2122 2455 in
2148 2397 2430 2456 confesse.
2517 2398 2651 2471 Sed,
2688 2399 2789 2456 An
2817 2399 2929 2456 ista

518 2480 799 2541 beneficia
827 2480 944 2538 sint
971 2475 1261 2541 salutaria.
1292 2494 1425 2550 quoe.
1455 2475 1639 2534 fluant
1665 2495 1742 2534 ex
1768 2475 1984 2534 foedere
2025 2476 2243 2551 gratiae,
2275 2484 2334 2534 et
2361 2476 2565 2534 merito
2595 2477 2826 2552 Christi,
2867 2485 2927 2536 et

517 2561 924 2639 dispensentur
949 2576 984 2615 a
1015 2555 1158 2628 De0,
1187 2561 1254 2612 ut
1283 2553 1455 2612 Patre
1484 2562 1542 2613 et
1572 2553 1976 2630 Redemptore,
2007 2573 2082 2612 ex
2110 2554 2428 2612 intentione
2457 2554 2660 2613 salutis
2678 2559 2707 2613 P
2756 2555 2927 2629 Quod

517 2648 783 2698 asserunt
822 2637 947 2711 i11i;
1013 2633 1136 2691 Nos
1176 2651 1475 2707 negamus.
1548 2632 1633 2690 Ut
1670 2632 1926 2705 Quaestio
1967 2652 2036 2690 eo
2079 2632 2292 2706 redeat,
2338 2632 2437 2689 An
2471 2633 2659 2691 foedus
2701 2635 2922 2709 gratiae,

515 2717 675 2795 quod
716 2718 775 2774 in
805 2713 1035 2774 Christo
1079 2710 1241 2768 Deus
1281 2726 1413 2767 cum
1451 2710 1785 2768 hominibus
1827 2710 2132 2784 contraxit,
2181 2710 2258 2768 sit
2298 2711 2642 2786 universale,
2687 2720 2745 2769 et
2792 2733 2924 2772 cum

516 2794 786 2855 omnibus
826 2801 887 2851 et
926 2788 1173 2866 singulis
1209 2787 1393 2864 primo
1434 2788 1496 2845 in
1524 2788 1775 2862 Adamo,
1807 2788 2014 2846 deinde
2056 2789 2117 2846 in
2146 2789 2401 2864 Noacho,
2434 2799 2493 2848 et
2533 2799 2821 2866 postremo
2864 2793 2925 2850 in

518 2874 750 2934 Christo
776 2873 1001 2945 initum,
1032 2868 1084 2928 si
1119 2886 1237 2926 non
1263 2867 1459 2943 quoad
1483 2876 1758 2926 eventum
1786 2867 1888 2942 rei,
1932 2868 2135 2926 saltem
2165 2869 2356 2944 quoad
2383 2868 2825 2930 destinationem
2867 2882 2927 2931 et

514 2953 893 3014 intentionem
923 2947 1053 3024 Dei,
1098 2948 1148 3007 si
1189 2965 1305 3005 non
1332 2946 1528 3024 quoad
1560 2947 1946 3025 receptionem
1975 2957 2033 3006 et
2060 2968 2230 3006 usum
2271 2949 2472 3025 gratiss
2501 2950 2825 3027 objectivae,
2869 2962 2928 3011 et

515 3034 873 3113 subjectivoe,
904 3030 1109 3091 saltem
1136 3025 1328 3104 quoad
1355 3028 1482 3105 ejus
1510 3027 1878 3087 oblationem.
1962 3027 2060 3085 Illi
2098 3027 2397 3101 affirmant,
2430 3029 2552 3087 Nos
2589 3050 2888 3106 negamus.

691 3167 702 3179 ‚
922 3164 934 3176 ,
1121 3107 1270 3166 VII.
1316 3106 1533 3166 Foedus
1563 3106 1782 3165 Gratiae
1807 3107 2151 3184 particulare
2180 3127 2307 3166 esse
2336 3128 2411 3167 ex
2438 3110 2615 3168 variis
2643 3119 2818 3188 patet.
2874 3113 2924 3169 l.

515 3166 980 3269 Fundergguhglfffiae
1047 3188 1143 3247 Ex
1170 3187 1299 3265 ejus
1326 3188 1690 3246 destinatione
1711 3209 1730 3244 .·
1792 3187 1942 3261 Quia
1966 3187 2190 3246 nullum
2219 3187 2390 3246 datur
2426 3189 2487 3246 in
2516 3189 2643 3247 Deo
2670 3190 2925 3267 proposi·

572 3228 861 3354 ΡιέιΤι-ιιίῳτ.
1044 3275 1168 3327 tum
1196 3275 1256 3327 et
1281 3267 1553 3326 voluntas
1594 3266 1939 3325 universalis
1980 3267 2287 3325 miserendi
2329 3268 2508 3327 totius
2550 3269 2796 3329 Generis
2821 3270 2926 3328 hu-

571 3341 724 3444 {inm}
758 3353 863 3398 02⁰⁸
883 3339 987 3384 ἅθ’·
1047 3346 1219 3420 mani‚
1265 3346 1367 3404 sed
1396 3345 1700 3406 consilium
1742 3346 2086 3422 particulare
2126 3366 2203 3405 ex
2244 3348 2533 3405 communi
2574 3368 2766 3407 massa
2804 3368 2925 3408 cor·

649 3403 827 3445 ⁸³⁰²*
1044 3432 1214 3501 rupte
1239 3433 1459 3483 certum
1487 3444 1788 3483 numerum
1815 3424 2069 3501 eligendi
2097 3434 2156 3484 et
2192 3425 2268 3483 ad
2304 3426 2547 3485 salutem
2586 3427 2929 3503 destinandi,

513 3516 583 3568 nt
619 3507 747 3567 fuse
785 3505 1092 3583 probatum
1117 3503 1227 3561 fuit
1255 3504 1323 3560 P.
1368 3503 1419 3561 Ι.
1450 3503 1589 3562 Loc.
1622 3503 1732 3561 IV.
1764 3503 1833 3577 Q.
1868 3506 1960 3563 17.
2046 3505 2131 3564 Ut
2171 3525 2311 3581 ergo
2352 3506 2426 3564 ab
2464 3515 2677 3566 aeterno
2705 3508 2927 3567 nullum

516 3586 634 3646 tale
662 3584 851 3645 foedus
876 3584 939 3642 in
965 3581 1208 3643 consilio
1238 3581 1350 3640 Dei
1376 3581 1728 3640 destinatum
1756 3590 1860 3657 est,
1888 3582 1981 3641 Ita
2008 3603 2115 3642 nec
2141 3584 2203 3642 in
2231 3593 2485 3663 tempore
2515 3587 2886 3647 contrahitur.

516 3729 562 3779 2
590 3730 669 3779 Ex
698 3730 803 3787 ejus
841 3742 1007 3787 procn-
1128 3660 1311 3753 YIIJ.
1358 3660 1644 3735 Secundo,
1677 3662 1774 3718 Ex
1801 3662 1926 3755 ejus
1943 3665 2349 3738 procuratione
2368 3688 2388 3722 .-
2440 3665 2588 3740 Quia
2615 3666 2929 3725 satisfactio

1042 3739 2344 3899 Qsffissrfgsffisffszoepsssis
2368 3754 2600 3883 (ἓξὲξ,
2629 3745 2934 3903 3an

557 3920 765 3961 uorum
788 3900 980 3959 locum
1021 3918 1099 3958 ex
1139 3898 1340 3958 ordine
1383 3899 1495 3959 Dei
1524 3899 1726 3959 debuit
1764 3920 1828 3959 se
1869 3902 2218 3961 substituere
2258 3912 2324 3962 ut
2351 3903 2613 3980 Vadem;
2676 3905 2779 3981 qui
2819 3905 2930 3981 ipsi

517 3922 642 4041 {ati
683 3990 818 4041 sunt
857 4000 894 4038 a
921 3979 1095 4039 Patre
1134 3978 1455 4039 redimendi
1480 3988 1756 4058 tanquam
1798 3980 2024 4057 Semeu,
2058 3982 2333 4059 Populus,
2378 3991 2437 4041 et
2465 3984 2687 4061 Corpus
2727 3984 2926 4061 ipsius,

518 4061 659 4122 Filii
679 4059 1090 4138 promissionis,
1114 4059 1326 4135 quibus
1347 4060 1518 4119 datus
1544 4069 1635 4119 est
1662 4081 1697 4119 a
1726 4060 1870 4135 Deo,
1893 4069 1961 4120 ut
1977 4061 2267 4121 Mediator
2282 4071 2342 4121 et
2363 4062 2550 4139 Caput
2575 4063 2652 4121 ad
2668 4063 2928 4141 redemp-

515 4141 733 4203 tionem
761 4140 879 4199 illis
920 4138 1310 4215 obtinendam,
1338 4147 1399 4200 et
1424 4140 1637 4217 quibus
1676 4161 1753 4199 ex
1794 4140 1994 4199 ordine
2022 4141 2153 4215 Dei,
2183 4161 2300 4199 non
2326 4150 2551 4201 tantum
2578 4144 2817 4203 meritus
2844 4152 2935 4202 est

517 4221 764 4281 salutem
784 4228 846 4281 et
871 4219 1133 4298 gloriam,
1154 4218 1258 4278 sed
1278 4219 1452 4279 etiam
1479 4219 1725 4297 gratiam
1757 4220 2023 4298 Spiritus,
2047 4229 2108 4280 et
2127 4222 2619 4298 regenerationem
2649 4243 2717 4282 ac
2735 4223 2928 4298 fidem,
2986 4224 2997 4235 ’

511 4310 580 4362 ut
606 4319 711 4362 suo
736 4300 868 4361 loco
893 4298 1247 4379 probabitur.
1820 4363 1823 4366 ⁴

888 4445 900 4458 ·
1124 4379 1244 4438 IX.
1288 4378 1501 4454 Tertio,
1548 4377 1607 4436 A
1653 4379 2119 4439 Promissiomzus
2157 4382 2395 4456 soederis
2416 4407 2435 4441 .·
2498 4382 2648 4457 Quia
2701 4382 2776 4440 ad
2830 4400 2931 4440 eos

516 4445 562 4493 3.
591 4444 1001 4550 gupffioni-
1040 4467 1265 4517 tantum
1306 4458 1495 4517 foedus
1536 4457 1738 4535 gratiae
1778 4459 2042 4536 pertinet,
2087 4460 2162 4519 ad
2190 4481 2336 4538 quos
2375 4463 2664 4539 pertinent
2689 4461 2930 4539 promis-

908 4536 921 4548 “
1040 4539 1234 4598 siones
1258 4537 1320 4596 in
1359 4538 1461 4597 illo
1489 4556 1797 4615 expresses.
1845 4536 1934 4598 At
1958 4559 2076 4597 non
2103 4540 2179 4599 ad
2206 4560 2405 4601 omnes
2433 4550 2493 4601 et
2520 4542 2797 4618 singulos,
2831 4540 2935 4599 sed

518 4620 742 4673 tentum
789 4614 866 4674 ad
904 4615 1120 4678 electos
1161 4625 1220 4677 et
1258 4616 1461 4677 fideles
1506 4616 1812 4695 pertinent,
1857 4619 2068 4696 quibus
2106 4620 2261 4679 bona
2298 4620 2775 4699 promissionibus
2814 4620 2934 4678 illis
