3221 5200
360 326 588 377 Quaesr.
620 307 780 388 x111.]
1145 325 1224 366 m:
1255 326 1485 368 omem
1515 327 1747 373 cumen
1782 330 2165 370 Memnonio.
2673 318 2785 379 391

364 468 472 528 sed
499 468 626 546 typi
654 466 1063 526 satisfactionis
1090 466 1292 526 alienae
1322 468 1528 528 futuras
1578 489 1680 545 per
1710 470 2017 545 Christum,
2066 472 2234 548 cujus
2280 470 2338 527 vi
2382 472 2645 532 remissio
2692 474 2795 535 illa

361 549 627 607 dabatur.

448 627 698 685 XXVI.
732 625 919 700 Quum
943 624 1168 700 dicitur,
1185 626 1357 687 Prov.
1371 628 1492 687 xvi.
1514 631 1569 701 6,
1594 629 1985 687 misericordia
2005 639 2059 687 et
2083 630 2313 688 veritate
2323 641 2618 705 peccatum
2637 636 2786 695 redi-

362 708 454 782 mi,
486 710 574 765 vel
598 707 830 782 expiari
846 729 866 763 .·
909 705 1041 763 Hoc
1069 726 1185 764 non
1213 706 1371 766 favet
1399 708 1886 767 satisfactionibus
1926 709 2209 784 humanis,
2258 709 2381 768 sive
2429 710 2792 790 intelligatur

359 787 436 845 de
465 786 853 845 misericordia
879 794 934 843 et
956 787 1190 844 veritate
1218 788 1350 862 Dei,
1380 798 1445 847 ut
1472 786 1707 863 quidam
1755 788 1978 862 volunt,
2026 789 2166 864 quia
2193 808 2307 846 non
2336 790 2507 866 tollit,
2538 793 2643 851 sed
2680 814 2781 870 po-

365 867 455 925 nit
482 866 932 926 satisfactionem
961 865 1191 940 Christi,
1225 865 1347 925 sive
1377 867 1448 925 dc
1477 868 1866 931 misericordia
1890 877 1946 926 et
1972 869 2204 928 witate
2244 870 2497 946 Ιιοηιίηἰε,
2548 881 2614 931 ut
2661 872 2777 950 alii,

360 947 502 1022 quia
530 947 613 1005 sic
640 954 873 1005 notatur
899 944 1172 1017 conditi0,
1204 946 1297 1004 cui
1326 945 1498 1006 datur
1515 947 1739 1023 peccati
1766 947 2044 1021 remissie,
2065 968 2180 1006 non
2198 968 2337 1008 vero
2355 970 2530 1009 causa
2548 961 2784 1030 propter

357 1046 536 1103 quam
566 1026 773 1085 datur:
818 1025 968 1083 Nam
985 1033 1051 1083 ut
1071 1024 1356 1102 judicium
1385 1026 1445 1084 in
1468 1026 1947 1086 immisericordes
1970 1028 2091 1087 sine
2113 1029 2506 1089 misericordia
2526 1034 2782 1093 exerceri

358 1105 536 1164 debet
559 1128 572 1180 3
621 1106 714 1164 Ita
760 1104 1159 1164 misericordes
1206 1105 1656 1164 misericordiam
1705 1116 2144 1183 consequentur,
2198 1108 2408 1168 Matth.
2454 1130 2513 1170 v,
2561 1115 2616 1171 7.
2662 1113 2784 1173 Nec

358 1210 447 1249 w:
477 1186 571 1243 hic
599 1185 987 1262 expiationem
1041 1184 1268 1262 proprie
1297 1185 1527 1260 dictam,
1570 1185 1674 1245 sed
1701 1186 1796 1244 vel
1822 1186 2133 1246 tectionem
2161 1196 2385 1248 tantum
2413 1200 2472 1249 et
2498 1192 2784 1252 remissio-

357 1286 508 1339 nem,
540 1284 712 1341 quam
743 1265 905 1323 Deus
929 1263 1085 1322 veris
1113 1264 1381 1325 fidelibus
1409 1274 1468 1324 et
1494 1265 1961 1324 misericordibus
1989 1266 2250 1344 largitur,
2293 1269 2390 1327 vel
2438 1269 2786 1331 ablationem

358 1354 422 1404 et
448 1344 823 1403 remotionem
851 1352 1031 1417 notat,
1061 1352 1128 1402 ut
1154 1343 1311 1418 alibi,
1359 1344 1473 1403 Isa.
1502 1344 1711 1404 xxviii..
1745 1348 1838 1421 18,
1869 1345 2007 1422 quia
2034 1347 2371 1406 exercitium
2401 1349 2699 1410 charitatis
2727 1362 2786 1411 et

357 1426 599 1483 sincerae
616 1424 847 1501 pietatis
865 1431 1122 1482 removet
1138 1432 1198 1482 et
1218 1423 1403 1483 aufert
1423 1424 1567 1484 vitia
1582 1425 1871 1484 contraria
1889 1447 1903 1500 ;
1935 1427 2091 1503 quod
2110 1427 2409 1503 sequentia
2425 1430 2780 1506 confirmant,

356 1524 539 1582 quum
568 1503 817 1576 additur,
848 1505 907 1561 in
936 1504 1132 1561 timore
1153 1504 1272 1561 Dei
1295 1513 1375 1562 cst
1401 1505 1697 1563 declinatio
1725 1526 1763 1563 a
1791 1508 1961 1564 male.

441 1583 725 1642 XXVII.
771 1581 1051 1657 Quamvis
1077 1582 1222 1640 nihil
1248 1582 1610 1659 inquinatum
1641 1584 1701 1641 in
1727 1605 1969 1662 regnum
1999 1585 2274 1644 coelorum
2315 1587 2500 1663 possit
2521 1588 2746 1667 ingredi
2772 1613 2785 1649 :

359 1664 493 1721 Non
520 1682 666 1739 opus
692 1671 783 1721 est
809 1670 1019 1736 tamen,
1049 1662 1146 1719 vel
1174 1662 1562 1722 satisfactione
1590 1672 1722 1741 post
1751 1665 2039 1724 Christum
2070 1664 2129 1721 in
2158 1666 2266 1723 hac
2308 1666 2446 1741 vita,
2491 1669 2587 1726 vel
2615 1670 2675 1727 in
2705 1670 2786 1727 al-

356 1752 484 1802 tera
512 1743 856 1819 Purgatorio
885 1741 961 1799 ad
988 1740 1187 1800 sordes
1212 1742 1508 1819 eluendas,
1538 1744 1676 1819 quia
1703 1744 1904 1803 fideles
1953 1745 2011 1802 in
2060 1753 2351 1803 momento
2402 1748 2782 1823 separationis

354 1823 565 1881 animae
594 1842 630 1880 a
656 1842 909 1899 corpore,
929 1829 1252 1898 purgantur
1344 1822 1521 1881 rfecte
1543 1842 1577 1881 a
1598 1823 1859 1899 reliquiis
1881 1824 2215 1901 peccatiper
2231 1823 2511 1900 Spiritum
2545 1826 2778 1886 Christi.

435 1903 657 1961 Caetera
683 1922 813 1979 quae
841 1901 937 1960 vel
963 1921 1069 1978 pro
1101 1842 1603 1961 Satisffitionibus
1634 1903 1919 1977 humanis,
1952 1903 2049 1961 vel
2076 1923 2181 1979 pro
2213 1903 2559 1980 Purgatorio
2589 1905 2780 1965 afferri

351 1982 560 2057 solent,
592 2001 698 2041 suo
719 1982 848 2040 loco
869 1980 1249 2040 excutientur.

1239 2220 1633 2295 QUAEsTm
1694 2220 1883 2279 xm.

1100 2398 1180 2437 DE
1222 2399 1493 2438 Man-:ma
1536 2398 2032 2438 SATISI-'Acnoms-

354 2544 451 2602 An
478 2542 798 2619 Satiqfactio
826 2540 1040 2602 Christi
1061 2540 1456 2617 restringenda
1482 2540 1553 2597 sit
1572 2543 1656 2597 ad
1680 2539 1978 2598 Passiones
2007 2548 2059 2597 et
2084 2539 2306 2616 Paenas,
2332 2561 2473 2619 quas
2491 2563 2609 2620 pro
2629 2546 2783 2606 nobis

432 2625 734 2683 sustinuit!
816 2623 909 2679 An
936 2641 1068 2679 vero
1092 2621 1166 2679 sit
1189 2621 1357 2679 etiam
1413 2623 1768 2679 extendenda
1809 2622 1894 2678 ad
1943 2619 2323 2681 obedientiam
2360 2623 2620 2699 activam,
2668 2647 2782 2703 qua

435 2707 643 2781 Leqem
671 2705 728 2762 in
756 2712 874 2762 tota
899 2701 1016 2761 vita
1034 2704 1280 2778 perfecte
1307 2701 1594 2777 implevit!
1680 2700 1849 2759 Prius
1880 2700 2065 2777 Neg.;
2100 2700 2322 2760 Poster.
2367 2702 2594 2763 Affirm.

963 2861 1012 2919 Ι.
1058 2861 1224 2918 Circa
1245 2861 1554 2918 Materiam
1576 2871 1633 2918 et
1648 2869 1850 2936 partes
1870 2861 2282 2935 Satzkfactionis
2323 2862 2550 2922 variant
2591 2863 2778 2922 Theo-

876 2938 1146 3015 logorum
1176 2940 1493 2998 sententiae.
1542 2941 1692 2999 Sunt
1719 2940 1819 3016 qui
1848 2940 2006 2997 illam
2036 2939 2111 2997 ad
2155 2940 2471 3016 passioneS,
2524 2960 2628 3002 seu
2655 2963 2776 3019 poe·

874 3037 997 3091 nas,
1027 3037 1173 3093 quas
1198 3038 1304 3094 pro
1351 3019 1521 3076 nobis
1572 3018 1861 3091 sustinuit,
1912 3018 2285 3093 restringunt.
2348 3019 2517 3093 Quod
2561 3021 2780 3098 primus

351 3095 583 3153 videtur
610 3094 923 3153 asseruisse
954 3095 1197 3171 Cargius
1227 3096 1496 3154 Minister
1524 3096 1907 3170 LutheranuS,
1938 3105 1998 3154 et
2025 3106 2156 3171 post
2184 3116 2315 3155 eum
2346 3098 2609 3157 Piscator
2637 3100 2775 3159 Pro-

350 3175 535 3234 fessor
563 3173 931 3232 Reformatus
962 3174 1405 3249 Herbornensis,
1437 3183 1495 3232 et
1523 3174 1783 3250 quicum
1827 3173 2009 3231 secuti
2059 3182 2234 3233 sunt:
2280 3176 2374 3232 Ex
2423 3177 2634 3253 quibus
2679 3180 2780 3238 alii

348 3263 530 3313 totam
555 3253 844 3330 justitiam
872 3254 933 3311 in
960 3262 1142 3312 morte
1173 3253 1386 3312 Christi
1427 3261 1666 3330 ponunt,
1709 3251 1806 3309 alii
1854 3251 2181 3328 adjungunt
2218 3273 2416 3313 omnes
2460 3257 2774 3334 passiones,

348 3354 500 3412 quas
527 3342 650 3393 toto
678 3332 814 3392 vitae
844 3341 1098 3412 tempore
1120 3333 1372 3412 pertulit,
1398 3340 1457 3390 et
1485 3334 1632 3390 hanc
1654 3332 2150 3406 vocantjustitiam
2161 3334 2450 3408 passivam
2470 3359 2494 3407 ;
2533 3337 2773 3396 activam

351 3434 510 3486 vere,
541 3433 716 3490 quam
743 3413 803 3470 in
832 3414 1160 3473 obedientia
1187 3413 1474 3471 mandatis
1502 3411 1763 3489 praestita
1806 3412 2109 3486 collocant,
2161 3420 2227 3470 ut
2269 3413 2658 3474 conditionem
2687 3437 2775 3476 re·

345 3494 622 3573 quisitam
652 3493 828 3552 fuisse
856 3495 913 3552 in
941 3495 1196 3553 Persona
1225 3492 1565 3552 Mediatoris
1591 3492 1665 3549 ad
1708 3491 2106 3550 executionem
2156 3492 2342 3552 Officii
2389 3503 2642 3574 censent,
2676 3497 2779 3556 sed

349 3595 467 3634 non
495 3575 693 3633 venire
723 3574 781 3630 in
810 3583 1031 3650 partem
1061 3572 1469 3633 satisfactionis
1497 3580 1597 3630 aut
1623 3572 1829 3646 meriti,
1855 3571 2011 3646 quod
2052 3572 2220 3630 nobis
2242 3572 2571 3651 imputetur.

437 3655 521 3714 II.
571 3653 688 3712 Sed
715 3654 1035 3713 communis
1063 3662 1121 3713 et
1149 3655 1210 3711 in
1240 3651 1519 3711 Ecclesiis
1547 3653 1760 3710 nostris
1781 3660 2010 3729 recepta
2039 3653 2324 3712 sententia
2371 3663 2476 3730 est,
2503 3655 2775 3716 Satisfac-

350 3735 572 3793 tionem
592 3734 822 3808 Christi,
837 3754 965 3810 quae
985 3732 1059 3791 ad
1081 3733 1367 3810 justitiam
1396 3751 1587 3790 coram
1602 3733 1729 3791 Deo
1751 3731 1918 3790 nobis
1946 3732 2280 3810 imputatur,
2312 3735 2633 3810 complecti,
2658 3756 2773 3795 non

352 3814 528 3872 modo
555 3814 852 3890 passiones
882 3813 1113 3888 Christi,
1145 3833 1290 3890 quas
1320 3812 1442 3870 sive
1484 3812 1544 3869 in
1572 3820 1774 3886 morte,
1827 3812 1950 3869 sive
1989 3813 2048 3869 in
2098 3813 2220 3870 vita
2264 3813 2538 3890 pertulit,
2585 3815 2688 3872 sed
2716 3825 2775 3874 et

348 3895 532 3952 totius
559 3894 696 3951 vitas
725 3892 1127 3967 obedientiam,
1161 3912 1263 3951 seu
1284 3892 1475 3967 justas
1503 3900 1561 3950 et
1590 3899 1819 3950 sanctas
1848 3891 2119 3965 actiones,
2150 3891 2362 3967 quibus
2407 3892 2584 3970 Legis
2611 3912 2773 3951 man-

353 3974 491 4032 data
517 3972 766 4050 perfecte
784 3973 914 4031 loco
942 3981 1138 4030 nostro
1168 3971 1431 4050 implevit
1454 3993 1468 4046 ;
1512 3980 1576 4030 ut
1605 3991 1681 4030 ex
1702 3972 1793 4028 his
1836 3970 2060 4029 duabus
2087 3970 2348 4047 partibus
2397 3970 2685 4049 integrum
2716 3981 2773 4031 et

352 4052 669 4131 perfectum
697 4051 1107 4129 redemptionis
1133 4059 1345 4111 nostrae
1372 4051 1620 4128 pretium
1649 4059 1912 4126 exurgat.

436 4133 556 4189 ΙΙΙ.
602 4132 656 4190 N
660 4152 734 4190 on
762 4131 1054 4208 quaeritur,
1091 4134 1143 4189 1.
1188 4131 1288 4188 An
1318 4131 1535 4208 Legem
1565 4139 1683 4188 tam
1712 4128 2039 4205 generalem
2068 4127 2140 4185 de
2161 4129 2288 4187 Deo
2310 4129 2569 4205 colendO,
2601 4151 2774 4207 quam

356 4212 662 4290 specialem
692 4212 765 4269 de
794 4230 855 4269 se
884 4212 1056 4269 morti
1083 4210 1426 4288 exponendo
1455 4209 1705 4286 perfecte
1729 4207 2052 4284 impleverit
2076 4207 2355 4284 Christus,
2380 4217 2440 4267 et
2459 4208 2558 4266 An
2579 4210 2776 4269 obedi-

354 4292 513 4350 entia
538 4291 716 4350 totius
744 4291 880 4349 vitae
911 4290 1123 4349 Christi
1151 4289 1477 4348 necessaria
1502 4288 1675 4345 fuerit
1704 4287 1948 4358 Christo,
1981 4286 2054 4345 ad
2084 4288 2286 4346 salutis
2313 4307 2461 4364 opus
2490 4308 2779 4365 exequen—

357 4371 513 4445 dum,
545 4379 603 4428 et
630 4371 799 4429 nobis
847 4371 1008 4429 utilis
1034 4390 1102 4429 ac
1128 4370 1282 4428 bono
1311 4377 1508 4426 nostro
1536 4367 1836 4442 praestita‘?
1881 4367 2163 4425 Fatentur
2190 4367 2360 4441 enim,
2391 4368 2491 4443 qui
2514 4368 2573 4425 in
2600 4370 2778 4445 priori

356 4458 491 4508 sunt
522 4450 821 4523 sententia,
853 4459 912 4510 et
940 4450 1230 4508 Christum
1259 4447 1509 4526 perfecte
1541 4447 1756 4522 Legem
1785 4454 2086 4522 utramque
2115 4447 2464 4523 implevisse,
2496 4454 2555 4506 et
2581 4448 2775 4507 obedi-

353 4530 572 4587 entiam
600 4530 735 4588 vitoe
758 4530 956 4607 ipsius,
988 4538 1046 4589 et
1072 4529 1184 4605 ipsi
1213 4527 1589 4588 necessariam
1620 4525 1814 4601 fuisse,
1845 4535 1911 4584 ut
1939 4525 2323 4585 conditionem
2367 4526 2426 4584 in
2458 4527 2780 4588 Mediatore

354 4608 692 4684 requisitam
721 4609 795 4666 ad
825 4609 1088 4668 Officium
1117 4607 1511 4686 praescriptum
1542 4605 1963 4681 exequendum,
1995 4614 2052 4664 et
2097 4606 2264 4664 nobis
2309 4607 2549 4683 proinde
2581 4606 2778 4667 utilem

395 2916 575 2960 Status
608 2915 780 2964 Qum!-

496 2973 660 3016 tlonis.
