3221 5200
450 330 566 389 582
1293 341 1475 382 Locus
1505 341 1764 383 nscmus
1789 342 2029 384 ssx'rus.
2517 319 2776 402 [Quznsr.
2813 344 2889 382 v.

466 491 776 566 Repugnat
803 486 1129 561 Scripturas,
1161 504 1289 561 quae
1318 483 1578 560 nuspiam
1602 482 1863 559 loquitur
1883 483 1955 540 de
1976 483 2198 560 peccati
2227 481 2579 556 remissione,
2603 483 2713 540 nisi
2739 503 2892 561 sup-

462 568 729 647 ponendo
758 566 977 624 nullam
1007 567 1133 642 ejus
1159 583 1386 641 poenam
1415 562 1591 639 exigi,
1625 563 1767 620 alias
1795 582 2006 638 magna
2054 563 2114 620 in
2168 563 2491 639 Scripturas
2519 563 2894 639 perturbatio

465 649 788 721 invehetur,
820 654 878 705 et
905 646 1051 703 nihil
1079 666 1153 703 ex
1182 644 1297 702 illis
1324 643 1506 701 fixum
1534 651 1593 701 et
1621 650 1839 701 certum
1856 643 2056 701 haberi
2083 643 2295 719 poterit
2318 665 2332 716 3
2358 650 2416 701 et
2447 661 2660 718 magna
2687 644 2894 721 caligo

468 727 796 787 effundetur
822 733 944 785 tum
972 723 1464 803 promissionibus,
1518 732 1640 782 tum
1674 723 2215 782 comminationibus
2264 722 2495 796 divinis,
2526 722 2754 798 quoties
2781 726 2892 783 vel

468 808 691 886 peccati
720 806 981 866 remissio
1008 803 1375 882 promittitur,
1417 802 1512 860 vel
1559 811 1823 879 negatur,
1869 823 1942 860 an
1972 803 2047 862 sit
2077 803 2261 880 culpae
2309 810 2551 877 tantum,
2584 823 2658 859 an
2706 803 2895 862 etiam

468 909 673 967 poenae‚
707 896 765 946 et
794 907 867 945 an
896 887 1097 958 omnis,
1129 903 1202 940 an
1232 892 1401 941 certae
1430 880 1751 955 cuiusdam.
1839 884 2063 941 Rursus
2082 882 2370 959 quomodo
2400 881 2687 940 diceretur
2716 883 2891 942 Deus

470 968 752 1046 projicere
781 973 912 1044 post
939 972 1183 1040 tergum,
1214 982 1330 1020 non
1359 963 1659 1039 imputare,
1711 962 1919 1038 delere,
1972 983 2086 1021 non
2115 961 2419 1036 recordari,
2453 961 2503 1019 si
2531 981 2725 1019 eorum
2753 983 2888 1040 poe·

470 1069 605 1106 nam
634 1048 822 1106 adhuc
852 1043 1051 1120 exigit,
1078 1042 1156 1100 id.
1180 1042 1514 1100 recordatur
1535 1051 1593 1101 et
1621 1043 1695 1101 ad
1723 1063 1952 1120 poenam
1981 1043 2226 1120 imputat
2245 1045 2274 1100 P
2316 1045 2372 1100 3.
2415 1043 2625 1099 Modus
2654 1045 2889 1118 loquen-

476 1129 540 1186 di
557 1126 858 1187 communis
884 1143 999 1181 non
1023 1122 1253 1199 patitur,
1284 1132 1350 1181 ut
1377 1142 1412 1179 a
1440 1142 1555 1199 quo
1582 1122 1778 1199 aliqua
1797 1124 2020 1200 peccati
2040 1143 2212 1200 poena
2239 1130 2446 1180 exacta
2474 1130 2577 1195 est,
2604 1122 2655 1178 ei
2677 1142 2889 1199 pecca·

474 1216 597 1266 tum
610 1204 908 1264 remissum
927 1202 1105 1261 fuisse
1118 1202 1370 1277 dicatur;
1397 1203 1479 1260 sic
1491 1202 1641 1261 enim
1656 1203 1871 1280 aliquid
1887 1204 2057 1261 simul
2075 1211 2132 1262 et
2155 1202 2333 1261 semel
2351 1201 2636 1259 diceretur
2644 1202 2775 1278 quis
2787 1213 2901 1271 ἀφ..

480 1295 565 1341 im
596 1294 655 1344 et
683 1295 877 1357 agana,
921 1283 1211 1357 dimittere,
1243 1291 1302 1341 et
1328 1283 1583 1358 retinere,
1615 1283 1771 1359 quod
1798 1283 2072 1360 implicat,
2103 1293 2167 1341 ut
2189 1302 2357 1340 nemo
2386 1281 2600 1340 dixerit
2626 1281 2892 1340 debitum

474 1365 648 1423 alicui
674 1364 976 1423 remissum
1007 1383 1132 1421 esse
1161 1383 1195 1420 a
1223 1383 1338 1439 quo
1367 1362 1495 1435 ejus
1523 1362 1735 1421 solutio
1762 1363 1952 1422 adhuc
1995 1363 2267 1440 exigitur.
2337 1365 2394 1420 4.
2424 1364 2661 1419 Natura
2690 1363 2893 1420 remis-

475 1445 659 1520 sionis,
691 1463 820 1520 quae
848 1443 1019 1520 plane
1048 1452 1136 1501 est
1158 1443 1426 1518 gratuita,
1451 1462 1566 1500 non
1593 1451 1786 1519 potest
1813 1443 1922 1500 hoc
1952 1443 2114 1518 ferre,
2140 1442 2276 1520 quia
2293 1441 2450 1519 quod
2472 1441 2661 1500 soluto
2689 1442 2893 1519 aliquo

477 1525 661 1602 pretio
686 1531 1065 1600 comparatur,
1087 1541 1204 1579 non
1220 1530 1411 1600 potest
1438 1521 1552 1579 dici
1575 1523 1908 1599 gratuitum.
1961 1526 2016 1582 5.
2039 1524 2083 1583 J
2086 1522 2356 1582 ustificati
2377 1542 2493 1580 non
2513 1530 2756 1599 possunt
2783 1523 2890 1579 ha·

478 1605 614 1664 bere
642 1623 842 1681 pacem
871 1603 1026 1680 apud
1057 1603 1244 1660 Deum
1264 1600 1441 1676 juxta
1471 1602 1736 1678 Paulum,
1770 1603 1939 1661 Rom.
1971 1623 2028 1660 v.
2065 1606 2114 1678 1,
2148 1603 2196 1661 si
2224 1603 2412 1680 poenis
2439 1602 2664 1679 proprie
2695 1601 2890 1678 dictis,

479 1684 576 1743 vel
604 1684 665 1742 in
693 1683 832 1760 vita,
863 1684 960 1741 vel
986 1690 1117 1759 post
1145 1692 1384 1740 mortem
1431 1682 1619 1741 adhuc
1664 1682 1918 1741 vexandi
1948 1690 2097 1741 sunt.
2143 1685 2197 1742 6.
2226 1683 2295 1739 In
2339 1681 2608 1740 fidelibus
2635 1691 2766 1757 post
2794 1702 2892 1739 ac-

485 1773 709 1841 ceptam
732 1763 1209 1838 justificationem
1238 1763 1399 1820 nulla
1426 1762 1674 1839 amplius
1718 1771 1806 1821 est
1835 1762 2253 1836 condemnatio,
2287 1762 2456 1820 Rom.
2487 1761 2608 1819 viii.
2645 1765 2696 1819 1.
2727 1761 2895 1839 Ergo

481 1845 645 1905 nulla
672 1851 928 1902 remanet
954 1863 1143 1919 poena,
1174 1843 1386 1920 quippe
1415 1842 1817 1901 condemnatio
1846 1851 1934 1901 est
1953 1862 2139 1919 poenae
2167 1842 2538 1916 adjudicatiO.

565 1925 687 1983 XI.
733 1927 788 1982 7.
834 1923 957 1981 Ista
983 1922 1323 1999 hypothesis
1352 1922 1639 1999 supponit,
1670 1923 1765 1980 vel
1810 1922 2101 1980 Christum
2150 1942 2263 1980 non
2308 1922 2476 1999 plene
2524 1920 2892 1996 satisfecisse,

485 2025 588 2082 pro
616 2003 801 2079 nobis,
826 2003 922 2062 vel
952 2004 1141 2062 Deum
1164 2002 1255 2059 bis
1283 2001 1543 2079 ejusdem
1572 2001 1753 2061 debiti
1799 2002 2143 2061 solutionem
2188 2003 2439 2078 exigere,
2487 2001 2644 2078 quod
2670 2010 2892 2059 utrum-

485 2105 597 2162 que
626 2084 865 2160 impium
895 2091 953 2142 et
980 2082 1399 2160 blasphemum.
1453 2081 1574 2140 Nec
1597 2082 1989 2159 reponendum
2011 2086 2045 2115 “
2061 2082 2447 2142 Subordinata
2466 2101 2583 2138 non
2604 2100 2862 2159 pugnare
2879 2102 2897 2138 τ

485 2165 621 2242 quia
666 2163 1084 2223 satisfactiones
1111 2162 1409 2221 hominum
1437 2161 1691 2239 pendent
1717 2182 1753 2220 a
1784 2162 2185 2222 Satisfactione
2216 2162 2449 2238 Christi,
2470 2162 2543 2219 ab
2566 2180 2746 2238 eaque
2773 2160 2899 2218 vim

486 2243 877 2303 satisfaciendi
905 2243 1155 2318 habent;
1203 2242 1495 2301 Christum
1525 2241 1872 2301 satisfecisse
1920 2242 2249 2301 immediate
2293 2262 2397 2319 pro
2436 2242 2603 2319 culpa
2647 2250 2707 2300 et
2731 2250 2900 2299 reatu

486 2325 688 2384 mortis
718 2332 962 2397 aeternae,
984 2322 1230 2381 mediate
1259 2331 1450 2381 autem
1478 2343 1581 2399 pro
1612 2342 1782 2400 poena
1809 2324 1981 2382 etiam
2011 2322 2328 2400 temporali,
2353 2331 2636 2397 quatenus
2655 2321 2904 2398 gratiam

486 2404 720 2483 praebet,
752 2424 854 2481 per
875 2423 1048 2480 quam
1075 2422 1182 2461 nos
1213 2402 1323 2478 ipsi
1354 2403 1479 2461 Deo
1509 2402 1985 2462 satisfaciamus.'’
2072 2403 2220 2478 Quia
2253 2406 2303 2460 l.
2338 2401 2536 2461 Gratis
2559 2401 2906 2479 supponitur

486 2483 906 2543 satisfactiones
934 2492 1160 2542 nostras
1189 2483 1549 2541 subordinari
1575 2502 1746 2561 posse
1780 2482 2167 2542 Satisfactioni
2198 2482 2427 2557 Christi,
2473 2502 2603 2541 cum
2633 2500 2909 2559 expresse

487 2565 574 2623 illi
604 2571 965 2642 opponantur
990 2585 1004 2637 ;
1046 2583 1179 2622 nam
1208 2563 1257 2621 si
1286 2582 1359 2621 ex
1388 2565 1539 2640 Lege
1550 2563 1796 2639 justitia,
1845 2563 2098 2623 Christus
2124 2567 2359 2637 flustra
2380 2573 2646 2638 mortuus,
2679 2562 2810 2622 Gal.
2843 2562 2906 2620 ii.

489 2648 586 2704 21.
672 2649 728 2702 2.
762 2645 885 2701 Ista
911 2642 1161 2701 mediata
1189 2642 1504 2702 satisfactio
1531 2643 1794 2702 inaudita
1833 2652 1921 2702 est
1964 2644 2024 2701 in
2073 2644 2384 2720 Scriptura,
2432 2664 2562 2720 quae
2610 2661 2908 2719 nunquam

492 2724 633 2782 dicit
677 2722 966 2781 Christum
1018 2722 1381 2796 satisfecisse,
1431 2731 1497 2782 ut
1522 2723 1692 2781 nobis
1736 2724 2057 2800 acquireret
2093 2724 2213 2780 vim
2260 2722 2680 2797 satisfaciendi3
2721 2723 2824 2781 sed
2853 2728 2911 2777 δι’

494 2809 653 2858 tauns
670 2822 785 2878 per
811 2802 1048 2876 seipsum
1076 2810 1441 2878 peccatorum
1466 2801 1853 2878 expiationem
1876 2802 2097 2878 fecisse,
2129 2813 2189 2862 et
2216 2804 2298 2861 sic
2327 2823 2434 2862 nos
2465 2803 2593 2862 Deo
2610 2803 2914 2861 reconcili-

494 2903 639 2958 asse,
673 2892 730 2941 et
753 2902 787 2939 a
817 2881 994 2957 Legis
1021 2880 1423 2940 maledictione
1452 2901 1559 2939 nos
1586 2880 1880 2957 liberasse,
1913 2882 2127 2941 sactum
2149 2903 2253 2960 pro
2275 2884 2443 2941 nobis
2464 2883 2908 2942 execrationem.

496 2963 797 3038 Quomodo
825 2981 963 3020 vero
984 2969 1181 3039 posset
1208 2960 1322 3019 dici
1353 2961 1617 3021 Christus
1664 2971 1902 3039 peccata
1937 2972 2135 3021 nostra
2179 2964 2380 3022 tulisse
2430 2963 2490 3020 in
2538 2982 2773 3040 corpore
2802 2982 2910 3022 suo

497 3064 668 3122 super
695 3043 935 3121 lignum,
967 3042 1027 3100 id
1056 3052 1160 3116 est,
1193 3061 1394 3118 poenas
1423 3062 1638 3117 eorum,
1670 3051 1728 3102 et
1755 3063 1790 3100 a
1810 3043 2212 3102 maledictione
2241 3064 2347 3103 nos
2375 3043 2667 3119 liberasse,
2689 3051 2747 3101 et
2776 3042 2910 3100 Chi·

494 3125 845 3202 rographum
874 3122 1031 3200 quod
1059 3123 1225 3181 nobis
1255 3130 1377 3182 erat
1404 3124 1712 3181 adversum
1741 3122 2025 3182 delevisse
2054 3132 2112 3182 et
2138 3123 2340 3182 tulisse
2370 3123 2441 3182 de
2470 3124 2676 3198 medi0‚
2709 3122 2832 3181 Col.
2852 3123 2914 3182 ii.

500 3208 592 3278 14,
624 3214 682 3263 et
709 3204 880 3263 unica
907 3202 1196 3261 oblatione
1225 3204 1285 3260 in
1313 3212 1653 3281 perpetuum
1696 3223 2123 3263 consummasse
2169 3224 2269 3263 eos
2317 3204 2416 3282 qui
2465 3204 2912 3277 sanctificantur,

499 3285 652 3343 Heb.
683 3305 741 3342 x.
778 3287 868 3358 14,
914 3283 964 3341 si
993 3284 1310 3361 aliquarum
1342 3304 1638 3360 poenarum
1688 3291 1850 3343 reatu
1905 3291 2173 3344 tenentur
2199 3284 2388 3343 adhuc
2409 3284 2625 3358 fideles,
2656 3304 2760 3360 pro
2787 3303 2907 3360 quo

497 3364 639 3441 ipsis
668 3364 856 3421 adhuc
886 3363 1350 3422 satisfaciendum
1381 3363 1505 3423 sit?
1587 3364 1852 3440 Denique
1880 3365 2086 3423 modus
2114 3365 2387 3442 loquendi
2428 3384 2545 3422 non
2586 3363 2816 3442 patitur,
2849 3373 2917 3424 ut

498 3463 604 3521 pro
632 3442 799 3500 nobis
829 3442 1175 3501 satisfecisse
1205 3443 1445 3518 dicatur,
1478 3442 1588 3500 nisi
1617 3443 1717 3518 qui
1745 3464 1855 3502 aere
1886 3465 1991 3503 suo
2021 3445 2278 3504 debitum
2307 3454 2563 3503 nostrum
2608 3444 2913 3521 expunxit.

580 3521 735 3578 XII.
782 3521 912 3577 Non
942 3521 1131 3579 minus
1173 3522 1421 3579 absurde
1465 3523 1750 3597 regeritur
1803 3526 1837 3556 ‘⁴
1861 3524 2293 3583 Satisfactiones
2314 3534 2542 3584 nostras
2585 3525 2816 3601 requiri,
2849 3534 2915 3584 ut

505 3599 833 3659 Satisfactio
864 3598 1097 3671 Christi,
1130 3609 1188 3657 et
1217 3600 1505 3658 Remissio
1533 3620 1636 3675 per
1664 3622 1790 3661 eam
1819 3604 2102 3677 acquisita
2121 3606 2289 3663 nobis
2308 3605 2683 3682 applicetur.”
2770 3605 2919 3678 Quia

499 3681 638 3740 licet
666 3678 1008 3757 applicanda
1037 3678 1113 3737 sit
1141 3679 1385 3757 singulis
1414 3679 1683 3740 fidelibus
1714 3683 1927 3741 Christi
1961 3684 2288 3743 Satissactio
2317 3694 2380 3743 ut
2409 3685 2549 3762 ipsis
2577 3684 2774 3761 prosit,
2805 3686 2918 3744 hoc

501 3783 604 3839 per
633 3761 892 3820 Verbum
922 3768 980 3818 et
1013 3759 1381 3819 Sacramenta
1410 3768 1664 3836 externe,
1695 3782 1798 3839 per
1831 3762 2105 3840 Spiritum
2136 3773 2195 3823 et
2221 3765 2394 3823 fidem
2417 3766 2637 3824 interne
2665 3764 2790 3823 fieri
2818 3765 2918 3824 de-

502 3843 618 3918 bet,
650 3862 766 3901 non
794 3860 933 3900 vero
961 3848 1151 3918 potest
1171 3861 1273 3918 per
1302 3840 1725 3901 satisfactiones
1764 3842 1906 3918 fieri,
1955 3865 2083 3922 quae
2132 3846 2258 3904 Deo
2304 3846 2514 3904 debent
2558 3844 2766 3921 offerri,
2798 3865 2917 3904 non

503 3924 833 3982 hominibus
856 3945 870 3998 3
918 3922 1040 3980 Nec
1069 3941 1321 3999 unquam
1349 3921 1524 3980 fando
1552 3922 1830 4000 auditum,
1863 3926 2257 3985 remissionem
2280 3925 2460 3985 debiti
2477 3925 2750 4003 applicari
2794 3925 2922 3999 ejus

505 4005 823 4079 exactione,
855 4011 913 4062 et
943 4002 1205 4079 debitori,
1236 4012 1301 4062 ut
1329 4002 1379 4061 is
1408 4003 1693 4062 solutione
1723 4024 1826 4081 pro
1856 4005 1981 4082 ipso
2011 4016 2069 4065 et
2101 4007 2387 4083 Sponsore
2407 4005 2664 4082 praestita
2680 4005 2917 4080 fruatur,

504 4084 615 4143 hoc
644 4083 991 4156 incumbere,
1024 4089 1089 4141 ut
1116 4103 1288 4160 quam
1317 4104 1420 4161 pro
1450 4104 1517 4142 eo
1572 4084 1828 4160 Sponsor
1872 4087 2197 4145 numeravit
2243 4086 2563 4164 pecuniam,
2611 4086 2662 4143 is
2691 4105 2920 4162 quoque

505 4164 745 4222 eandem
774 4171 975 4239 postea
1004 4162 1287 4222 Creditori
1314 4185 1391 4222 ex
1414 4184 1524 4223 sere
1544 4183 1649 4222 suo
1667 4174 1943 4238 numeret,
1964 4167 2060 4225 vel
2082 4176 2238 4225 certe
2261 4167 2509 4243 aliquam
2532 4167 2658 4244 ejus
2679 4174 2919 4242 partem.

508 4245 733 4303 Rursus
763 4244 827 4318 si,
860 4252 924 4302 ut
952 4242 1120 4301 nobis
1150 4244 1362 4302 Christi
1392 4264 1495 4320 pro
1523 4245 1712 4320 poenis
1740 4246 2153 4321 temporalibus
2205 4246 2534 4306 Satisfactio
2583 4246 2918 4323 applicetur,

504 4323 872 4400 requiruntur
900 4322 1318 4382 satisfactiones
1348 4334 1576 4398 nostrae,
1609 4345 1712 4383 cur
1739 4345 1853 4382 non
1883 4321 2095 4402 pariter
2140 4326 2478 4386 necessariae
2521 4334 2703 4398 erunt,
2734 4333 2801 4383 ut
2828 4345 2928 4402 ap-

504 4404 750 4480 plicetur
778 4402 977 4461 eadem
1008 4422 1111 4479 pro
1141 4403 1310 4481 culpa
1337 4413 1396 4463 et
1424 4423 1594 4480 poena
1624 4408 1882 4464 aeterna?
1964 4405 2079 4464 Vel
2108 4407 2158 4464 si
2185 4427 2300 4466 non
2329 4406 2541 4482 requiri
2572 4406 2825 4464 fatentur
2851 4405 2928 4463 ad

505 4484 673 4542 istam
704 4483 1179 4560 applicationem;
1225 4503 1327 4543 cur
1354 4484 1717 4561 requirentur
1760 4485 1835 4543 ad
1883 4485 2072 4561 aliam,
2124 4506 2255 4545 cum
2303 4486 2465 4545 nulla
2512 4485 2700 4544 afferri
2744 4485 2929 4562 possit

507 4562 854 4621 discriminis
882 4564 1028 4623 ratio
1045 4567 1073 4622 P
1156 4564 1420 4641 Denique
1451 4563 1499 4622 si
1526 4564 1856 4625 Satisfactio
1879 4565 2092 4625 Christi
2114 4565 2501 4625 satisfactione
2530 4574 2728 4626 nostra
2747 4565 2932 4642 appli-
