3221 5200
282 379 509 431 QoAEs‘r.
544 359 696 442 xum]
985 379 1060 417 88
1088 378 1320 418 omero
1343 376 1577 417 cunrsrr
1610 376 1994 416 usuum-omo.
2582 362 2699 419 419

286 520 386 597 qui
408 520 658 579 reflexus
676 528 780 593 est,
807 518 906 596 qui
926 519 1249 578 necessario
1271 518 1417 577 duos
1437 517 1656 596 priores
1679 517 1966 593 supponit,
1997 524 2062 575 ut
2075 536 2191 575 non
2211 516 2380 575 detur
2399 517 2563 576 locus
2579 516 2695 591 isti,

287 600 398 657 nisi
447 600 651 675 positis
699 599 832 657 illis.
921 598 1092 657 Unde
1140 597 1434 675 colligitur
1480 596 1541 653 in
1569 604 1910 672 argumento
1951 595 2226 672 praedicto
2274 605 2522 673 quatuor
2569 614 2697 655 esse

286 679 576 751 terminos,
628 679 904 755 majorem
947 678 1107 754 loqui
1135 677 1207 736 de
1262 677 1396 735 fidei
1451 684 1583 735 actu
1626 675 1860 750 direct0,
1891 676 1991 751 qui
2032 674 2360 753 praecipitur
2406 676 2467 735 in
2496 676 2695 735 Verbo

284 758 477 834 quoad
504 778 803 817 assensum
851 756 1071 816 scilicet
1118 766 1176 816 et
1225 756 1528 833 refugium,
1569 756 1848 813 minorem
1879 774 2015 813 vero
2045 754 2118 814 de
2159 755 2287 831 ejus
2316 762 2447 815 actu
2475 756 2694 814 reflexo

283 837 478 929 quoad
506 857 736 896 sensum
775 845 833 896 et
860 838 1134 901 πεποίθησιν
1160 837 1313 896 fidei.
1398 836 1545 893 Nam
1578 834 1843 893 Christus
1885 854 2002 892 non
2033 835 2325 893 revelatur
2351 844 2409 894 et
2454 836 2690 912 promit-

284 924 426 975 titur
452 918 513 974 in
545 916 884 993 EvangeliO,
915 926 980 975 ut
1008 937 1109 994 pro
1131 936 1223 975 me
1251 917 1310 973 in
1339 915 1671 991 particulari
1699 922 1974 989 mortuuS,
2007 914 2110 973 sed
2137 921 2361 973 tantum
2390 915 2450 972 in
2479 935 2690 993 genere

285 1016 389 1073 pro
440 997 820 1055 Credentibus
875 1004 934 1054 et
984 995 1513 1072 Resipiscentibus:
1604 993 1759 1053 unde
1814 1014 1916 1070 per
1970 994 2439 1070 consequentiam
2500 996 2690 1071 posito

286 1084 420 1134 actu
446 1076 700 1135 fiduciali
744 1076 805 1133 in
855 1075 1162 1149 Christum,
1214 1094 1448 1152 possum
1490 1082 1549 1133 et
1591 1073 1774 1132 debeo
1809 1073 2082 1151 colligere
2124 1093 2255 1132 eum
2297 1094 2401 1150 pro
2442 1094 2534 1133 me
2564 1094 2690 1134 esse

282 1163 589 1228 mortuum,
621 1175 801 1231 quum
826 1175 930 1231 per
957 1163 1146 1213 actum
1176 1154 1455 1213 reflexum
1484 1172 1772 1230 cognosco
1801 1161 1860 1212 et
1908 1154 2095 1211 sentio
2136 1173 2210 1211 ex
2240 1162 2374 1213 actu
2414 1153 2687 1229 fiduciali,

284 1254 377 1293 me
424 1254 556 1293 vere
587 1243 644 1294 et
673 1236 891 1293 sincere
940 1234 1015 1292 ad
1055 1235 1244 1311 ipsum
1272 1236 1600 1310 confugere.
1688 1233 1893 1291 Fidem
1933 1240 2143 1308 autem,
2175 1252 2305 1309 quae
2349 1233 2517 1291 nobis
2544 1253 2690 1311 prae-

282 1314 493 1391 cipitur
533 1314 594 1371 in
636 1314 977 1391 Evangelio,
1008 1333 1124 1372 non
1168 1314 1359 1372 statim
1409 1313 1543 1371 ferri
1584 1313 1794 1372 debere
1838 1313 1898 1369 in
1928 1312 2238 1389 Christum,
2284 1321 2351 1372 ut
2376 1333 2482 1391 pro
2523 1314 2692 1372 nobis

283 1403 571 1452 mortuum
601 1393 662 1451 in
689 1393 1037 1470 particulari,
1069 1394 1165 1453 vel
1193 1413 1268 1452 ex
1306 1414 1375 1451 eo
1417 1393 1557 1452 satis
1586 1401 1782 1470 aperte
1814 1392 2122 1469 colligitur,
2155 1392 2312 1469 quod
2342 1393 2444 1451 ubi
2472 1413 2542 1451 ea
2568 1393 2692 1451 exi-

286 1473 459 1550 gitur,
491 1474 588 1531 vel
636 1493 672 1530 a
721 1474 950 1532 Christo
979 1474 1073 1531 vel
1119 1473 1192 1531 ab
1243 1472 1561 1550 Apostolis,
1593 1473 1756 1531 nulla
1799 1472 1900 1530 fiat
1928 1473 2143 1531 mentio
2173 1472 2483 1549 singularis
2525 1472 2693 1532 istius

284 1552 686 1629 applicationis
727 1552 801 1610 ad
843 1553 998 1611 hunc
1034 1553 1132 1611 vel
1172 1552 1353 1627 illum,
1399 1552 1502 1610 sed
1532 1560 1756 1611 tantum
1798 1552 2083 1628 generalis
2124 1552 2436 1627 relationis,
2483 1552 2578 1610 vel
2620 1552 2696 1610 ad

282 1631 485 1706 officia,
515 1633 611 1690 vel
634 1632 709 1690 ad
734 1632 1016 1690 beneficia
1043 1631 1423 1691 Credentibus
1451 1632 1750 1708 promissa,
1794 1641 1875 1707 ut,
1910 1632 2120 1690 Matth.
2151 1632 2273 1689 xvi.
2307 1634 2398 1705 16,
2486 1632 2694 1691 Petrus

283 1711 345 1769 in
372 1711 585 1769 eximia
612 1711 747 1769 fidei
795 1711 1197 1786 declaratione,
1228 1712 1374 1770 nihil
1416 1711 1575 1770 aliud
1617 1711 1931 1788 profitetur,
1964 1730 2137 1787 quam
2167 1730 2227 1769 se
2257 1711 2507 1784 credere,
2539 1712 2697 1787 quod

284 1790 463 1850 Jesus
493 1791 568 1849 sit
597 1790 876 1865 Christus,
930 1792 1117 1849 Filius
1161 1790 1274 1849 Dei
1312 1791 1602 1864 Viventis,
1634 1799 1714 1864 ut,
1759 1790 1899 1849 Joh.
1931 1790 2008 1847 vi.
2041 1792 2134 1863 69,
2191 1790 2612 1848 “Credidimus
2641 1799 2699 1849 et

282 1870 679 1946 eognovimuS,
710 1870 868 1947 quod
894 1871 984 1929 Tu
1013 1890 1077 1929 88
1106 1871 1368 1928 Christus
1414 1870 1599 1927 Filius
1625 1869 1735 1927 Dei
1781 1869 1980 1927 Vivi.''
2054 1868 2148 1927 Ita
2174 1869 2408 1944 Paulus,
2435 1869 2603 1928 Rom.
2635 1891 2694 1928 x.

288 1952 343 2023 9,
375 1950 521 2008 nihil
549 1949 708 2008 aliud
745 1949 932 2026 exigit
974 1970 1011 2007 a
1056 1949 1326 2008 fidelibus
1374 1949 1450 2006 ad
1498 1949 1760 2023 salutem,
1805 1967 1978 2025 quam
2023 1948 2354 2007 “Confiteri
2384 1949 2696 2008 Dominum

287 2031 330 2089 J
333 2049 495 2088 esum
524 2049 639 2103 ore,
672 2038 730 2088 et
758 2028 929 2086 corde
959 2028 1191 2087 credere
1220 2027 1377 2104 quod
1408 2029 1567 2086 Deus
1597 2047 1729 2085 eum
1755 2027 2122 2086 suscitaverit
2150 2047 2185 2086 a
2212 2028 2513 2087 mortuis.''
2602 2028 2698 2087 Sic

284 2128 465 2185 quum
487 2109 767 2185 jubentur
784 2107 984 2166 fideles
1006 2108 1236 2166 credere
1250 2108 1309 2164 in
1334 2108 1558 2165 Nomen
1578 2106 1867 2184 Filii,Dei‚
1892 2107 1935 2165 J
1938 2106 2126 2164 oh.iii.
2161 2109 2252 2182 18,
2289 2111 2318 2164 1
2344 2107 2389 2167 J
2391 2107 2484 2165 oh.
2509 2127 2567 2165 v.
2602 2111 2694 2184 13,

285 2196 556 2248 tenentur
602 2187 835 2263 quidem
878 2187 1108 2245 eredere
1152 2186 1443 2245 Christum
1487 2205 1615 2244 esse
1644 2205 1845 2243 verum
1889 2186 2183 2260 Messiam,
2209 2196 2266 2244 et
2306 2186 2383 2244 ad
2403 2206 2534 2245 eum
2564 2207 2698 2246 con·

287 2266 488 2343 fugere
516 2275 792 2342 tanquam
817 2267 1052 2325 unicum
1082 2264 1287 2325 salutis
1315 2266 1615 2324 authorem
1647 2264 1735 2340 iis,
1769 2265 1867 2341 qui
1890 2284 1993 2341 per
2021 2265 2193 2323 fidem
2223 2275 2281 2324 et
2300 2266 2699 2343 poenitentiam

286 2346 364 2403 ad
391 2365 523 2404 eum
569 2365 631 2404 88
672 2345 1012 2422 receperint,
1061 2345 1164 2404 sed
1199 2364 1316 2403 non
1360 2345 1553 2403 statim
1595 2364 1701 2421 pro
1743 2364 1804 2403 se
1853 2364 1980 2403 esse
2009 2352 2299 2403 mortuum
2340 2346 2452 2403 nisi
2493 2346 2701 2423 positis

291 2424 750 2502 praecedentibus
777 2425 1019 2483 actibus,
2071 2446 2078 2449 ’

373 2503 646 2563 XLVII.
684 2504 849 2563 Hinc
876 2513 1035 2581 patet
1062 2504 1244 2562 multa
1278 2503 1582 2580 complecti
1632 2503 1969 2562 mandatum
1999 2504 2270 2563 credendi
2299 2505 2359 2561 in
2389 2505 2697 2581 Christum,

286 2592 597 2662 antequam
642 2584 1017 2644 deveniamus
1061 2584 1136 2643 ad
1179 2584 1444 2644 ultimum
1496 2591 1688 2643 aetum
1737 2584 2182 2643 consolatorium
2238 2584 2310 2644 de
2342 2585 2571 2647 Christo
2597 2607 2706 2662 pro

288 2665 457 2723 nobis
484 2673 728 2724 mortuo·
815 2665 1026 2738 Primo,
1076 2666 1351 2743 jubemur
1378 2664 1985 2741 crederequaecunque
2018 2664 2312 2741 Scriptura
2339 2666 2507 2724 nobis
2529 2665 2705 2725 tradit

289 2744 375 2803 de-
392 2744 623 2803 miseria
650 2753 711 2803 et
737 2744 1077 2822 impotentia
1103 2755 1301 2804 nostra
1330 2746 1406 2802 ad
1435 2745 1699 2803 salutem.
1787 2743 1958 2803 Unde
1987 2744 2169 2803 oritur
2197 2744 2519 2823 desperatio
2549 2746 2702 2805 salu·

287 2824 430 2883 taris
460 2824 531 2883 de
559 2824 728 2883 nobis
754 2824 921 2901 ipsiS,
949 2834 1008 2884 et
1035 2825 1256 2900 agnitio
1284 2824 1646 2884 necessitatis
1694 2823 1951 2882 remedii.
2000 2823 2283 2899 Secundo,
2314 2827 2416 2902 qui
2442 2825 2524 2885 ita
2551 2826 2612 2883 in
2641 2845 2703 2884 se

289 2903 613 2979 desperant,
640 2903 919 2980 jubentur
947 2904 1177 2962 credere
1209 2905 1499 2964 Christum
1531 2903 1746 2962 Filium
1779 2903 1889 2961 Dei
1918 2922 2044 2962 esse
2074 2904 2304 2962 unicum
2339 2907 2704 2964 Servatorem

292 2981 838 3040 sufficientissimum
880 3003 915 3040 a
946 2984 1071 3041 Deo
1098 2984 1429 3042 hominibus
1471 2982 1688 3055 datum,
1734 2982 1795 3038 in
1835 3001 1950 3058 quo
2006 2982 2314 3060 perfectam
2361 2984 2604 3042 salutem
2647 2993 2706 3042 et

290 3060 684 3118 remissionem
713 3069 1077 3137 peccatorum
1105 3070 1347 3137 possunt
1376 3061 1666 3136 consequi,
1712 3061 1812 3136 qui
1840 3061 1915 3117 ad
1958 3060 2147 3139 ipsum
2193 3062 2413 3120 sincere
2442 3063 2704 3137 confugi-

288 3147 411 3214 unt,
441 3146 503 3197 et
531 3139 678 3197 seria
704 3148 1066 3216 peccatorum
1097 3138 1329 3197 suorum
1360 3139 1648 3198 ducuntur
1683 3138 2038 3214 poenitentia.
2122 3140 2334 3213 Terti0,
2366 3141 2448 3198 ita
2474 3141 2706 3200 contriti

288 3226 350 3277 et
376 3218 721 3294 poenitentes
747 3218 809 3276 in
839 3237 900 3276 se
929 3218 1350 3294 desperabundi
1371 3219 1653 3295 jubentur
1680 3217 1755 3275 ad
1784 3219 2091 3293 Christum,
2140 3238 2246 3277 ceu
2273 3239 2471 3296 rupem
2503 3220 2705 3278 salutis

290 3297 602 3374 confugere
631 3306 689 3356 et
716 3297 931 3373 venire,
964 3297 1120 3355 inius
1168 3297 1434 3356 meritum
1489 3306 1763 3373 tanquam
1812 3297 2289 3375 perfectissimum
2327 3299 2611 3375 amplecti,
2643 3299 2706 3357 in

292 3376 356 3435 id
382 3377 714 3436 recumbere
763 3386 821 3436 et
851 3377 1105 3436 suaviter
1125 3377 1499 3455 requiescere,
1524 3377 1919 3437 remissionem
1948 3386 2310 3454 peccatorum
2340 3386 2398 3436 et
2418 3379 2702 3455 justitiam

289 3477 360 3516 ac
390 3457 634 3516 salutem
663 3457 736 3516 ab
765 3477 833 3516 80
862 3457 1030 3514 unice
1058 3457 1437 3534 expectando,
1523 3457 1740 3531 Quarto
1787 3457 2053 3534 denique,
2085 3457 2185 3534 qui
2215 3477 2276 3515 88
2305 3458 2587 3516 senserint
2616 3479 2704 3517 re-

290 3537 581 3614 sipiscere,
628 3545 686 3596 et
726 3537 785 3595 in
831 3537 1120 3596 Christum
1166 3556 1298 3595 vere
1328 3546 1386 3596 et
1428 3538 1595 3596 unice
1638 3538 1987 3613 recumbere,
2031 3546 2154 3600 tum
2205 3537 2436 3596 demum
2473 3537 2704 3597 credere

295 3625 581 3693 tenentur,
615 3618 906 3676 Christum
933 3637 1037 3695 pro
1067 3637 1128 3675 88
1157 3636 1283 3676 8888
1311 3627 1619 3690 mortuum,
1645 3617 1867 3695 sibique
1896 3626 2128 3695 propter
2148 3617 2276 3696 ejus
2304 3625 2547 3676 mortem
2572 3639 2704 3695 pec-

293 3704 423 3754 cata
450 3716 576 3754 esse
604 3698 860 3756 remissa.
944 3697 1039 3756 Ex
1069 3697 1279 3773 quibus
1308 3705 1549 3771 constat,
1597 3697 1772 3755 fidem
1812 3698 1871 3755 in
1903 3698 2193 3757 Christum
2239 3699 2425 3774 primo
2453 3717 2705 3776 praesup-

294 3793 507 3851 ponere
537 3776 889 3850 agnitionem
933 3777 1178 3835 miseriae
1229 3784 1288 3834 et
1325 3777 1674 3835 desiderium
1701 3777 2077 3852 liberationiS,
2107 3777 2556 3853 mandatumque
2587 3798 2706 3836 cre·

297 3852 474 3910 dendi
501 3873 615 3911 non
645 3873 843 3912 omnes
890 3855 1213 3931 promiscue
1259 3863 1534 3933 spectare,
1583 3855 1688 3913 sed
1730 3875 1929 3914 omnes
1970 3856 2258 3914 miseriam
2310 3865 2706 3931 agnoscentes,

296 3931 766 4007 liberationisque
809 3953 883 3990 ex
925 3952 994 3990 ea
1034 3933 1291 4009 cupidos,
1336 3935 1596 3992 sitientes
1625 3943 1686 3993 et
1724 3934 2033 4009 famelicos,
2077 3935 2179 4010 qui
2207 3934 2422 3991 onerati
2469 3943 2603 3992 sunt
2652 3944 2710 3993 et

292 4011 543 4089 fatigati,
588 4011 751 4069 fracti
784 4020 853 4074 ‚et
893 4012 1126 4069 contriti
1154 4012 1342 4085 corde,
1377 4013 1587 4071 Matth.
1632 4013 1714 4071 xi.
1758 4015 1853 4086 28,
1907 4013 2021 4071 Isa.
2052 4014 2152 4071 lxi.
2212 4015 2262 4087 1,
2309 4013 2561 4071 secundo
2599 4014 2709 4074 hoc

294 4091 630 4150 mandatum
659 4091 841 4168 primo
870 4099 929 4148 et
955 4090 1284 4149 immediate
1311 4111 1427 4149 non
1456 4091 1692 4166 exigere
1721 4110 1756 4148 a
1781 4090 1949 4152 nobis
1997 4092 2186 4166 fidem,
2219 4094 2335 4169 qua
2370 4092 2500 4168 quis
2528 4092 2712 4153 credit
2801 4158 2805 4163 ,

295 4172 588 4231 Christum
616 4191 719 4248 pro
763 4190 823 4228 se
862 4178 1151 4237 mortuum
1178 4189 1322 4243 esse,
1368 4171 1470 4228 sed
1497 4169 1689 4245 fidem,
1734 4190 1850 4247 qua
1876 4171 1950 4228 ad
1993 4171 2283 4230 Christum
2327 4171 2708 4247 confugimus,

297 4272 428 4311 eum
457 4251 871 4330 amplectimur,
904 4259 962 4309 et
989 4249 1048 4307 in
1078 4270 1207 4307 eum
1253 4249 1657 4323 recumbimuS‚
1709 4270 1839 4326 quae
1867 4251 2012 4308 nihil
2067 4252 2224 4309 aliud
2253 4259 2357 4326 est,
2390 4271 2561 4328 quam
2591 4272 2711 4310 mo·

298 4339 392 4389 tus
421 4332 537 4406 ille,
569 4352 683 4409 quo
710 4339 978 4408 peccator
1007 4329 1349 4407 resipiscens
1393 4329 1640 4388 miseriae
1680 4350 1797 4388 suae
1827 4332 2321 4426 sensuffljcctuS,
2354 4340 2412 4389 et
2441 4332 2711 4408 Drange-

299 4412 412 4468 lica
440 4412 780 4471 invitatione
810 4412 1111 4485 excitatus,
1145 4411 1299 4468 omni
1328 4410 1442 4468 alio
1472 4410 1742 4486 remedio,
1775 4419 1833 4469 ct
1855 4411 2070 4469 fidum:
2085 4413 2389 4488 abnegata,
2414 4411 2488 4470 ad
2519 4409 2736 4472 Cbris-.

299 4499 422 4549 tum
466 4512 570 4550 ceu
613 4512 812 4569 rupem
855 4493 1057 4550 salutis
1098 4492 1376 4569 confugit,
1423 4500 1480 4550 et
1523 4491 1767 4568 gratiam
1825 4492 1883 4549 in
1925 4492 2252 4567 'Effingelio
2295 4493 2546 4551 oblatam
2593 4502 2715 4552 toto
2761 4553 2766 4558 ,

302 4571 473 4628 corde
502 4580 740 4648 exoptat
768 4583 825 4631 et
853 4573 1075 4650 quaerit.
1166 4573 1296 4648 Seu,
1328 4582 1394 4632 ut
1421 4572 1657 4631 brevius
1700 4572 2234 4650 dicamsssrqfnffl'mn
2269 4574 2585 4649 peccatoris
2625 4569 2713 4634 rc·

297 4651 605 4728 se’piscenlis
626 4655 709 4711 ad
743 4655 946 4732 Deum,
981 4664 1250 4731 tanquam
1273 4656 1492 4729 smztem
1551 4655 1727 4712 omnis
1770 4655 1991 4732 φτιίίω,
2023 4665 2076 4714 et
2126 4655 2406 4715 Christum
2447 4665 2716 4732 tanquam
2751 4718 2761 4727 ,
