3221 5200
205 372 447 419 Quffls'r.
473 352 651 433 xvia]
1138 373 1215 413 na
1243 373 1579 414 vocaveris
1609 373 1684 412 m*
1714 371 1869 412 rios.
2522 355 2638 411 553

205 513 338 572 tale
385 533 484 571 cor
532 514 653 590 ipse
679 513 940 591 largitur,
985 523 1043 572 et
1083 514 1232 572 indit
1281 513 1661 573 Credentibus
1716 533 1818 591 per
1866 509 2106 587 gratiam
2165 510 2638 585 regenerationis,

217 593 406 651 Ezec.
440 595 644 652 xxxvi.
677 597 773 652 26.
880 594 1034 653 Loca
1061 613 1190 670 quae
1236 593 1550 654 afferuntur
1591 615 1667 652 ex
1705 594 1830 652 Jer.
1862 591 2003 648 xvii.
2035 591 2090 663 9,
2136 595 2194 646 et
2245 590 2417 647 Prov.
2449 611 2550 649 xx.
2583 596 2638 664 9,

212 692 359 748 quae
389 682 672 732 testantur
700 693 798 732 cor
823 674 1073 731 hominis
1101 693 1226 732 esse
1255 694 1496 752 pravum
1526 682 1585 733 et
1612 669 1999 744 inscrutabile,
2033 676 2092 726 et
2131 669 2419 726 neminem
2448 670 2639 728 dicere

217 771 403 827 posse
446 774 545 812 cor
592 773 760 811 suum
805 773 932 812 esse
960 754 1256 828 mundum,
1305 754 1619 812 ostendunt
1666 761 1890 811 tantum
1939 748 2109 825 quale
2148 748 2223 806 sit
2250 768 2350 806 cor
2390 748 2641 807 hominis

217 840 456 908 natura,
507 853 622 890 non
651 833 820 909 quale
849 833 950 891 fiat
988 854 1023 891 a
1066 835 1270 911 gratia.
1355 834 1486 893 Non
1531 853 1671 910 ergo
1719 829 2059 892 temeritatis
2094 834 2152 887 et
2179 829 2641 905 praesumptionis

224 911 567 969 damnanda
595 922 685 971 est
712 913 1007 972 certitudo
1023 913 1229 989 fidelis,
1255 934 1384 972 cum
1414 933 1531 973 non
1559 914 1777 972 nitatur
1814 908 2037 989 judicio
2082 907 2271 965 cordis
2309 909 2557 967 naturali
2585 918 2644 969 et

220 991 479 1066 fallibili,
513 992 614 1050 sed
634 992 857 1068 judicio
886 992 1077 1051 cordis
1106 993 1366 1070 regeniti,
1398 993 1729 1053 testimonio
1756 992 2005 1070 Spiritus
2039 987 2235 1044 Sancti
2256 987 2509 1063 nitentis,
2541 990 2641 1065 qui

216 1072 534 1130 veritatem
573 1080 631 1130 et
673 1072 1059 1131 sinceritatem
1102 1073 1238 1131 fidei
1285 1093 1359 1131 ex
1409 1074 1535 1150 ejus
1555 1072 1845 1151 adjunctis
1873 1079 1932 1130 et
1979 1065 2214 1141 effectis,
2239 1067 2413 1142 juxta
2441 1078 2643 1145 semiv-

220 1149 288 1206 in
322 1151 520 1208 Verbo
542 1153 852 1228 proposita,
883 1152 1125 1229 probat;
1169 1152 1318 1210 Tum
1347 1153 1568 1212 ratione
1594 1154 1833 1227 subjecti,
1864 1171 2043 1227 quum
2071 1174 2170 1212 cor
2198 1144 2644 1228 deprehenditur

226 1230 452 1287 bonum
474 1240 533 1288 et
574 1232 897 1305 honestum,
937 1232 1078 1290 Luc.
1111 1232 1232 1291 viii.
1269 1235 1359 1306 15,
1404 1252 1523 1291 non
1564 1232 1790 1305 durum,
1822 1231 1926 1290 sed
1953 1231 2199 1292 fractum
2226 1242 2286 1290 et
2314 1227 2641 1296 contritum,

228 1307 352 1367 Isa.
385 1310 488 1368 lxi.
525 1314 573 1386 1,
606 1321 665 1369 et
684 1311 829 1370 lxvi.
861 1316 915 1386 2,
944 1311 1096 1369 Psal.
1125 1312 1187 1370 ii.
1222 1316 1313 1385 17,
1345 1331 1461 1370 non
1488 1312 1925 1389 hypocriticum,
1957 1313 2115 1390 quod
2141 1320 2318 1389 tegat,
2350 1309 2643 1375 extenuet,

226 1409 299 1446 ac
330 1389 656 1449 dissimulet
697 1400 948 1467 peccata,
981 1390 1084 1449 sed
1112 1392 1413 1465 sincerum,
1445 1391 1602 1468 quod
1630 1412 1699 1450 ea
1736 1391 2076 1452 confiteatur
2102 1401 2161 1452 et
2188 1391 2523 1468 suppliciter
2548 1383 2646 1440 de·

227 1479 519 1545 precetur,
574 1471 727 1529 Psal.
779 1470 967 1529 xxxii.
998 1472 1034 1529 5
1059 1492 1074 1545 ;
1118 1472 1267 1529 Tum
1316 1471 1535 1529 ratione
1577 1473 1772 1548 objecti
1820 1481 1879 1530 et
1932 1474 2100 1548 modi,
2151 1492 2328 1549 quum
2358 1470 2501 1527 fides
2530 1482 2650 1524 am-

228 1548 508 1625 plectitur
563 1550 968 1626 Evangelium,
1026 1570 1142 1609 non
1189 1559 1424 1628 propter
1490 1552 1808 1611 novitatem
1853 1552 2145 1628 doctrinae,
2204 1559 2304 1610 aut
2357 1547 2650 1608 licentiam

231 1629 533 1705 peccandi,
565 1650 639 1688 ex
668 1630 932 1688 libertate
963 1630 1288 1690 Christiana
1316 1641 1374 1690 et
1403 1632 1655 1707 gratuita
1704 1631 2133 1709 justificatione,
2189 1632 2356 1690 Rom.
2387 1629 2466 1686 vi.
2497 1632 2552 1701 2,
2615 1625 2646 1679 1

237 1709 368 1767 Pet.
399 1710 458 1767 ii.
495 1712 585 1783 15,
617 1713 706 1783 16,
759 1719 859 1768 aut
888 1717 1120 1786 propter
1147 1711 1283 1769 vitae
1314 1712 1631 1785 commoda,
1665 1712 1767 1770 sed
1795 1713 1962 1769 unice
1985 1719 2219 1788 propter
2243 1711 2432 1767 Deum
2462 1706 2650 1764 omnis

235 1788 379 1845 boni
401 1788 635 1863 fontem,
660 1798 718 1847 et
745 1800 977 1866 propter
1007 1789 1315 1865 Christum,
1348 1790 1408 1847 in
1435 1811 1551 1866 quo
1596 1791 1782 1848 omnis
1810 1790 2110 1866 plenitudo
2160 1785 2360 1866 gratiae
2387 1786 2648 1858 habitat3

236 1868 390 1925 Tum
421 1869 643 1926 ratione
671 1878 913 1942 actuum,
945 1868 1147 1944 quales
1194 1878 1331 1927 sunt
1368 1869 1638 1928 contritio
1666 1869 1875 1943 cordis,
1917 1878 1976 1928 et
2025 1869 2209 1927 serius
2237 1868 2404 1926 dolor
2430 1863 2653 1943 peccati

236 1956 475 2025 propter
505 1949 711 2021 Deum,
734 1947 950 2005 esuries
978 1956 1037 2004 et
1065 1948 1191 2005 sitis
1233 1967 1336 2006 seu
1364 1947 1713 2005 desiderium
1749 1948 2011 2024 justitiae,
2045 1967 2248 2006 sensus
2291 1947 2492 2023 gratiae
2536 1964 2653 2002 non

237 2028 540 2101 evaniduS,
598 2027 752 2084 bona
779 2025 1146 2099 conscientia,
1173 2026 1428 2084 studium
1450 2025 1697 2084 cavendi
1722 2027 1937 2103 lapsus,
1970 2036 2028 2085 et
2057 2047 2118 2086 se
2150 2028 2277 2085 Deo
2299 2024 2656 2103 approbandi

238 2107 429 2182 magis
457 2106 758 2181 magisque
786 2125 888 2182 per
930 2105 1157 2180 praxim
1203 2106 1539 2179 sanctitatis,
1571 2125 1691 2163 non
1737 2104 1814 2165 ad
1860 2114 2230 2180 momentum,
2263 2106 2366 2164 sed
2411 2105 2559 2163 serio
2597 2111 2657 2162 et

240 2193 590 2244 constanter.
678 2186 750 2241 In
793 2184 1003 2261 quibus
1051 2192 1243 2242 tamen
1293 2205 1408 2242 non
1437 2185 1798 2261 expectanda
1838 2194 1928 2245 est
1974 2186 2249 2262 perfectio
2307 2184 2653 2257 omnimoda,

242 2265 346 2323 sed
369 2263 681 2340 spectanda
709 2263 1026 2336 sinceritas,
1057 2265 1194 2339 quia
1242 2264 1506 2323 Christus
1548 2265 1887 2322 arundinem
1916 2275 2246 2342 quassatam
2273 2285 2391 2324 non
2419 2264 2652 2341 frangit,

242 2365 350 2403 nec
379 2345 561 2402 linum
590 2343 881 2421 fumigans
929 2342 1238 2420 extinguit,
1291 2352 1349 2402 et
1377 2364 1493 2402 non
1521 2352 1641 2403 tam
1668 2344 1802 2402 fidei
1833 2345 2231 2422 quantitatem,
2264 2364 2432 2421 quam
2465 2344 2654 2421 quali-

246 2433 424 2483 tatem
454 2423 718 2482 attendit.

245 2524 269 2554 w
328 2503 587 2562 XXXI.
633 2503 803 2578 Quod
831 2510 1092 2562 tenemur
1120 2504 1350 2563 credere
1379 2505 1491 2564 fide
1514 2504 1729 2580 divina,
1762 2506 1934 2565 debet
1962 2506 2116 2565 credi
2148 2524 2372 2582 semper
2398 2514 2463 2563 ut
2490 2504 2656 2563 indu-

247 2584 513 2655 bitatum,
541 2604 721 2661 quum
750 2584 943 2661 agitur
970 2584 1042 2644 de
1071 2585 1413 2645 veritatibus
1450 2585 1782 2645 immediate
1825 2586 2111 2661 revelatis,
2144 2594 2202 2646 et
2236 2607 2271 2644 a
2297 2585 2466 2644 nobis
2493 2584 2658 2643 inde-

248 2664 649 2742 pendentibuS,
677 2666 879 2742 quale's
908 2674 1043 2724 sunt
1073 2664 1325 2724 Articuli
1351 2666 1505 2741 fidei,
1537 2666 1612 2724 de
1633 2687 1877 2743 quorum
1904 2667 2149 2726 veritate
2194 2686 2310 2725 non
2353 2684 2661 2742 possumus

255 2745 517 2804 dubitare
549 2745 657 2804 sub
685 2765 1029 2822 quocunque
1058 2755 1361 2822 praetextu.
1452 2746 1567 2804 Sed
1595 2766 1714 2805 non
1741 2746 1941 2805 eadem
1972 2755 2060 2805 est
2088 2746 2234 2805 ratio
2277 2745 2657 2819 certitudinis,

250 2846 423 2901 quam
450 2825 640 2883 fidelis
669 2826 845 2883 habet
873 2826 944 2884 de
974 2826 1308 2885 remissione
1359 2836 1724 2903 peccatorum
1754 2847 2003 2901 suorum,
2029 2846 2158 2903 quae
2186 2846 2303 2883 non
2331 2825 2660 2883 immediate

250 2905 538 2962 revelatur
564 2906 625 2962 in
667 2904 885 2979 Verb0,
913 2905 1016 2964 sed
1036 2925 1166 2982 quae
1196 2907 1376 2965 oritur
1403 2927 1476 2965 ex
1520 2907 1879 2983 experientia
1906 2916 1963 2965 et
1993 2926 2166 2965 sensu
2194 2906 2420 2964 interno
2450 2904 2657 2978 cordis,

249 2983 349 3058 qui
370 3004 405 3040 a
431 2984 600 3041 nobis
620 2984 851 3060 pendet,
876 2992 934 3041 et
955 2986 1056 3060 qui
1079 3005 1229 3061 saepe
1252 2994 1443 3062 potest
1466 2986 1678 3044 dubius
1701 3005 1825 3044 esse
1849 2994 1907 3044 et
1927 2986 2196 3058 incertus,
2227 3003 2345 3042 non
2372 2984 2563 3041 minus
2592 3003 2660 3041 ac

249 3061 591 3139 principium
620 3082 735 3137 quo
763 3062 983 3120 nititur.
1069 3063 1241 3122 Unde
1286 3064 1495 3121 falsum
1540 3072 1630 3122 est
1677 3084 1881 3121 verum
1908 3064 2136 3121 fidelem
2167 3063 2375 3138 quovis
2403 3070 2660 3137 tempore

249 3161 415 3218 posse
444 3149 503 3199 et
530 3141 739 3199 debere
768 3149 984 3199 certum
1014 3160 1140 3200 esse
1159 3142 1231 3200 de
1249 3143 1583 3200 remissione
1612 3150 1976 3218 peccatorum
2006 3161 2255 3214 suorum,
2288 3141 2459 3199 etiam
2482 3160 2660 3217 quum

241 3223 395 3299 jacet
423 3221 484 3278 in
510 3228 764 3298 peccate,
796 3228 853 3278 et
882 3220 1069 3278 carnis
1113 3220 1526 3297 cupiditatibus
1573 3220 1855 3297 indulget,
1887 3221 2039 3298 quia,
2072 3220 2156 3279 uti
2185 3219 2456 3294 diximus,
2490 3220 2657 3278 certi-

254 3301 393 3360 tudo
422 3320 539 3358 non
568 3299 739 3358 datur
766 3308 933 3358 extra
959 3319 1127 3357 usum
1156 3300 1493 3359 mediorum.
2474 3348 2485 3355 .

327 3380 622 3439 XXXII.
668 3379 808 3438 Alia
834 3388 924 3438 est
950 3380 1220 3438 certitudo
1247 3382 1516 3455 absoluta,
1538 3400 1668 3457 quse
1690 3399 1807 3440 non
1834 3380 2049 3458 pendet
2076 3380 2149 3438 ab
2167 3380 2287 3439 ulla
2307 3379 2656 3456 conditione,

251 3480 376 3538 quae
405 3460 587 3537 possit
614 3459 774 3518 illam
802 3459 1042 3518 reddere
1071 3460 1365 3535 incertam,
1396 3459 1585 3538 qualis
1615 3468 1706 3519 est
1759 3460 2060 3535 certitud0‚
2112 3460 2268 3537 quod
2288 3461 2449 3519 Deus
2477 3460 2569 3535 sit,
2600 3468 2660 3519 et

252 3541 404 3617 quod
448 3541 639 3599 anima
683 3541 759 3600 sit
805 3540 1161 3615 immortalis,
1210 3550 1269 3600 et
1305 3541 1431 3600 sim.
1518 3540 1657 3599 Alia
1684 3549 1774 3600 est
1800 3542 2071 3601 certitudo
2099 3542 2495 3617 conditionata,
2527 3560 2657 3617 quae

253 3621 322 3679 ab
350 3621 545 3698 aliqua
572 3620 901 3680 conditione
927 3620 1157 3698 pendet,
1190 3621 1379 3698 qualis
1423 3629 1546 3680 erat
1589 3622 1874 3681 certitudo
1910 3622 2047 3680 vitae
2076 3621 2137 3679 in
2168 3621 2418 3680 Ezechia
2446 3620 2657 3698 produ-

251 3701 441 3758 cendae
469 3701 544 3759 ad
571 3701 899 3778 quindecim
927 3721 1125 3775 annos,
1150 3722 1279 3779 quae
1308 3702 1395 3759 illi
1422 3701 1704 3778 promissa
1731 3701 1856 3777 fuit,
1888 3711 1947 3762 et
1973 3701 2045 3760 de
2073 3721 2188 3778 qua
2206 3709 2396 3760 certus
2416 3699 2658 3776 proinde

255 3799 375 3838 esse
387 3788 627 3856 poterat,
643 3780 747 3838 sed
757 3780 865 3839 sub
878 3781 1205 3839 conditione
1218 3790 1427 3856 tamen,
1442 3789 1507 3840 ut
1526 3802 1644 3840 non
1667 3781 1778 3839 sibi
1792 3782 2103 3859 denegaret
2114 3781 2332 3839 victum
2344 3778 2656 3837 necessari·

255 3878 365 3931 um,
389 3858 491 3916 sed
515 3858 705 3915 media
714 3860 1037 3917 necessaria
1048 3860 1123 3917 ad
1134 3861 1629 3920 conservationem
1642 3860 1779 3918 vitae
1792 3861 2107 3918 adhiberet.
2153 3859 2313 3915 Talis
2325 3866 2413 3916 est
2424 3858 2655 3916 certitu-

257 3937 328 3995 do
339 3937 545 4010 fidelis,
560 3936 632 3994 de
646 3956 761 4013 qua
771 3939 1077 4013 loquimur,
1091 3958 1220 4015 quae
1233 3940 1505 4015 supponit
1515 3939 1807 3998 condition
1814 3959 1904 3997 em
1916 3958 2056 3997 usus
2068 3937 2404 4010 mediorum,
2418 3934 2483 3995 ut
2502 3936 2652 3994 dixi·

255 4035 396 4075 mus.
482 4015 675 4073 Prima
702 4016 984 4075 certitudo
1007 4026 1095 4075 est
1113 4025 1371 4078 ἀνάστατος
1394 4038 1525 4077 cum
1541 4019 1763 4093 timore,
1788 4018 1924 4094 quia
1940 4037 2044 4095 pro
2072 4017 2298 4095 objecto
2309 4016 2485 4075 habet
2506 4016 2654 4075 veri-

253 4104 421 4155 tatem
443 4095 923 4172 independentem
945 4115 980 4153 a
997 4096 1181 4171 nobis,
1213 4096 1315 4155 sed
1338 4097 1590 4155 secunda
1606 4117 1724 4155 non
1752 4097 1923 4155 modo
1946 4097 2210 4155 timorem
2237 4116 2354 4156 non
2376 4095 2652 4173 excludit,

257 4176 352 4235 sed
379 4196 509 4234 eum
534 4176 805 4252 supponit
821 4175 1161 4249 necessarie,
1181 4184 1454 4253 tanquam
1472 4177 1724 4235 medium
1748 4176 1823 4235 ad
1850 4177 1975 4253 ejus
2004 4176 2512 4235 confirmationem.

332 4255 660 4314 XXXIII.
703 4255 903 4314 Timor
949 4255 1087 4313 mali
1133 4255 1328 4330 futuri,
1376 4256 1532 4334 quod
1579 4255 1754 4314 debet
1796 4256 2119 4315 necessario
2156 4256 2508 4333 contingere,
2539 4275 2656 4314 non

256 4344 439 4413 potest
459 4354 590 4395 cum
619 4335 960 4395 certitudine
990 4335 1323 4394 consistere.
1371 4336 1488 4395 Sed
1515 4335 1687 4394 timor
1715 4336 1871 4413 mali,
1903 4336 2059 4413 quod
2085 4344 2282 4412 posset
2302 4335 2654 4412 contingere,

259 4415 363 4473 nisi
390 4423 611 4474 mature
640 4415 728 4473 illi
773 4416 1211 4493 prospiceretur,
1244 4435 1361 4474 non
1387 4415 1561 4474 modo
1605 4435 1723 4473 non
1750 4424 1973 4494 pugnat
2001 4436 2132 4475 cum
2161 4415 2522 4489 certitudine,
2554 4415 2657 4474 sed

257 4493 337 4552 illi
362 4495 745 4571 producendae
794 4496 1051 4572 inservit,
1104 4495 1242 4555 dum
1292 4494 1739 4555 sollicitudinem
1788 4504 1848 4555 et
1884 4495 2248 4573 vigilantiam
2287 4495 2525 4569 inducit,
2556 4514 2658 4572 per

258 4594 420 4651 quam
443 4593 713 4632 cavemus
735 4594 806 4633 ne
835 4575 895 4632 in
923 4577 1037 4636 tale
1067 4577 1279 4635 malum
1309 4575 1649 4635 incidamus.
1720 4576 1879 4637 Talis
1899 4585 1988 4636 est
2010 4575 2180 4636 timor
2206 4596 2378 4654 quem
2411 4575 2659 4652 Spiritus

266 4655 319 4713 S.
345 4653 531 4731 exigit
551 4654 611 4715 in
639 4653 924 4714 fidelibus.
