3221 5200
300 382 527 437 Quffis‘r.
558 360 715 448 x1v.]
1014 387 1091 427 ne
1121 382 1353 427 orricro
1383 383 1618 427 cnnxs'm
1639 383 2025 425 memnona).
2598 372 2711 427 417

297 527 546 602 demum,
577 527 678 605 qui
698 528 972 587 fatiscunt
1000 529 1108 587 sub
1136 548 1306 587 onere
1336 536 1719 605 peccatorum,
1745 535 1804 584 et
1831 544 2029 584 eorum
2061 524 2404 601 gravitatem
2434 527 2708 604 sentiunt,

298 607 510 666 Matth.
540 607 621 666 xi.
669 611 764 666 28.
851 607 1023 667 Unde
1053 608 1193 666 dicit
1220 608 1455 685 quidem
1477 628 1538 666 se
1567 607 1796 665 venisse
1825 605 1901 663 ad
1948 603 2295 663 servandum
2323 609 2378 662 τὶ
2419 611 2709 682 ἀπολωλὸς,

293 686 370 744 ad
396 688 732 763 qualitatem
781 695 840 746 ct
868 696 1080 746 statum
1129 687 1537 746 salvandorum
1579 686 1914 759 notandum,
1967 684 2069 742 sed
2096 703 2212 741 non
2232 690 2334 742 πεῖ,
2360 690 2415 742 τὸ
2442 691 2708 753 broxanae

296 767 362 824 id
378 785 537 825 omne
564 771 719 843 quod
734 768 1006 844 perierat,
1038 767 1113 825 ad
1140 787 1337 826 eorum
1359 767 1738 845 quantitatem
1769 763 2204 840 designandam.

378 845 586 905 XLII.
672 846 857 905 Aliud
884 856 972 906 est
999 846 1249 924 aliquem
1276 848 1461 924 perire
1491 847 1563 917 de
1592 846 1745 904 facto
1793 854 1852 903 et
1880 842 2277 916 eventualiter,
2329 844 2515 903 Aliud
2562 866 2705 907 vero

296 926 747 1001 occasionaliter,
791 935 848 985 et
886 927 1105 985 ratione
1147 926 1468 1003 pendentia,
1513 925 1745 1003 quando
1791 924 2148 983 occasionem
2197 923 2283 980 illi
2325 924 2425 982 dat
2473 945 2534 983 se
2576 946 2704 1002 per-

293 1004 484 1081 dendi,
509 1014 567 1064 et
593 1026 697 1083 per
722 1007 912 1084 ipsum
940 1026 1057 1063 non
1099 1014 1213 1065 stat
1253 1007 1560 1083 quominus
1586 1012 1800 1082 pereat.
1889 1003 2121 1078 Paulus,
2168 1003 2335 1061 Rom.
2366 1004 2488 1062 xiv.
2523 1009 2614 1081 15,
2647 1015 2706 1065 et

296 1084 327 1141 1
362 1085 491 1143 Cor.
522 1085 644 1144 viii.
688 1089 780 1161 10,
814 1087 907 1161 11,
960 1106 1137 1163 quum
1166 1086 1423 1161 loquitur
1450 1085 1522 1144 de
1549 1084 1872 1161 perditione
1900 1081 2107 1157 fratris,
2141 1102 2243 1159 pro
2285 1102 2400 1160 quo
2441 1094 2702 1144 mortuus

295 1172 385 1222 est
435 1164 715 1240 ChristuS,
746 1185 864 1223 non
906 1165 1183 1242 intelligit
1213 1167 1588 1241 perditionem
1634 1166 1927 1237 actualem,
1979 1162 2147 1238 quasi
2189 1162 2398 1238 aliquis
2435 1184 2539 1239 pro
2588 1185 2704 1242 quo

295 1243 557 1303 Christus
611 1253 873 1304 mortuus
918 1253 1006 1304 est
1033 1245 1217 1321 perire
1267 1245 1339 1304 de
1367 1245 1518 1303 facto
1562 1244 1764 1321 possit,
1795 1262 1925 1302 cum
1979 1261 2151 1300 nemo
2199 1243 2386 1319 rapiat
2411 1243 2498 1301 illi
2548 1244 2704 1304 Oves

294 1342 445 1398 suaS,
477 1324 617 1383 Joh.
648 1346 709 1382 x.
739 1327 834 1400 28,
866 1344 973 1383 nec
1000 1324 1304 1401 quisquam
1334 1324 1518 1401 perire
1545 1325 1746 1401 possit,
1778 1342 1854 1381 ex
1895 1320 2012 1379 illis
2033 1341 2180 1397 quos
2211 1322 2383 1380 Pater
2410 1321 2572 1383 dedit
2592 1325 2704 1401 ipsi

288 1402 669 1478 redimendos,
700 1404 840 1463 Joh.
871 1405 1014 1462 xvii.
1043 1408 1134 1478 12,
1165 1404 1301 1481 quia
1329 1404 1733 1463 custodiuntur
1759 1403 1972 1460 virtute
2005 1401 2116 1459 Dei
2136 1421 2239 1479 per
2265 1401 2455 1477 fidem,
2509 1407 2537 1460 1
2574 1404 2699 1464 Pet.

293 1481 330 1539 i.
363 1485 417 1557 5,
443 1483 695 1541 maxime
724 1504 856 1542 cum
875 1493 1082 1560 agatur
1109 1484 1181 1541 de
1203 1487 1419 1559 fratre,
1435 1484 1535 1561 qui
1556 1483 1695 1541 licet
1721 1482 2000 1555 infirmus,
2027 1480 2195 1539 Rom.
2239 1481 2362 1539 xiv.
2397 1485 2448 1555 1,
2481 1484 2701 1542 stabili·

288 1561 474 1620 endus
501 1572 694 1621 tamen
737 1564 813 1622 sit
853 1584 888 1621 a
911 1564 1161 1622 Domino
1191 1583 1313 1638 su0,
1345 1584 1467 1622 ver.
1508 1567 1565 1638 4,
1614 1563 1716 1621 sed
1760 1562 2177 1635 occasionalem,
2222 1562 2454 1637 quando
2495 1562 2700 1622 intem—

286 1641 512 1717 pestivo
531 1650 588 1701 et
605 1652 954 1720 praepostero
976 1643 1259 1702 libertatis
1289 1644 1630 1702 Christianae
1651 1642 1712 1700 in
1730 1643 1902 1701 rebus
1920 1640 2248 1717 adiaphoris
2266 1661 2390 1717 usu,
2413 1643 2704 1702 sauciatur

286 1727 346 1778 et
375 1721 800 1781 scandalizatur
827 1723 1179 1781 conscientia
1207 1722 1398 1781 fratris
1426 1722 1655 1797 infirmi,
1677 1730 1735 1781 et
1772 1720 2081 1799 exponitur
2119 1720 2375 1796 periculo
2423 1723 2701 1796 pereundi

287 1810 566 1877 quantum
588 1801 647 1858 in
677 1803 845 1860 nobis
874 1812 980 1861 est.
1060 1803 1156 1861 Sic
1184 1822 1298 1860 non
1328 1822 1456 1860 raro
1503 1802 1802 1878 Scriptura
1828 1800 2010 1859 utitur
2036 1799 2247 1872 verbiS,
2274 1820 2404 1875 quse
2433 1800 2698 1859 effectum

286 1888 345 1936 et
374 1881 659 1939 actionem
714 1890 934 1953 notant,
987 1881 1062 1938 ad
1106 1881 1523 1957 designandam
1558 1880 1935 1954 occasionem,
1988 1878 2085 1936 vel
2132 1878 2431 1951 motivum,
2464 1899 2579 1955 quo
2608 1901 2700 1939 res

285 1968 484 2035 posset
502 1961 647 2019 fieri.
733 1961 827 2019 Ita
854 1960 1123 2019 adulterii
1152 1980 1286 2018 reus
1315 1959 1543 2035 dicitur,
1568 1967 1849 2036 quantum
1876 1959 1938 2015 in
1968 1978 2028 2016 se
2071 1965 2176 2033 est,
2217 1958 2316 2016 ille
2346 1959 2445 2035 qui
2473 1959 2702 2035 aspexit

284 2038 522 2098 alterius
551 2041 857 2116 conjugem
888 2040 963 2097 ad
990 2059 1116 2098 eam
1146 2039 1680 2116 concupiscendam,
1715 2038 1925 2097 Matth.
1956 2058 2013 2095 v.
2044 2039 2139 2110 28,
2173 2035 2251 2095 Et
2280 2037 2699 2112 diciturfacere

284 2120 472 2176 Deum
518 2123 856 2194 mendacem,
890 2119 967 2176 id.
999 2128 1277 2195 quantum
1334 2119 1393 2175 in
1444 2138 1505 2177 se
1562 2126 1668 2193 est,
1719 2117 1823 2194 qui
1869 2137 1985 2174 non
2045 2115 2169 2173 vult
2218 2117 2450 2176 credere
2500 2118 2698 2177 Verbo

284 2197 614 2273 Evangelii,
668 2202 695 2255 1
728 2199 771 2256 J
775 2199 867 2256 oh.
911 2218 969 2256 v.
1022 2200 1114 2256 10.
1229 2198 1422 2256 Perire
1451 2217 1592 2273 ergo
1648 2197 1860 2255 dicitur
1917 2196 2091 2254 frater
2157 2216 2261 2271 per
2308 2197 2698 2272 cognitionem

281 2283 554 2351 nostram,
587 2278 819 2353 quando
868 2297 972 2354 per
997 2297 1105 2335 nos
1142 2296 1259 2334 non
1304 2286 1419 2335 stat
1466 2277 1775 2353 quominus
1803 2282 2016 2353 percat,
2048 2275 2219 2352 quod,
2244 2275 2413 2333 Rom.
2443 2276 2565 2336 xiv.
2603 2281 2693 2353 15,

282 2356 625 2431 exprimitur
651 2376 753 2433 per
779 2357 1036 2433 perdere,
1068 2378 1136 2415 ne
1154 2359 1339 2431 perde
1342 2359 1596 2431 fratrem
1628 2358 1910 2434 infirmum
1937 2355 2054 2413 cibo
2084 2364 2193 2412 tuo.

362 2435 605 2493 XLIII.
652 2437 796 2495 Cum
842 2436 1365 2513 Pseudoprophetas
1407 2435 1677 2494 dicuntur
1723 2438 2003 2511 abneqare
2042 2439 2121 2492 τὶν
2147 2435 2323 2500 αὐτοὺς
2371 2436 2697 2515 ἀγοράσαντα

278 2510 507 2578 >oca-dvm
551 2517 876 2590 Dominum,
929 2517 1029 2592 qui
1072 2536 1163 2574 eos
1210 2516 1445 2573 redemit
1488 2536 1585 2573 seu
1635 2525 1913 2574 mercatus
1954 2523 2048 2589 est,
2114 2519 2150 2573 2
2190 2516 2314 2574 Pet.
2361 2515 2421 2573 ii.
2475 2520 2526 2591 l,
2579 2538 2696 2576 non

279 2604 470 2672 potest
497 2596 748 2674 intelligi
768 2597 1076 2672 redemptio
1093 2596 1336 2672 proprie
1363 2596 1515 2655 dicta
1542 2617 1582 2654 a
1613 2596 1995 2655 maledictione
2023 2596 2154 2670 Dei,
2176 2604 2230 2654 et
2253 2606 2432 2654 morte
2459 2607 2691 2672 (eterna,

280 2694 413 2733 nam
442 2696 613 2734 nemo
643 2678 724 2735 ita
756 2676 1072 2751 redimitur,
1119 2677 1219 2753 qui
1246 2697 1362 2735 non
1391 2696 1426 2734 a
1455 2676 1628 2735 Patre
1658 2677 1829 2735 datus
1873 2676 1960 2734 illi
1988 2676 2062 2733 sit
2090 2675 2476 2742 redimendus,
2509 2685 2567 2736 et
2593 2679 2695 2755 qui

278 2775 381 2830 per
407 2776 766 2833 consequens
794 2758 867 2815 ab
896 2756 999 2815 illo
1028 2777 1143 2815 non
1190 2757 1265 2815 sit
1314 2756 1727 2815 custodiendus
1769 2763 1827 2815 et
1856 2755 2173 2814 servandus
2203 2756 2260 2812 in
2305 2764 2597 2833 aeternum,
2633 2767 2695 2817 ut

277 2836 601 2894 membrum
658 2837 928 2914 Corporis
973 2837 1080 2912 sui,
1133 2847 1192 2894 et
1236 2837 1495 2913 Populus
1531 2837 1782 2912 peculii;
1851 2835 1966 2894 Sed
1996 2836 2250 2893 liberatio
2293 2838 2365 2894 ab
2398 2858 2595 2896 errore
2637 2848 2692 2896 et

279 2914 609 2972 idololatria
656 2936 760 2990 per
786 2916 1149 2974 vocationem
1196 2925 1493 2974 externam
1525 2916 1967 2990 Christianismi,
1998 2916 2114 2973 imo
2143 2923 2202 2973 et
2230 2917 2687 2992 segregationem

277 2992 352 3049 ad
374 3012 520 3069 opus
570 2994 897 3068 Ministerii,
943 2995 1013 3052 ad
1066 2994 1223 3069 quod
1278 2996 1456 3071 empti
1519 2995 1745 3053 fuerant
1794 2994 2218 3071 quodammodo
2261 3015 2295 3050 a
2342 2995 2587 3070 Christo,
2628 3006 2692 3055 ut

281 3071 548 3146 Domino,
580 3073 681 3147 qui
726 3092 825 3130 eos
853 3073 1256 3149 acquisiverat,
1309 3082 1367 3131 et
1416 3093 1551 3130 suos
1600 3073 1814 3131 fecerat
1861 3073 2124 3130 vocando
2154 3073 2212 3128 in
2242 3073 2476 3130 domum
2506 3094 2686 3148 suam,

274 3151 563 3226 quomodo
582 3150 719 3208 olim
746 3152 980 3209 Domini
1002 3171 1201 3210 servos
1222 3151 1490 3210 emebant
1517 3160 1575 3210 et
1597 3153 1998 3210 mercabantur
2018 3151 2091 3209 ad
2113 3151 2491 3210 ministerium
2523 3173 2690 3211 suum

276 3230 676 3288 domesticum.
762 3230 945 3305 Quam
976 3250 1101 3289 esse
1144 3238 1395 3289 mentem
1426 3229 1700 3307 Apostoli
1730 3251 1806 3289 ex
1828 3230 2004 3288 variis
2034 3230 2366 3306 colligitur:
2456 3234 2506 3289 1.
2540 3233 2688 3306 Quia

273 3309 338 3366 fit
366 3310 582 3368 mentio
625 3307 876 3384 ambr-v,
908 3331 1037 3387 quae
1082 3330 1202 3368 vox
1243 3311 1443 3369 herum
1473 3310 1682 3387 potine,
1715 3318 1774 3369 et
1820 3309 2131 3368 Dominum
2179 3309 2483 3386 significat,
2515 3331 2687 3387 quam

277 3390 652 3466 Servatorem,
686 3392 779 3449 cui
808 3390 1083 3468 competit
1131 3389 1450 3467 redemptio
1478 3390 1706 3483 proprie
1752 3389 1925 3448 dicta.
2030 3394 2085 3447 2.
2117 3389 2376 3447 Verbum
2428 3392 2690 3471 ἀγοράζων

273 3469 611 3546 simpliciter
657 3471 906 3547 positum
956 3470 1028 3528 de
1077 3470 1336 3547 qualibet
1382 3469 1721 3528 liberatione
1765 3478 1824 3529 et
1852 3469 2140 3546 emptione
2180 3469 2407 3530 dicitur.
2512 3476 2568 3530 3.
2602 3475 2689 3532 Ea

272 3548 619 3626 intelligitur
658 3550 995 3628 redemptiO,
1027 3570 1130 3626 per
1157 3570 1331 3627 quam
1387 3551 1642 3626 ffyisse
1686 3549 1957 3609 dicuntur
2002 3551 2421 3626 inquinamenta
2474 3555 2685 3628 mundi,

272 3649 394 3687 ver.
425 3633 520 3703 20,
544 3651 657 3706 per
684 3634 1049 3707 coqnittonem
1071 3631 1309 3690 Domini
1333 3639 1387 3688 et
1411 3631 1733 3689 Servatoris
1760 3630 1953 3704 nostri,
1984 3650 2087 3706 per
2115 3649 2287 3707 quam
2317 3644 2690 3707 coqnoverunt

269 3710 419 3767 viam
431 3712 680 3784 justitioe,
712 3711 870 3787 quod
895 3730 1010 3768 non
1053 3711 1167 3768 alio
1195 3711 1443 3787 pertinet
1469 3730 1642 3786 quam
1672 3710 1747 3768 ad
1786 3709 2184 3769 liberationem
2212 3710 2286 3767 ab
2315 3712 2603 3770 erroribus
2631 3722 2689 3771 et

270 3787 615 3846 idololatriis
645 3790 979 3865 Paganismi
1018 3799 1077 3849 et
1117 3790 1481 3848 vocationem
1510 3789 1584 3847 ad
1613 3790 1934 3864 veritatem,
1980 3808 2014 3846 a
2056 3808 2171 3865 qua
2212 3788 2544 3849 deficientes
2585 3811 2688 3867 per

272 3867 621 3942 apostasiam
693 3887 873 3943 suam,
945 3878 1004 3927 et
1072 3869 1553 3928 introductionem
1624 3878 1908 3927 sectarum
1994 3867 2334 3944 perditionis
2416 3869 2687 3928 dicuntur

271 3945 558 4020 abnegare
589 3945 922 4021 Dominum,
946 3948 1046 4022 qui
1075 3967 1175 4005 eos
1218 3956 1505 4006 mercatus
1533 3947 1736 4023 fuerat,
1768 3956 1827 4006 et
1854 3947 1929 4005 ad
1956 3946 2335 4004 ministerium
2367 3966 2534 4005 suum
2584 3969 2683 4006 vo-

271 4033 521 4084 caverat.

352 4104 586 4163 XLIV.
630 4105 1012 4185 Sanctificatio
1035 4107 1092 4162 in
1120 4107 1376 4164 Foederis
1402 4109 1691 4183 sanquine,
1726 4107 1866 4164 Alia
1894 4113 1983 4164 est
2011 4106 2252 4180 interna,
2283 4107 2597 4181 spiritualis
2624 4117 2683 4166 et

266 4186 455 4259 realis,
479 4204 678 4243 eorum
702 4185 802 4261 qui
844 4193 977 4244 actu
1022 4193 1156 4243 sunt
1177 4205 1211 4243 a
1241 4185 1470 4244 Christo
1498 4186 1782 4264 redempti
1824 4195 1883 4245 et
1910 4184 2189 4261 regeniti;
2274 4186 2414 4243 Alia
2443 4197 2681 4246 externa

265 4273 323 4323 et
351 4285 654 4342 apparens,
687 4266 878 4342 quoad
906 4265 1338 4342 professionem.
1426 4265 1591 4323 Prior
1613 4266 1886 4344 supponit
1911 4265 2233 4323 necessario
2257 4265 2548 4325 Christum
2576 4287 2682 4344 pro

266 4344 338 4406 iis
365 4364 492 4404 esse
522 4353 828 4418 mortuum,
860 4346 960 4421 qui
988 4346 1070 4403 ita
1112 4354 1248 4405 sunt
1292 4344 1635 4404 sanctificati
1662 4368 1674 4405 ι
1724 4345 1841 4404 Sed
1868 4344 2149 4423 posterior
2176 4364 2292 4402 non
2322 4345 2495 4420 item3
2543 4348 2679 4423 quia

265 4424 433 4482 multi
461 4424 779 4501 hypocritae
809 4434 1106 4484 externam
1135 4425 1295 4483 illam
1342 4425 1605 4483 obtinent
1657 4425 2168 4484 sanctificationem
2212 4425 2433 4483 ratione
2485 4426 2675 4484 Voca-

267 4503 439 4561 tionis
481 4514 735 4562 externae
793 4505 889 4562 vel
952 4506 1448 4564 Sacramentorum
1504 4505 1906 4583 perceptionis,
1960 4504 2033 4562 ad
2105 4523 2251 4581 quos
2307 4513 2497 4563 tamen
2562 4526 2678 4565 non

263 4582 512 4658 pertinet
542 4584 804 4643 Christus
833 4606 961 4643 cum
993 4586 1113 4644 suis
1141 4586 1453 4661 beneficiis,
1485 4594 1684 4663 utpote
1713 4585 1826 4643 fide
1850 4586 2174 4644 destitutos
2262 4583 2405 4643 Cum
2460 4586 2676 4646 Paulus

264 4662 520 4738 loquitur
566 4662 637 4720 de
687 4664 803 4722 illis
858 4665 957 4741 qui
1000 4666 1299 4743 profanum
1358 4666 1575 4725 ducunt
1621 4666 1960 4743 sanguinem
2016 4665 2389 4740 Testamenti,
2427 4667 2502 4723 .in
2560 4687 2674 4743 quo

349 4761 496 4799 mus
528 4761 589 4799 11.
2245 4751 2280 4804 ‘2
2314 4766 2351 4802 n
