3221 5200
490 280 608 336 544
1335 288 1516 330 Locus
1547 287 1807 329 Dscmus
1835 286 2109 336 Qum’rus.
2479 265 2753 346 [Qus—:sau
2788 285 2963 325 xm.

490 433 834 493 Adversarii
911 430 1269 504 concedunt3
1372 430 1494 487 Nec
1590 428 1663 487 de
1762 427 2217 486 extraordinaria
2315 446 2419 504 per
2498 427 2947 485 revelationem

491 513 696 590 paucis
746 511 1046 586 indultam,
1106 527 1280 586 quam
1341 509 1514 566 etiam
1583 508 1895 566 admittunt
1925 530 1939 583 3
2030 507 2147 565 Sed
2201 506 2272 565 de
2329 506 2529 564 divina
2584 517 2646 564 et
2703 507 2943 564 infalli-

491 594 611 666 bili,
664 613 793 667 quae
842 591 1126 649 ordinarie
1177 590 1252 647 sit
1300 589 1394 645 vel
1445 607 1570 645 esse
1616 588 1799 663 possit
1829 588 1888 644 in
1916 587 2176 663 quolibet
2223 586 2395 660 fideli,
2425 605 2542 644 non
2576 606 2654 643 ex
2683 588 2945 663 propria

494 672 887 748 dispositione,
920 671 1017 728 vel
1045 669 1258 727 lumine
1287 668 1553 739 naturali,
1600 667 1705 725 sed
1753 687 1827 724 ex
1873 667 2061 742 gratia
2112 666 2360 741 Spiritus
2388 685 2490 742 per
2515 664 2654 722 fidei
2687 676 2940 739 mmmm,

494 772 623 827 quae
652 751 907 809 externis
937 749 1119 808 Verbi
1145 747 1462 823 promissis,
1497 755 1555 804 et
1601 746 1849 822 Spiritus
1899 745 2097 804 Sancti
2139 745 2362 803 interno
2392 745 2531 802 nixa
2559 746 2935 818 testimoniO,

493 832 554 889 in
583 831 848 889 omnibus
875 831 1006 905 plus
1043 828 1326 900 minusve,
1374 824 1477 883 sed
1518 835 1796 901 quantum
1825 825 1900 882 ad
1928 844 2131 882 verum
2159 825 2426 882 solatium
2457 823 2684 898 sufficit,
2718 844 2786 882 se
2818 847 2935 882 ex-

497 920 637 970 erat.
723 915 778 967 2.
826 909 877 965 N
883 927 956 965 on
984 905 1275 982 quaeritur,
1310 903 1409 961 An
1438 904 1722 963 certitudo
1749 905 1854 961 illa
1880 905 2064 981 possit
2091 924 2218 962 esse
2248 905 2306 962 in
2334 904 2494 961 fideli
2534 913 2702 961 extra
2743 924 2933 962 usum

498 990 834 1059 mediorum,
867 986 928 1042 id
956 994 1060 1059 est,
1093 983 1347 1042 studium
1392 985 1731 1058 sanctitatis,
1764 992 1823 1043 et
1850 983 2189 1042 exercitium
2218 982 2571 1060 poenitentiae
2600 991 2659 1041 et
2688 985 2933 1041 actuale

497 1069 591 1145 pie
619 1065 856 1124 vivendi
884 1063 1239 1141 propositum
1263 1086 1277 1138 3
1322 1064 1506 1122 multo
1534 1064 1743 1137 minus,
1775 1063 1874 1119 An
1901 1064 2086 1139 possit
2113 1064 2425 1121 consistere
2454 1083 2583 1121 cum
2612 1063 2834 1120 actuali
2865 1073 2930 1121 et

498 1147 717 1204 directo
744 1144 1024 1220 peccandi
1071 1143 1381 1219 propositO,
1432 1151 1498 1201 ut
1540 1142 1731 1200 fidelis
1779 1143 1964 1219 possit
2005 1150 2255 1201 statuere
2285 1162 2346 1201 se
2374 1162 2501 1200 esse
2529 1142 2590 1199 in
2618 1142 2831 1217 gratia,
2864 1152 2931 1200 et

500 1226 786 1283 salvatum
816 1223 883 1281 iri
916 1223 1247 1297 certissime,
1280 1222 1417 1280 dum
1438 1221 1526 1279 illi
1554 1221 1848 1280 decretum
1870 1230 1958 1280 est
1978 1231 2214 1298 peccato
2244 1229 2302 1280 et
2330 1221 2742 1297 cupiditatibus
2794 1242 2926 1280 car·

498 1305 589 1361 nis
613 1303 932 1378 indulgere.
1023 1303 1341 1360 Statuimus
1369 1302 1522 1359 enim
1551 1302 1675 1358 haec
1704 1322 1739 1359 a
1768 1321 1829 1359 se
1858 1301 2105 1359 invicem
2136 1300 2465 1360 divellenda
2509 1321 2624 1359 non
2663 1320 2814 1375 esse,
2860 1310 2923 1360 et

499 1383 928 1460 persuasionem
958 1382 1126 1440 istam
1167 1381 1228 1437 in
1273 1390 1464 1439 actum
1513 1381 1674 1438 exire
1719 1400 1837 1438 non
1879 1400 2049 1456 posse
2078 1391 2245 1439 extra
2272 1380 2593 1439 sanctitatis
2635 1379 2915 1454 studium,

502 1462 638 1539 quia
664 1461 725 1518 in
753 1461 853 1518 illa
880 1470 1102 1519 tantum
1152 1459 1250 1517 via
1294 1460 1723 1518 ambulantibus
1764 1460 2173 1535 promissiones
2202 1479 2335 1518 suas
2363 1458 2540 1534 dedit,
2580 1468 2638 1518 et
2667 1460 2749 1516 ibi
2778 1469 2920 1518 sunt

502 1541 707 1600 effecta
734 1549 792 1599 et
821 1548 1118 1613 γνωρίσματα
1146 1539 1470 1598 indubitata
1498 1559 1651 1596 verse
1679 1538 1816 1596 fidei
1844 1547 1902 1597 et
1923 1539 2372 1615 justificationi&

584 1621 764 1678 VIII.
811 1623 865 1678 3.
914 1620 1044 1678 Non
1072 1620 1363 1695 quaeritur,
1399 1618 1498 1675 An
1527 1617 1824 1677 Certitudo
1852 1618 1965 1676 ista
1993 1639 2219 1695 semper
2240 1619 2298 1675 in
2321 1627 2511 1677 actum
2530 1619 2687 1676 exire
2712 1620 2916 1695 possit,

505 1710 605 1759 aut
634 1709 804 1758 exeat
832 1719 1056 1776 semper
1083 1699 1285 1757 eodem
1316 1698 1518 1775 gradu.
1604 1698 1755 1755 Nam
1777 1718 1909 1756 cum
1936 1718 2053 1755 non
2070 1698 2238 1757 detur
2259 1698 2319 1755 in
2342 1698 2524 1772 nobiS,
2555 1707 2620 1756 ut
2640 1699 2765 1774 jam
2794 1699 2919 1757 dic·

505 1790 646 1852 tum,¹
677 1788 844 1837 extra
866 1799 1032 1837 usum
1060 1778 1397 1851 mediorum,
1428 1786 1648 1836 certum
1676 1786 1765 1836 est
1792 1796 1969 1853 quum
2011 1777 2202 1836 media
2244 1777 2347 1835 illa
2389 1797 2504 1835 non
2552 1777 2920 1852 adhibentur,

505 1859 601 1917 vel
630 1879 807 1935 quum
846 1858 1192 1917 adhibentur
1235 1857 1534 1931 contraria,
1585 1876 1702 1915 non
1747 1876 1916 1932 posse
1962 1865 2153 1915 actum
2182 1857 2581 1938 istum0exeri.
2669 1857 2917 1932 Rursus,

506 1959 684 2015 quum
713 1958 827 1996 non
857 1936 1157 2012 aequabilis
1196 1937 1271 1994 sit
1310 1935 1498 1994 fidelis
1527 1943 1712 1994 status
1740 1936 1932 2012 quoad
1961 1936 2217 1995 studium
2246 1936 2583 2010 sanctitatis,
2615 1936 2717 1994 sed
2744 1937 2923 1995 modo

508 2018 799 2092 infirmior,
832 2016 1004 2074 modo
1032 2015 1248 2090 fortior,
1282 2023 1340 2074 et
1367 2014 1511 2074 fides
1555 2016 1729 2074 modo
1779 2016 1854 2074 sit
1899 2036 2054 2092 aegra
2102 2024 2161 2074 et
2204 2015 2444 2088 infirma,
2492 2016 2663 2075 modo
2692 2036 2835 2073 sana
2864 2024 2926 2074 et

509 2097 723 2170 vivida,
756 2095 927 2154 modo
957 2096 1018 2152 in
1045 2095 1360 2153 tentatione
1389 2105 1448 2153 et
1473 2095 1647 2169 lucta,
1694 2094 1863 2153 modo
1906 2104 2072 2153 extra
2099 2115 2260 2154 eam:
2303 2096 2597 2170 persuasio
2626 2115 2755 2171 quae
2782 2095 2925 2153 inde

510 2176 707 2250 oritur,
740 2195 856 2233 non
894 2183 982 2233 est
1023 2175 1197 2233 etiam
1227 2195 1451 2251 semper
1478 2175 1538 2232 in
1566 2175 1769 2233 eodem
1798 2174 1999 2250 gradu,
2027 2174 2129 2233 sed
2147 2174 2317 2232 modo
2347 2174 2562 2249 vivida,
2593 2174 2763 2233 modo
2791 2174 2921 2232 lan·
2982 2191 2991 2198 ·

511 2255 705 2332 guida,
737 2254 925 2328 mod0,
958 2262 1023 2312 ut
1052 2255 1111 2311 in
1140 2254 1499 2330 gravissimis
1527 2254 1961 2330 tentationibus,
1993 2255 2170 2312 nulla.
2258 2254 2378 2312 Nec
2407 2262 2598 2312 tamen
2618 2263 2926 2331 propterea

513 2335 584 2392 de
628 2335 869 2393 veritate
897 2333 1034 2391 fidei
1077 2342 1268 2392 actum
1314 2354 1439 2392 esse
1487 2333 1805 2410 putandum
1835 2341 1940 2392 est.
2025 2333 2174 2408 Quia
2199 2333 2337 2391 licet
2364 2334 2724 2393 certitudinis
2752 2334 2926 2394 istius

512 2423 676 2473 actus
705 2414 932 2471 elicitus
959 2414 1316 2471 necessarius
1355 2414 1430 2472 sit
1467 2413 1541 2471 ad
1566 2413 1757 2472 fidelis
1787 2413 2254 2488 consolationem,
2287 2433 2402 2470 non
2432 2422 2625 2472 tamen
2666 2413 2740 2471 ad
2782 2413 2925 2471 fidei

513 2494 815 2550 veritatem
845 2492 1169 2568 requiritur,
1200 2501 1266 2550 ut
1293 2493 1538 2567 singulis
1579 2493 1886 2552 momentis
1931 2493 2206 2568 eliciatur,
2255 2501 2312 2551 et
2360 2493 2556 2551 statim
2584 2494 2697 2551 fide
2726 2512 2923 2550 carere

513 2571 792 2630 dicendus
822 2571 913 2645 sit,
946 2571 1046 2646 qui
1067 2590 1134 2629 eo
1163 2571 1526 2646 destituitur;
1571 2591 1679 2630 nec
1708 2572 1858 2631 enim
1900 2572 2054 2649 ignis
2095 2571 2382 2631 flammam
2425 2592 2650 2650 semper
2689 2572 2921 2647 emittit,

514 2669 620 2707 nec
650 2650 777 2707 fons
806 2651 964 2706 rivos
980 2670 1274 2724 aquarum,
1306 2670 1411 2707 nec
1442 2659 1623 2709 mater
1650 2651 1823 2711 foetus
1840 2662 2060 2711 motum
2078 2672 2301 2729 semper
2323 2653 2515 2711 sentit.
2602 2653 2695 2711 Ita
2721 2672 2923 2728 quam·

513 2729 604 2786 vis
626 2727 737 2786 ista
765 2728 1058 2804 persuasio
1087 2749 1162 2786 ex
1189 2729 1325 2787 fidei
1364 2737 1568 2786 natura
1597 2740 1860 2808 exurgat,
1895 2732 2026 2789 Non
2055 2751 2293 2808 semper,
2326 2744 2389 2790 ut
2416 2740 2605 2809 potest
2642 2743 2701 2790 et
2728 2731 2921 2805 debet,

514 2816 704 2865 actum
736 2826 904 2865 suum
933 2807 1133 2881 exerit,
1160 2807 1263 2865 sed
1279 2827 1691 2885 nonnunquam
1714 2811 2101 2887 supprimitur,
2127 2812 2250 2869 sive
2272 2820 2504 2888 propter
2532 2811 2925 2869 infirmitatem

515 2895 574 2946 et
602 2886 1088 2963 imperfectionem
1105 2887 1258 2962 fidei,
1274 2887 1397 2945 sive
1419 2908 1494 2945 ex
1517 2890 1803 2963 gravitate
1826 2891 2223 2948 tentationum.
2312 2890 2427 2948 Sed
2455 2891 2564 2949 hoc
2591 2910 2708 2948 non
2730 2891 2929 2949 obstat

517 2966 825 3044 quominus
855 2967 916 3023 in
940 2966 1101 3025 fideli
1143 2968 1217 3026 sit
1254 2987 1478 3043 semper
1505 2966 1940 3027 fundamentum
1967 2975 2026 3026 et
2053 2969 2396 3045 principium
2424 2989 2500 3028 ex
2527 2990 2659 3046 qu0‚
2691 2969 2741 3027 si
2768 2978 2928 3028 recte

518 3056 731 3106 statum
762 3067 928 3106 suum
958 3055 1016 3106 et
1042 3047 1478 3123 promissionem
1508 3047 1765 3106 divinam
1792 3048 2057 3123 pensitet,
2099 3048 2382 3107 deducere
2418 3057 2610 3126 potest
2637 3050 2926 3107 actualem

514 3127 684 3186 istam
717 3135 1038 3201 ἵληςοφοςίαν.
1722 3172 1729 3178 .

602 3207 720 3265 IX.
765 3211 821 3264 4.
867 3207 998 3265 Non
1026 3208 1317 3283 quaeritur,
1365 3206 1466 3264 An
1508 3206 1807 3282 certitudO,
1840 3226 2013 3283 quam
2057 3207 2233 3266 habet
2280 3208 2468 3267 fidelis
2496 3208 2568 3267 de
2596 3208 2711 3265 fide
2732 3227 2838 3266 sua
2865 3218 2929 3267 et

511 3285 944 3362 justificatione,
996 3286 1072 3343 sit
1119 3287 1378 3363 ejusdem
1436 3286 1670 3344 omnino
1726 3286 1963 3344 rationis
2012 3307 2143 3345 cum
2191 3287 2533 3346 certitudine
2582 3287 2698 3362 illa,
2748 3306 2927 3362 quam

516 3365 795 3421 habemus
823 3363 895 3420 de
923 3363 1059 3421 fidei
1086 3365 1343 3423 articulis
1365 3374 1423 3424 et
1451 3365 1820 3441 dogmatibus
1848 3366 1963 3424 illis
1981 3386 2110 3442 quae
2132 3366 2329 3426 Verbo
2361 3368 2473 3425 Dei
2500 3386 2768 3444 expresse
2788 3387 2927 3425 con·

516 3441 804 3512 tinentur;
849 3449 913 3498 ut
941 3440 1141 3498 eadem
1170 3444 1404 3500 omnino
1446 3444 1578 3518 fide,
1624 3464 1740 3521 qua
1778 3445 1916 3503 fidei
1958 3445 2249 3521 Dogmata
2289 3447 2618 3519 creduntur,
2662 3454 2929 3504 teneatur

517 3519 760 3594 quisque
790 3518 978 3575 fidelis
1007 3519 1239 3577 credere
1268 3540 1328 3579 se
1358 3542 1485 3580 esse
1513 3524 1573 3579 in
1604 3524 1716 3581 Dei
1744 3525 1948 3600 gratia.
2034 3525 2183 3583 Nam
2227 3526 2364 3584 licet
2409 3535 2652 3602 utraque
2681 3526 2756 3582 sit
2784 3545 2926 3583 vera

516 3604 574 3656 et
591 3595 846 3671 indubia,
892 3616 1019 3673 quae
1042 3597 1244 3656 nititur
1285 3598 1501 3676 duplici
1523 3602 1853 3662 testimonio
1877 3603 2181 3679 infallibili,
2205 3605 2601 3681 promissionis
2623 3605 2684 3661 in
2704 3604 2923 3677 Verb0‚

517 3685 576 3736 et
608 3675 855 3753 Spiritus
883 3675 943 3733 in
972 3675 1160 3752 corde,
1192 3697 1307 3735 non
1336 3686 1424 3737 est
1452 3685 1645 3738 tamen
1686 3682 1841 3757 paris
1881 3684 2277 3743 necessitatis:
2322 3685 2435 3742 Illa
2462 3686 2615 3743 enim
2664 3684 2723 3741 in
2763 3683 2926 3740 fideli

517 3756 750 3816 omnino
806 3756 1130 3815 necessaria
1156 3766 1263 3833 est,
1293 3758 1516 3816 etfacit
1559 3759 1635 3817 ad
1678 3761 1981 3819 veritatem
2028 3762 2180 3838 fidei,
2234 3783 2338 3821 nec
2387 3765 2693 3840 quisquam
2733 3772 2926 3839 potest

516 3838 706 3895 fidelis
734 3856 1083 3913 permanere,
1105 3846 1163 3895 et
1190 3857 1294 3914 pro
1317 3838 1419 3896 tali
1446 3838 1663 3911 haberi,
1697 3848 1755 3898 et
1782 3840 2045 3899 dubitare
2074 3841 2145 3899 de
2173 3842 2310 3901 fidei
2331 3843 2609 3915 articulis,
2630 3862 2687 3900 v.
2713 3862 2788 3918 g.,
2824 3841 2924 3899 An

518 3917 782 3975 Christus
812 3916 886 3975 sit
917 3917 1104 3975 Filius
1150 3917 1262 3974 Dei
1308 3926 1367 3976 et
1413 3938 1587 3976 verus
1620 3919 1883 3993 Messias,
1929 3930 1988 3978 et
2016 3920 2141 3978 sim.
2167 3944 2181 3995 3
2249 3922 2364 3981 Sed
2392 3923 2505 3982 ista
2531 3921 2669 3979 facit
2696 3930 2923 3979 tautum

518 3995 593 4054 ad
621 3997 747 4072 ejus
769 3996 1211 4072 perfectionem3
1254 4017 1361 4055 nec
1389 3997 1542 4055 enim
1570 3998 1671 4074 qui
1713 3996 1956 4073 dubitat,
1990 3998 2087 4056 An
2113 4001 2188 4059 sit
2222 4002 2592 4077 justificatus,
2622 4009 2927 4076 propterea

509 4074 862 4151 judicandus
910 4083 998 4134 est
1019 4095 1210 4134 carere
1256 4096 1394 4135 vera
1435 4076 1565 4151 fide,
1618 4096 1723 4135 nec
1762 4097 1888 4137 esse
1935 4078 1997 4135 in
2027 4079 2139 4137 Dei
2188 4082 2391 4157 gratia.
2478 4080 2591 4137 Illa
2618 4079 2930 4155 opponitur

519 4153 882 4228 dubitationi,
915 4173 1030 4230 qua
1056 4154 1186 4231 quis
1216 4155 1442 4214 dubitat
1489 4156 1561 4214 de
1583 4157 2058 4232 promissionibus
2090 4160 2218 4234 Dei,
2258 4181 2332 4218 an
2380 4160 2496 4218 sint
2524 4178 2675 4216 verae
2704 4178 2925 4233 necne;

521 4233 727 4292 Altera
766 4252 905 4291 vero
948 4233 1311 4309 dubitationi,
1356 4254 1485 4311 quae
1534 4244 1624 4294 est
1665 4235 1737 4294 de
1777 4238 2006 4314 propria
2033 4239 2218 4297 salute
2247 4249 2306 4298 et
2333 4246 2698 4317 peccatorum
2726 4238 2926 4295 remis-

521 4312 681 4371 sione
710 4332 785 4370 ex
813 4312 1057 4389 propriae
1102 4333 1221 4371 suae
1270 4313 1618 4373 infirmitatis
1664 4334 1853 4374 sensu.
1939 4316 2226 4390 Quaeritur
2268 4320 2445 4395 Ergo,
2492 4316 2591 4374 An
2629 4316 2930 4375 Certitudo

521 4393 631 4450 ista
658 4391 955 4528 Ροῗιθξίοῑ,
987 4399 1118 4450 utut
1166 4391 1393 4451 differat
1421 4412 1455 4450 a
1475 4395 1666 4470 priori,
1694 4393 1768 4453 sit
1796 4394 1995 4453 divina
2022 4405 2080 4455 et
2109 4397 2446 4473 infallibilis,
2479 4397 2578 4453 An
2605 4416 2764 4454 mere
2791 4416 2932 4455 con-

513 4471 739 4545 jectura
764 4470 813 4528 is

602 4548 685 4605 X.
731 4551 786 4606 5.
833 4549 964 4608 Non
982 4549 1273 4626 quaeritur,
1301 4548 1400 4623 An
1423 4550 1721 4612 Certitudo
1740 4552 1850 4612 ista
1867 4554 2077 4615 habeat
2094 4555 2267 4615 talem
2286 4553 2645 4616 certitudinis
2666 4553 2936 4634 gradum,
