3221 5200
207 382 435 433 QUAEsT.
470 361 669 445 xxm]
1260 384 1337 425 nr.
1365 384 1520 426 asos
1551 385 1670 426 nnn
2524 373 2633 429 1:29

212 525 385 602 nique
415 523 560 601 quid
587 523 761 583 homo
789 523 1010 582 homini
1038 543 1112 582 ex
1142 524 1330 585 officio
1358 526 1582 602 debeat,
1620 527 1745 587 Lex
1774 525 2019 586 forensis
2046 527 2375 589 distinctius
2400 527 2630 588 Israissi-

214 606 289 664 tis
337 605 629 682 applicata
669 604 941 682 explicat.
1027 604 1155 662 Lex
1197 607 1431 664 moralis
1477 608 1711 684 respicit
1756 608 2043 685 Populum
2085 608 2484 682 Israeliticum,
2516 630 2633 685 qua

215 686 458 743 homines
475 708 498 756 ,·
542 683 986 759 CaeremoniaIiS,
1019 694 1082 744 ut
1101 687 1413 744 Ecclesiam
1437 689 1648 745 Veteris
1680 689 2018 746 Testamenti
2040 697 2441 765 expectantem
2473 689 2628 748 Mes·

217 765 356 823 siam
407 764 791 842 promissum;
851 764 1142 839 Forensis,
1187 777 1252 824 ut
1298 769 1578 843 Populum
1616 769 1983 844 peculiarem,
2033 769 2131 846 qui
2186 768 2629 846 Rempublicam

212 845 385 922 genio
414 864 485 902 ac
513 843 694 902 indoli
725 865 844 903 suae
874 845 1313 904 convenientem
1343 846 1554 906 habere
1584 847 1784 906 debuit
1815 847 1873 905 in
1903 858 2053 907 terra
2084 849 2334 907 Canaan.

821 925 941 983 111.
989 925 1145 983 Hinc
1174 927 1479 1004 multiplex
1508 927 1691 986 oritur
1717 927 2025 986 discrimen
2059 928 2234 1005 Legis
2274 928 2509 988 moralis
2551 929 2626 988 ab

737 1005 884 1080 aliis,
918 1014 1040 1063 tum
1069 1006 1128 1063 in
1157 1007 1540 1084 ort'qine,quia
1567 1008 1802 1066 moralis
1830 1008 2103 1067 fundatur
2124 1008 2183 1066 in
2206 1009 2337 1086 juro
2356 1009 2624 1083 naturali,

740 1085 871 1144 ideo
917 1094 1122 1144 natura
1162 1096 1301 1145 nota
1341 1097 1447 1162 est,
1496 1086 1599 1146 sed
1643 1087 1771 1146 alise
1814 1087 1874 1145 in
1919 1088 2190 1166 positivo,
2231 1088 2360 1147 ideo
2392 1097 2525 1147 suut
2552 1109 2628 1148 ex

215 1167 399 1226 libera
427 1165 781 1226 revelatione
804 1188 818 1241 ;
863 1175 986 1224 tum
1015 1165 1075 1223 in
1103 1168 1419 1241 duratione,
1443 1167 1556 1224 llla
1583 1168 1960 1227 immutabilis
1987 1177 2046 1227 et
2075 1177 2305 1244 aeterna,
2340 1169 2476 1228 Istae
2505 1189 2628 1227 mu·

214 1248 424 1306 tabiles
470 1256 529 1305 et
573 1245 952 1324 temporales;
997 1254 1122 1304 tum
1165 1247 1388 1306 ratione
1437 1248 1644 1322 objecti,
1694 1248 1806 1305 Illa
1853 1248 2217 1322 universalis,
2250 1269 2379 1325 qnae
2428 1269 2629 1308 omnes

215 1328 470 1405 respicit,
519 1327 656 1385 Istae
698 1325 1089 1404 particulares,
1122 1346 1252 1402 quse
1290 1335 1513 1386 tantum
1543 1328 1826 1402 Judaeos;
1875 1328 2178 1405 (Forensis
2206 1328 2439 1405 quidem
2485 1350 2625 1406 qua·

211 1417 381 1466 tenus
430 1427 531 1465 eos
581 1416 643 1464 ut
688 1407 892 1483 Remp.
936 1405 1265 1464 distinctam
1308 1407 1434 1466 Deo
1479 1407 1803 1466 dedicatam
1850 1408 2165 1485 spectabat,
2199 1409 2628 1468 Caeremonialis

214 1507 353 1545 vero
385 1507 515 1563 quae
545 1496 760 1545 statum
789 1504 986 1545 eorum
1017 1486 1508 1562 Ecclesiasticum,
1540 1496 1598 1546 et
1628 1496 1842 1546 statum
1884 1488 2278 1547 minorennem
2308 1497 2366 1547 et
2394 1488 2625 1548 infanti·

213 1567 325 1625 lem
356 1566 702 1644 respiciebat
721 1566 765 1646 ς)
809 1575 932 1624 tum
955 1566 1174 1625 ratione
1197 1587 1343 1642 usus,
1359 1568 1496 1643 quia
1520 1567 1764 1626 Moralis
1787 1567 1918 1627 finis
1940 1578 2028 1627 est
2057 1568 2316 1643 aliarum,
2338 1569 2466 1626 alise
2489 1589 2628 1629 vero

214 1647 416 1704 morali
447 1646 838 1705 subserviunt.
925 1646 1226 1704 Hactenus
1268 1646 1341 1705 de
1371 1647 1583 1705 Morali
1626 1647 1885 1707 dictum:
1930 1648 1981 1705 N
1988 1668 2099 1707 unc
2128 1647 2201 1706 de
2231 1649 2630 1707 Caeremoniali

132 1788 150 1799 ‚
215 1725 645 1804 disputandum.

239 990 512 1035 Discrimen
551 989 696 1058 Legi·

269 1050 471 1093 moralis
493 1048 554 1092 ab
570 1049 696 1091 alus.

819 1807 930 1865 IV.
972 1809 1102 1866 Lex
1144 1808 1562 1885 caeremonialis,
1608 1817 1699 1869 est
1744 1809 2012 1903 Systema
2043 1808 2467 1887 Praeceptorum
2513 1809 2625 1869 Dei

741 1887 1123 1966 positivorum
1169 1888 1240 1947 de
1290 1890 1450 1949 cultu
1494 1899 1736 1949 externo
1781 1910 1841 1947 m
1892 1890 2069 1948 sacris
2114 1890 2297 1948 veteri
2347 1890 2625 1949 Ecclesiae

743 1968 1095 2045 praescripto,
1127 1969 1222 2026 vel
1252 1968 1470 2028 ordinis
1497 1970 1595 2028 vel
1638 1969 2077 2047 significationis
2119 1990 2311 2028 causa.
2398 1971 2490 2028 lta
2538 1971 2624 2028 di-

211 2050 362 2109 citur
390 2050 464 2108 ab
494 2052 715 2126 objectO,
746 2047 899 2106 circa
925 2048 1084 2124 quod
1111 2057 1390 2123 versatur,
1423 2049 1560 2107 nim.
1591 2050 1948 2109 caeremoniis
1991 2069 2092 2109 seu
2120 2049 2329 2109 ritibus
2358 2050 2537 2108 sacris
2565 2050 2626 2108 in

211 2140 454 2189 externo
499 2131 611 2188 Dei
660 2128 818 2187 cultu
864 2127 1003 2185 olim
1051 2128 1466 2205 observandis3
1514 2130 1639 2188 sive
1668 2150 1788 2188 vox
1820 2130 2182 2189 Caeremonioe
2226 2129 2544 2188 deducatur
2592 2151 2628 2189 a

211 2229 352 2268 voce
385 2211 633 2269 Etrusca
674 2228 848 2283 cerus,
881 2228 1010 2284 quse
1057 2218 1311 2266 sanctum
1355 2208 1662 2285 significat,
1696 2218 1760 2268 ut
1801 2230 1836 2266 a
1880 2217 2080 2267 sancto
2123 2210 2520 2284 sanctimonia,
2557 2219 2625 2270 ut

212 2290 340 2348 vult
366 2291 600 2366 Joseph.
620 2289 876 2363 Scaliger
903 2297 963 2346 et
980 2289 1151 2348 Dion.
1181 2289 1559 2361 Gotkofredus
1587 2288 1648 2345 in
1677 2288 1831 2347 notis
1858 2289 1933 2346 ad
1966 2289 2239 2348 Festum:
2282 2289 2378 2348 vel
2407 2310 2442 2347 a
2466 2291 2625 2350 Coere

211 2368 479 2428 Thusciae
530 2369 759 2447 oppido,
791 2368 964 2444 quod,
998 2369 1151 2445 quia,
1185 2388 1360 2444 quum
1394 2368 1553 2427 Galli
1584 2368 1830 2426 Romam
1876 2376 2273 2445 occupassent,
2318 2390 2624 2428 conserva-

209 2458 344 2508 runt
399 2459 676 2508 aeternum
720 2449 909 2526 ignem
955 2457 1014 2507 et
1043 2449 1318 2526 Virgines
1347 2448 1637 2523 Vestales,
1680 2447 1897 2507 dictum
1941 2448 2018 2507 sit
2059 2448 2371 2507 sacrarium
2426 2449 2626 2526 populi

213 2529 462 2588 Romani
490 2539 548 2589 et
589 2528 1012 2607 receptaculum
1044 2529 1212 2587 Rom.
1243 2548 1552 2603 sacrorum,
1585 2537 1644 2587 et
1673 2529 1922 2586 Romani
1963 2529 2440 2587 remunerationis
2484 2549 2625 2607 ergo

212 2630 406 2669 sacros
449 2611 597 2669 ritus
645 2631 680 2668 a
708 2610 867 2667 Caere
913 2608 1166 2668 dixerint
1214 2610 1600 2685 caeremonias,
1632 2619 1699 2669 ut
1740 2610 1945 2669 volunt
1984 2612 2174 2668 Valer.
2217 2611 2407 2668 Aleiaxi.
2452 2610 2552 2668 lib.
2584 2610 2622 2670 i.

211 2710 336 2767 cap.
361 2693 412 2765 1,
444 2692 673 2764 Florus,
705 2690 806 2748 lib.
838 2689 875 2747 i.
907 2708 1030 2765 cap.
1058 2693 1160 2763 133
1193 2690 1325 2765 Vel,
1347 2690 1503 2768 quod
1533 2690 1922 2749 verosimilius
1951 2699 2056 2766 est,
2089 2689 2163 2747 ab
2195 2690 2446 2749 Hebraeo
2473 2707 2623 2767 εει-ι,

209 2770 369 2847 quod
396 2790 517 2828 rem
547 2789 768 2829 sacram
796 2777 854 2827 et
885 2769 1011 2827 Deo
1039 2769 1309 2828 devotam
1340 2770 1646 2848 significat.

292 2851 367 2909 V.
412 2850 608 2908 Variis
636 2849 967 2908 nominibus
996 2849 1322 2926 insignitur,
1354 2850 1527 2909 modo
1556 2871 1659 2927 per
1694 2869 1866 2923 :vt-n,
1901 2849 1991 2927 (ut
2017 2869 2242 2911 :mvn
2271 2852 2313 2912 J
2318 2852 2623 2911 udicialem

211 2938 432 3004 notant,
464 2938 523 2988 et
548 2952 674 2988 mxu
713 2929 987 2986 moralem
1005 2928 1047 3008 ς)
1081 2928 1251 2987 modo
1281 2950 1383 3006 per
1412 2931 1545 3005 η’μον
1572 2935 1664 2988 viv
1694 2932 1886 2989 ἔντολόυ
1916 2932 1954 2988 ἓν
1982 2927 2220 3006 δόγμασι,
2255 2932 2404 3008 Eph.
2435 2933 2493 2992 ll.
2529 2935 2621 3006 15,

211 3010 349 3085 qnia
395 3018 683 3087 praecepta
724 3008 882 3066 illius
927 3017 1062 3067 sunt
1101 3005 1380 3085 δεδογμένα,
1413 3030 1447 3067 a
1479 3012 1590 3069 Dei
1619 3012 1919 3070 voluntate
1962 3012 2199 3085 sancita,
2230 3031 2359 3087 quae
2404 3013 2624 3070 nullam

211 3089 429 3149 habent
455 3090 789 3160 bonitatem,
814 3107 986 3165 quam
1016 3089 1090 3146 ab
1118 3090 1356 3147 arbitrio
1384 3087 1613 3163 divino;
1643 3091 1817 3149 modo
1846 3110 1947 3166 per
1975 3091 2158 3150 ἐντολὴν
2185 3092 2433 3168 vagamini,
2468 3091 2622 3149 Heb.

211 3169 313 3227 vii.
350 3174 441 3244 16,
474 3178 534 3228 et
562 3166 884 3243 δικαιώματα
907 3173 1102 3249 agiu,
1138 3169 1290 3226 Heb.
1321 3169 1403 3226 ix.
1438 3171 1529 3242 10,
1563 3170 1700 3244 quia
1729 3170 1789 3227 in
1817 3162 2274 3226 rebus'externis
2304 3181 2362 3226 et
2390 3188 2623 3246 corrup-

210 3248 477 3307 tibilibus
504 3249 945 3327 praescribendis
973 3256 1301 3324 occupatur,
1317 3268 1446 3324 quae
1475 3248 1665 3305 carnis
1693 3248 1923 3307 nomine
1944 3247 2185 3305 veniunt
2211 3247 2271 3304 in
2296 3247 2618 3323 Scriptura;

207 3328 383 3387 modo
412 3349 515 3405 per
541 3335 769 3404 στοιχεῖα
798 3334 962 3393 ieeur?
987 3334 1076 3386 καὶ
1105 3332 1295 3404 πτωχὰ
1322 3335 1410 3386 τοῦ
1434 3328 1639 3401 κόσμου,
1662 3330 1929 3385 elementa
1945 3346 2119 3398 egena
2140 3336 2194 3385 et
2212 3327 2437 3406 infirma
2464 3347 2622 3386 mun·

208 3410 286 3482 di,
320 3409 512 3468 Galat.
544 3411 624 3467 iv.
650 3417 704 3484 9,
735 3410 873 3485 quia
900 3422 1063 3468 erant
1092 3410 1274 3485 prima
1302 3408 1629 3466 rudimenta
1656 3415 1715 3466 et
1744 3406 1924 3465 veluti
1953 3406 2321 3484 alphabetum
2344 3406 2624 3466 Ecclesiae

207 3487 252 3547 J
257 3488 497 3563 udai’cae,
529 3489 591 3546 in
619 3509 734 3566 quo
764 3489 1007 3547 durante
1037 3488 1286 3547 infantili
1316 3496 1484 3546 aetate
1526 3487 1824 3545 informari
1866 3486 2084 3562 debuit,
2116 3508 2246 3564 quae
2288 3487 2434 3545 nihil
2461 3496 2621 3565 pote-

205 3577 336 3626 rant
361 3587 466 3645 per
494 3588 557 3626 se
585 3569 679 3627 vel
707 3568 781 3626 ad
800 3568 1292 3646 justificationem,
1323 3568 1418 3625 vel
1448 3566 1523 3624 ad
1551 3567 1815 3626 salutem.

282 3713 294 3725 ⁸
628 3715 639 3726 .
816 3648 926 3707 VI.
973 3648 1340 3707 Caeremoniae
1371 3655 1504 3706 sunt
1532 3648 1757 3706 externi
1789 3646 1978 3721 Ritus,
2009 3656 2068 3705 et
2110 3668 2271 3707 sacra
2300 3648 2481 3708 cultui
2512 3648 2625 3708 Dei

207 3711 359 3773 ⁰¹¹ss⁰
371 3712 692 3816 Qffjmnw
734 3728 1071 3802 accidentia,
1102 3747 1232 3804 quse
1260 3728 1386 3805 ipsa
1413 3747 1517 3803 per
1552 3747 1614 3786 se
1656 3727 1847 3786 cultus
1879 3727 1991 3786 Dei
2031 3747 2148 3785 non
2193 3737 2344 3803 sunt,
2377 3729 2481 3788 sed
2521 3729 2622 3788 ad·

727 3809 932 3885 juncta
973 3808 1434 3880 concomitantia,
1467 3816 1525 3866 et
1570 3807 1930 3884 adjuvantia,
1977 3807 2413 3884 significatione,
2458 3828 2622 3866 exer-

205 3885 364 3956 citio,
396 3905 585 3962 opere,
618 3896 676 3946 et
704 3887 931 3946 decoro.
1018 3888 1193 3946 Ortus
1222 3907 1416 3945 earum
1447 3896 1506 3945 et
1549 3887 1983 3946 fundamentum
2029 3887 2244 3963 petitur
2271 3907 2306 3943 a
2332 3895 2538 3945 natura
2566 3896 2625 3947 et

205 3964 541 4024 conditione
571 3967 956 4043 hominis,qui
985 3987 1115 4026 cum
1146 3968 1222 4026 sit
1250 3968 1470 4025 animal
1495 3966 1963 4039 caeremoniosum
1989 3974 2053 4023 ut
2079 3965 2337 4042 loquitur
2366 3966 2622 4024 Melanc-

204 4054 327 4118 ton,
360 4046 720 4106 caeremoniis
762 4056 820 4106 et
863 4047 1071 4106 ritibus
1113 4047 1368 4105 externis
1411 4046 1683 4120 adhaeret,
1716 4053 1773 4103 et
1814 4045 2095 4120 afficitur3
2141 4054 2200 4103 et
2240 4066 2368 4105 cum
2399 4055 2626 4106 constet

205 4126 404 4182 anima
447 4133 505 4183 et
548 4146 801 4203 corpore,
834 4135 893 4186 et
937 4127 996 4183 in
1037 4136 1282 4203 utroque
1315 4127 1503 4184 Deum
1555 4125 1878 4204 glorificare
1926 4123 2150 4198 debeat,
2181 4124 2326 4183 ritus
2370 4125 2626 4201 postulat

203 4214 503 4277 externos,
526 4206 737 4282 quibus
766 4206 1021 4284 corporis
1050 4216 1241 4265 motus
1270 4206 1344 4263 ad
1366 4207 1476 4265 Dei
1505 4206 1726 4266 cultum
1756 4212 2080 4281 componat,
2105 4212 2164 4261 et
2191 4224 2226 4261 a
2254 4204 2626 4264 sensibilibus

203 4293 269 4342 et
297 4285 540 4342 terrenis
569 4287 853 4344 evehatur
879 4286 954 4343 ad
983 4286 1304 4363 spiritualia
1347 4295 1406 4344 et
1450 4285 1726 4344 coelestia.
1812 4284 1970 4342 Hinc
2007 4282 2065 4339 in
2096 4291 2248 4341 statu
2277 4284 2626 4361 integritatis

203 4383 328 4420 non
371 4363 678 4423 defuerunt
726 4374 968 4424 externa
1013 4366 1279 4443 quaedam
1327 4366 1592 4441 symbola
1636 4367 1896 4441 ritusque
1946 4364 2389 4439 caeremonialeS,
2437 4364 2627 4440 qualis

200 4442 319 4500 fuit
346 4443 518 4500 arbor
546 4444 700 4519 vitae,
733 4465 851 4523 prae
880 4446 1105 4504 caeteris
1133 4445 1420 4504 destinata
1463 4447 1526 4503 in
1572 4453 1990 4503 sacramentum
2022 4442 2256 4501 foederis
2283 4453 2342 4501 et
2382 4444 2625 4520 promis-

202 4523 456 4594 sionum,
488 4532 547 4582 et
575 4525 746 4582 arbor
775 4525 1029 4583 scientias
1058 4525 1196 4583 boni
1225 4533 1283 4583 et
1309 4524 1464 4600 mali,
1496 4545 1627 4601 quae
1672 4524 1844 4582 unica
1884 4544 1916 4582 e
1958 4523 2156 4581 multis
2183 4523 2243 4580 in
2271 4524 2628 4600 probationis

205 4601 544 4678 symbolum
574 4616 904 4682 separatur3
951 4605 1140 4683 qualis
1185 4604 1294 4663 fuit
1336 4605 1509 4663 etiam
1543 4604 1823 4662 sabbathi
1870 4603 2265 4661 sanctificatio.
2354 4603 2469 4663 Sed
2497 4615 2630 4681 post

191 4690 509 4760 ‘peccatum
551 4685 735 4744 crevit
775 4686 1017 4745 istorum
1074 4685 1286 4744 rituum
1331 4684 1665 4759 necessitas,
1723 4703 1839 4741 non
1884 4691 2109 4742 tantum
2152 4683 2227 4743 ad
2271 4685 2511 4758 nbraeh'aer,
2571 4696 2631 4747 et

369 4780 521 4821 rans
552 4782 614 4822 11.
1253 4784 1254 4787 ¹
2364 4785 2385 4820 1

214 1871 341 1923 Quid
361 1873 429 1918 sit
438 1872 542 1917 Lex
556 1881 696 1919 enro-

327 1931 568 1977 monialis.
