3221 5200
438 372 554 426 210
1338 380 1518 420 Locus
1550 378 1948 419 nuonncmus.
2445 356 2693 438 [Quffls'r.
2727 376 2855 416 vm.

658 593 669 604 ·
1052 522 1302 580 XVIII.
1348 519 1671 580 Orthodoxi
1695 520 2001 578 discrimen
2024 519 2173 577 inter
2191 519 2266 577 V.
2287 526 2345 577 et
2365 519 2436 577 N.
2461 520 2530 577 T.
2553 520 2667 578 late
2693 539 2852 595 spec-

448 595 716 639 S⁰¹¹²⁰¹¹t¹⁸⁹
758 592 925 661 Rest'ff'·
968 611 1150 661 tatum
1182 609 1440 660 statuunt
1467 608 1692 659 tantum
1734 599 2105 672 accidentale,
2150 619 2266 657 non
2309 598 2632 672 essentiale,
2664 598 2858 674 quoad

505 651 820 753 ξ’ἒέξῗζωῗῑθ
834 651 928 752 ὼέξ
969 681 1428 742 circumstantias
1471 689 1529 738 et
1572 680 1807 738 modum
1850 687 1908 738 et
1951 678 2193 755 gradum
2239 678 2339 752 rei,
2371 699 2486 737 non
2515 679 2707 756 quoad
2735 698 2856 736 rem

499 767 566 836 ⁸N·
590 767 816 812 Foederis.
968 764 1171 840 ipsam,
1204 781 1333 838 quoe
1361 760 1667 836 utrobique
1690 760 1891 817 eadem
1920 759 2044 832 fuit,
2078 759 2250 835 quod,
2287 760 2411 836 jam
2451 778 2626 834 supra
2646 758 2854 834 proba-

450 825 708 927 Digerun'la
750 824 792 868 ¹·
833 824 927 909 ¹³:³1
970 852 1109 918 tum,
1131 841 1372 901 ulterius
1401 840 1740 914 ostenditur,
1773 842 1824 898 1.
1853 839 2099 897 Ratione
2134 840 2422 914 Temporis
2439 863 2462 910 ;
2502 838 2651 911 Quia
2669 838 2858 896 Vetus

533 899 640 928 ¹⁰⁰⁰
696 898 927 940 empons,
970 922 1264 999 praecessit
1293 919 1601 993 Christum,
1636 920 1866 977 Novum
1896 939 2034 977 vero
2063 939 2194 977 eum
2224 919 2519 995 seqnitur;
2567 917 2727 976 Illud
2768 937 2855 975 re-

449 1002 642 1081 spexit
671 1002 963 1061 Christum
1004 1001 1394 1061 exhibendum
1416 1025 1417 1028 ¹
1439 1010 1497 1058 et
1524 1008 1849 1074 venturum,
1884 998 2053 1057 Istud
2093 1018 2231 1057 vero
2262 998 2554 1056 Christum
2590 997 2713 1073 jam
2756 1018 2855 1055 ex·

447 1084 695 1142 bibitum
740 1089 798 1140 et
841 1082 1286 1140 manifestatum.
1374 1079 1544 1140 Unde
1591 1080 1791 1138 beatos
1831 1078 2173 1156 pronunciat
2214 1078 2412 1137 oculos
2443 1077 2858 1154 Apostolorum

451 1163 730 1236 Christus,
762 1160 916 1238 quod
945 1161 1182 1219 videant
1210 1181 1280 1219 ea
1306 1180 1435 1236 quae
1468 1160 1770 1237 Prophetae
1800 1169 1858 1217 et
1888 1160 2082 1235 Reges
2111 1167 2381 1235 optarunt
2410 1158 2624 1232 videre,
2657 1168 2714 1215 et
2741 1177 2860 1214 non

449 1243 721 1300 viderunt
749 1249 957 1316 tamen,
993 1242 1132 1300 Luc.
1164 1263 1221 1299 x.
1254 1244 1350 1315 23,
1388 1244 1484 1297 24.

1059 1321 1249 1380 XIX.
1311 1326 1366 1378 2.
1432 1319 1678 1378 Ratione
1718 1319 2015 1379 Claritatis
2043 1327 2101 1377 et
2151 1318 2516 1378 Obscuritatis
2534 1342 2556 1389 ;
2606 1316 2753 1391 Quia
2799 1316 2858 1373 in

980 1401 1146 1458 Novo
1174 1401 1348 1476 longe
1390 1399 1601 1458 clarius
1641 1407 2038 1477 proponuntur
2078 1398 2370 1475 mysteria,
2403 1396 2647 1455 sublatis
2688 1417 2860 1454 caere-

974 1480 1292 1538 moniarum
1338 1488 1397 1538 et
1440 1488 1706 1556 typorum
1748 1480 1895 1537 velis
1937 1487 1995 1537 et
2035 1479 2292 1537 umbris:
2336 1477 2489 1535 unde
2521 1476 2859 1553 Apostolus,

454 1564 489 1618 2
522 1561 651 1618 Cor.
683 1559 763 1618 iii.
799 1562 889 1633 18,
922 1559 1063 1618 dicit
1090 1580 1196 1618 nos
1218 1559 1668 1635 ἀνακεκαλυμμένῳ
1697 1560 1942 1639 revoria-q
1974 1568 2182 1616 retecta
2193 1559 2352 1632 facie
2373 1557 2501 1634 (per
2528 1556 2860 1615 antithesim

453 1640 529 1698 ad
558 1640 802 1715 Mosem,
835 1640 934 1716 qui
962 1640 1094 1698 velo
1122 1640 1324 1698 faeiem
1369 1661 1530 1698 suam
1561 1639 1812 1715 tegebat,
1843 1660 1900 1696 v.
1933 1643 1986 1712 7,
2019 1638 2079 1694 in
2121 1637 2449 1713 symbolum
2495 1636 2862 1694 obscuritatis

454 1719 736 1799 Legalis),
755 1719 1046 1797 “gloriam
1069 1720 1302 1777 Domini
1318 1720 1729 1799 κατοπτςιζεα-θιιι
1753 1717 2126 1794 contemplari
2149 1718 2208 1774 in
2231 1717 2504 1794 speculo''
2531 1715 2859 1792 Evangelii.

453 1801 590 1859 Vet.
610 1800 767 1858 Test.
800 1807 982 1859 totum
1014 1800 1397 1876 symbolicum
1427 1800 1536 1859 fuit
1564 1809 1623 1857 et
1650 1798 2039 1874 figurativum,
2072 1796 2228 1873 quod
2258 1796 2519 1855 umbram
2549 1795 2751 1853 habuit
2772 1815 2860 1851 re·

455 1899 580 1939 rum
611 1880 949 1954 futurarum,
980 1900 1096 1937 non
1140 1880 1449 1957 perfectam
1477 1899 1668 1937 rerum
1689 1879 2015 1953 imaginem,
2049 1877 2202 1935 ch.
2234 1898 2293 1933 x.
2329 1879 2381 1934 1.
2470 1875 2584 1933 Sed
2630 1875 2862 1933 Novum

452 1961 690 2037 planum
718 1969 808 2019 est
835 1968 894 2018 et
921 1970 1198 2036 apertum,
1231 1960 1289 2016 in
1332 1980 1446 2036 quo
1476 1960 1662 2035 gratia
1703 1958 1869 2015 nobis
1903 1961 1937 1989 ‘⁴
1961 1958 2169 2027 ἐπεφάνη
2212 1957 2363 2015 clare
2400 1954 2687 2031 patefacta
2715 1956 2860 2027 est,''

454 2041 568 2098 Tit.
599 2040 658 2098 ii.
694 2042 786 2096 11.
874 2039 1045 2099 Unde
1074 2039 1327 2115 Tempus
1357 2040 1489 2096 Vct.
1521 2039 1678 2095 Test.
1704 2036 1994 2094 confertur
2021 2038 2193 2109 nocti,
2226 2037 2300 2095 ob
2319 2035 2572 2094 nondum
2598 2043 2864 2093 exortum

459 2121 654 2179 Solem
674 2112 952 2197 justitiae?
968 2127 1025 2178 et
1054 2119 1306 2196 Tempus
1337 2118 1507 2192 Novi,
1539 2117 1672 2190 diei,
1703 2118 1763 2174 in
1793 2137 1906 2193 quo
1930 2117 2134 2175 Oriens
2163 2137 2236 2174 ex
2259 2116 2376 2174 alto
2399 2124 2559 2173 ortus
2578 2124 2683 2173 est.
2729 2115 2865 2172 Huc

454 2200 719 2277 pertinet,
751 2199 923 2276 quod,
970 2199 1107 2257 lieet
1149 2199 1349 2256 eadem
1392 2197 1701 2256 haereditas
1746 2196 1995 2256 coelestis
2025 2204 2083 2254 et
2125 2196 2428 2272 promissio
2470 2196 2607 2253 vitae
2637 2202 2866 2253 aetemoe

455 2280 760 2356 utrobique
805 2288 1102 2354 occurrat3
1163 2279 1330 2338 aliter
1373 2287 1566 2337 tamen
1606 2278 1945 2355 proponitur
1985 2277 2043 2334 in
2075 2277 2276 2334 Veteri
2319 2284 2377 2335 et
2414 2277 2582 2334 Novo
2610 2276 2864 2333 Testem.

457 2360 529 2416 In
560 2360 728 2417 Novo
756 2358 1126 2417 Testamento
1154 2359 1387 2435 quidem
1417 2358 1568 2417 clare
1597 2367 1655 2417 et
1683 2366 1875 2434 aperte
1920 2366 1978 2415 et
2014 2357 2167 2415 nude
2197 2357 2319 2414 sine
2350 2357 2484 2415 ullis
2513 2355 2866 2414 involueris:

458 2440 543 2498 At
570 2439 630 2497 in
660 2439 861 2497 Veteri
906 2439 1167 2497 involuta
1195 2439 1350 2515 typis
1394 2459 1462 2496 ac
1503 2439 1843 2515 pignoribus
1886 2437 2143 2510 terrenis,
2176 2437 2327 2495 inter
2363 2457 2491 2513 quae
2519 2444 2651 2513 post
2678 2435 2869 2493 foedus

458 2539 587 2578 cum
619 2518 955 2576 Abrahamo
982 2516 1213 2593 factum,
1235 2518 1510 2577 excelluit
1537 2518 1843 2576 haereditas
1871 2527 2037 2576 terrae
2068 2518 2318 2576 Canaan.
2403 2516 2588 2590 Quam
2611 2515 2866 2592 typicam

456 2599 652 2672 fuisse,
684 2606 743 2656 et
769 2598 917 2656 ratio
947 2598 1070 2674 ipsa
1099 2597 1293 2673 dietat,
1315 2619 1444 2657 eum
1476 2597 1691 2656 nullius
1719 2598 1855 2655 boni
1878 2597 2088 2656 terreni
2111 2606 2169 2655 et
2189 2596 2336 2656 finiti
2358 2606 2868 2674 quantumcunque

459 2677 658 2736 eximii
706 2678 996 2753 possessio
1043 2677 1222 2754 possit
1272 2678 1519 2735 animam
1565 2677 1772 2735 satiare
1815 2687 1873 2735 et
1915 2678 2100 2752 beare,
2151 2678 2253 2735 sed
2289 2685 2512 2736 tantum
2544 2676 2657 2735 Dei
2684 2675 2868 2753 ipsius

461 2756 660 2815 aeterni
689 2765 747 2814 et
774 2755 984 2814 infiniti
1012 2756 1206 2813 fruitio
1230 2778 1244 2832 3
1292 2758 1369 2815 Et
1399 2756 1617 2814 Paulus
1646 2775 1917 2833 expresse
1948 2764 2205 2831 testatur,
2241 2756 2390 2814 Heb.
2423 2756 2501 2814 iv.

1067 2836 1221 2893 XX.
1266 2840 1320 2894 3.
1356 2836 1600 2894 Ratione
1630 2835 1989 2908 Facz’lz'tatis;
2033 2836 2180 2910 Quia
2213 2835 2632 2894 administratio
2661 2843 2719 2894 et
2768 2850 2868 2892 λιι·

985 2917 1118 2997 τςείι
1146 2916 1319 2993 longe
1358 2916 1467 2974 fuit
1494 2916 1787 2992 operosior
1827 2915 1887 2972 in
1919 2916 2135 2990 Veteri,
2167 2936 2340 2993 quam
2397 2916 2457 2973 in
2514 2916 2683 2973 Novo
2728 2915 2868 2973 Tes-

984 3004 1255 3068 tamentO,
1287 2996 1454 3072 cujus
1502 2996 1873 3055 Sacramenta
1921 3016 2159 3053 numero
2206 3004 2339 3053 sunt
2380 3015 2579 3072 pauca,
2625 3003 2874 3071 augusta

463 3074 809 3154 significatu,
861 3076 1171 3135 observatu
1219 3075 1509 3134 facillima.
1616 3076 1744 3151 Quo
1794 3084 2056 3152 spectant
2096 3076 2208 3134 ista
2236 3076 2489 3152 August.
2532 3074 2633 3133 lib.
2665 3075 2786 3131 xix.
2818 3096 2870 3131 e.

465 3157 664 3216 Faust.
695 3176 819 3233 cap.
855 3159 946 3230 13,
982 3159 1018 3189 “
1043 3157 1236 3214 Prima
1269 3156 1656 3229 Sacramenta,
1678 3176 1807 3233 quae
1830 3155 2286 3214 observabantur
2307 3175 2380 3212 ex
2405 3155 2580 3230 Lege,
2604 3174 2871 3231 praenun-

459 3237 672 3295 eiativa
715 3246 880 3295 erant
908 3236 1122 3296 Christi
1150 3237 1396 3311 venturi,
1428 3257 1575 3313 quae,
1609 3256 1740 3295 eum
1770 3256 1873 3294 suo
1908 3236 2163 3293 adventu
2193 3234 2455 3293 Christus
2493 3234 2871 3310 implevisset,

463 3318 657 3376 ablata
685 3324 836 3390 sunt,
869 3325 927 3374 et
957 3315 1085 3374 ideo
1114 3316 1323 3387 ablata,
1356 3317 1492 3393 quia
1519 3315 1814 3392 impleta‚’'
1846 3313 1974 3389 δια,
2009 3316 2126 3373 “et
2152 3314 2265 3372 alia
2293 3324 2427 3372 sunt
2461 3315 2726 3373 instituta
2753 3314 2871 3372 vir-

463 3405 585 3456 tute
634 3396 872 3471 majora,
917 3396 1164 3453 utilitate
1214 3396 1466 3469 meliora,
1498 3406 1632 3454 actu
1670 3395 1952 3478 faciliora,
1983 3414 2223 3453 numero
2264 3394 2550 3470 pauciora,
2599 3404 2872 3470 tanquam

459 3475 690 3551 justitia
718 3474 853 3531 fidei
881 3474 1152 3548 revelata,
1185 3482 1243 3531 et
1270 3475 1329 3531 in
1357 3475 1681 3533 libertatem
1712 3475 1933 3533 vocatis
1960 3474 2095 3531 filiis
2128 3473 2255 3548 Dei,
2279 3475 2425 3550 jugo
2455 3473 2750 3532 servitutis
2772 3473 2873 3530 ab·

463 3555 599 3625 late,
621 3552 779 3628 quod
806 3552 950 3610 duro
980 3561 1039 3611 et
1066 3554 1224 3610 carni
1253 3552 1449 3611 dedito
1476 3555 1690 3630 populo
1720 3554 2133 3630 congruebat.''
2223 3554 2404 3630 Signa
2431 3554 2643 3629 quippe
2674 3553 2874 3611 Verbo

465 3632 663 3690 addita
691 3631 925 3707 genium
949 3631 1132 3690 Verbi
1158 3632 1482 3691 referebant
1504 3655 1518 3707 ;
1568 3633 1650 3691 Ut
1673 3634 1930 3691 Verbum
1954 3653 2067 3691 non
2090 3641 2208 3692 tam
2225 3632 2337 3691 fuit
2356 3633 2680 3708 Evangelii,
2700 3652 2874 3709 quam

467 3713 795 3787 ἔπαγγιλάις,
826 3732 943 3769 non
971 3712 1327 3771 annuncians
1358 3712 1650 3771 Christum
1678 3714 2018 3787 exhibitum,
2040 3713 2143 3771 sed
2169 3712 2569 3790 praenuncians
2597 3713 2877 3771 exhiben-

466 3794 622 3852 dum.
711 3794 802 3851 Ita
834 3793 1204 3851 Sacramenta
1232 3792 1462 3851 fuerunt
1478 3794 1604 3870 typi
1632 3814 1821 3851 rerum
1850 3793 2185 3868 futurarum,
2207 3813 2324 3851 non
2350 3792 2705 3851 memorialia
2731 3812 2878 3869 prae-

464 3874 779 3948 teritarum,
811 3881 876 3932 ut
904 3880 1117 3947 nostra,
1152 3876 1179 3930 1
1217 3874 1346 3932 Cor.
1371 3873 1449 3931 xi.
1492 3878 1587 3948 24,
1634 3874 2029 3951 chirographa,
2055 3894 2171 3932 non
2215 3893 2389 3931 merae
2426 3873 2680 3949 apochae,
2719 3892 2876 3930 eom-

463 3954 800 4013 memoratio
827 3953 1064 4030 peecati,
1097 3973 1211 4012 non
1242 3953 1706 4012 commemoratio
1749 3953 2013 4012 sacrificii
2040 3973 2145 4030 pro
2187 3952 2440 4030 peccatis
2461 3953 2585 4029 jam
2613 3952 2876 4029 praestiti.

467 4035 588 4093 Nec
617 4035 774 4092 valet
821 4032 979 4110 quod
1006 4033 1279 4110 objicitur
1325 4033 1668 4110 sanguinem
1696 4033 2060 4091 victimarum
2102 4033 2276 4108 longe
2320 4032 2530 4091 elarius
2564 4040 2622 4090 et
2649 4032 2880 4091 facilius

465 4114 838 4173 adumbrasse
867 4121 1109 4171 mortem
1140 4113 1371 4188 Christi,
1403 4132 1575 4190 quam
1606 4112 1871 4189 symbola
1897 4114 2063 4190 panis
2091 4122 2150 4171 et
2178 4113 2300 4170 vini
2329 4113 2389 4170 in
2412 4112 2795 4186 Eucharistia,
2819 4120 2881 4169 et

464 4194 740 4271 majorem
770 4211 896 4251 esse
925 4193 1250 4270 analogiam
1293 4193 1442 4251 inter
1482 4212 1711 4251 earnem
1751 4199 1809 4250 et
1849 4213 2095 4267 earnem,
2141 4212 2315 4270 quam
2357 4192 2506 4250 inter
2547 4211 2777 4250 carnem
2819 4200 2882 4249 et

465 4294 689 4351 panem.
792 4272 942 4348 Quia
984 4272 1097 4331 ista
1145 4272 1490 4350 significatio
1538 4291 1656 4329 nou
1696 4272 1946 4347 petenda
1991 4281 2078 4330 est
2121 4272 2459 4349 simpliciter
2498 4292 2586 4330 ex·
2607 4271 2880 4347 analoyia

454 4355 710 4431 physica,
743 4374 844 4411 seu
874 4352 1066 4429 quoad
1094 4372 1207 4411 esse
1243 4354 1531 4428 physicum
1572 4371 1780 4425 rerum,
1813 4351 1916 4409 sed
1955 4352 2241 4428 praecipue
2280 4350 2472 4428 quoad
2501 4372 2614 4409 esse
2640 4354 2877 4424 morale,

463 4444 524 4492 et
551 4454 626 4491 ex
654 4433 987 4491 institutione
1015 4432 1222 4506 divina,
1256 4453 1384 4509 quae
1426 4433 1601 4508 longe
1631 4431 1838 4489 clarior
1878 4441 1965 4489 est
1994 4431 2052 4488 in
2085 4432 2253 4490 Novo
2283 4432 2670 4504 TestamentO,
2703 4450 2880 4506 quam

464 4513 524 4569 in
554 4512 773 4570 Veteri.
858 4512 1054 4569 Antea
1080 4531 1234 4570 mors
1257 4512 1620 4570 victimarum
1643 4519 1701 4568 et
1729 4511 1965 4586 sanguis
1994 4512 2130 4588 agni
2151 4512 2590 4588 requirebantur
2630 4509 2704 4568 ad
2727 4509 2879 4585 figu-

464 4589 702 4648 randam
732 4591 947 4649 Christi
975 4598 1215 4649 mortem
1259 4592 1450 4650 adhuc
1497 4590 1746 4649 futuram
1773 4612 1786 4662 ;
1853 4590 1968 4649 Sed
2009 4601 2314 4667 postquam
2345 4590 2589 4667 contigit
2617 4590 2677 4647 in
2707 4590 2882 4647 Novo

465 4671 835 4729 Testamento
863 4689 980 4728 non
1009 4689 1243 4728 neeesse
1272 4670 1397 4746 fuit,
1428 4670 1543 4727 imo
1585 4689 1695 4727 nec
1722 4669 1923 4728 debuit
1950 4671 2197 4747 amplius
2242 4669 2571 4727 adumbrari
2601 4688 2702 4747 per
2745 4689 2879 4727 san-

490 1387 532 1430 2.
566 1387 774 1431 Ratione
797 1385 904 1430 Cla-

600 1445 764 1488 ritatis
782 1460 794 1497 ;

458 2900 504 2946 3.
535 2901 745 2947 Ratione
774 2899 944 2945 Facill-

637 2960 755 3004 tatis
771 2975 783 3014 ;
