3221 5200
480 331 600 389 260
1304 344 1484 386 nocns
1516 343 1773 383 nncums
1801 342 2070 383 rannus.
2557 322 2808 406 [Qumsr.
2838 347 2903 389 11.

487 508 626 549 num
654 487 877 566 fugatio
899 486 1006 546 ἕω.
993 531 1026 564 .,
1057 507 1186 565 quae
1213 507 1249 545 a
1279 487 1506 545 Christo
1534 506 1651 545 non
1681 486 1858 544 semel
1884 484 2037 545 facta
2064 505 2191 545 esse
2239 489 2510 545 constat?
2591 486 2691 545 An
2718 508 2907 550 meras

494 569 672 629 fuisse
717 568 1058 646 praestigiaS,
1110 567 1321 645 quibus
1369 567 1701 625 hominibus
1747 565 1930 625 illusit
1973 575 2032 626 et
2076 566 2399 662 imposuit?
2444 565 2563 626 Sed
2605 589 2783 645 quare
2811 571 2925 630 hoc

495 670 790 727 nunquam
819 648 906 707 illi
948 649 1238 726 objectum
1287 668 1322 705 a
1369 648 1412 707 J
1417 648 1597 707 udaels
1642 646 2045 705 infensissimis
2088 648 2216 725 ejus
2251 646 2534 723 hostibus,
2566 649 2667 726 qui
2694 670 2925 709 omnem

497 731 807 808 captabant
833 730 997 787 illum
1025 728 1302 806 perdendi
1325 729 1686 788 occasionem
1707 731 1736 786 Ρ
1801 728 1917 786 Cur
1943 747 2061 786 non
2088 728 2427 818 retegebant
2464 728 2837 806 impostorem
2865 739 2925 791 et

499 812 898 871 circulatorem
918 813 946 868 P
1028 809 1171 884 Quis
1199 829 1338 868 vero
1367 809 1609 867 alienior
1634 828 1890 885 unquam
1917 807 2028 866 fuit
2067 828 2103 866 a
2132 799 2628 886 Praes'tigiatorum
2657 811 2879 871 artibus
2899 815 2930 871 Ρ

503 892 611 951 Isti
638 892 889 951 lateb'ras
917 897 976 948 et
1003 910 1292 949 secessum
1321 898 1603 966 quaerunt,
1629 899 1688 948 et
1714 889 1904 948 lucem
1945 888 2194 966 fugiunt,
2225 897 2292 948 ut
2308 888 2536 948 facilius
2564 890 2759 950 fucum
2788 892 2925 951 sim

499 973 837 1051 plicioribus
864 970 1096 1029 faciant.
1184 970 1301 1030 Sed
1330 970 1593 1030 Christus
1642 971 1702 1027 in
1750 978 1948 1047 aperto
1998 979 2057 1028 et
2099 968 2330 1047 publice
2379 989 2572 1029 coram
2611 972 2927 1032 innumeris

502 1053 764 1128 testibuS,
797 1051 1041 1128 magnis,
1071 1051 1284 1128 parvis,
1316 1051 1519 1124 doctis,
1552 1050 1800 1109 indoctis
1818 1058 2102 1127 operatur,
2122 1070 2196 1108 ne
2223 1050 2400 1109 ullius
2426 1050 2647 1111 fraudis
2675 1053 2928 1130 suspicio

503 1152 802 1210 superesse
828 1140 1022 1210 queat.
1069 1132 1167 1189 Illi
1213 1151 1380 1207 vana,
1422 1131 1683 1206 ridicula,
1734 1139 1793 1189 et
1838 1130 2067 1189 inutilia
2108 1137 2416 1192 sectantur.
2505 1131 2622 1191 Sed
2662 1133 2930 1193 Christus

504 1213 650 1271 nihil
690 1213 802 1271 nisi
846 1220 1107 1271 sanctum
1169 1219 1228 1271 et
1289 1178 1537 1271 sal'utare
1578 1220 1865 1289 operatur.
1912 1211 2010 1269 Illi
2070 1212 2257 1288 turpis
2296 1210 2444 1269 lucri
2489 1214 2692 1291 gratia,
2751 1222 2811 1273 et
2863 1224 2932 1274 ut

506 1294 750 1371 gloriam
791 1293 890 1352 vel
931 1292 1151 1352 fumum
1195 1301 1443 1370 captent.
1513 1292 1629 1351 Sed
1671 1291 1812 1369 quid
1854 1292 2039 1350 simile
2082 1291 2144 1350 in
2186 1291 2433 1367 Christo,
2477 1294 2578 1371 qui
2618 1294 2815 1353 omnia
2854 1294 2932 1354 ad

508 1374 751 1433 salutem
803 1393 1037 1433 suorum
1098 1373 1329 1448 direxit,
1393 1381 1633 1432 eatenus
1693 1381 1759 1431 ut
1809 1392 2028 1466 pauper
2086 1372 2212 1431 fieri
2265 1373 2533 1449 voluerit,
2576 1382 2643 1434 ut
2680 1394 2760 1434 ex
2800 1374 2931 1453 ejus

506 1462 843 1532 paupertate
885 1454 1295 1512 ditesceremus
1314 1419 1351 1512 '?
1393 1453 1492 1511 Illi
1532 1453 1881 1530 turpissimis
1908 1452 2309 1531 mancipantur
2333 1420 2655 1530 affectibus,
2684 1462 2745 1514 et
2771 1455 2932 1514 carni

508 1555 576 1594 ac
605 1534 853 1593 daemoni
878 1535 1066 1594 litant.
1116 1534 1231 1593 Sed
1261 1533 1525 1593 Christus
1573 1533 1806 1610 pietatis
1849 1533 2143 1610 magister,
2172 1533 2235 1591 id
2263 1553 2439 1592 unum
2471 1535 2583 1593 sibi
2610 1537 2928 1614 proposuit,

508 1623 574 1674 ut
602 1615 964 1674 sanctitatem
1015 1614 1221 1673 animis
1268 1614 1482 1673 nostris
1523 1614 1906 1691 ingeneraret.
2007 1613 2106 1671 An
2158 1614 2449 1675 Christum
2497 1615 2778 1675 miracula
2819 1617 2934 1676 ista

510 1695 725 1755 virtute
754 1696 982 1772 magica
1010 1695 1230 1770 fecisse,
1263 1703 1328 1754 ut
1355 1695 1443 1752 illi
1490 1714 1607 1752 non
1647 1695 1824 1754 semel
1863 1694 2154 1772 objectum
2183 1714 2218 1753 a
2249 1695 2573 1772 Pharisaeis,
2604 1716 2785 1774 quum
2812 1697 2931 1755 vir·

509 1783 632 1836 tute
664 1776 978 1835 Beelzebul
1009 1775 1294 1852 Principis
1323 1775 1736 1834 daemoniorum
1758 1775 1920 1833 illum
1951 1775 2160 1852 ejicere
2189 1775 2474 1835 daemonia
2501 1777 2931 1837 calumniaban-

509 1865 603 1916 tur
622 1860 651 1916 P
735 1856 853 1915 Sed
881 1877 984 1915 cur
1009 1856 1197 1934 magis
1225 1857 1268 1916 J
1271 1855 1424 1916 udaei
1452 1857 1560 1915 hoc
1591 1855 1870 1933 suspicari
1905 1864 2149 1933 possunt
2195 1856 2268 1914 de
2305 1858 2347 1918 J
2352 1876 2453 1916 esu
2484 1858 2798 1933 Nazareno,
2829 1858 2935 1935 qui

508 1936 656 1995 fabri
702 1936 858 1996 filius
901 1937 1136 1996 habitus
1184 1945 1288 2010 est,
1339 1956 1513 2013 quam
1563 1937 1634 1995 de
1665 1937 1850 2012 Mose,
1881 1936 1980 2013 qui
2020 1936 2080 2000 in
2108 1937 2241 1995 aula
2268 1937 2625 2015 AEgyptiaca
2651 1937 2935 1998 educatus

508 2017 698 2096 potuit
724 2017 865 2077 artis
892 2018 1132 2095 magicae
1160 2017 1520 2095 penitissima
1567 2017 1897 2094 cognitione
1926 2016 2106 2075 imbui
2127 2020 2155 2075 P
2199 2017 2424 2077 Deinde
2449 2018 2583 2096 quis
2610 2017 2936 2096 suspicetur

509 2098 607 2157 vel
654 2097 878 2173 leviter,
910 2108 1011 2158 aut
1039 2118 1273 2176 magum
1301 2098 1483 2157 ullum
1514 2099 1787 2175 potuisse,
1830 2105 1930 2156 aut
1977 2096 2295 2155 daemonem
2333 2099 2517 2157 ullum
2561 2098 2815 2157 voluisse
2844 2106 2936 2159 tot

508 2199 683 2257 opera
710 2188 999 2256 praestare,
1031 2200 1161 2257 quse
1188 2199 1347 2238 mera
1375 2179 1605 2238 fuerunt
1632 2178 1912 2237 beneficia
1940 2177 2140 2254 generi
2165 2178 2418 2238 humano
2445 2179 2745 2256 praestita?
2785 2179 2934 2254 Quis

510 2259 708 2319 credat
737 2260 1047 2318 Diabolum
1076 2260 1137 2318 in
1167 2261 1256 2319 sui
1283 2259 1593 2337 perniciem
1624 2267 1683 2318 et
1710 2258 2034 2336 tyrannidis
2079 2277 2198 2316 suoe
2236 2259 2683 2319 destructionem
2712 2279 2936 2319 armare

513 2340 805 2399 Christum
834 2341 1135 2400 voluisse?
1177 2341 1299 2399 Nec
1328 2340 1389 2398 id
1425 2340 1549 2399 fieri
1594 2340 1785 2417 potuit
1832 2359 1936 2417 per
1979 2339 2389 2416 collusionem3
2434 2340 2571 2417 quia
2619 2341 2933 2400 amicorum

510 2427 599 2480 est
628 2421 935 2496 colludere,
988 2441 1105 2479 non
1132 2422 1423 2496 hostium3
1471 2421 1555 2479 At
1603 2420 1994 2497 capitaliorem
2043 2419 2286 2478 Daemon
2335 2421 2560 2479 hostem
2589 2440 2704 2478 non
2733 2421 2939 2480 habuit

511 2521 684 2578 quam
714 2502 757 2561 J
760 2521 921 2560 esum
949 2510 1227 2576 nostrum,
1260 2503 1499 2578 ejusque
1530 2500 1915 2593 Religionem,
1947 2519 2077 2577 quoe
2119 2508 2242 2559 tota
2268 2500 2343 2558 ad
2385 2500 2734 2560 destruenda
2761 2521 2939 2579 opera

515 2581 766 2675 Diaboli,
789 2589 848 2641 et
869 2581 1140 2659 pietatem
1164 2602 1231 2639 ac
1250 2579 1687 2640 sanctimoniam
1707 2580 1914 2639 animis
1931 2579 2323 2675 inspirandam
2345 2581 2636 2642 tendebat.
2669 2581 2937 2660 Denique

512 2663 561 2720 si
593 2663 806 2738 Magus
836 2661 959 2736 fuit,
991 2682 1094 2719 cur
1124 2661 1337 2737 Magiae
1366 2680 1661 2738 nunquam
1703 2661 2031 2738 postulatus
2059 2660 2210 2720 fuit
2195 2682 2254 2719 111
2276 2662 2517 2756 judicic,
2549 2671 2608 2722 et
2635 2664 2939 2722 convictus

511 2762 546 2799 a
578 2741 955 2800 Senatoribus
988 2741 1328 2816 Sanhedriu,
1358 2760 1506 2817 quos
1535 2760 1735 2799 omnes
1764 2741 2003 2816 magicae
2046 2742 2185 2800 artis
2213 2742 2591 2820 peritissimos
2618 2743 2796 2804 fuisse
2824 2745 2867 2804 J
2871 2763 2937 2802 ιι

511 2821 767 2881 daeorum
797 2821 995 2879 schola
1022 2821 1229 2880 asserit
1246 2824 1275 2879 P
1344 2822 1462 2878 Cur
1489 2820 1734 2879 sollicite
1764 2821 2085 2879 adversus
2072 2842 2257 2899 ipsum
2289 2823 2533 2902 quaesita
2569 2824 2800 2883 fuerunt
2827 2824 2939 2883 cri-

512 2901 685 2975 mina,
712 2901 811 2960 ubi
835 2902 1020 2960 solum
1040 2902 1248 2979 magiae
1266 2900 1483 2960 crimen
1514 2900 1833 2960 sufficiebat
1850 2901 1923 2959 ad
1946 2901 2072 2979 ejus
2091 2903 2627 2964 condemnationem
2649 2924 2726 2964 ex
2756 2904 2936 2983 Lege,

515 2948 706 3042 Exod.
736 2982 882 3042 xxii.
919 2985 990 3042 18
1008 2986 1037 3041 Ρ

593 3063 749 3123 XX.
798 3064 913 3123 Sed
943 3064 993 3123 si
1036 3083 1226 3141 opera,
1258 3084 1387 3142 quoe
1417 3063 1681 3123 Christus
1722 3064 1914 3124 fecit
1898 3085 1959 3123 ιιι
1987 3064 2192 3125 diebus
2233 3065 2422 3125 carnis
2451 3085 2586 3142 suae,
2618 3085 2750 3125 eum
2781 3066 2938 3125 Mes·

512 3145 656 3204 siam
711 3146 1119 3224 praedicabant,
1163 3166 1281 3204 non
1322 3146 1512 3204 minus
1554 3145 1861 3204 efficaciter
1899 3146 2011 3204 hoc
2051 3146 2239 3223 ipsum
2270 3147 2515 3223 probant
2556 3166 2625 3206 ea
2650 3166 2781 3224 quae
2809 3154 2946 3223 post

513 3227 989 3287 resurrectionem
1028 3234 1088 3286 et
1130 3227 1526 3287 ascensionem
1569 3226 1630 3284 in
1670 3226 1848 3285 coelos
1888 3226 2128 3303 perfecit
2155 3247 2258 3303 per
2298 3227 2547 3304 Spiritus
2578 3227 2774 3286 Sancti
2803 3226 2941 3286 mis-

516 3307 755 3381 sionem,
788 3316 846 3366 et
870 3328 1014 3385 opus
1058 3307 1522 3366 Christianisimi.
1610 3307 1823 3382 Primo,
1870 3306 1997 3384 ipsa
2026 3306 2241 3365 Christi
2268 3309 2647 3383 Resurrectio,
2678 3307 2938 3366 luculen-

514 3396 637 3446 tum
666 3387 777 3463 ipsi
806 3388 1071 3464 perhibet
1097 3387 1509 3460 testimonium,
1541 3386 1602 3444 in
1630 3407 1745 3464 qua
1766 3386 1978 3464 quippe
2007 3386 2230 3445 solenni
2259 3388 2426 3463 quasi
2457 3388 2706 3447 Decreto
2734 3406 2941 3464 appro—

512 3467 685 3524 batus
727 3476 816 3524 est
864 3486 899 3523 a
929 3467 1073 3541 Deo,
1126 3476 1185 3526 et
1214 3467 1402 3525 Filius
1431 3468 1557 3543 ejus
1585 3466 1929 3542 declaratus,
1961 3467 2214 3527 creditus
2241 3488 2277 3526 a
2303 3467 2589 3545 fidelibus,
2622 3476 2680 3526 et
2708 3468 2943 3545 agnitus

513 3546 588 3603 ab
614 3546 898 3604 hostibus.
986 3545 1157 3605 Unde
1185 3566 1303 3604 non
1331 3546 1490 3605 aliud
1518 3555 1922 3622 argumentum
1964 3547 2246 3607 illustrius
2274 3556 2333 3607 et
2360 3549 2573 3608 certius
2603 3548 2945 3607 Divinitatis

515 3633 575 3683 et
593 3625 933 3684 Vocationis
955 3646 1074 3684 suae
1092 3624 1273 3699 affert,
1301 3629 1337 3659 ‘⁴
1362 3626 1582 3684 Solvite
1606 3626 1909 3703 Templum
1932 3628 2103 3703 hoc,’'
2127 3629 2316 3705 inquit
2336 3628 2580 3706 loquens
2601 3629 2674 3688 de
2698 3628 2942 3723 Templo

517 3704 787 3783 Corporis
830 3706 936 3780 sui,
991 3709 1028 3738 “
1051 3715 1110 3765 et
1152 3707 1323 3765 tertio
1353 3706 1444 3765 die
1474 3706 1621 3764 illud
1651 3706 2006 3783 aedificab03'
2084 3709 2127 3768 J
2132 3709 2225 3767 oh
2256 3709 2315 3767 ii.
2352 3712 2441 3785 19,
2487 3716 2545 3767 et
2575 3709 2785 3767 Matth.
2817 3708 2942 3768 xvi.

515 3787 558 3846 J
562 3785 744 3846 udaeis
784 3786 1114 3864 petentibus
1157 3786 1404 3863 signum,
1449 3807 1566 3845 non
1607 3785 1768 3846 aliud
1795 3788 1932 3847 dare
1973 3788 2118 3865 vult,
2149 3809 2323 3867 quam
2353 3790 2441 3849 sui
2469 3789 2944 3849 resurrectionem

514 3868 622 3926 snb
644 3874 786 3945 typo
815 3868 1005 3927 Jonae.
1091 3868 1168 3926 Et
1211 3887 1347 3927 sane
1389 3868 1500 3927 nisi
1543 3868 1724 3927 Jesus
1765 3888 1800 3926 a
1844 3870 1969 3928 Deo
2012 3870 2224 3929 missus
2272 3877 2442 3945 esset,
2487 3878 2546 3928 et
2587 3869 2700 3928 nisi
2740 3889 2946 3929 revera

517 3947 784 4007 Christus
830 3947 1082 4025 Domini,
1128 3949 1358 4027 qualem
1402 3969 1462 4008 se
1504 3948 1899 4043 profitebatur,
1946 3948 2184 4027 fuisset,
2169 3971 2184 3986 ·
2231 3949 2373 4024 Quis
2411 3950 2719 4009 crediderit
2751 3950 2941 4009 Deum

517 4029 718 4105 gloriae
748 4049 866 4088 suae
894 4028 1186 4088 vindicem
1215 4030 1555 4088 acerrimum
1597 4030 1660 4087 in
1701 4049 1770 4089 eo
1813 4030 2143 4089 suscitando
2171 4030 2488 4108 potentiam
2517 4050 2680 4089 suam
2709 4039 2941 4089 exertu-

514 4130 644 4168 rum
671 4109 849 4169 fuisse
879 4109 954 4168 ad
981 4118 1157 4170 tantae
1199 4110 1417 4169 fraudis
1458 4119 1517 4169 et
1545 4111 1877 4188 imposturae
1921 4110 2431 4186 confirmationem,
2476 4119 2535 4170 et
2575 4118 2792 4170 tantam
2835 4110 2946 4168 im-

516 4190 789 4267 pietatem
817 4198 979 4249 tanto
1009 4190 1245 4268 proemio
1294 4199 1699 4249 coronaturum
1734 4190 1911 4250 fuisse
1932 4194 1961 4249 Ρ
2059 4191 2323 4265 Accedit,
2374 4191 2646 4268 secundo,
2697 4191 2946 4269 Spimtm

517 4272 718 4330 Sancti
759 4270 945 4329 missio
985 4270 1342 4329 admirabilis
1390 4280 1448 4330 et
1494 4270 1770 4363 inaudita,
1801 4290 1931 4348 quae
1981 4291 2253 4349 expresse
2294 4279 2354 4330 et
2380 4280 2637 4350 tempore
2666 4281 2726 4331 et
2751 4272 2881 4331 loco
2909 4290 2947 4330 a

519 4351 793 4410 Christo'
778 4371 903 4428 ipso
925 4350 1200 4428 praedicto
1230 4351 1490 4428 contigit,
1522 4370 1637 4427 quo
1660 4350 1742 4409 ita
1767 4351 1975 4427 repleti
1999 4351 2232 4411 fuerunt
2261 4352 2549 4430 Apostoli,
2582 4361 2646 4412 ut
2674 4353 2733 4411 in
2761 4370 2953 4410 novos

518 4431 782 4490 homines
831 4432 947 4490 sint
995 4430 1297 4507 immutati,
1330 4441 1390 4489 et
1432 4451 1501 4490 ea
1548 4431 1803 4488 dixerint
1849 4439 1907 4489 et
1950 4431 2206 4509 fecerint,
2238 4452 2368 4510 quoe
2416 4433 2623 4491 nonin
2651 4442 2945 4510 stuporem

520 4512 692 4569 modo
722 4519 781 4569 et
808 4511 1245 4570 admirationem
1288 4520 1642 4588 spectatores
1683 4519 1741 4570 et
1782 4511 2073 4570 auditores
2114 4522 2442 4591 rapuerunt,
2476 4513 2577 4572 sed
2606 4512 2667 4571 vi
2696 4512 2948 4591 quadam

522 4589 832 4649 flexanima
847 4591 1247 4668 potentissima
1264 4590 1339 4649 ad
1365 4591 1538 4651 fidem
1561 4599 1620 4651 et
1648 4591 1988 4669 obsequium
2012 4593 2228 4653 Christi
2267 4592 2608 4652 mirabiliter
2626 4600 2950 4654 traxerunt.

527 4668 697 4728 Unde
725 4690 865 4728 vero
893 4679 1119 4731 tantum
1145 4672 1486 4733 miraculum
1511 4672 1799 4753 proficisci
1824 4672 2015 4753 potuit
2041 4673 2156 4736 nisi
2181 4694 2219 4735 a
2247 4674 2375 4735 Deo
2404 4673 2620 4737 Christi
2649 4693 2755 4735 suo
2782 4673 2948 4734 testi-
