3221 5200
370 406 590 455 Qusssr.
622 388 782 469 vua]
1107 409 1183 447 nn
1213 407 1478 454 ransom
1511 408 1584 448 m·
1615 408 1805 449 swa-ru
1833 409 2086 451 cums-rr.
2656 392 2769 449 291

364 547 426 604 in
457 547 686 607 Unione
714 547 1001 624 personali
1030 550 1293 607 humanae
1322 557 1540 608 naturae
1571 549 1648 608 sit
1676 549 2155 608 communicatum
2178 573 2191 625 ;
2239 549 2339 607 sed
2369 548 2619 608 ostendit
2647 557 2770 608 tan-

361 637 485 684 tum
513 627 656 704 quid
682 649 717 685 a
747 629 872 687 Deo
899 629 1065 686 Patre
1095 629 1206 705 ipsi
1226 628 1423 688 datum
1453 630 1528 688 sit
1545 629 1621 686 ad
1639 629 1825 688 Officii
1843 629 2258 703 executionem,
2292 630 2487 686 nonin
2520 630 2765 702 Unione,

361 706 465 764 sed
486 715 617 783 post
657 708 1148 767 resurrectionem.
1232 713 1288 767 2.
1321 708 1450 767 Non
1480 709 1736 784 loquitur
1764 709 1835 767 de
1870 709 2141 784 potentia,
2172 729 2301 785 quae
2330 718 2419 767 est
2446 708 2769 767 essentialis

365 785 474 844 Dei
501 787 835 863 proprietas,
869 788 968 845 sed
999 787 1069 845 de
1088 798 1378 863 potestate,
1410 809 1538 863 quse
1569 799 1657 846 est
1679 788 2030 864 apotelesma
2057 790 2355 866 personale
2388 789 2725 846 Mediator-is
2750 811 2764 863 ς

359 885 476 922 non
517 866 659 924 dicit
682 872 828 926 παῖσα
854 865 1076 942 Dircam,
1109 868 1211 926 sed
1253 874 1405 925 πέσα
1433 870 1641 943 ὶξουσ-ιὰ,
1672 880 1738 925 ut
1779 877 1941 926 notet
1955 869 2055 945 jus
2084 876 2143 926 et
2170 868 2574 926 authoritatem
2604 888 2763 925 man·

357 943 534 1002 dandi
572 955 631 1004 et
673 947 991 1022 judicandi,
1036 947 1189 1006 unde
1239 949 1431 1006 statim
1482 949 1661 1020 addit,
1696 949 1909 1005 Euneos
1953 968 2087 1023 erqo
2136 951 2338 1021 docete,
2371 946 2479 1005 Sec.
2564 948 2685 1005 Nec
2716 947 2766 1005 si

355 1024 543 1083 omnis
569 1035 825 1101 potestas
853 1026 928 1084 ad
970 1028 1057 1084 sui
1087 1028 1424 1085 exercitium
1453 1028 1693 1104 requirit
1721 1027 2210 1104 omnipotentiam,
2243 1027 2626 1085 necessarium
2656 1035 2761 1100 est,

354 1112 419 1160 ut
462 1104 512 1161 is
562 1104 662 1181 qui
691 1106 864 1164 habet
906 1125 1133 1164 omnem
1155 1116 1513 1183 potestatem,
1539 1106 1732 1165 statim
1762 1107 2232 1183 omnipotentiam
2262 1107 2471 1165 habeat
2500 1116 2765 1183 respectu

352 1183 652 1259 utriusque
693 1194 952 1259 naturae3
995 1185 1203 1244 sufficit
1239 1194 1306 1244 ut
1349 1194 1637 1262 competat
1679 1205 1938 1262 personae
1966 1186 2157 1263 quoad
2205 1187 2442 1245 alteram
2481 1196 2761 1245 naturam.

353 1265 410 1320 3.
444 1263 573 1319 Non
603 1263 744 1322 dicit
771 1274 992 1322 naturae
1018 1267 1293 1340 humanoe,
1327 1266 1429 1324 sed
1456 1266 1605 1340 mihi,
1639 1276 1703 1323 ut
1731 1285 1975 1340 persona
2002 1267 2062 1323 in
2100 1276 2382 1339 concret0‚
2415 1286 2530 1323 non
2559 1275 2764 1323 natura

350 1340 411 1397 in
440 1341 730 1402 abstracto
752 1343 1104 1420 designetur.
1188 1348 1243 1402 4.
1278 1345 1442 1404 Licet
1473 1345 1693 1404 Deitati
1736 1344 1879 1402 nihil
1927 1345 2051 1403 dari
2079 1346 2261 1422 possit
2289 1346 2514 1422 proprie
2544 1346 2762 1404 ratione

349 1422 640 1496 Essentioe,
664 1432 855 1498 potest
882 1433 1075 1482 tamen
1097 1425 1463 1499 oeconomice,
1496 1432 1618 1483 tum
1648 1423 1866 1482 ratione
1895 1426 2074 1499 officii,
2099 1435 2165 1483 ut
2193 1426 2335 1482 illud
2357 1446 2432 1483 ex
2462 1426 2759 1483 voluntate

353 1500 541 1559 Patris
569 1502 845 1579 suscipiat
892 1512 951 1561 et
998 1513 1334 1580 exequatur,
1367 1512 1488 1561 tum
1529 1504 1751 1563 ratione
1795 1505 2269 1580 manifestationis,
2301 1513 2363 1564 ut
2406 1505 2590 1580 gloria
2621 1505 2754 1562 Dei·

348 1580 501 1654 tatis,
542 1601 673 1657 quse
701 1584 988 1641 occultata
1036 1582 1221 1641 suerat
1249 1584 1308 1640 in
1337 1582 1519 1642 forma
1546 1583 1717 1656 servi,
1755 1582 1877 1658 jam
1909 1585 2213 1658 reveletur,
2239 1594 2297 1642 et
2324 1585 2593 1642 omnibus
2624 1604 2757 1642 con-

348 1659 548 1735 spicua
576 1661 691 1736 fiat,
723 1662 863 1721 Joh.
894 1663 1037 1721 xvii.
1068 1665 1124 1721 5.

430 1739 714 1799 XXXV.
759 1741 871 1816 Qui
901 1742 1020 1801 edit
1047 1741 1325 1800 miracula
1351 1740 1581 1819 propria
1607 1751 1667 1801 et
1693 1743 1935 1820 physica
1962 1742 2176 1801 virtute
2218 1742 2391 1801 debet
2419 1762 2545 1801 esse
2575 1742 2757 1800 omni-

346 1828 568 1894 potens,
602 1821 703 1879 sed
733 1822 994 1880 Christus
1022 1842 1138 1898 qua
1165 1823 1336 1880 homo
1384 1842 1501 1880 non
1550 1842 1619 1880 ea
1647 1822 1855 1880 edebat
1883 1823 2111 1898 propria
2138 1821 2369 1897 virtute,
2403 1822 2506 1879 sed
2533 1821 2608 1880 ad
2637 1841 2755 1879 mo·

346 1897 485 1956 dum
513 1899 874 1959 instrumenti
903 1903 1175 1976 moralis;
1242 1903 1591 1960 Concurrere
1632 1922 1770 1977 ergo
1813 1901 2013 1959 debuit
2040 1902 2115 1959 ad
2157 1920 2302 1976 opus
2349 1901 2755 1958 miraculosum

345 1977 692 2038 conferendo
740 1981 896 2057 quod
938 2001 1105 2040 suum
1155 1989 1258 2054 est,
1291 1981 1394 2038 sed
1439 1982 1625 2039 virtus
1668 1981 1890 2039 infinita
1931 2001 1965 2037 a
2006 2001 2120 2058 qua
2148 1981 2375 2057 proprie
2418 1980 2757 2038 miraculum

343 2058 779 2134 producebatur,
797 2061 975 2119 solius
987 2061 1095 2119 fuit
1116 2060 1452 2134 divinitatis,
1481 2061 1663 2118 Marc.
1678 2081 1735 2118 v.
1751 2061 1847 2120 30.
1884 2060 2169 2119 Miracula
2180 2059 2510 2118 tribuuntur
2529 2060 2756 2118 Christo

340 2136 400 2192 in
425 2147 708 2213 concreto,
728 2160 845 2197 non
885 2140 1226 2197 humanitati
1255 2140 1314 2197 in
1343 2141 1650 2198 abstractO.

428 2217 744 2276 XXXVI.
789 2221 935 2276 Caro
966 2219 1178 2277 Christi
1197 2219 1406 2276 dicitur
1424 2220 1672 2294 vivifica,
1704 2219 1747 2278 J
1751 2220 1843 2276 oh.
1876 2218 1953 2277 vi.
1984 2220 2079 2293 48,
2112 2238 2227 2277 non
2245 2219 2554 2291 efficienter,
2575 2217 2752 2276 vitam

344 2303 614 2354 aeternam
657 2317 759 2374 per
787 2318 847 2355 se
877 2297 1278 2373 producend03
1324 2299 1426 2356 sed
1467 2299 1750 2357 meritorie
1792 2299 1893 2375 jus
1934 2297 2009 2355 ad
2037 2297 2214 2356 vitam
2245 2306 2426 2356 morte
2457 2317 2562 2356 sua
2588 2298 2757 2356 nobis

343 2375 711 2449 acquirendO.
799 2376 1024 2434 Deinde
1053 2377 1112 2434 in
1141 2377 1425 2435 similibus
1453 2378 1841 2436 locutionibus
1870 2378 2231 2454 synecdoche
2254 2377 2620 2453 agnoscenda
2648 2386 2752 2452 est,

342 2473 447 2529 per
466 2474 638 2530 quam
667 2457 1017 2532 apotelesma
1046 2456 1201 2533 quod
1230 2457 1454 2533 proprie
1484 2466 1572 2516 est
1614 2478 1872 2534 personae
1915 2458 2228 2516 secundum
2258 2467 2560 2534 utramque
2587 2464 2752 2515 natu-

343 2552 482 2606 ram,
516 2534 786 2594 tribuitur
814 2536 972 2594 carni
999 2536 1094 2594 vel
1124 2536 1390 2613 sanguini
1418 2557 1520 2614 per
1548 2537 1784 2615 synecd.
1815 2537 2011 2615 partiS.

423 2614 778 2675 XXXVII.
826 2617 991 2675 Licet
1021 2618 1288 2675 Personae
1317 2618 1390 2676 ab
1420 2619 1599 2677 altera
1627 2629 1832 2677 natura
1855 2619 2253 2691 denominatae,
2286 2617 2570 2677 tribuatur
2598 2616 2755 2692 quod

340 2700 428 2750 est
456 2694 692 2754 alterius
719 2706 956 2771 naturae,
1009 2717 1126 2755 non
1155 2697 1496 2773 importatur
1523 2705 1716 2757 tamen
1745 2697 1925 2757 salsus
1974 2708 2303 2775 conceptus,
2351 2707 2417 2755 ut
2465 2696 2753 2755 tribuatur

340 2773 619 2849 subjectO,
651 2778 808 2852 quod
836 2776 889 2834 ei
930 2797 1047 2834 non
1090 2777 1377 2852 convenit,
1409 2798 1465 2835 v.
1498 2798 1554 2854 g.
1585 2778 1778 2854 passio
1820 2786 1879 2836 et
1933 2797 2087 2835 mors
2136 2778 2407 2836 tribuitur
2447 2777 2590 2850 De0,
2622 2797 2752 2853 quae

337 2852 390 2909 ei
419 2873 536 2911 non
565 2857 851 2931 convenit,
885 2856 1019 2914 Act.
1052 2877 1154 2915 xx.
1185 2857 1281 2915 28.
1366 2857 1515 2931 Quia
1556 2878 1673 2916 non
1714 2857 1986 2915 tribuitur
2017 2858 2159 2931 De0,
2190 2866 2255 2915 ut
2284 2857 2545 2932 subjecto
2573 2856 2750 2914 inhae-

339 2931 535 3005 sionis,
587 2935 692 2992 sed
738 2955 1015 3011 personae‚
1064 2955 1193 3010 quae
1247 2937 1406 2993 Deus
1455 2944 1560 3009 est,
1614 2946 1679 2994 ut
1725 2936 1985 3012 subjecto
2036 2935 2535 3009 denominationis,
2593 2936 2752 3012 quod

338 3010 547 3068 sufficit
575 3013 650 3069 ad
678 3015 1088 3072 removendum
1117 3013 1323 3071 falsum
1354 3024 1713 3089 conceptum.
1736 3076 1743 3083 ‚

422 3089 812 3149 XXXVIII.
861 3091 1274 3149 Distinctiones
1302 3092 1494 3163 variae,
1527 3112 1657 3166 quae
1686 3091 2001 3149 afferuntur
2041 3112 2074 3148 a
2125 3091 2468 3149 Lutheranis
2511 3091 2583 3147 ad
2614 3113 2748 3150 con-

338 3167 616 3226 ciliandas
647 3169 1143 3243 contradictioneS,
1174 3189 1303 3245 quae
1346 3178 1653 3227 occurrunt
1695 3170 1753 3225 in
1803 3189 1999 3227 eorum
2030 3169 2330 3241 sententia,
2362 3189 2477 3225 non
2509 3180 2750 3245 possunt

337 3248 553 3305 nodum
583 3248 824 3322 solvere,
856 3257 915 3306 et
944 3248 1450 3333 contradictionem
1480 3248 1858 3325 multiplicem
1888 3248 2209 3305 involvunt.
2298 3251 2358 3303 1⁸
2400 3257 2488 3304 est
2517 3247 2588 3305 de
2617 3259 2749 3306 actu

323 3348 590 3402 personae
617 3338 675 3387 et
703 3331 964 3402 Naturae,
998 3328 1274 3386 Naturam
1307 3329 1613 3385 humanam
1664 3327 1856 3404 quoad
1883 3327 2169 3404 posterius
2217 3346 2343 3384 esse
2373 3326 2610 3400 finitam,
2644 3328 2747 3387 sed

334 3408 834 3485 omnipraesentcm
863 3407 1055 3485 priori.
1143 3406 1260 3465 Sed
1288 3407 1517 3482 frustra,
1552 3408 1700 3483 Quia
1728 3417 1890 3465 actus
1919 3427 2176 3483 personae
2207 3405 2409 3481 nequit
2437 3407 2745 3466 convenire

332 3499 568 3563 naturae,
601 3509 730 3565 quae
759 3509 873 3546 non
903 3496 991 3546 est
1018 3507 1279 3564 persona.
1366 3487 1444 3545 Et
1473 3487 1523 3545 si
1551 3498 1714 3545 actus
1744 3487 2059 3563 personalis
2091 3486 2259 3544 Carni
2292 3484 2505 3544 Christi
2534 3506 2742 3558 conve-

331 3570 468 3641 niat,
511 3568 619 3628 erit
647 3578 779 3627 actu
813 3569 1081 3626 Persona.
1127 3572 1182 3625 2.
1215 3566 1364 3641 Quia
1411 3567 1791 3644 personalitas
1837 3587 1952 3624 non
1995 3575 2084 3625 est
2132 3575 2294 3624 actus
2340 3565 2589 3639 divinus,
2642 3567 2744 3625 sed

331 3649 537 3706 modus
566 3649 647 3706 rei
676 3649 748 3706 ab
781 3648 933 3705 illius
963 3648 1212 3706 essentia
1239 3655 1298 3705 et
1325 3648 1637 3707 existentia
1664 3647 1987 3706 distinctus,
2061 3650 2116 3704 3.
2149 3646 2296 3720 Quia
2318 3654 2482 3703 actus
2510 3644 2743 3704 divinus

330 3729 530 3802 nequit
556 3728 733 3785 tribui
760 3735 980 3786 naturae
998 3728 1280 3800 humanae,
1305 3747 1435 3803 quae
1456 3747 1572 3785 non
1592 3735 1681 3785 est
1711 3728 1888 3785 Deus.
1948 3731 2001 3783 4.
2037 3726 2185 3800 Quia
2214 3735 2379 3783 actus
2408 3725 2517 3783 iste
2546 3746 2740 3801 perso·

331 3805 497 3878 nalis,
528 3807 624 3863 vel
671 3807 915 3865 destruit
951 3814 1143 3865 actum
1185 3815 1421 3881 naturae,
1469 3808 1565 3865 vel
1615 3827 1749 3866 non.
1798 3808 1858 3863 Si
1902 3806 2064 3877 illud,
2117 3825 2249 3864 caro
2299 3804 2587 3863 desineret
2614 3825 2741 3863 esse

331 3904 479 3957 carc,
512 3885 648 3960 quia
675 3894 837 3943 actus
865 3894 1083 3944 naturae
1111 3895 1199 3944 est
1240 3886 1367 3961 ipsa
1393 3895 1635 3961 natura3
1682 3887 1729 3944 si
1774 3906 1907 3958 non,
1955 3896 2075 3942 tum
2117 3903 2341 3959 semper
2379 3884 2587 3958 poterit
2632 3883 2748 3940 dici

332 3965 477 4022 Caro
522 3964 736 4022 Christi
777 3964 955 4039 finita,
998 3973 1056 4023 et
1097 3974 1253 4023 certo
1296 3966 1481 4041 spatio
1522 3965 1967 4041 circumscripta,
2009 3963 2164 4040 quod
2193 3961 2469 4020 ἀσύστατον
2495 3971 2584 4019 est
2611 3981 2744 4020 cum

326 4044 452 4101 e'us
495 4044 594 4101 ubi
639 4044 834 4102 uitate.

352 4065 376 4120 J
413 4064 741 4181 XXXqIX.
788 4121 1006 4180 Eadem
1036 4131 1125 4181 est
1151 4122 1298 4180 ratio
1325 4124 1481 4183 modi
1494 4124 1716 4199 physici
1754 4132 1806 4180 et
1832 4121 2221 4198 hyperplcysici
2246 4141 2347 4178 seu
2375 4118 2734 4195 majestatici,

333 4208 384 4261 1.
410 4204 559 4277 Quia
575 4203 782 4261 modus
804 4202 1263 4279 hyperphysicus
1283 4223 1399 4260 non
1421 4203 1668 4261 destruit
1684 4210 1964 4275 naturam,
1991 4201 2094 4258 sed
2116 4220 2239 4257 eam
2271 4209 2451 4271 ornat,
2484 4198 2587 4255 sed
2614 4218 2734 4255 mo·

328 4284 438 4341 dus
455 4284 685 4342 essendi
712 4284 927 4359 ubique
956 4281 1201 4340 destruit
1229 4302 1372 4355 eam,
1405 4291 1464 4341 et
1491 4282 1622 4339 ideo
1651 4289 1740 4339 est
1756 4279 2171 4356 antiphysicus.
2258 4282 2313 4336 2.
2340 4277 2489 4351 Quia
2512 4278 2734 4352 Corpus

330 4363 540 4421 Christi
582 4382 685 4440 per
717 4363 1004 4423 Unionem
1046 4381 1161 4419 non
1211 4362 1404 4420 amisit
1451 4360 1848 4438 quantitatem,
1879 4359 2137 4435 adeoque
2180 4377 2285 4416 nec
2313 4357 2470 4414 illius
2499 4356 2733 4414 modum

328 4460 428 4497 seu
457 4441 889 4500 dimensionem.
962 4445 1017 4499 3.
1053 4441 1244 4517 siper
1287 4444 1512 4501 modum
1553 4440 1856 4516 majestatis
1903 4438 2248 4514 intelligitur
2290 4443 2512 4494 tantum
2542 4435 2732 4494 excel-

326 4520 645 4578 lentissima
673 4522 774 4578 illa
801 4520 1001 4598 gloria,
1033 4541 1148 4597 qua
1178 4522 1323 4578 Caro
1351 4528 1648 4595 assumpta
1675 4528 1764 4576 est
1792 4517 1850 4574 in
1879 4516 2237 4595 hypostasim
2279 4516 2460 4589 Λόγου,
2493 4516 2734 4573 infertur

327 4597 558 4673 quidem
587 4600 969 4677 praerogativa
999 4601 1202 4657 Carnis
1244 4619 1416 4676 supra
1444 4618 1671 4657 omnem
1699 4598 1867 4654 aliam
1900 4606 2214 4655 creaturam
2241 4616 2255 4669 ;
2300 4596 2404 4654 sed
2431 4616 2547 4653 non
2576 4615 2727 4653 com-

324 4677 635 4737 municatio
666 4681 1073 4755 proprietatum
1120 4680 1464 4737 divinarum.
1555 4680 1616 4736 Si
1648 4697 1783 4735 vero
1834 4677 2176 4752 intelligitur
2204 4675 2456 4733 omnium
2488 4675 2726 4735 attribu-
