3221 5200
491 283 582 340 ‘88
1380 301 1564 342 Locus
1590 300 1950 343 mosomus.
2523 279 2774 361 [Qum.
2804 299 2906 339 xv.

507 438 661 497 enim
699 438 912 500 dicitur
932 444 1158 517 sactum
1185 449 1430 519 propter
1456 439 1745 517 hominem,
1789 451 1856 502 ut
1894 440 1946 501 is
1986 437 2269 517 singulari
2309 437 2530 499 ratione
2574 439 2748 498 saluti
2789 458 2906 498 suae

506 519 786 594 consulat,
819 521 946 579 Deo
973 521 1203 598 pietatis
1239 530 1301 580 et
1339 521 1603 599 proximo
1645 522 1942 580 charitatis
1981 520 2168 579 officia
2206 519 2553 598 praestandO,
2596 541 2711 578 non
2749 521 2908 577 homo

497 607 743 674 propter
768 600 1124 675 Sabbatham,
1154 601 1322 678 quasi
1368 601 1590 678 negligi
1633 600 1870 661 deberet
1915 600 2240 659 necessaria
2267 599 2536 674 charitas,
2567 599 2665 658 vel
2690 598 2909 657 miseri-

510 677 708 814 coxalia
755 698 894 756 erga
953 680 1141 758 ipsum
1189 680 1288 739 vel
1340 680 1670 758 proximum
1720 700 1825 759 per
1877 679 2333 758 superstitiosam
2385 678 2667 737 Sabbathi
2716 678 2910 738 obser-

514 775 592 814 va
640 776 827 817 onem.

590 836 851 897 XXXI.
896 836 1155 898 Cessatio
1203 838 1277 897 ab
1325 836 1483 896 omni
1519 857 1691 916 opere
1740 837 1938 896 servili
1978 845 2039 898 et
2078 837 2496 897 oblectamento
2525 836 2759 911 carnali,
2790 855 2908 894 non

475 915 593 974 sic
620 917 816 994 urgeri
841 917 1032 993 debet,
1061 925 1129 976 ιιι
1163 918 1495 994 negligatur
1535 917 1851 995 spiritualis
1890 917 2089 994 praxis
2116 936 2270 975 verae
2310 916 2744 991 sanctimoniae;
2788 916 2907 974 imo

509 1014 616 1053 nec
650 996 823 1055 debet
862 997 1056 1074 urgeri
1095 1005 1329 1074 propter
1373 1016 1452 1072 se,
1494 996 1663 1073 quasi
1707 1005 1861 1056 esset
1899 1016 2034 1073 pars
2070 996 2277 1072 cultus,
2307 996 2403 1054 vel
2430 996 2597 1072 quasi
2634 996 2759 1053 dies
2795 996 2908 1054 iste

506 1076 761 1134 sanctior
787 1084 940 1135 esset
979 1076 1126 1150 aliis,
1171 1075 1274 1135 sed
1313 1084 1587 1153 tanquam
1630 1076 1883 1135 conditio
1925 1084 1985 1134 et
2023 1075 2436 1134 admiraculum
2479 1074 2903 1134 Exercitiorum

503 1153 863 1229 privatorum
911 1163 970 1214 et
1015 1155 1378 1231 publicorum
1427 1156 1510 1214 sic
1552 1155 2025 1232 praestandorum.
2110 1153 2476 1231 Longissime
2525 1155 2704 1231 igitur
2746 1155 2912 1213 abest
2993 1185 3003 1196 ·

509 1232 634 1291 haec
662 1232 923 1293 doctrina
949 1234 1022 1292 ab
1050 1233 1424 1294 hominibus
1408 1254 1469 1292 ιιι
1509 1234 1670 1293 illam
1699 1234 2024 1310 opinionem
2064 1232 2425 1308 inducendis,
2468 1234 2634 1311 quasi
2675 1234 2909 1311 egregie

513 1331 620 1370 suo
648 1332 883 1371 munere
911 1312 1093 1373 functi
1119 1321 1328 1388 essent,
1361 1313 1412 1372 si
1437 1313 1639 1372 relicta
1664 1333 1817 1372 verae
1854 1313 2086 1391 pietatis
2127 1321 2186 1372 et
2226 1314 2549 1372 sanctitatis
2590 1313 2799 1388 studio,
2851 1332 2913 1372 se

515 1389 732 1483 dedant
759 1393 1108 1469 scrupulosae
1138 1402 1197 1452 et
1233 1392 1576 1451 omnimodae
1624 1394 1699 1451 ab
1742 1393 1900 1451 omni
1941 1412 2114 1470 opere
2142 1393 2482 1468 cessationi;
2525 1392 2778 1451 medium
2825 1412 2913 1451 re-

517 1469 797 1546 quirimus
824 1479 1057 1549 propter
1081 1471 1272 1548 finem,
1302 1480 1361 1531 et
1388 1471 1777 1531 conditionem
1810 1481 2044 1550 propter
2083 1490 2229 1549 opus
2267 1472 2621 1550 principale:
2664 1472 2917 1565 quietem

518 1548 739 1608 scilicet
781 1550 942 1609 illam
983 1558 1220 1629 propter
1265 1551 1584 1629 spiritualia
1626 1553 1901 1611 exercitia
1943 1572 2096 1611 verae
2123 1552 2355 1629 pietatis
2401 1560 2461 1610 et
2508 1551 2918 1609 sanctimoniae.

520 1628 661 1688 Istis
687 1648 827 1706 ergo
855 1631 1281 1708 consequentiis
1307 1651 1383 1690 ex
1410 1630 1752 1689 accidentali
1778 1631 2073 1689 hominum
2113 1631 2314 1706 abusu,
2357 1649 2474 1688 non
2515 1630 2703 1706 magis
2743 1630 2918 1689 debet

523 1710 753 1785 gravari
780 1711 979 1787 praxis
1011 1711 1307 1785 Sabbathi,
1338 1729 1510 1788 quam
1538 1711 1737 1786 praxis
1780 1710 1969 1769 Sacrae
2000 1711 2309 1784 Lectionis,
2350 1708 2688 1769 Auditionis
2715 1709 2918 1784 Verbi,

521 1788 782 1864 Precum,
813 1798 871 1848 et
903 1789 1415 1864 Sacramentorum,
1447 1809 1577 1866 quse
1604 1790 1812 1848 iisdem
1839 1789 2217 1848 incommodis
2243 1797 2488 1865 possunt
2526 1788 2737 1867 urgeri,
2780 1788 2920 1847 licet

517 1887 689 1926 nemo
717 1878 892 1946 neget
918 1890 988 1928 ea
1014 1869 1200 1928 officia
1227 1869 1465 1928 moralia
1492 1888 1620 1926 esse
1646 1878 1937 1946 perpetuae
1966 1868 2404 1928 observationis.

600 1948 895 2007 XXXII.
941 1947 1415 2008 Accommodatio
1441 1948 1633 2024 quarti
1664 1948 1943 2025 Praecepti
1971 1948 2044 2006 ad
2079 1947 2427 2024 singularem
2459 1954 2671 2005 statum
2704 1945 2748 2005 J
2751 1945 2919 2004 uda1

520 2047 668 2102 cum,
700 2048 829 2105 quae
857 2028 1009 2087 fuit
992 2048 1053 2086 ιιι
1080 2026 1481 2086 observatione
1510 2025 1628 2084 diei
1666 2027 1895 2104 septimi
1922 2028 1995 2086 ab
2022 2025 2188 2085 initio
2216 2026 2538 2101 creationis,
2568 2034 2920 2103 praeceptum

519 2105 709 2183 ipsum
738 2127 856 2166 non
883 2107 1070 2185 magis
1098 2107 1288 2165 reddit
1315 2104 1726 2180 caeremoniale,
1756 2126 1930 2183 quam
1957 2115 2306 2183 praeceptum
2343 2105 2610 2182 quintum
2650 2124 2919 2176 ceremo-

518 2185 673 2243 niale
701 2183 838 2245 facit
864 2186 1167 2263 promissio
1211 2185 1284 2245 de
1330 2193 1485 2245 terra
1528 2185 1761 2243 Canaan
1808 2185 2022 2263 populo
2067 2184 2387 2244 ῙειαὲΙίιίοο
2435 2184 2587 2258 data,
2638 2192 2698 2243 et
2744 2201 2920 2260 quam

520 2265 713 2322 omnia
737 2274 1023 2342 praecepta
1050 2265 1467 2325 caeremonialia
1493 2263 1684 2323 reddit
1710 2265 1985 2342 praefatio,
2013 2264 2116 2322 ubi
2143 2264 2337 2340 agitur
2371 2263 2444 2321 de
2473 2263 2775 2323 eductione
2815 2283 2919 2340 po-

519 2343 640 2420 puli
669 2363 744 2402 ex
773 2344 1059 2421 AEgyptO.
1144 2346 1367 2403 Damus
1394 2344 1627 2420 quidem
1656 2343 1956 2403 arctiorem
1984 2344 2237 2419 aliquam
2265 2342 2723 2402 observationem
2773 2343 2919 2401 Sab-

518 2422 681 2481 bathi
708 2423 825 2481 illis
852 2423 1204 2500 temporibus
1232 2423 1409 2482 fuisse
1445 2423 1799 2499 imperatam,
1843 2423 2199 2499 paedagogiae
2241 2431 2300 2481 et
2338 2422 2601 2481 servituti
2641 2421 2921 2498 temporis

519 2502 1024 2575 accommodatam,
1056 2521 1185 2577 quae
1213 2502 1423 2560 seculis
1452 2501 1719 2560 omnibus
1746 2522 1863 2559 non
1890 2503 2128 2561 obtinet.
2214 2502 2345 2561 Hoc
2373 2510 2563 2560 tamen
2592 2521 2708 2560 non
2736 2501 2917 2578 impe·

519 2578 606 2638 dit
633 2580 773 2657 quin
801 2580 1171 2639 observatio
1155 2599 1280 2657 ipsa
1306 2579 1383 2639 sit
1409 2580 1660 2655 moralis,
1691 2587 1750 2639 et
1777 2581 2033 2641 omnium
2061 2581 2384 2643 seculorum
2412 2580 2748 2641 communis.

1431 2816 1819 2893 QUAEs'mo
1862 2818 2008 2879 xv.

1439 2993 1519 3034 m:
1546 2993 1762 3035 numus
1790 2995 2007 3037 msns.

520 3137 612 3196 An
639 3137 709 3195 de
735 3136 861 3215 fide
885 3134 959 3194 sit
981 3135 1041 3194 t’n
1066 3135 1232 3194 Novo
1264 3135 1405 3194 Test.
1424 3144 1647 3212 proeter
1671 3135 1842 3193 Diem
1869 3135 2243 3209 Dominicum,
2273 3135 2417 3194 alios
2443 3154 2557 3193 esse
2597 3134 2714 3193 dies
2736 3137 2920 3210 festos

591 3217 830 3292 prdprie
857 3216 1045 3288 dictos,
1077 3232 1315 3291 quorum
1342 3216 1635 3273 celebratio
1673 3235 1788 3289 per
1812 3235 1887 3290 se,
1919 3223 1973 3273 et
1997 3215 2217 3273 ratione
2243 3215 2503 3307 mysterii,
2547 3236 2659 3273 non
2699 3216 2922 3273 ratione

600 3296 955 3431 ggzagmzeg·
978 3260 1201 3352 P’ozitiae
1226 3295 1636 3353 Ecclesiasticoe
1676 3303 1909 3370 tantum,
1951 3293 2024 3352 sit
2062 3295 2411 3353 necessaria.
2401 3295 2426 3335 ἲ
2528 3294 2676 3370 Neg.
2719 3301 2921 3353 contra

1127 3528 1177 3587 I.
1219 3528 1360 3587 Dies
1387 3529 1546 3587 Festi
1569 3538 1704 3588 sunt
1733 3530 1877 3590 Dies
1905 3530 2170 3590 solennes
2214 3530 2621 3604 anniversarie,
2652 3530 2748 3588 vel
2774 3530 2918 3588 heb-

579 3591 935 3695 δι’*ξίἱᾶζῑθ*
1044 3605 1412 3684 domadatim,
1444 3617 1544 3668 aut
1587 3610 1984 3669 menstruatim
2026 3629 2130 3701 per
2154 3609 2314 3668 vices
2357 3616 2730 3683 recurrentes,
2784 3609 2918 3667 reli-

1046 3686 1235 3763 gionis
1263 3695 1322 3746 et
1348 3652 1580 3765 pietatis
1608 3708 1783 3747 causa
1810 3709 1846 3747 a
1873 3689 2095 3747 caeteris
2139 3690 2445 3765 segregati,
2490 3697 2550 3747 et
2589 3697 2746 3746 certa
2785 3688 2919 3764 lege

519 3764 580 3823 in
624 3761 918 3842 publicum
968 3764 1237 3825 Numinis
1281 3766 1498 3826 cultum
1542 3768 1726 3827 veluti
1773 3767 2107 3827 consecrati.
2192 3768 2523 3827 Obtinuisse
2567 3767 2761 3844 plures
2810 3767 2920 3826 sub

519 3845 656 3904 Vet.
686 3843 843 3902 Test.
873 3862 1042 3904 nemo
1070 3845 1312 3921 dubitat,
1343 3866 1473 3905 cum
1503 3846 1797 3906 distinctio
1825 3847 2047 3906 dierum
2068 3854 2289 3923 partem
2317 3847 2517 3905 fecerit
2538 3845 2716 3922 Legis
2744 3866 2916 3904 caere-

518 3922 819 3998 monialis3
868 3924 983 3983 Sed
1012 3924 1111 3982 An
1139 3926 1330 3984 locum
1356 3925 1568 3984 habere
1596 3926 1887 3985 debeant
1870 3946 1932 3984 ιιι
1961 3926 2224 3984 Ecclesia
2253 3926 2595 4000 Christiana,
2627 3925 2918 4000 Quaeritur

518 4004 670 4064 inter
694 4003 819 4061 Nos
846 4011 906 4062 et
933 4004 1285 4079 Pontificios,
1329 4004 1447 4097 qui,
1490 4013 1557 4063 ut
1599 4005 1660 4062 in
1699 4006 1829 4064 aliis
1856 4005 2051 4063 varios
2090 4005 2134 4065 J
2137 4005 2430 4064 udaeorum
2474 4004 2620 4063 ritus
2668 4004 2917 4063 retinue-

518 4092 691 4143 ιιιιιι.
735 4081 831 4142 Ita
855 4083 1009 4142 hac
992 4104 1053 4141 ιιι
1095 4092 1259 4162 parte
1285 4084 1458 4143 etiam
1499 4084 1543 4142 J
1547 4083 1872 4142 udaismnm
1914 4084 2347 4161 interpolamnt,
2378 4085 2474 4142 vel
2513 4083 2704 4160 ipsum
2744 4084 2920 4141 etiam

520 4161 998 4240 Paganismum,
980 4183 1039 4220 ιιι
1068 4182 1184 4241 quo
1211 4171 1411 4222 notum
1440 4171 1529 4222 est
1553 4162 1749 4239 plures
1776 4162 1901 4222 dies
1928 4164 2107 4222 festos
2150 4163 2328 4223 fuisse
2356 4163 2660 4222 distinctos
2704 4182 2739 4220 a
2785 4182 2918 4239 pro·

519 4241 708 4318 festis;
758 4250 920 4302 tanta
963 4241 1238 4302 festorum
1280 4242 1432 4300 mole
1462 4241 1959 4301 Christianismum
2007 4242 2332 4318 obruentes,
2382 4250 2448 4303 ιιι
2488 4262 2604 4300 ιιοιι
2645 4240 2920 4317 exiguam

519 4322 654 4379 anni
682 4329 904 4398 partem
932 4322 1401 4399 complectantur.

601 4399 686 4456 II.
731 4399 864 4458 Non
891 4401 1183 4478 quaeritur,
1215 4399 1316 4457 An
1341 4397 1750 4458 beneficiorum
1781 4399 1936 4458 Dei
1919 4419 1981 4457 ιιι
2008 4418 2131 4473 nos,
2178 4408 2238 4459 et
2264 4399 2668 4492 mysteriorum
2699 4397 2914 4457 Christi

523 4476 597 4535 ad
626 4477 867 4536 salutem
897 4480 1065 4538 nobis
1093 4477 1499 4556 acquirendam
1527 4485 1881 4555 patratorum
1908 4478 2186 4537 memoria
2212 4478 2273 4537 in
2301 4478 2509 4538 animis
2536 4477 2749 4537 nostris
2789 4497 2918 4555 per·

521 4564 696 4634 petua
723 4575 848 4615 esse
877 4557 1102 4633 debeat,
1146 4567 1206 4618 et
1233 4578 1268 4616 a
1294 4556 1463 4617 nobis
1507 4556 1781 4617 continuo
1808 4558 2114 4617 recolenda
2156 4558 2249 4617 sit.
2335 4559 2470 4617 Hoc
2497 4558 2652 4617 enim
2692 4556 2755 4615 in
2783 4576 2921 4616 con-
