3221 5200
251 368 483 418 Quffis‘r.
514 348 674 430 nra]
1305 369 1383 409 ns
1413 369 1565 409 reos
1595 367 1716 408 oar.
2597 354 2673 412 ⁷5

255 508 423 568 bethi
464 508 930 583 celebrationem,
976 508 1093 568 Isa.
1120 508 1224 570 lvi.
1257 513 1312 585 2,
1343 517 1404 569 et
1449 508 1595 569 lxvi.
1630 512 1745 568 23:
1791 506 2054 567 Alteram
2097 510 2378 585 coelestem,
2420 509 2674 586 quietem

254 589 480 648 scilicet
508 609 627 648 non
654 587 828 652 modo
856 589 932 647 ab
960 588 1225 648 omnibus
1253 590 1525 667 peccatis,
1558 589 1663 649 sed
1691 588 1864 648 etiam
1894 588 1967 646 ab
1995 589 2264 648 omnibus
2291 589 2587 649 laboribus
2615 599 2675 651 et

254 668 505 728 miseriis
533 669 709 746 hujus
736 668 892 742 vitae,
938 668 1037 727 Ps.
1067 689 1201 727 xcv.
1237 672 1305 727 11
1335 691 1350 746 3
1397 670 1551 728 Heb.
1588 669 1667 726 iv.
1703 670 1816 743 10;
1861 667 2049 745 Apoc.
2089 669 2210 727 xiv.
2246 672 2339 729 13.
2423 673 2481 728 4.
2526 671 2676 745 Quia

253 769 291 806 a
321 749 630 825 Prophetis
659 767 810 824 saepe
840 747 1125 807 sabbatha
1152 748 1604 809 adnumerantur
1631 747 1870 825 reliquis
1898 747 2062 807 festis
2088 757 2148 807 et
2175 750 2534 808 caeremoniis
2560 751 2603 810 J
2607 771 2670 809 u-

257 828 531 904 daeorum,
563 848 694 905 quae
724 836 918 886 tamen
936 828 1088 905 juris
1115 848 1272 888 mere
1301 827 1716 887 caeremonialis
1744 836 1803 887 et
1830 827 2068 905 positivi
2095 826 2343 903 fuerunt,
2389 837 2447 888 et
2475 830 2671 888 obser-

258 916 393 966 vata
434 916 662 967 tantum
696 926 772 965 ex
811 916 1118 985 praecepte,
1163 916 1221 967 et
1248 908 1325 966 ob
1353 907 1517 967 illud.
1604 908 1763 983 Ergo
1792 916 1851 967 et
1881 907 2241 986 Praeceptum
2270 908 2343 967 de
2377 908 2673 969 Sabbatho

255 987 423 1046 affine
452 995 544 1046 est
571 987 690 1045 illis
717 986 1035 1046 secundum
1064 987 1284 1063 aliquid
1313 987 1421 1046 sui.

337 1065 532 1125 XXI.
582 1066 868 1140 Secunde,
910 1075 1112 1126 contra
1168 1066 1544 1140 Christianos,
1607 1065 1658 1124 I.
1702 1066 1852 1143 Quia
1895 1066 2319 1126 caeremonialia
2363 1065 2557 1127 omnia
2611 1077 2672 1128 et

256 1147 455 1223 typica
484 1166 601 1223 qua
627 1146 767 1204 talia
795 1145 1025 1205 sublata
1053 1154 1189 1205 sunt
1216 1166 1320 1223 per
1348 1146 1676 1222 Christum;
1724 1148 1882 1223 Ergo
1913 1154 1972 1206 et
2000 1146 2060 1204 id
2088 1146 2244 1224 quod
2273 1146 2670 1208 caeremoniale

255 1226 315 1283 in
348 1225 670 1285 SabbathO.
754 1225 897 1284 Tale
925 1225 1067 1302 quid
1094 1233 1289 1286 autem
1330 1225 1391 1284 in
1420 1245 1488 1284 eo
1531 1225 1658 1284 dari
1687 1226 1951 1286 Christus
1977 1233 2239 1301 testatur,
2286 1226 2425 1284 dum
2466 1227 2670 1285 eodem

255 1306 460 1364 ordine
489 1304 640 1364 illud
668 1313 881 1380 censet,
914 1323 1030 1382 quo
1060 1305 1447 1365 Caeremouias
1476 1304 1621 1364 alias
1648 1306 1886 1383 legaleS,
1930 1306 2120 1383 qualis
2148 1315 2238 1365 est
2266 1307 2552 1366 institutio
2595 1308 2668 1366 de

131 1428 135 1431 ⁴
253 1386 507 1461 panibus
548 1384 977 1462 propositionis,
1022 1394 1082 1443 et
1126 1386 1506 1446 Sacerdotum
1535 1390 1823 1481 λειτουργία
1861 1386 1922 1443 in
1953 1386 2214 1463 Templo,
2264 1387 2434 1446 Matt.
2466 1387 2571 1444 xii.
2608 1391 2665 1462 3,

253 1470 308 1539 4,
343 1467 400 1523 5.
489 1465 620 1523 Imo
653 1464 1012 1524 Sabbathum
1041 1465 1256 1524 ibidem
1285 1465 1361 1524 ab
1390 1486 1458 1524 eo
1486 1468 1751 1545 sacrificia
1786 1466 2017 1525 nomine
2046 1466 2568 1543 comprehenditur,
2612 1476 2672 1525 et

185 1584 200 1598 .
253 1545 523 1624 sacrificii
560 1543 796 1622 quidem
838 1545 1297 1605 contradistincti
1335 1545 1752 1621 misericor-dice,
1797 1566 1854 1603 v.
1887 1550 1940 1621 7,
1973 1548 2029 1604 8.
2089 1547 2173 1605 11.
2206 1546 2355 1620 Quia
2384 1546 2670 1605 Dominus

256 1633 520 1701 testatur,
577 1624 759 1683 Marc.
803 1623 862 1683 ii.
908 1628 1004 1700 27,
1050 1627 1147 1684 28.
1195 1627 1231 1658 “
1266 1625 1626 1685 Sabbathum
1668 1625 1882 1684 factum
1925 1625 2157 1702 propter
2196 1626 2505 1700 hominem,
2551 1645 2669 1688 non

258 1704 552 1762 hominem
580 1712 814 1781 propter
838 1704 1215 1779 Sabbathum,
1246 1713 1305 1764 et
1324 1704 1540 1764 Filium
1568 1705 1820 1763 hominis
1838 1724 1963 1764 esse
1988 1705 2302 1764 Dominum
2329 1705 2669 1779 Sabbathi,’'

258 1784 519 1860 adeoque
562 1782 719 1843 illius
749 1784 1104 1843 sanctionem
1145 1784 1295 1843 alius
1324 1791 1543 1843 naturae
1586 1804 1715 1843 esse
1744 1804 1780 1842 a
1819 1785 2121 1861 praeceptis
2162 1785 2309 1857 aliis,
2355 1784 2668 1843 obnoxiam

257 1864 430 1923 etiam
464 1863 620 1922 Filio
648 1863 915 1938 hominis,
947 1864 1050 1941 qui
1076 1864 1207 1942 ejus
1236 1863 1586 1941 abrogandae
1616 1871 1960 1941 potestatem
1988 1864 2200 1922 habeat
2226 1871 2492 1941 respectu
2540 1863 2669 1939 ejus

256 1943 412 2020 quod
441 1951 532 2001 est
571 1962 726 2002 mere
755 1943 1085 2020 positivum,
1106 1944 1266 2022 quod
1305 1943 1378 2002 de
1420 1944 1552 2003 aliis
1594 1942 1711 2003 dici
1751 1943 1970 2020 nequit.
2016 1943 2135 2001 ΙΙΙ.
2168 1943 2316 2017 Quia
2345 1943 2669 2020 Apostolus

257 2043 531 2102 expresse
559 2024 671 2082 hoc
701 2022 893 2097 tradit,
926 2024 1050 2083 Col.
1081 2024 1140 2083 ii.
1175 2027 1268 2099 16,
1306 2027 1398 2099 17,
1429 2023 1567 2082 dum
1596 2023 1695 2099 ait,
1742 2025 1780 2056 “
1809 2023 1995 2082 Nemo
2035 2043 2144 2082 vos
2176 2023 2401 2101 judicet
2428 2022 2490 2079 in
2518 2024 2666 2100 cibo,

257 2112 415 2180 parte
447 2102 600 2177 festi,
644 2103 744 2161 vel
772 2104 1074 2178 novilunii,
1118 2104 1215 2162 vel
1249 2104 1692 2179 Sabbathorum,
1737 2123 1868 2180 quae
1907 2109 2042 2161 sunt
2082 2103 2286 2161 umbra
2326 2101 2666 2178 futurorum,

259 2184 483 2259 Corpus
534 2191 729 2242 autem
778 2183 992 2242 Christi
1012 2184 1069 2258 ;”
1117 2183 1238 2243 Ubi
1291 2186 1342 2241 1.
1389 2183 1814 2242 Sabbathorum
1863 2182 2322 2240 observationem
2366 2202 2496 2240 cum
2539 2183 2669 2242 aliis

260 2261 757 2321 caeremonialibus
786 2261 1106 2339 conjungit,
1153 2273 1218 2320 ut
1246 2261 1388 2339 quid
1415 2265 1842 2339 homogeneum
1872 2280 2001 2320 cum
2030 2261 2373 2320 dastinctione
2400 2261 2665 2338 ciborum,

259 2343 478 2400 dierum
505 2344 806 2416 sectorum,
859 2350 917 2400 et
943 2342 1229 2401 novilunii.
1274 2346 1330 2399 2.
1362 2341 1477 2399 Illa
1505 2341 1700 2399 omnia
1726 2349 1898 2400 vocat
1937 2343 2082 2398 nub
2107 2345 2201 2399 riv
2223 2341 2516 2417 μιλλᾶηιη,
2549 2364 2667 2401 um-

257 2423 775 2495 bramfiaurorum,
790 2421 891 2479 ubi
906 2421 1086 2480 verba
1103 2419 1146 2480 οἵ
1165 2422 1264 2479 ἔστι
1285 2439 1402 2479 non
1424 2427 1542 2478 tam
1572 2428 1709 2479 sunt
1738 2417 2039 2500 &magn-mal,
2052 2442 2225 2497 quam
2254 2426 2590 2496 ιὶτιολογικαὶ,
2605 2431 2672 2481 ut

259 2501 402 2560 ratio
431 2500 712 2559 reddatur
739 2520 916 2575 quare
945 2520 1062 2559 non
1092 2501 1209 2560 siut
1238 2499 1526 2558 servanda
1553 2500 1802 2576 amplius
1824 2501 2135 2576 Sabbatha,
2166 2501 2304 2579 quia
2322 2512 2451 2560 aunt
2470 2505 2671 2561 umbra

246 2583 604 2654 fiaturorum.
649 2583 705 2640 3.
738 2580 867 2640 Illis
894 2580 1135 2659 opponit
1179 2579 1489 2656 Christum,
1534 2587 1601 2640 ut
1629 2600 1854 2658 corpus,
1899 2580 1959 2639 in
1988 2599 2104 2659 quo
2133 2588 2192 2640 et
2231 2602 2336 2659 per
2362 2603 2534 2660 quem
2576 2602 2670 2643 res

261 2661 489 2737 signata
516 2660 691 2719 fuerit
731 2661 1009 2720 exhibita.
1096 2661 1340 2720 Frustra
1366 2660 1652 2737 regeritur
1678 2680 1794 2720 non
1834 2660 2085 2738 intelligi
2129 2661 2487 2722 Sabbathum
2528 2664 2668 2722 heb-

261 2739 584 2814 domadale,
617 2739 721 2798 sed
748 2741 863 2798 alia
890 2740 1069 2815 varia,
1101 2760 1231 2817 quae
1260 2739 1415 2818 apud
1442 2741 1486 2799 J
1489 2740 1688 2799 udaeos
1716 2740 2071 2816 obtinebant,
2103 2761 2232 2818 quae
2261 2743 2458 2819 typica
2485 2751 2667 2803 erant.

266 2823 315 2877 l.
335 2820 488 2895 Quia
515 2819 861 2896 supponitur
887 2820 1069 2897 gratis
1098 2819 1256 2896 quod
1283 2819 1644 2897 probandum
1672 2828 1789 2894 est;
1820 2827 1880 2878 et
1906 2821 2087 2879 verba
2115 2823 2386 2899 Apostoli
2413 2823 2523 2881 hoc
2552 2843 2669 2881 non

261 2900 575 2976 patiuntur,
607 2900 747 2975 quia
790 2919 920 2958 cum
963 2900 1259 2976 generalia
1296 2900 1428 2973 sint,
1459 2908 1519 2959 et
1547 2908 1725 2977 agant
1766 2899 1838 2958 de
1866 2901 2161 2959 Sabbatha
2202 2900 2264 2959 in
2305 2902 2515 2979 plurali
2545 2902 2669 2961 sine

263 2980 377 3039 ulla
403 2978 769 3053 limitatione,
801 2978 877 3036 ad
904 2979 1098 3037 omnia
1125 2979 1339 3038 debent
1367 2979 1540 3037 etiam
1569 2978 1834 3053 extendi3
1878 2999 1985 3038 nec
2012 2988 2273 3040 nostrum
2315 2990 2405 3040 est
2432 2983 2667 3040 restrin-

264 3079 413 3136 gere,
465 3058 628 3136 quod
669 3058 991 3135 Apostolus
1033 3078 1151 3117 non
1192 3058 1509 3117 restrinxit.
1553 3062 1608 3115 2.
1643 3058 1792 3131 Quia
1831 3058 1979 3116 festa
2020 3059 2115 3117 hic
2154 3059 2588 3135 distinguuntur
2634 3082 2672 3119 a

269 3138 596 3198 sabbathis.
663 3141 718 3197 3.
754 3138 1049 3197 Sabbatha
1075 3138 1482 3214 intelliguntur
1508 3138 1814 3214 praecipue,
1833 3156 1962 3212 quae
1990 3146 2277 3213 praecepto
2320 3139 2398 3196 iv.
2431 3141 2667 3215 sancita,

265 3239 387 3295 quae
415 3218 751 3295 frequenter
777 3217 1162 3291 recurrebant,
1195 3224 1255 3275 et
1282 3235 1526 3293 quorum
1556 3215 2018 3274 observationem
2047 3216 2360 3291 exigebant
2388 3217 2430 3275 J
2434 3217 2584 3275 udaei
2613 3227 2673 3277 et

271 3298 637 3358 Sabbatharii
665 3296 814 3357 inter
840 3298 1057 3375 primos
1085 3296 1463 3355 Christianos.
1551 3294 1673 3352 Nec
1703 3302 1893 3352 tamen
1935 3294 2071 3353 inde
2098 3295 2245 3353 bene
2275 3296 2541 3354 concludi
2569 3317 2670 3373 po-

268 3386 375 3436 test
408 3378 773 3436 Sabbathum
800 3397 939 3455 ergo
968 3397 1096 3437 esse
1123 3395 1280 3434 mere
1309 3374 1725 3449 caeremoniale,
1756 3382 1822 3432 ut
1850 3374 1949 3450 qui
1978 3383 2113 3434 sunt
2140 3374 2201 3432 in
2230 3375 2516 3435 sententia
2536 3396 2671 3435 con-

270 3459 439 3516 traria
466 3456 605 3515 inde
635 3465 1137 3533 argumentantur;
1183 3455 1320 3533 quia
1360 3474 1478 3513 non
1520 3454 1717 3513 statim
1746 3454 1904 3531 quod
1945 3464 2034 3515 est
2076 3456 2472 3514 caeremoniale
2515 3465 2674 3516 certo

269 3545 550 3614 respectu,
582 3544 757 3613 atque
798 3536 943 3595 adeo
972 3536 1267 3610 mutabile,
1314 3534 1489 3593 debet
1531 3553 1659 3594 esse
1703 3535 1860 3593 omni
1890 3554 1964 3593 ex
2007 3543 2168 3612 parte
2198 3536 2331 3611 tale,
2376 3545 2442 3596 ut
2467 3545 2675 3630 postea

269 3616 450 3676 fusius
468 3616 826 3694 probabitur.
898 3616 1009 3675 IV.
1039 3617 1126 3675 Aa
1154 3618 1418 3674 absurdo.
1497 3614 1560 3673 Si
1586 3624 1939 3692 praeceptum
1966 3615 2078 3674 hoc
2107 3623 2196 3673 est
2224 3637 2298 3675 ex
2328 3637 2485 3675 omni
2512 3626 2674 3695 parte

268 3697 480 3755 morale
511 3705 571 3755 et
597 3704 974 3773 perpetuum;
1022 3697 1181 3773 Ergo
1211 3695 1540 3772 obligamur
1568 3694 1758 3753 adhuc
1801 3695 1974 3753 hodie
2005 3695 2131 3754 sub.
2165 3695 2237 3755 N.
2268 3696 2426 3756 Test.
2470 3697 2545 3755 ad
2573 3697 2673 3755 ob-

271 3776 652 3913 slgrvationem
681 3775 981 3853 praecisam
1010 3775 1240 3852 septimi
1268 3774 1402 3850 diei,
1434 3793 1541 3833 nec
1569 3775 1871 3834 translatio
1901 3776 2026 3852 ejus
2063 3775 2251 3851 potuit
2278 3776 2402 3834 fieri
2431 3776 2492 3834 in
2519 3776 2674 3834 diem

324 3875 660 3914 omimcum.

916 3933 1143 3992 XXII.
1188 3933 1467 4008 Quamvis
1504 3941 1855 4011 praeceptum
1885 3931 1956 3992 de
1989 3932 2285 3992 Sabbatho
2316 3932 2678 3993 contineatur

335 3999 675 4103 Γοῖξξὲῃῗζιῑῑ·
797 4014 1128 4090 Decalog03
1175 4014 1228 4070 Ν
1232 4034 1307 4071 on
1337 4013 1598 4090 sequitur
1626 4033 1752 4072 esse
1780 4013 1938 4070 omni
1967 4033 2043 4071 ex
2084 4021 2244 4089 parte
2272 4013 2506 4086 morale,
2538 4013 2677 4089 quia

799 4094 1130 4170 Decalogus
1157 4112 1274 4151 non
1303 4102 1392 4151 est
1420 4100 1646 4151 tantum
1669 4092 2070 4168 compendium
2093 4092 2269 4168 Legis
2296 4091 2546 4166 moralis,
2573 4091 2678 4151 sed

271 4175 324 4235 iu
352 4197 424 4236 eo
464 4175 640 4235 datur
666 4173 1105 4234 fundamentum
1134 4172 1313 4232 totius
1357 4171 1535 4249 Legis
1565 4173 1859 4246 Mosaicae,
1904 4171 2073 4248 cujus
2100 4178 2220 4230 tres
2261 4178 2424 4230 erant
2463 4179 2674 4247 partes,

270 4256 518 4330 moraliS,
550 4253 984 4328 caeremonialia,
1029 4260 1090 4311 et
1136 4251 1400 4311 forensia.
1488 4251 1661 4311 Unde
1702 4259 1911 4327 praeter
1949 4251 2168 4327 Legem
2208 4250 2503 4325 moralem,
2547 4270 2678 4327 quae

271 4337 557 4413 praecipue
584 4336 682 4394 hic
711 4333 974 4408 traditur,
1020 4331 1192 4393 datur
1219 4332 1392 4391 etiam
1435 4331 1603 4389 radix
1646 4330 1901 4390 omnium
1945 4329 2434 4405 caeremoniarum,
2466 4329 2678 4407 quibus

271 4416 501 4474 divinus
531 4416 725 4475 cultus
752 4421 875 4473 tum
905 4412 1180 4490 temporis
1208 4410 1528 4485 constabat,
1554 4410 1615 4468 in
1644 4410 1829 4487 prima
1856 4410 2071 4483 tabula,
2092 4417 2159 4469 ut
2184 4410 2246 4467 in
2268 4409 2522 4469 secunda
2548 4409 2677 4469 fun·

272 4495 603 4554 dementum
632 4493 860 4553 Politiae
889 4493 933 4552 J
935 4492 1178 4565 udai'cae,
1210 4499 1269 4550 et
1297 4490 1523 4567 Legum
1553 4489 1736 4567 ipsius
1764 4490 1807 4548 J
1810 4489 2163 4549 udicialium.
2251 4489 2680 4567 Distinguenda

272 4595 403 4652 ergo
432 4576 530 4633 hic
560 4594 654 4634 res
671 4583 980 4650 praecepta,
1011 4580 1071 4631 et
1099 4570 1519 4631 circumtantia
1546 4570 1637 4628 rei
1642 4593 1666 4642 ;
1710 4569 1829 4627 Res
1855 4576 2143 4646 praecepta
2170 4569 2404 4630 moralis
2432 4578 2536 4647 est,
2569 4571 2677 4629 cir·

274 4655 620 4714 cumstantia
648 4673 789 4715 vero
815 4653 901 4712 rei
928 4651 1362 4726 caeremonialia,
1393 4650 1490 4709 vel
1518 4669 1675 4709 mere
1703 4649 1907 4708 saltem
1935 4648 2203 4726 positiva.
