3221 5200
315 358 545 407 QUAEs‘r.
577 338 690 418 vn]
1034 359 1111 396 nn
1141 357 1408 398 pensons
1438 358 1512 398 nr
1536 359 1727 400 sm'rn
1751 358 2003 399 cnms‘rr.
2613 343 2731 400 275

305 500 601 574 naturalis,
636 517 775 557 sano
805 517 976 557 sensu
998 498 1439 577 intelligendum
1461 508 1566 574 est,
1599 508 1664 558 ut
1692 519 1806 558 non
1836 507 1953 557 tam
1983 498 2128 558 ratio
2156 497 2387 558 unionis
2416 505 2723 577 spectetur,

305 599 478 656 quam
507 579 738 637 unionis
766 587 1039 654 extrema,
1071 580 1207 655 quia
1234 589 1493 638 extrema
1520 580 1683 639 unita
1712 589 1847 640 sunt
1875 579 2003 636 duae
2033 588 2269 637 naturai.

390 660 500 718 IV.
554 660 699 717 Unio
748 658 858 716 ista
907 660 1151 735 spectari
1178 666 1384 735 potest,
1419 661 1512 718 vel
1542 661 1762 718 ratione
1782 660 2071 734 principii,
2104 659 2197 716 vel
2229 659 2448 717 ratione
2479 658 2719 716 termini.

309 739 495 798 Priori
518 759 690 796 sensu
713 739 819 796 toti
841 739 1108 798 Trinitati
1129 740 1417 814 tribuitur,
1433 761 1501 798 eu
1499 741 1600 815 jus
1619 741 1832 798 virtute
1856 739 2007 797 facta
2028 748 2115 796 est
2138 739 2269 796 talis
2296 739 2471 813 Unio,
2497 738 2722 797 actione

306 819 525 877 scilicet
573 828 903 876 transeunte
939 820 1062 893 Dei,
1112 839 1227 896 qua
1273 820 1461 878 univit
1491 820 1549 877 in
1578 839 1824 896 persona
1850 818 2015 890 Λόγου
2046 819 2456 876 humanitatem
2489 818 2721 877 Christi.

307 899 619 957 Posteriori
643 899 750 957 soli
770 899 918 975 Λόγῳ
937 899 1225 975 eonvenit,
1241 899 1378 976 qnia
1399 899 1457 956 in
1476 920 1544 958 eo
1563 901 1918 959 terminatur.
1966 899 2137 959 Unde
2155 899 2262 956 etsi
2286 900 2537 956 Persona
2559 898 2726 970 Λόγου

301 977 449 1036 bene
499 979 793 1037 incarnata
820 979 1060 1052 dicatur,
1093 1000 1209 1036 non
1236 989 1428 1038 tamen
1460 980 1584 1056 ipsa
1612 980 1882 1052 Trinium,
1914 980 2050 1055 quia
2093 979 2422 1036 Incarnatio
2464 998 2579 1036 non
2608 987 2722 1037 ter-

302 1058 554 1117 minatur
582 1058 654 1116 ad
699 1060 978 1118 Naturam
1007 1059 1263 1116 divinam
1307 1059 1586 1134 absolute,
1620 1060 1722 1117 sed
1771 1059 1845 1118 ad
1876 1060 2187 1117 Personam
2216 1085 2304 1117 του
2331 1058 2496 1129 Λόγου
2525 1059 2721 1118 relate.

386 1139 461 1195 V.
508 1139 621 1196 Per
651 1139 940 1198 Unionem
970 1159 1109 1215 ergo
1159 1139 1328 1198 istam
1377 1139 1522 1196 nihil
1571 1140 1732 1197 aliud
1760 1139 2111 1216 designatur,
2145 1159 2317 1215 quam
2346 1138 2588 1197 duarum
2618 1158 2720 1195 na-

304 1227 557 1276 turarum
611 1219 825 1276 divinae
872 1229 929 1277 et
977 1219 1284 1292 humanae„
1309 1218 1511 1277 intima
1555 1228 1616 1277 et
1660 1228 1935 1296 perpetua
1981 1219 2308 1295 conjunctio
2338 1218 2396 1275 in
2440 1218 2720 1276 unitatem

308 1298 594 1372 Personae,
628 1319 916 1375 perquam
946 1309 1151 1357 natura
1179 1299 1445 1373 humana,
1478 1320 1607 1376 quae
1627 1299 1902 1357 destituta
1930 1299 2037 1357 fuit
2065 1299 2293 1376 propria
2314 1298 2722 1374 personalitate

304 1387 363 1436 et
389 1378 728 1444 ἀνυπόστατος
784 1379 907 1454 fuit,
945 1379 1082 1455 quia
1111 1378 1253 1436 alias
1281 1398 1526 1454 persona
1554 1379 1774 1454 fuisset,
1827 1379 1935 1436 fuit
1980 1387 2274 1454 assumpta
2302 1378 2377 1436 ad
2408 1379 2720 1436 Personam

302 1458 485 1532 Λόγου,
517 1467 574 1517 et
603 1458 688 1517 illi
738 1459 831 1516 vel
882 1461 1191 1536 conjuncta
1233 1459 1328 1516 vel
1375 1458 1649 1534 adjuncta
1694 1459 1752 1516 in
1782 1459 2060 1516 unitatem
2094 1459 2377 1533 Personae,
2409 1467 2475 1517 ut
2493 1459 2618 1535 jam
2649 1458 2724 1516 sit

303 1540 632 1604 ὶιυτόστατος
660 1539 824 1615 Λόγῳ,
850 1549 1134 1616 quatenus
1177 1547 1530 1597 sustentatur
1559 1540 1633 1596 ab
1682 1539 1825 1616 ipsc,
1858 1559 1971 1595 non
2002 1539 2416 1596 sustentatione
2447 1538 2721 1614 generali,

304 1640 419 1695 qua
447 1630 720 1678 creaturae
751 1640 948 1678 omncs
978 1640 1012 1677 a
1042 1620 1167 1677 Deo
1198 1628 1606 1694 sustentantur,
1633 1619 1736 1677 sed
1766 1619 1999 1696 speciali
2027 1627 2085 1677 et
2111 1619 2415 1694 personali,
2440 1629 2726 1695 quatenus

306 1699 366 1755 in
394 1719 567 1757 unam
597 1720 898 1775 personam
939 1720 1070 1758 cum
1100 1700 1296 1757 Verbo
1353 1700 1583 1758 coaluit.
1672 1699 1837 1757 Licet
1879 1719 2016 1756 vero
2045 1707 2250 1757 natura
2291 1698 2542 1755 humana
2570 1707 2722 1756 recte

307 1779 533 1837 dicatur
559 1779 893 1845 ὐυπόστιιτος
924 1780 1087 1856 Λόγῳ,
1120 1779 1256 1855 quia
1305 1789 1600 1856 assumpta
1630 1787 1718 1837 est
1747 1780 1805 1837 in
1836 1779 2115 1837 unitatem
2149 1779 2433 1852 Personae,
2466 1787 2523 1836 et
2552 1778 2625 1835 ab
2655 1797 2724 1835 eo

306 1869 675 1934 sustentatur,
729 1861 917 1918 minus
967 1869 1229 1918 accurate
1273 1869 1466 1917 tamen
1516 1859 1728 1917 dicitur
1772 1859 2082 1917 subsistere
2112 1858 2485 1916 subsistentia
2537 1857 2722 1932 Λόγου,

305 1939 442 2014 quia
483 1949 619 1998 tunc
648 1948 853 1998 natura
879 1941 1130 1998 humana
1158 1949 1309 1997 esset
1340 1939 1595 1997 Persona
1623 1939 1838 1998 divina.

391 2019 498 2077 VI.
546 2020 766 2078 Natura
808 2020 1061 2078 humana
1109 2018 1168 2075 in
1216 2020 1508 2100 θιανθςάπῳ
1537 2029 1729 2095 potest
1777 2019 1890 2077 dici
1920 2019 2046 2095 ejus
2074 2026 2198 2076 tum
2226 2020 2567 2093 adjunctum,
2601 2027 2723 2076 tum

299 2119 447 2174 pars
469 2119 608 2156 sano
638 2120 828 2157 sensu.
917 2101 1268 2174 Ach’unctum,
1318 2121 1433 2157 non
1482 2099 1639 2175 quod
1684 2100 1736 2158 ei
1782 2099 2057 2174 adjuncta
2086 2098 2178 2172 sit,
2211 2107 2311 2156 aut
2340 2098 2630 2156 adhaereat
2658 2107 2724 2156 ut

307 2178 574 2236 accidens
597 2180 874 2255 subjecte,
897 2189 996 2237 aut
1018 2178 1198 2236 vestis
1220 2180 1460 2256 corpori,
1483 2179 1586 2237 sed
1607 2180 1744 2255 quia
1765 2179 1911 2254 Λόγῳ
1951 2179 2022 2236 ab
2047 2187 2259 2236 aeterno
2289 2178 2561 2236 existenti
2590 2179 2719 2236 abs·

307 2278 420 2333 que
447 2278 636 2331 carne,
669 2259 978 2335 conjuncta
1027 2267 1114 2316 est
1143 2259 1200 2314 in
1230 2268 1485 2335 tempore
1510 2260 1564 2316 in
1605 2259 1827 2317 unitate
1857 2279 2133 2335 personae.
2201 2261 2353 2316 Pars
2383 2259 2556 2316 etiam
2586 2278 2720 2315 ana-

309 2337 515 2413 logice,
550 2347 607 2395 ct
634 2338 837 2394 latiore
868 2358 1057 2413 sensu,
1089 2358 1205 2395 non
1231 2339 1398 2414 quasi
1420 2358 1667 2415 persona
1709 2339 1921 2397 Christi
1951 2348 2341 2415 componatur,
2372 2348 2472 2397 aut
2500 2347 2725 2397 constet

311 2437 386 2474 ex
416 2416 641 2475 duabus
683 2418 902 2475 naturis
930 2418 1309 2493 incompletiS,
1342 2427 1614 2494 tanquam
1643 2419 1905 2496 partibus
1932 2419 2158 2495 proprie
2189 2418 2378 2492 dictis,
2423 2419 2579 2495 quod
2609 2418 2713 2475 im-

308 2497 717 2574 perfectionem
748 2508 1005 2574 saperct;
1052 2497 1154 2556 sed
1196 2497 1352 2575 quod
1395 2498 1673 2557 subsistat
1700 2519 1814 2556 non
1845 2499 1905 2556 in
1933 2519 2063 2573 una,
2098 2498 2200 2557 sed
2229 2499 2453 2557 duabus
2482 2498 2720 2574 naturiS,

309 2586 367 2636 et
398 2578 624 2655 utrique
663 2598 778 2636 non
824 2578 1270 2654 accidentaliter,
1303 2578 1405 2638 sed
1444 2579 1829 2638 essentialiter
1876 2579 2201 2638 conveniat.
2292 2579 2462 2639 Unde
2508 2577 2721 2638 dicitur

309 2656 517 2717 σύνθετον
553 2660 747 2735 potius
788 2660 1021 2734 numeri,
1054 2680 1227 2736 quam
1265 2661 1535 2736 partium,
1582 2661 1720 2737 quia
1746 2660 1805 2719 in
1849 2681 1916 2719 ea
1960 2679 2052 2718 res
2100 2661 2295 2737 plures
2337 2679 2593 2734 numero,
2634 2660 2722 2716 vi-

309 2738 518 2797 delicet
575 2749 778 2797 natura
824 2740 1092 2815 humana,
1146 2750 1204 2799 et
1258 2740 1456 2798 divina
1511 2741 1788 2800 existunt.
1878 2741 1939 2799 Si
1988 2744 2425 2799 lustramentum
2473 2740 2640 2811 Λόγου
2689 2761 2724 2798 a

308 2820 655 2895 quibusdam
701 2820 927 2895 dicitur,
977 2821 1088 2879 hoc
1115 2841 1234 2879 non
1277 2821 1341 2879 fit
1390 2821 1609 2879 ratione
1640 2821 1980 2895 existentiae,
2033 2821 2135 2879 sed
2192 2820 2555 2897 operationis,
2589 2821 2725 2897 quia

310 2901 582 2958 assumsit
611 2921 734 2958 eam
765 2909 997 2977 propter
1026 2901 1430 2978 operationem,
1463 2909 1520 2958 et
1549 2911 1818 2977 operatur
1844 2921 1946 2978 per
1973 2921 2117 2958 eam.

391 2980 537 3037 VII.
624 2980 964 3056 Assumptio
1008 3001 1146 3054 ergo
1189 2981 1300 3038 ista
1340 3000 1457 3037 non
1495 2980 1647 3038 facta
1695 2980 1802 3038 fuit
1846 2980 1918 3037 ad
1967 2981 2419 3054 complementum
2459 2981 2726 3037 Personoe

309 3067 475 3129 Λέγου
504 3078 618 3134 qua
647 3058 778 3116 talis
807 3060 1223 3132 reduplicative,
1255 3078 1383 3133 quae
1432 3059 1847 3134 perfectissima
1875 3059 1982 3116 fuit
2025 3059 2084 3115 in
2134 3078 2192 3114 se
2236 3058 2309 3114 ab
2359 3066 2588 3131 aeternO,
2622 3058 2726 3116 scd

309 3141 577 3196 Personae
595 3138 919 3217 θιανθςάπου,
937 3158 1036 3194 seu
1063 3138 1400 3195 Mediatoris
1420 3138 1797 3214 specificative,
1822 3157 1938 3193 non
1959 3137 2033 3193 ad
2055 3136 2420 3211 perfectionis
2438 3155 2603 3193 novae
2634 3157 2726 3194 ac·-

312 3219 679 3295 quisitioncm
701 3228 962 3293 respectu
995 3217 1130 3273 Filii
1163 3217 1271 3274 Dei
1310 3216 1634 3287 intrinsece,
1668 3216 1769 3272 sed
1811 3216 1886 3273 ad
1927 3214 2291 3291 perfec-tionis
2341 3215 2725 3272 communica-

313 3299 528 3357 tionem
558 3305 821 3374 respectu
864 3296 1061 3371 nostri,
1095 3304 1152 3354 et
1194 3296 1268 3353 ad
1310 3294 1661 3372 operandum
1693 3295 2031 3369 extrinsece,
2064 3302 2127 3352 ut
2164 3314 2267 3370 per
2307 3314 2434 3352 eam
2462 3302 2726 3352 naturam

314 3387 695 3455 exequeretur
723 3398 851 3453 quae
895 3386 1057 3434 erant
1085 3376 1407 3434 necessaria
1440 3375 1514 3433 ad
1543 3384 1798 3433 nostram
1827 3374 2295 3450 redemptionem.

393 3459 574 3516 VIII.
621 3457 810 3531 Quum
832 3459 1083 3514 Persona
1103 3456 1414 3536 θανθςάπου
1435 3475 1468 3512 a
1492 3455 1763 3513 Patribus
1792 3464 2031 3513 vocatur
2058 3456 2378 3531 composita,
2409 3452 2452 3512 ἵν
2474 3453 2729 3536 argio-uror

313 3548 521 3598 σννθστον
553 3540 602 3597 ἔκ
629 3537 851 3603 Sin-nm
875 3539 1167 3617 ἔπουςανίου,
1188 3564 1276 3595 m
1303 3539 1589 3617 drogon-ime
1607 3540 1808 3618 σαζκὸς,
1842 3545 1907 3594 ut
1933 3536 2247 3612 loquuntur
2271 3535 2471 3594 Patres
2506 3537 2727 3612 Synodi

315 3620 696 3678 Antiochense
716 3629 916 3677 contra
932 3619 994 3675 P.
1015 3622 1478 3693 Samosatenum3
1526 3618 1579 3674 N
1583 3637 1658 3674 on
1671 3616 2014 3693 intelligitur
2026 3616 2345 3691 compositio
2359 3618 2599 3693 proprie
2611 3619 2724 3675 dic-

315 3709 390 3774 ta,
407 3700 570 3775 quasi
589 3709 792 3757 natura
805 3698 1003 3756 divina
1014 3706 1070 3756 et
1087 3700 1339 3756 humana
1357 3718 1417 3756 se
1440 3697 1746 3755 habuerint
1773 3697 1847 3755 ad
1876 3696 2110 3754 modum
2141 3697 2385 3773 partium
2415 3697 2728 3774 incomple-

316 3787 502 3837 tarum
553 3779 627 3835 ad
676 3780 851 3837 totius
899 3778 1403 3853 constitutionem3
1473 3777 1589 3836 Sed
1638 3777 1963 3854 impropria,
2015 3787 2298 3852 quatenus
2348 3778 2728 3853 compositum

319 3857 531 3915 dicitur
557 3858 616 3915 id
645 3858 799 3934 quod
828 3879 902 3915 cx
931 3857 1327 3916 differentibus
1357 3857 1528 3915 rebus
1561 3866 1824 3930 constat3
1874 3857 1925 3913 N
1930 3876 2003 3912 on
2022 3858 2258 3931 physica
2298 3877 2369 3913 ex
2411 3857 2509 3930 his,
2543 3856 2620 3913 id.
2653 3877 2727 3913 ex

316 3938 576 4015 partibus
606 3938 1024 4009 essentialibus,
1056 3948 1120 3996 ut
1150 3938 1319 3995 homo
1343 3959 1414 3993 cx
1446 3938 1637 3994 anima
1655 3946 1712 3995 et
1740 3955 1973 4012 corpore
1999 3957 2012 4008 3
2061 3936 2189 3991 Non
2220 3936 2577 3992 accidentalis
2606 3956 2729 3993 cum

316 4020 416 4086 his,
443 4018 518 4077 id.
539 4017 784 4094 subjecti
803 4027 860 4076 et
881 4018 1212 4092 accidentiS,
1239 4018 1353 4076 Sed
1371 4018 1777 4093 hyperphysz'ca
1796 4027 1845 4073 et
1859 4015 2327 4072 extraordinaria
2339 4018 2494 4088 czy'us
2511 4018 2595 4072 ad
2608 4017 2724 4088 hoe,

316 4098 394 4158 id.
440 4100 614 4177 hujus
643 4106 861 4156 naturae
892 4108 1198 4173 assumptae
1221 4098 1294 4155 ad
1318 4100 1425 4155 hoc
1456 4097 1833 4173 suppositum,
1860 4095 1917 4150 in
1941 4113 2054 4169 qua
2076 4094 2317 4151 alterum
2341 4102 2728 4152 extremorum

317 4180 564 4256 complet
593 4188 651 4237 et
695 4178 932 4254 perficit,
965 4177 1208 4235 alterum
1259 4178 1577 4254 completur
1620 4185 1677 4234 et
1722 4174 2029 4252 perficitur.
2117 4173 2236 4229 Nec
2279 4173 2591 4231 absurdum
2642 4183 2731 4232 est

316 4268 576 4317 naturam
607 4258 866 4318 divinam
908 4258 1016 4314 hoc
1059 4257 1232 4314 modo
1260 4258 1457 4315 venire
1501 4257 1561 4313 in
1603 4253 2076 4331 compositionem
2106 4272 2236 4310 eum
2279 4254 2410 4326 alic,
2443 4254 2578 4330 quia
2619 4254 2729 4311 hoc

315 4357 431 4395 non
459 4339 523 4398 fit
550 4360 652 4416 per
678 4337 914 4396 modum
943 4338 1121 4413 partis
1139 4338 1366 4415 proprie
1386 4337 1571 4410 dietae,
1598 4335 1700 4393 sed
1728 4354 1830 4411 per
1857 4332 2090 4390 modum
2120 4333 2464 4391 assumentis
2493 4334 2730 4391 alteram

316 4426 595 4494 naturam,
629 4428 692 4477 ut
724 4419 949 4475 dicatur
977 4437 1316 4494 componere
1346 4415 1565 4492 aliquid
1594 4435 1725 4473 cum
1754 4413 1868 4471 alio
1896 4432 2013 4470 non
2042 4413 2439 4486 essentialiter,
2472 4413 2573 4471 scd
2604 4434 2729 4489 per-

320 4498 607 4572 sonaliter,
638 4519 752 4556 non
782 4498 855 4555 ad
884 4499 1291 4574 perfectionem
1312 4497 1680 4555 intrinsecam
1711 4495 1852 4571 ejus,
1879 4493 1980 4551 sed
2001 4502 2226 4551 tantum
2247 4491 2318 4550 ad
2364 4492 2490 4569 ejus
2531 4514 2728 4570 opera-

317 4576 531 4634 tionem
563 4579 961 4637 extrinsecam.

404 4656 519 4714 IX.
569 4656 728 4715 Licet
757 4658 816 4714 in
847 4658 1075 4715 Christo
1098 4657 1384 4734 duplicem
1412 4655 1699 4713 Unionem
1730 4673 2126 4730 agnoscamus,
2173 4673 2342 4710 unam
2373 4654 2730 4731 personalem
