3221 5200
307 390 534 436 QUAEsr.
566 373 690 448 xv]
1170 387 1247 428 DE
1277 387 1623 429 vomi-roxa
1654 390 1725 428 ΕΤ
1758 389 1913 432 mna.
2608 374 2720 433 521

301 533 444 607 quia
470 532 630 588 enim
660 530 1019 587 soliditatem
1048 530 1228 585 habet
1256 536 1315 585 ct
1361 529 1723 603 profundam
1769 531 2195 589 radicationem
2241 532 2301 588 in
2349 532 2545 600 corde,
2580 530 2730 588 Ideo

304 618 579 667 constans
613 616 702 667 est
742 617 802 665 et
841 614 1127 682 perpetuo
1169 610 1365 663 durat.
1454 608 1542 666 Ut
1582 626 1656 663 ex
1697 607 1943 666 levitate
1986 612 2177 666 oritur
2219 611 2498 678 labilitas,
2531 609 2616 665 ita
2656 628 2732 665 ex

304 689 604 744 soliditate
634 687 943 743 stabilitas.
1028 685 1198 742 Licet
1225 686 1381 741 enim
1412 685 1649 759 proprie
1678 687 1914 744 duratio
1944 707 2062 743 non
2087 688 2414 745 constituat
2436 689 2518 744 rei
2539 705 2732 743 essen-

303 767 468 834 tiam,
491 773 690 822 tamen
720 783 850 821 eam
883 765 968 819 ita
996 764 1283 837 sequitur,
1310 769 1377 818 ut
1406 782 1479 818 ex
1507 781 1578 820 ea
1607 765 1682 818 de
1712 765 1961 822 veritate
1990 766 2073 821 rei
2095 767 2396 839 judicium
2422 767 2573 822 bene
2600 765 2729 821 fieri

305 845 492 918 possit
519 862 555 899 a
581 842 894 916 posteriori
918 862 932 910 ;
976 842 1214 898 duratio
1242 847 1334 897 est
1363 841 1545 897 index
1574 842 1862 913 veritatis,
1893 852 1962 900 ut
1992 847 2211 901 veritas
2245 852 2333 901 est
2371 843 2731 919 principium

311 921 660 978 durationis
1597 928 1600 931 “

391 999 587 1056 ΧΙΙΙ.
633 998 810 1055 Nihil
838 999 912 1054 de
943 996 1342 1071 Temporariis
1370 998 1610 1068 dicitur,
1644 996 1863 1056 Matth.
1896 999 2044 1069 xiii„
2075 1001 2233 1074 quod
2266 1007 2480 1072 arguat
2520 1018 2731 1056 eorum

309 1079 487 1134 fidem
510 1077 697 1152 specie
721 1075 1033 1132 convenire
1057 1095 1191 1133 cum
1211 1079 1326 1132 fide
1340 1076 1724 1149 justificante,
1749 1085 1807 1132 et
1830 1078 2026 1133 solum
2051 1080 2243 1152 gradu
2266 1078 2520 1134 differre.
2584 1078 2646 1134 N
2652 1096 2729 1133 on

309 1158 470 1229 quod
500 1158 744 1212 audiant
775 1153 1036 1221 Verbum,
1063 1165 1114 1209 et
1141 1153 1290 1210 illud
1314 1156 1511 1210 statim
1539 1154 1822 1230 recipio-nt
1849 1176 1971 1211 cum
2000 1156 2233 1230 gaudio,
2297 1155 2457 1221 Quia
2479 1156 2735 1229 receptio

310 1233 419 1289 illa
447 1240 534 1289 est
560 1234 621 1289 in
651 1239 864 1301 mente,
896 1251 1016 1288 non
1046 1232 1106 1286 in
1136 1235 1329 1302 corde,
1353 1241 1423 1289 ut
1451 1250 1649 1289 semen
1677 1234 1894 1290 cadens
1926 1234 1985 1289 in
2015 1236 2148 1290 loca
2176 1240 2429 1307 petrosa,
2453 1234 2736 1307 recipitur

311 1312 554 1384 quidem
581 1312 642 1366 in
671 1317 937 1367 extrema
964 1311 1269 1383 superficie
1300 1317 1490 1378 terrae,
1521 1311 1624 1367 sed
1654 1329 1773 1367 non
1823 1313 2076 1368 ulterius
2103 1319 2385 1385 penetrat.
2471 1310 2550 1367 Et
2590 1330 2738 1384 gau-

312 1389 481 1444 dium
508 1408 643 1446 cum
671 1406 791 1463 quo
819 1386 1127 1460 excipitur,
1159 1406 1279 1443 non
1308 1395 1397 1445 est
1423 1390 1680 1444 solidum
1709 1397 1768 1444 et
1795 1407 2019 1459 verum,
2042 1391 2203 1464 quod
2235 1390 2467 1445 oriatur
2488 1408 2562 1445 ex
2582 1392 2737 1445 fidu-

314 1467 453 1522 ciali
481 1486 656 1523 sensu
683 1465 891 1539 gratiae
921 1464 1055 1534 Dei,
1085 1467 1186 1521 sed
1216 1484 1289 1521 ex
1310 1465 1487 1522 rebus
1515 1466 1770 1535 caducis,
1800 1468 2086 1524 doctrinae
2117 1467 2340 1524 scilicet
2367 1467 2650 1536 novitate,
2674 1476 2735 1524 et

306 1545 707 1618 jucunditate,
738 1545 833 1598 vel
861 1543 1043 1600 etiam
1072 1544 1521 1600 commodorum
1549 1551 1919 1602 terrenorum
1961 1565 2079 1620 spe.
2163 1545 2305 1602 Non
2347 1546 2509 1619 quod
2550 1565 2735 1602 semen

311 1624 613 1698 qerminet,
643 1622 781 1678 licet
808 1639 927 1677 non
958 1628 1329 1678 maturescat.
1417 1622 1577 1688 Quia
1603 1622 1960 1695 germinatio
1989 1625 2095 1680 illa
2124 1623 2525 1696 superficialiS,
2555 1630 2625 1679 ut
2673 1624 2741 1679 fit

319 1703 381 1757 in
412 1702 649 1758 diversa
675 1700 865 1773 specie
893 1705 1084 1768 terrae,
1118 1700 1204 1754 ita
1246 1699 1507 1772 specifice
1536 1701 1773 1756 differre
1802 1703 1978 1756 debet
2006 1703 2081 1757 ab
2111 1701 2321 1756 intima
2349 1707 2409 1756 et
2425 1718 2581 1769 vera,
2606 1719 2739 1774 quae

319 1779 552 1834 fructus
581 1779 769 1834 bonos
798 1776 1037 1851 profert.
1123 1777 1262 1832 Non
1294 1779 1454 1849 quod
1487 1779 1635 1832 bona
1659 1780 1929 1852 quaedam
1960 1778 2402 1853 oper-etfaciam,
2428 1784 2496 1832 ut
2522 1778 2741 1834 dicitur

322 1858 397 1913 de
431 1856 713 1913 Israelitis
740 1855 902 1929 quod
933 1860 1204 1927 quaerant
1234 1854 1429 1909 Deum
1460 1863 1520 1910 et
1547 1855 1919 1911 delectentur
1960 1856 2297 1927 cognitione
2328 1854 2559 1910 viarum
2589 1855 2738 1927 ejus,

325 1934 445 1991 Isa.
475 1935 622 1990 lviii.
654 1935 708 2001 2,
728 1941 787 1989 et
814 1934 888 1988 de
917 1932 1150 1988 Judaeis
1177 1931 1279 2005 qui
1309 1932 1661 1988 exultabant
1685 1933 1761 1989 ad
1791 1934 1986 1989 lucem
2015 1933 2055 1990 J
2065 1934 2158 1989 oh.
2183 1931 2490 2006 Baptistae,
2515 1931 2557 1988 J
2562 1934 2656 1988 oh.
2682 1951 2737 1989 v.

322 2012 418 2081 35,
469 2019 528 2069 et
569 2014 645 2068 de
675 2011 937 2078 Herode,
983 2010 1146 2082 quod
1191 2009 1298 2063 illo
1327 2008 1534 2065 audito
1575 2011 1768 2067 multa
1795 2010 2032 2080 faceret,
2072 2011 2259 2066 Marc.
2292 2009 2366 2065 vi.
2396 2009 2492 2064 20.
2580 2010 2742 2076 Quia

323 2091 437 2147 ista
467 2109 581 2144 non
615 2089 734 2144 alia
760 2095 900 2142 sunt
928 2105 1108 2160 quam
1136 2087 1296 2142 bona
1323 2104 1503 2159 opera
1529 2095 1776 2144 externa
1803 2091 2001 2162 quoad
2026 2087 2419 2144 substantiam
2450 2087 2659 2160 operis,
2683 2096 2744 2145 et

325 2170 695 2223 honestatem
723 2167 1033 2233 moralem,
1063 2166 1164 2220 sed
1194 2182 1315 2219 non
1347 2182 1481 2221 vere
1511 2164 1673 2234 talia,
1702 2168 1900 2240 quoad
1930 2166 2013 2222 rei
2041 2166 2372 2233 veritatem,
2402 2171 2461 2221 et
2496 2167 2742 2222 modum

326 2245 650 2301 secundum
682 2260 859 2315 quem
890 2244 1110 2299 debent
1136 2241 1279 2297 fieri.

404 2321 588 2378 XIV.
634 2320 829 2377 Locus
857 2319 1012 2377 Heb.
1043 2319 1120 2376 vi.
1144 2321 1200 2389 4,
1225 2320 1279 2389 5,
1303 2321 1359 2389 6,
1385 2339 1503 2376 non
1533 2321 1751 2378 evincit
1781 2322 2105 2396 Apostatas
2125 2323 2309 2380 fuisse
2326 2340 2496 2378 veros
2516 2322 2740 2392 fideles,

323 2408 383 2458 et
422 2401 600 2456 fidem
628 2415 835 2454 eorum
876 2399 1125 2455 eandem
1166 2397 1347 2454 fuisse
1391 2399 1578 2472 specie
1605 2417 1742 2456 cum
1779 2400 2164 2474 justificante.
2251 2402 2303 2458 1.
2337 2400 2497 2467 Quia
2528 2401 2740 2473 Apost.

325 2475 703 2553 hypothetice
725 2475 1012 2549 loquitur,
1037 2493 1157 2530 non
1181 2476 1471 2547 absolute,
1487 2496 1625 2534 nam
1649 2485 1703 2532 m*
1726 2489 2091 2552 ‹nemmem-af,
2111 2480 2271 2536 idem
2291 2486 2381 2535 est
2402 2496 2470 2534 ac
2493 2477 2541 2533 si
2564 2477 2747 2534 dixis·

326 2565 431 2627 set,
463 2567 535 2612 ίάυ
560 2563 872 2629 nea-*inm
949 2554 1060 2611 ·Ab
1100 2554 1483 2628 hypothetico
1512 2574 1653 2613 vero
1696 2559 1773 2614 ad
1803 2557 2146 2615 absolutum
2189 2574 2310 2614 non
2340 2557 2504 2614 valet
2543 2573 2747 2614 conse-

329 2636 593 2711 quentia,
624 2634 736 2691 nisi
766 2635 960 2709 posita
981 2632 1336 2689 conditione.
1380 2632 1513 2690 Nec
1532 2642 1845 2710 propterea
1866 2635 2089 2693 frustra
2107 2636 2371 2692 minatur
2393 2635 2747 2708 Apostolus,

328 2714 472 2790 quia
498 2733 602 2788 per
631 2714 780 2770 tales
807 2710 1296 2769 comminationes
1318 2713 1748 2770 conditionales
1771 2713 1936 2772 Deus
1959 2714 2141 2771 officit
2168 2715 2227 2770 in
2257 2712 2477 2770 renatis
2508 2730 2581 2768 ne
2609 2731 2747 2787 pro-

326 2795 629 2863 labantur,
658 2791 1041 2849 absterrendo
1068 2807 1169 2845 eos
1196 2806 1233 2845 a
1271 2789 1514 2847 levitate
1558 2791 2008 2866 Apostatarum,
2038 2799 2099 2849 et
2125 2794 2202 2848 ad
2244 2792 2510 2847 studium
2552 2808 2747 2864 perse-

328 2870 613 2926 verantiae
642 2869 973 2925 excitando,
1038 2866 1118 2923 Et
1145 2867 1286 2923 licet
1312 2868 1573 2924 conditio
1601 2887 1639 2926 a
1665 2877 1833 2945 parte
1864 2869 1994 2942 Dei,
2025 2878 2084 2927 et
2112 2871 2311 2944 quoad
2341 2875 2642 2938 eventum,
2673 2869 2749 2925 sit

327 2947 729 3020 impossibiliS,
749 2965 786 3002 a
807 2954 972 3020 parte
993 2944 1253 3000 hominis
1278 2944 1388 3001 sibi
1419 2946 1606 3002 relicti
1625 2947 1801 3002 nimis
1818 2955 1969 3004 esset
1985 2948 2300 3022 possibilis.
2361 2947 2414 3001 2.
2443 2945 2746 3020 Quicquid

331 3024 456 3080 istis
486 3024 786 3091 tribuitur,
816 3030 1011 3095 potest
1038 3023 1099 3078 in
1128 3039 1249 3076 non
1280 3030 1516 3078 renatos
1545 3032 1604 3079 et
1633 3025 1913 3096 reprobos
1940 3028 2166 3094 cadere,
2198 3024 2301 3097 qui
2342 3031 2591 3096 possunt
2605 3025 2749 3099 fleri

323 3101 639 3178 participes
670 3100 915 3173 Spiritus
944 3101 1024 3167 S„
1049 3100 1097 3154 si
1126 3115 1244 3153 non
1278 3100 1477 3172 quoad
1507 3100 1669 3157 dona
1696 3100 2178 3158 fundamentalia
2204 3108 2265 3156 et
2293 3100 2580 3155 salutaria
2609 3119 2747 3157 con-

331 3178 618 3237 versionis
646 3185 705 3233 et
732 3176 1171 3243 consolationis,
1202 3182 1266 3231 at
1292 3177 1492 3248 quoad
1536 3176 1696 3234 dona
1737 3179 1979 3235 initialia
2019 3176 2478 3233 illuminationis
2520 3183 2580 3232 et
2606 3195 2748 3234 con-

328 3257 620 3325 victionis,
634 3257 727 3311 vel
746 3255 922 3312 etiam
941 3254 1140 3329 quoad
1161 3255 1313 3309 dona
1334 3255 1827 3326 extraordinaria,
1848 3257 2217 3324 miraculosa,
2239 3262 2299 3309 et
2316 3252 2744 3313 ministerialia.

335 3334 596 3393 Possunt
623 3333 957 3401 illumi-nari,
987 3339 1047 3388 et
1086 3329 1487 3404 cognitionem
1513 3332 1778 3391 veritatis
1820 3335 2054 3403 habere,
2084 3333 2130 3389 si
2173 3351 2294 3388 non
2337 3331 2657 3404 practicam
2686 3342 2747 3391 et

330 3416 756 3482 consolantem,
787 3418 850 3468 at
875 3408 1256 3469 theoreticam
1288 3415 1347 3464 et
1374 3418 1755 3470 coercentem.
1842 3412 2106 3468 Possunt
2128 3421 2366 3486 qustare
2396 3410 2600 3466 bonum
2628 3410 2747 3468 Dei

348 3491 597 3550 Verbum
623 3499 805 3563 gustu
848 3488 1070 3547 extimo
1115 3493 1175 3543 et
1218 3485 1439 3555 labiali,
1469 3490 1571 3544 sed
1618 3507 1737 3546 non
1782 3491 1994 3547 intimo
2040 3497 2100 3546 et
2141 3488 2400 3545 radicali.
2487 3486 2748 3546 Possunt

324 3583 562 3646 gustare
592 3572 838 3629 Virtutes
842 3566 1048 3645 futuri
1054 3562 1243 3632 seculi,
1257 3581 1376 3619 non
1398 3572 1517 3621 tam
1537 3585 1645 3640 per
1662 3586 1825 3642 spem
1842 3577 1901 3626 et
1918 3567 2227 3641 gaudium,
2241 3586 2373 3642 quae
2387 3573 2528 3622 sunt
2543 3566 2747 3640 primi-

329 3650 427 3708 tiae
457 3649 663 3724 gloriae
681 3647 947 3715 coelestis,
978 3661 1160 3718 quam
1189 3650 1459 3715 respectu
1489 3644 1932 3715 miraculorum,
1962 3665 2097 3720 quae
2118 3664 2271 3719 saepe
2290 3644 2530 3701 nomine
2559 3644 2746 3702 virtu-

331 3735 460 3783 tum
483 3728 748 3794 veniunt,
769 3745 902 3799 quae
925 3724 983 3779 in
1012 3721 1276 3778 Ecclesia
1301 3720 1601 3794 primitiva
1622 3725 1748 3781 fieri
1770 3726 2058 3793 solebant,
2082 3743 2214 3797 quae
2238 3723 2455 3780 dicitur
2476 3724 2742 3778 seculum

329 3804 621 3872 futurum,
651 3809 719 3859 ut
747 3802 903 3859 Heb.
934 3801 993 3857 ii.
1025 3799 1079 3868 5,
1111 3800 1360 3854 mundus
1386 3800 1657 3874 fatur-us,
1688 3804 1831 3877 quia
1857 3803 1995 3859 talis
2022 3810 2149 3858 erat
2188 3808 2452 3873 tempore
2495 3798 2741 3856 Patrum

333 3881 472 3936 Vet.
503 3881 657 3936 Test.
690 3880 947 3935 Possunt
968 3887 1206 3953 gustare
1234 3879 1443 3933 donum
1472 3878 1704 3947 coeleste,
1735 3881 1932 3953 quoad
1976 3876 2481 3952 participationem
2510 3876 2665 3944 fidei,
2696 3877 2743 3932 si

329 3976 449 4012 non
480 3957 772 4023 salvificae,
804 3963 865 4011 at
891 3974 1046 4011 verae
1076 3954 1138 4009 in
1179 3970 1288 4009 suo
1332 3972 1564 4025 genere,
1595 3964 1656 4011 et
1700 3975 1832 4030 quae
1868 3974 1986 4011 non
2034 3954 2278 4009 aliunde
2306 3971 2487 4025 quam
2515 3953 2744 4010 coelitus

329 4035 528 4108 potuit
551 4033 770 4090 haberi.
831 4032 884 4087 3.
906 4030 1058 4087 Haec
1080 4029 1276 4103 potius
1298 4029 1428 4085 istis
1451 4032 1801 4088 tribuuntur
1822 4029 2324 4088 sacramentaliter
2341 4037 2399 4086 et
2420 4030 2743 4087 extrinsece

331 4114 528 4186 quoad
549 4109 812 4167 veritatis
836 4109 1278 4182 professionem,
1299 4113 1358 4162 et
1377 4106 1669 4180 Baptismi
1687 4109 2134 4183 susceptionem,
2159 4125 2339 4180 quam
2361 4106 2744 4180 spiritualiter

329 4200 388 4246 et
416 4191 661 4258 interne,
691 4187 891 4262 quoad
919 4187 1058 4243 fidei
1087 4193 1401 4257 awa-metm,
1431 4203 1564 4257 quae
1612 4185 1955 4243 Electorum
1982 4193 2071 4240 est
2112 4187 2340 4241 donum
2368 4193 2740 4256 άμιημίλητου,

323 4287 452 4324 rece
498 4268 735 4325 tionem.

410 4288 553 4403 XpV.
600 4345 767 4401 Licet
793 4345 938 4400 fides
961 4338 1479 4414 Temporariorum
1503 4340 1578 4398 sit
1595 4359 1737 4398 vera
1758 4341 1816 4397 in
1842 4360 1949 4397 suo
1973 4341 2198 4411 ordine,
2222 4341 2363 4415 quia
2383 4358 2519 4398 vere
2542 4358 2739 4398 semen

327 4424 548 4496 excipit
575 4442 706 4479 cum
736 4422 976 4495 gaudi0‚
1001 4428 1061 4477 et
1087 4437 1205 4474 non
1234 4418 1483 4490 fingitur
1510 4420 1587 4475 ab
1616 4420 1734 4475 illis
1757 4419 1859 4493 qui
1888 4420 1971 4475 ita
2000 4420 2268 4488 credunt,
2293 4418 2394 4494 qui
2425 4437 2542 4476 non
2563 4419 2743 4475 simu-

326 4501 457 4556 lant
503 4507 736 4556 tantum
782 4518 842 4555 se
891 4499 1145 4565 credere,
1176 4496 1278 4551 scd
1328 4496 1522 4569 reipsa
1566 4504 1626 4553 et
1653 4516 1789 4553 vere
1817 4499 2086 4566 credunt,
2118 4498 2277 4554 unde
2307 4500 2533 4555 credere
2561 4496 2738 4553 etiam

330 4577 630 4644 dicuntur,
674 4576 714 4633 J
723 4579 816 4633 oh.
860 4577 919 4632 ii.
965 4577 1059 4645 23,
1099 4574 1245 4631 Luc.
1277 4572 1397 4630 viii.
1453 4574 1544 4643 13,
1587 4574 1730 4631 Non
1774 4582 1973 4632 tamen
2015 4582 2103 4631 est
2143 4593 2283 4632 vera
2324 4583 2382 4632 et
2421 4575 2560 4632 viva
2599 4575 2744 4631 fides

324 4655 677 4728 justificans,
728 4672 848 4726 quo
895 4672 1068 4709 sensu
1115 4651 1461 4727 hypocritica
1509 4652 1688 4709 etiam
1738 4652 1971 4723 dicitur,
2016 4653 2158 4726 quia
2205 4662 2292 4710 est
2341 4655 2560 4710 aemula
2605 4653 2744 4709 fidei
