3221 5200
213 370 431 420 QUAEs‘r.
462 347 576 428 1v.]
1041 366 1119 405 m:
1164 366 1500 408 vocarmm:
1543 366 1619 407 ΕΤ
1660 367 1818 408 rme.
2512 354 2630 410 473

212 512 353 571 tium
374 519 473 568 aut
496 507 906 582 comitantium,
929 527 1057 583 quse
1084 528 1120 566 a
1151 509 1370 586 Spiritu
1395 509 1505 567 Dei
1533 509 1616 567 ita
1644 516 1775 586 apte
1800 516 1857 567 et
1875 516 2195 584 opportune
2224 508 2633 586 dispensentur

213 601 475 668 respectu
499 589 687 662 uniuS,
720 595 777 645 et
806 606 919 644 non
949 587 1203 663 alterius,
1228 597 1294 647 ut
1311 589 1504 666 quoad
1533 589 1696 646 illum
1715 587 1952 646 effectus
1981 589 2307 646 necessario
2336 599 2628 666 sequatur,

214 669 599 748 quoaduistum
622 687 759 725 vero
787 667 1041 725 minime.
1075 669 1220 725 Nam
1249 668 1387 726 licet
1410 668 1691 726 fateamur
1718 669 1910 725 varias
1938 667 2397 727 circumstantias
2426 670 2500 727 ad
2522 670 2631 728 hoc

216 771 362 827 opus
392 767 746 820 concurrere,
778 755 836 805 et
858 767 892 804 a
923 747 1047 804 Deo
1079 748 1497 824 sapientissime
1527 748 1866 824 dispensari,
1899 756 1956 805 ct
1997 768 2111 805 non
2142 769 2342 824 parum
2373 749 2630 808 conferre

216 831 291 888 ad
339 830 477 888 boni
528 827 716 905 operis
762 846 1137 901 successum3
1198 828 1491 903 Negamus
1537 836 1730 885 tamen
1777 827 2116 885 varietatem
2161 832 2331 886 istam
2388 830 2630 887 circum-

217 910 574 982 stantiarum,
592 907 687 965 vel
709 927 901 964 earum
928 927 1270 965 concursum
1291 927 1460 983 posse
1484 908 1599 966 dici
1622 928 1854 965 causam
1884 908 2172 984 propriam
2194 917 2251 965 et
2270 908 2631 984 adaequatam

216 990 385 1048 istius
415 986 780 1045 discriminis
826 986 973 1043 Nam
1005 986 1448 1046 circumstantiae
1492 987 1608 1045 illae
1638 1007 1838 1046 omnes
1866 1007 2223 1063 quaecunque
2254 988 2485 1046 tandem
2516 989 2631 1047 illae

217 1070 349 1143 sint,
383 1068 497 1126 Vel
547 1087 607 1125 se
653 1075 851 1125 tenent
892 1086 967 1124 ex
1015 1075 1174 1142 parte
1205 1067 1411 1141 objecti,
1458 1067 1536 1124 id.
1570 1067 1789 1142 Verbi3
1837 1068 1950 1125 Vel
1980 1087 2053 1125 ex
2082 1077 2243 1143 parte
2299 1069 2539 1142 subjecti,
2570 1068 2632 1126 id

215 1159 319 1223 est,
353 1147 619 1206 hominis,
685 1146 743 1204 A
771 1156 931 1222 parte
962 1147 1168 1221 objecti,
1199 1147 1359 1204 nulla
1387 1154 1577 1222 potest
1619 1146 1744 1204 dari
1783 1147 2338 1205 circumstantiarum
2381 1149 2632 1206 varietas

217 1249 292 1286 ex
329 1238 527 1286 nostra
554 1226 880 1303 hypothesi,
911 1226 1046 1301 quia
1094 1227 1470 1303 supponimus
1518 1227 1673 1284 idem
1716 1226 1992 1300 Verbum,
2037 1227 2110 1284 ab
2140 1227 2342 1284 eodem
2375 1228 2632 1303 Pastore,

216 1308 420 1366 eodem
450 1316 722 1382 tempore,
775 1314 832 1363 et
877 1306 1021 1380 loce,
1065 1306 1379 1382 eodemque
1429 1306 1621 1381 modo,
1670 1306 1931 1381 utrisque
1981 1306 2299 1382 praedicari.
2385 1307 2439 1363 A
2470 1317 2633 1384 parte

217 1390 457 1463 subjecti,
493 1386 605 1444 Vel
650 1392 785 1443 sunt
828 1392 1051 1443 tantum
1102 1386 1441 1444 extrinsecae
1480 1395 1538 1444 et
1567 1385 1969 1460 accidentales,
2001 1407 2129 1462 quae
2158 1386 2377 1444 nullam
2419 1387 2636 1446 habent

217 1468 600 1526 necessariam
622 1465 1039 1524 connexionem
1059 1486 1187 1523 cum
1212 1466 1434 1540 effectu,
1457 1486 1701 1542 quaeque
1724 1465 1853 1523 ideo
1883 1487 1997 1523 non
2027 1475 2268 1542 possunt
2290 1486 2415 1525 esse
2446 1487 2633 1526 causae

218 1548 580 1606 discretionis
628 1545 799 1604 unius
844 1545 917 1602 ab
959 1545 1107 1621 alio;
1154 1546 1266 1604 Vel
1303 1546 1630 1604 intrinsecae
1682 1555 1739 1604 et
1788 1547 2141 1621 essentialeS,
2194 1566 2323 1622 quae
2365 1546 2633 1605 effectum

218 1628 540 1685 necessario
569 1635 701 1703 post
729 1646 789 1683 se
819 1626 1071 1700 trahunt,
1105 1635 1164 1684 et
1204 1625 1415 1701 quibus
1437 1626 1788 1703 positis-non
1816 1634 2008 1702 potest
2036 1646 2150 1682 non
2183 1626 2380 1701 sequi3
2434 1628 2635 1702 quales

219 1719 354 1765 sunt
377 1707 508 1780 illae,
541 1727 670 1784 quae
701 1706 1024 1783 subjectum
1055 1706 1442 1763 diversimode
1472 1705 1729 1764 afficiunt
1757 1714 1815 1763 et
1843 1706 2173 1781 disponunt.
2221 1706 2309 1762 De
2339 1706 2465 1763 istis
2497 1726 2633 1764 vcro

216 1807 417 1845 rursus
454 1786 767 1862 quaeritur:
833 1785 930 1842 An
970 1786 1276 1844 diversitas
1320 1786 1436 1860 illa,
1469 1805 1643 1861 quam
1693 1785 1752 1842 in
1783 1785 2042 1861 subjecto
2071 1783 2413 1860 producunt,
2446 1787 2633 1860 qualis

218 1876 309 1925 est
336 1887 393 1924 v.
419 1887 476 1942 g.
528 1865 788 1939 attentiO,
821 1865 1103 1939 docilitaS,
1136 1874 1194 1923 et
1239 1865 1415 1921 animi
1465 1864 1792 1938 submissio,
1846 1863 1921 1920 sit
1963 1884 1997 1920 a
2037 1872 2258 1937 natura,
2292 1864 2389 1920 An
2420 1884 2557 1922 vero
2600 1885 2636 1922 a

222 1946 474 2006 Gratia?
544 1945 608 2004 Si
664 1965 698 2002 a
739 1954 959 2017 natura,
1008 1945 1148 2002 vicit
1199 1945 1489 2020 Pelagius,
1541 1953 1599 2003 et
1642 1944 1813 2001 homo
1845 1943 2091 2018 seipsum
2130 1943 2420 2001 discernit.
2510 1945 2570 2002 Si
2601 1965 2636 2001 a

222 2028 442 2100 Gratia,
476 2045 606 2084 cum
655 2025 765 2082 hoc
813 2044 930 2080 non
979 2025 1161 2100 possit
1210 2022 1459 2099 pendere
1508 2043 1543 2079 a
1571 2023 1788 2097 Verbo,
1840 2022 1997 2098 quod
2037 2023 2295 2098 utrisque
2335 2043 2635 2082 commune

219 2127 345 2164 esse
386 2106 657 2178 diximuS,
689 2105 813 2161 haec
862 2103 988 2180 ipsa
1017 2112 1104 2161 est
1154 2103 1358 2161 Gratia
1395 2102 1730 2162 immediata
1779 2122 1952 2178 quam
1994 2103 2278 2179 ponimuS,
2311 2123 2439 2179 quae
2468 2104 2635 2162 istius

222 2185 569 2242 discriminis
599 2202 772 2240 causa
822 2182 1011 2239 fuerit.

311 2263 520 2320 XLII.
556 2261 798 2336 Deinde,
827 2259 890 2318 Si
907 2261 1157 2318 varietas
1181 2261 1756 2336 circumstantiarum,
1784 2261 2177 2319 diversitatem
2203 2260 2440 2321 effectus
2463 2263 2634 2340 facit;

223 2345 383 2419 Ergo
429 2343 755 2417 ubicunque
800 2361 869 2398 ea
911 2350 1187 2413 occurret,
1219 2340 1484 2398 diversus
1534 2341 1706 2398 etiam
1753 2341 1990 2399 effectus
2020 2351 2326 2417 sequetur;
2369 2342 2469 2399 ubi
2497 2363 2637 2401 vero

221 2443 390 2500 pares
429 2431 612 2494 erunt,
645 2420 797 2478 idem
828 2420 1062 2478 debebit
1109 2439 1253 2478 esse.
1340 2420 1425 2478 At
1454 2420 1622 2478 aliter
1650 2441 1711 2479 se
1756 2441 1877 2479 rem
1907 2422 2117 2480 habere
2160 2431 2404 2480 constat.
2489 2423 2640 2480 Nam

223 2505 285 2561 in
325 2503 501 2560 variis
548 2500 993 2559 circumstantiis
1021 2499 1175 2557 idem
1217 2520 1332 2557 non
1362 2499 1574 2558 desinit
1603 2520 1730 2559 csse
1760 2501 2013 2574 effectus,
2046 2510 2104 2560 et
2146 2500 2205 2558 in
2255 2502 2457 2560 iisdem
2490 2522 2640 2579 saepe

224 2582 506 2642 diversus
592 2581 746 2657 Quot
776 2590 910 2640 sunt
938 2580 1148 2658 quibus
1191 2579 1333 2639 felix
1367 2581 1660 2657 nativitaS,
1692 2581 1845 2640 bona
1872 2582 2175 2657 institutio,
2208 2581 2639 2642 benedictiones

222 2664 360 2723 item
410 2672 469 2723 et
525 2662 952 2738 castigationeS,
1005 2671 1063 2720 et
1092 2662 1304 2719 similia
1332 2662 1484 2719 bona
1528 2661 1625 2719 vel
1665 2663 1816 2720 mala
1864 2663 2076 2740 pariter
2125 2663 2485 2739 contingunt,
2538 2664 2639 2740 qui

223 2754 418 2803 tamen
447 2742 833 2802 diversimode
879 2741 996 2799 illis
1040 2741 1383 2817 afficiuntur,
1430 2742 1525 2800 vel
1570 2742 1645 2799 ad
1696 2743 1911 2801 bonum
1955 2744 2049 2801 vel
2078 2742 2152 2800 ad
2181 2743 2393 2801 malum
2415 2746 2443 2801 P
2486 2743 2641 2818 Quot

226 2826 364 2883 item
414 2825 514 2900 qui
559 2824 619 2881 in
669 2822 916 2880 diversis
965 2822 1134 2898 plane
1165 2822 1613 2881 circumstantiis
1662 2822 1852 2900 positi,
1898 2822 2112 2900 pariter
2149 2834 2340 2881 tamen
2371 2844 2405 2880 a
2435 2824 2640 2883 Gratia

224 2906 683 2962 convertuntur?
767 2902 1047 2959 Latrones
1077 2922 1133 2959 ν.
1165 2922 1221 2978 g.
1253 2902 1368 2960 duo
1414 2922 1543 2961 cum
1577 2902 1806 2961 Christo
1846 2903 2105 2961 crucifixi
2147 2904 2207 2961 in
2236 2904 2438 2962 iisdem
2469 2905 2638 2980 plane

224 2983 670 3041 circumstantiis
693 2981 1089 3055 versabantur,
1111 2981 1263 3038 idem
1294 2982 1584 3057 objectum
1624 2983 1807 3041 oculis
1837 2982 2198 3056 offerebatur,
2230 2983 2430 3041 eadem
2462 2983 2640 3041 verba

223 3083 391 3120 aures
433 3061 729 3133 feriebant,
761 3068 819 3117 et
863 3079 965 3136 per
1009 3060 1202 3116 omnia
1256 3080 1424 3136 pares
1475 3061 1837 3118 videbantur.
1924 3061 2095 3119 Alter
2131 3070 2323 3119 tamen
2373 3064 2555 3120 credit
2582 3072 2640 3121 et

224 3141 616 3214 convertitur;
663 3138 833 3197 Alter
854 3158 993 3196 vero
1022 3138 1352 3196 incredulus
1394 3149 1589 3197 manet
1632 3148 1690 3197 et
1718 3139 2059 3197 obstinatus.
2146 3141 2422 3214 Quaenam
2470 3142 2638 3200 istius

223 3220 571 3279 discriminis
618 3217 902 3294 assignari
946 3225 1138 3293 potest
1186 3218 1331 3275 ratio
1352 3222 1380 3276 P
1425 3218 1522 3275 An
1553 3218 1709 3295 quod
1738 3218 1969 3275 diversa
2012 3217 2184 3276 fuerit
2211 3220 2508 3295 utriusque
2538 3240 2637 3278 na-

220 3302 436 3374 tivitaS,
485 3300 580 3356 vel
625 3297 928 3371 institutio,
969 3297 1066 3355 vel
1114 3297 1404 3355 diversum
1453 3297 1590 3355 vitae
1641 3317 1841 3375 genus»,
1894 3298 1991 3355 vel
2019 3298 2146 3355 aliae
2192 3298 2635 3358 circumstantiae

223 3381 463 3439 occulta}
484 3382 512 3438 P
579 3378 694 3437 Sed
730 3386 1114 3456 praeterquam
1144 3377 1299 3453 quod
1329 3378 1509 3454 gratis
1539 3378 1662 3435 haec
1693 3386 2108 3454 supponuntur,
2140 3397 2256 3435 non
2283 3379 2636 3456 probantur3

228 3461 289 3520 Si
317 3462 442 3519 haec
470 3460 721 3517 maxime
751 3478 889 3516 vera
917 3458 1120 3533 forent,
1152 3456 1297 3514 nihil
1325 3458 1400 3515 ad
1426 3477 1546 3516 rem
1575 3458 1845 3532 facerent,
1877 3458 2014 3534 quia
2041 3478 2234 3516 veram
2266 3468 2323 3517 et
2351 3458 2639 3536 propriam

224 3561 455 3600 causam
484 3540 630 3598 tanti
658 3537 1006 3597 discriminis
1035 3536 1171 3595 dare
1201 3558 1317 3595 non
1356 3546 1684 3616 potuerunt.
1718 3538 1866 3596 Nam
1896 3539 2070 3596 variae
2116 3539 2231 3596 illae
2263 3539 2636 3598 circumstan-

222 3622 336 3695 tiae,
369 3642 497 3698 quae
531 3640 648 3678 non
692 3618 1126 3697 prohibuerunt,
1179 3619 1502 3694 quominuS,
1554 3618 1657 3677 ubi
1686 3617 1926 3695 aequalis
1973 3619 2122 3677 male
2153 3619 2364 3695 agendi
2413 3621 2638 3680 occasio

224 3700 360 3758 data
421 3701 546 3775 fuit,
605 3709 847 3776 uterque
904 3699 1116 3775 pariter
1178 3698 1540 3757 latrocinium
1601 3707 1912 3772 exerceret,
1972 3699 2260 3776 quomodo
2317 3700 2640 3775 potuissent

224 3780 467 3837 alterum
497 3779 571 3836 ad
601 3779 951 3855 impietatem
982 3787 1040 3836 et
1080 3778 1469 3856 blasphemias
1499 3779 1813 3855 impellere,
1863 3779 2104 3836 alterum
2146 3778 2219 3836 ad
2261 3780 2529 3855 pietatem
2581 3789 2640 3838 et

224 3858 397 3916 fidem
447 3857 692 3932 flectere,
744 3858 845 3914 ubi
876 3877 980 3933 par
1008 3859 1240 3915 omnino
1284 3858 1677 3916 conversionis
1723 3858 1798 3915 ad
1845 3859 2031 3915 Deum
2072 3858 2296 3915 occasio
2327 3859 2461 3916 data
2490 3858 2642 3916 fuit?

226 3938 359 3996 Non
387 3937 500 3993 alia
542 3955 680 4011 ergo
725 3936 1072 3993 discriminis
1115 3937 1282 3994 istius
1311 3957 1486 3994 causa
1523 3957 1649 3995 esse
1688 3938 1890 4013 potuit,
1923 3957 2096 4013 quam
2126 3957 2367 3994 arcanus
2395 3937 2642 4013 Spiritus

228 4016 426 4077 Sancti
475 4023 682 4090 motus,
714 4015 815 4091 qui
844 4014 903 4071 in
947 4015 1120 4072 simili
1160 4023 1330 4089 statu,
1364 4016 1607 4073 similem
1640 4024 1831 4073 tamen
1861 4016 1996 4073 dare
2019 4036 2133 4074 non
2162 4016 2348 4074 voluit
2376 4016 2638 4092 gratiam,

223 4106 291 4157 ut
338 4095 666 4156 ostenderet
715 4114 776 4152 se
817 4094 918 4152 ubi
948 4094 1074 4151 vult
1119 4094 1352 4170 spirare,
1398 4104 1455 4153 et
1491 4115 1735 4170 quorum
1778 4095 1906 4153 vult
1935 4096 2206 4169 misereri,
2240 4104 2298 4153 ct
2341 4117 2487 4172 quos
2515 4097 2642 4155 vult

224 4179 512 4236 indurare.
600 4175 842 4248 Rursus,
887 4173 985 4251 qui
1017 4173 1247 4247 factum,
1294 4182 1359 4231 ut
1407 4174 1482 4231 ad
1527 4174 1758 4232 easdem
1810 4175 2113 4231 conciones
2165 4176 2321 4233 Petri
2370 4185 2428 4234 et
2475 4176 2643 4234 Pauli

226 4258 427 4318 eodem
457 4267 714 4334 tempore
744 4262 802 4313 et
828 4255 975 4325 loce,
1002 4263 1059 4312 et
1088 4272 1217 4311 cum
1246 4252 1449 4311 iisdem
1471 4254 1916 4312 circumstantiis
1944 4254 2171 4312 habitas
2191 4254 2264 4311 ad
2293 4254 2640 4331 innumeros,

227 4339 328 4397 alii
371 4347 565 4396 tamen
607 4356 683 4395 ex
727 4335 800 4393 iis
846 4333 1210 4408 crediderint,
1252 4333 1352 4390 alii
1380 4332 1663 4392 increduli
1718 4335 2080 4392 manserint?
2162 4334 2294 4392 Non
2342 4336 2456 4393 alia
2505 4355 2642 4394 sane

226 4418 393 4477 istius
439 4415 803 4475 discretionis
854 4414 999 4473 ratio
1035 4413 1159 4471 dari
1201 4421 1410 4492 potest,
1442 4433 1614 4491 quam
1667 4413 1890 4472 interna
1919 4414 2096 4471 animi
2144 4414 2461 4492 dispositiO,
2493 4435 2639 4492 quae,

230 4499 279 4556 si
307 4516 423 4554 non
451 4505 540 4555 est
567 4517 601 4554 a
630 4496 818 4573 gratia
847 4494 1188 4572 subjectiva,
1221 4514 1254 4551 a
1275 4505 1481 4553 natura
1508 4492 1758 4571 pendere
1788 4502 1986 4552 contra
2019 4494 2369 4571 Scripturam
2400 4495 2645 4555 dicenda

230 4576 355 4636 erit.

311 4655 552 4713 XLIII.
598 4657 653 4713 3.
702 4654 765 4713 Si
794 4655 1115 4713 vocationis
1159 4654 1411 4712 efficacia
1453 4653 1667 4730 pendet
1695 4675 1728 4711 a
1758 4675 2039 4713 concursu
2069 4655 2644 4733 circumstantiarum,
