3221 5200
293 410 522 461 QUAEST·
554 390 649 473 11.]
1026 408 1104 448 ni:
1128 407 1401 450 ransom
1438 410 1511 448 iri·
1542 409 1733 451 srxru
1762 410 2016 450 canisi-1.
2609 395 2723 451 261

279 552 541 613 monium
587 551 928 630 perhibente
949 555 978 611 P
1079 551 1164 613 Ut
1207 551 1449 611 infirmia
1499 552 1672 611 sortis
1700 552 1979 629 homines,
2022 551 2216 611 idiotes
2262 559 2320 611 et
2360 551 2719 632 ἇγςιίμμαπι,

274 634 394 693 visi
423 634 540 692 sint
567 632 733 711 quasi
783 653 898 691 uno
941 641 1234 693 momento
1272 633 1332 691 iii
1371 631 1738 692 doctissimos
1765 643 1825 694 et
1850 632 2263 694 disertissimos
2309 633 2716 710 transformati,

273 714 610 792 linguarum
660 713 917 773 omnium
961 713 1291 790 cognitione
1330 722 1390 772 et
1433 734 1624 772 rerum
1673 715 2054 774 maximarum
2102 713 2311 773 notitia
2351 712 2585 790 perfusi,
2616 715 2718 792 qui

277 814 515 854 causam
562 793 799 853 Domini
854 794 946 852 sui
993 794 1150 872 apud
1198 814 1397 853 omnes
1442 793 1744 873 intrepide,
1803 803 1861 855 et
1916 815 2128 872 magna
2182 814 2312 853 cum
2368 796 2617 874 παῤῥησήι
2657 803 2717 854 et

276 876 488 955 bugyu'qs
512 874 595 935 ita
622 882 883 952 egerunt,
930 875 1296 952 Religionem
1337 895 1455 934 non
1498 874 1722 948 fucatis,
1754 875 2145 953 quaesitisque,
2178 872 2282 933 sed
2325 875 2480 933 veris
2523 875 2711 950 claris,

274 964 337 1015 et
393 956 552 1015 omni
614 955 953 1032 exceptione
1008 955 1325 1033 majoribus
1368 955 1725 1032 argumentis
1766 955 1991 1015 fortiter
2037 954 2367 1029 asserendO,
2409 962 2476 1014 ut
2530 965 2712 1014 cater-

275 1036 461 1096 vatim
507 1045 567 1096 et
615 1035 909 1095 turmatim
956 1035 1124 1114 quasi
1172 1035 1248 1094 ad
1294 1036 1683 1112 Evangelium
1726 1056 2068 1095 concursum
2104 1036 2196 1110 sit,
2229 1035 2713 1096 nonobstantibus

275 1117 468 1193 minis,
500 1116 725 1192 edictis,
757 1115 1100 1193 carceribus,
1130 1116 1447 1192 tormentis,
1481 1115 1864 1194 omnibusque
1882 1125 2270 1176 extremorum
2302 1115 2712 1194 suppliciorum

321 1197 591 1256 eneribus
611 1199 640 1255 ¹?

276 1218 610 1362 {onai-matur
700 1330 761 1361 ex
885 1277 1076 1337 XXI.
1124 1277 1255 1336 Hoc
1283 1297 1427 1337 vero
1451 1276 1803 1337 luculentius
1830 1285 2033 1354 postea
2074 1277 2263 1355 patuit
2290 1276 2350 1335 in
2413 1277 2710 1336 Vocatione

335 1374 603 1420 vocatione
636 1374 763 1420 Gen·
809 1357 1071 1418 Gentium
1092 1366 1150 1417 et
1175 1358 1589 1418 Christianismi
1606 1378 1710 1437 per
1731 1366 1914 1418 totum
1946 1358 2142 1418 orbem
2155 1357 2518 1433 fundatione.
2562 1357 2708 1416 Cum

332 1433 468 1537 {3⁰¹¹}
510 1441 557 1503 ἢ*
592 1433 761 1536 fbf?-
803 1437 954 1497 enim
1006 1438 1255 1497 Vocatio
1308 1439 1587 1499 Gentium
1635 1440 1933 1516 proprium
1982 1459 2128 1517 opus
2165 1438 2404 1497 Messias
2434 1438 2605 1498 fuerit
2634 1457 2709 1495 ex

332 1506 554 1606 ,32:5⁸¹
616 1507 679 1536 ¹¹¹²
715 1507 760 1537 ³⁶
806 1517 1069 1578 Oraculis
1101 1520 1479 1598 Propheticis,
1513 1521 1664 1581 Gen.
1697 1520 1841 1579 xvii.
1873 1522 1927 1596 5,
1961 1528 2019 1578 et
2048 1520 2194 1578 xlix.
2231 1521 2326 1578 10.
2371 1519 2528 1577 Psal.
2560 1518 2617 1577 ii.
2649 1520 2704 1594 8,

804 1607 862 1658 et
889 1599 1034 1659 xxii.
1066 1604 1161 1676 27,
1195 1603 1289 1678 30,
1315 1609 1373 1661 et
1400 1601 1590 1660 lxviii.
1621 1603 1716 1677 31,
1748 1604 1844 1676 32,
1877 1608 1936 1659 et
1977 1600 2142 1658 xlvii.
2176 1604 2233 1671 7,
2263 1601 2320 1674 8,
2351 1601 2407 1674 9,
2439 1609 2498 1657 et
2525 1619 2618 1658 cx.
2651 1603 2706 1672 2,

277 1679 336 1737 3.
382 1677 529 1737 Hos.
560 1678 598 1737 i.
634 1679 727 1758 10,
762 1682 854 1738 11.
898 1680 1054 1740 Joel.
1084 1680 1144 1740 ii.
1174 1684 1271 1741 28.
1317 1682 1432 1741 Isa.
1464 1682 1523 1740 ii.
1548 1686 1605 1757 2,
1637 1684 1694 1755 3,
1724 1688 1782 1740 et
1811 1680 1891 1740 xi.
1927 1682 2018 1756 10,
2050 1688 2109 1739 et
2138 1679 2261 1737 xlii.
2298 1680 2347 1753 1,
2374 1681 2431 1753 4,
2461 1686 2519 1736 et
2561 1678 2707 1736 xlix.

278 1761 334 1834 6,
366 1767 424 1817 et
450 1758 554 1818 liv.
590 1761 642 1834 l,
674 1763 728 1834 2,
760 1769 818 1819 et
866 1761 1081 1837 passim
1130 1762 1289 1836 alibi,
1335 1762 1413 1820 Et
1456 1782 1547 1821 res
1590 1761 1716 1839 ipsa
1764 1760 1989 1834 clamet,
2023 1768 2080 1818 et
2107 1757 2475 1817 historiarum
2505 1776 2708 1816 monu—

276 1847 473 1898 menta
499 1847 783 1899 testentur
809 1841 919 1899 hoc
942 1841 1154 1902 factum
1185 1842 1361 1901 fuisse
1403 1863 1507 1919 per
1544 1840 1950 1917 Evangelium,
1985 1840 2064 1897 ita
2105 1847 2172 1897 ut
2218 1837 2384 1896 brevi
2432 1836 2709 1914 temporis

278 1919 467 1997 spatio
493 1919 668 1997 longe
696 1921 926 1999 lateque
975 1942 1079 2001 per
1125 1930 1310 1981 totum
1359 1922 1555 1981 orbem
1586 1920 2024 1980 disseminatum
2053 1919 2240 1995 fuerit,
2273 1926 2332 1977 et
2362 1919 2582 1977 Gentes
2603 1936 2706 1975 un·

278 1998 569 2078 diquaque
598 2001 673 2059 ad
704 2002 995 2062 Christum
1045 2002 1446 2077 confluxerint,
1479 2010 1537 2061 et
1567 2002 1823 2060 Caesares
1872 1999 1981 2077 ipsi
2025 2020 2092 2058 ac
2133 1999 2328 2075 Reges
2365 2016 2607 2056 coronas
2652 2006 2711 2058 et

279 2088 505 2157 sceptra
553 2101 659 2141 sua
686 2081 761 2140 ad
788 2083 917 2160 ejus
944 2082 1122 2161 pedes
1152 2083 1538 2161 subjecerint3
1586 2081 1746 2142 Nihil
1770 2101 1957 2140 causae
1987 2080 2101 2138 dici
2130 2086 2337 2157 potest,
2370 2098 2473 2137 cur
2499 2078 2542 2137 J
2546 2097 2710 2137 esum

278 2170 558 2236 nostrum,
590 2162 686 2221 vel
714 2182 791 2221 ex
817 2163 926 2223 hac
955 2183 1070 2222 una
1097 2173 1234 2222 nota
1254 2183 1456 2222 verum
1488 2162 1765 2221 Messiam
1793 2160 1971 2219 fuisse
1999 2180 2116 2217 non
2145 2159 2465 2218 credamus.

308 2279 728 2326 Nouobstmtibus
889 2243 1115 2304 XXII.
1163 2244 1311 2303 Nam
1355 2244 1469 2302 nisi
1517 2243 1697 2303 Jesus
1746 2249 1901 2300 esset
1945 2260 2118 2299 verus
2168 2239 2434 2313 Messias,
2475 2245 2535 2297 et
2582 2238 2710 2314 ejus

338 2339 485 2409 variis
529 2341 749 2386 obstacu-
807 2322 1073 2383 doctrina
1099 2344 1236 2383 vere
1265 2323 1483 2397 divina,
1514 2321 1805 2399 quomodo
1833 2320 1959 2379 fieri
1995 2320 2294 2398 potuisset,
2326 2328 2391 2378 ut
2420 2339 2523 2396 pro
2553 2318 2709 2378 Mes-

339 2398 427 2501 1113σῖ
451 2457 498 2502 A
539 2462 679 2516 parte
804 2405 890 2463 sia
917 2413 1200 2498 receptus,
1232 2413 1292 2463 et
1319 2403 1595 2497 doctrinae
1619 2402 1745 2480 ejus
1773 2401 1918 2460 fides
1935 2401 2134 2495 habita
2152 2400 2355 2494 fuisset
2376 2400 2437 2457 in
2465 2398 2707 2492 mundo,

418 2514 604 2561 christi
626 2532 638 2568 3
800 2493 887 2545 tot
903 2493 1195 2563 tantisque
1218 2484 1652 2544 occurrentibus
1674 2482 1989 2542 obstaculis
2008 2502 2156 2560 pene
2185 2479 2671 2558 insuperabilibus
2694 2503 2709 2557 ς

803 2566 951 2627 Tum
982 2586 1016 2625 a
1043 2575 1204 2646 parte
1237 2566 1451 2627 Christi
1474 2564 1657 2643 ipsius
1682 2563 2006 2642 Religionis
2029 2561 2368 2638 fundatoris,
2399 2561 2548 2620 Tum
2579 2563 2709 2621 doc-

278 2643 444 2702 trinae
465 2645 637 2721 ipsius
653 2647 1051 2725 praedicandae,
1078 2649 1226 2709 Tum
1249 2650 1585 2708 Praeconum
1613 2647 1886 2725 ipsorum,
1919 2645 2070 2704 Tum
2091 2644 2329 2704 docendi
2346 2642 2514 2702 modi.
2561 2643 2713 2701 Nam

280 2722 331 2780 si
363 2724 618 2785 Chr-istm
646 2727 770 2805 ipse
797 2729 1205 2790 attendebatur
1251 2730 1528 2807 Princeps
1555 2736 1616 2788 et
1658 2730 1845 2806 Caput
1896 2725 2239 2804 Religionis,
2270 2725 2444 2783 homo
2483 2723 2622 2782 vilis
2650 2723 2713 2783 in

280 2805 533 2880 speciem
554 2816 694 2883 erat,
726 2818 905 2886 patre,
936 2819 1003 2870 ut
1050 2811 1379 2888 putabatur,
1422 2810 1603 2885 fabr0,
1653 2809 1873 2869 nullius
1918 2806 2219 2885 dignitatis
2248 2814 2306 2865 et
2333 2805 2584 2864 nominis
2612 2812 2714 2864 aut

279 2883 516 2961 ordinis,
547 2887 664 2945 imo
692 2909 727 2946 a
754 2890 969 2966 proprii
996 2891 1196 2967 populi
1223 2891 1572 2967 primoribus
1621 2897 1986 2966 contemptus
2028 2896 2087 2947 et
2125 2886 2490 2947 contumeliis
2519 2885 2709 2945 omnis

278 2964 513 3041 generis
560 2965 818 3041 affectus,
865 2976 924 3026 et
971 2969 1205 3027 tandem
1251 2971 1516 3046 captivus
1562 2968 1788 3044 ductus,
1841 2977 1900 3026 et
1929 2968 2082 3026 servi
2111 2967 2431 3025 in·morem
2459 2966 2710 3041 vinctus,

279 3042 614 3116 flagellatus
662 3051 722 3103 et
764 3046 1076 3105 cruciarius
1124 3047 1328 3121 factus,
1376 3048 1559 3106 instar
1605 3046 1920 3122 perduellis
1948 3054 2004 3104 et
2055 3045 2385 3122 Majestatis
2413 3044 2626 3102 divinae
2655 3053 2714 3103 et

279 3121 551 3179 humanae
593 3121 748 3180 laesae
796 3123 895 3198 rei,
947 3124 1148 3182 infami
1193 3126 1355 3201 ligno
1400 3125 1628 3182 affixus.
1714 3125 1857 3200 Quis
1906 3143 2046 3182 vero
2095 3123 2358 3180 arbitrari
2403 3123 2708 3198 potuisset,

286 3200 482 3259 Deum
507 3209 627 3260 tam
658 3201 763 3259 vili
791 3211 850 3261 et
876 3211 995 3262 tam
1039 3204 1269 3279 inisero,
1301 3212 1367 3263 ut
1414 3202 1738 3279 videbatur,
1769 3201 2153 3261 homuncione
2200 3201 2274 3258 ad
2313 3208 2538 3259 tantum
2567 3221 2713 3276 opus

282 3283 678 3361 peragendum
709 3283 795 3342 uti
822 3283 1076 3343 voluisse
1097 3287 1126 3342 ¹?
1169 3283 1335 3343 Certe
1364 3284 1406 3344 J
1411 3282 1591 3343 udaeis
1637 3282 1953 3341 maximum
1992 3281 2104 3339 hoc
2134 3278 2467 3338 scandalum
2498 3278 2623 3355 fuit,
2656 3289 2715 3339 et

286 3363 513 3503 ’Griiagcis
542 3364 804 3443 stultitia,
835 3363 994 3443 quod
1022 3364 1264 3425 Vocatis
1293 3364 1402 3425 fuit
1429 3383 1655 3423 summa
1682 3361 1941 3442 potentia
1960 3368 2018 3420 et
2039 3359 2322 3438 sapientia
2352 3358 2479 3436 Dei,
2517 3362 2546 3417 1
2581 3359 2711 3420 Cor.

283 3464 322 3503 i.
438 3489 452 3504 .

314 3583 359 3629 2.
388 3585 435 3630 A
499 3585 746 3633 Docti-inm

434 3648 612 3690 natura
626 3660 640 3701 ς

898 3527 1159 3587 XXIII.
1203 3529 1498 3588 Doctrinae
1518 3536 1732 3587 natura
1752 3524 1814 3585 id
1835 3522 2150 3597 confirmat,
2172 3543 2301 3600 quae
2329 3522 2463 3583 talis
2490 3521 2615 3600 fuit,
2647 3532 2713 3583 ut

816 3609 1081 3668 homines
1124 3609 1317 3686 potius
1362 3611 1563 3686 fugare
1614 3608 1851 3667 deberet
1887 3625 2061 3682 quam
2099 3604 2363 3680 allicere;
2394 3624 2510 3663 non
2538 3604 2712 3664 modo

817 3691 955 3768 quia
982 3689 1297 3749 contrarias
1345 3690 1491 3749 alias
1518 3708 1720 3748 omnes
1764 3686 2100 3764 Religiones
2141 3685 2215 3744 ab
2245 3685 2400 3743 omni
2436 3684 2556 3744 fere
2585 3705 2713 3744 aevo

286 3779 547 3850 receptas
588 3771 822 3849 patrias,
855 3779 914 3830 et
940 3770 1118 3848 longo
1147 3791 1257 3829 usu
1293 3770 1661 3843 inveteratas,
1694 3767 2022 3843 damnabat,
2067 3774 2126 3825 et
2151 3774 2218 3826 ut
2244 3764 2505 3824 funditus
2533 3765 2710 3823 extir-

289 3860 563 3929 parentur
589 3852 852 3930 urgebat,
884 3859 1158 3928 tanquam
1180 3869 1380 3925 vanas,
1410 3850 1603 3924 falsas,
1630 3857 1689 3908 et
1718 3848 1843 3907 Deo
1871 3847 2144 3924 indignas
2172 3855 2231 3905 et
2260 3845 2559 3919 inimicas;
2608 3844 2711 3903 sed

289 3933 463 3992 etiam
492 3933 630 4010 quia
655 3940 943 4010 praecepta
969 3931 1303 3991 continebat
1343 3930 1736 4007 ingratissima
1764 3936 1822 3987 et
1848 3926 2257 3986 molestissima
2283 3924 2458 4000 carni,
2491 3923 2582 3982 sui
2610 3924 2709 3982 ab·

289 4014 675 4091 negationem,
706 4012 959 4072 hostium
981 4011 1367 4085 dilectionem,
1399 4011 1682 4069 malorum
1711 4017 1769 4068 et
1797 4007 1985 4068 crucis
2013 4006 2186 4066 etiam
2215 4004 2538 4064 durissimas
2566 4003 2709 4064 tole-

287 4094 552 4169 rantiam,
583 4100 643 4153 et
669 4113 705 4151 a
720 4092 882 4152 vitiis
904 4100 962 4151 et
984 4091 1381 4168 voluptatibus
1410 4091 1678 4150 omnibus
1696 4087 2103 4148 abstinentiam
2128 4109 2142 4161 3
2189 4084 2474 4162 Mysteria
2500 4084 2712 4143 rationi

291 4174 543 4234 absurda
570 4182 629 4233 et
655 4172 936 4251 impervia
964 4172 1226 4247 docebat,
1257 4172 1429 4250 quale
1473 4180 1562 4232 est
1609 4172 1799 4230 Deum
1843 4166 2043 4245 gloriae
2089 4175 2148 4225 et
2197 4165 2524 4242 Principem
2572 4165 2710 4224 vitae

288 4254 626 4321 crucifixum
657 4274 801 4314 esse.
886 4253 972 4311 At
1001 4253 1048 4311 si
1087 4254 1247 4312 Deus
1275 4252 1401 4329 fuit,
1432 4252 1574 4330 quid
1602 4249 1910 4310 absurdius
1928 4252 1958 4307 P
2000 4246 2050 4307 si
2076 4248 2267 4323 homo,
2300 4245 2442 4323 quid
2458 4244 2712 4305 vanius?

293 4334 586 4394 Promissa
625 4335 687 4393 in
733 4336 845 4392 hoc
888 4334 1084 4393 seculo
1125 4334 1222 4392 vel
1264 4333 1495 4410 exigua,
1540 4332 1638 4390 vel
1680 4331 1840 4390 nulla
1880 4328 2253 4406 proponebat,
2290 4326 2394 4385 sed
2434 4326 2711 4384 honorem

291 4416 570 4493 martyrii,
615 4423 674 4475 et
715 4435 860 4474 onus
909 4414 1112 4490 crucis,
1161 4414 1372 4474 Matth.
1416 4413 1537 4472 xvi.
1582 4415 1679 4487 24,
1724 4411 1865 4471 Joh.
1896 4429 1997 4467 xv.
2046 4411 2137 4484 18,
2187 4410 2278 4482 19,
2326 4407 2461 4465 Act.
2502 4406 2582 4465 ix.
2619 4409 2712 4466 16.

294 4495 440 4571 Quis
480 4516 619 4555 vero
657 4496 738 4554 ita
766 4495 1004 4555 suadeat
1043 4504 1101 4555 et
1129 4496 1324 4573 copias
1366 4493 1609 4553 adornet
1627 4496 1657 4551 P
1699 4492 1799 4549 An
1828 4489 2102 4550 credibile
2145 4497 2233 4548 est
2271 4496 2359 4548 tot
2400 4496 2603 4565 gentes
2651 4487 2713 4545 iii

293 4584 413 4636 tam
455 4576 659 4653 gravia
686 4585 745 4635 et
787 4575 967 4635 ardua
1009 4585 1294 4654 praecepta
1336 4592 1735 4649 consensuraS,
1767 4579 1987 4632 tantam
2014 4570 2280 4629 laborum
2307 4568 2536 4644 molem,
2589 4568 2714 4628 sine

293 4656 415 4716 ulla
441 4655 722 4733 mercede,
768 4657 892 4715 sine
936 4656 1057 4715 ullo
1084 4657 1449 4733 voluptatum
1478 4654 1658 4713 illicio
1702 4653 1993 4712 subituras
2036 4650 2229 4727 fuisse,
2262 4650 2379 4708 imo
2408 4669 2539 4708 cum
2567 4669 2711 4727 prae-

294 4737 624 4799 sentissimo
650 4756 841 4797 rerum
870 4737 1125 4797 omnium
1168 4736 1279 4796 sibi
1321 4735 1782 4814 gratissimarum
1815 4732 2043 4808 damno,
2075 4730 2148 4791 ad
2180 4731 2572 4793 calamitosam
2601 4730 2717 4789 vir-
