3221 5200
242 389 473 439 Qufflsr.
508 365 598 450 x.]
1237 386 1315 426 ns
1344 385 1497 426 Laos
1530 385 1648 426 ner.
2571 372 2645 428 57

246 539 420 609 patet,
451 527 614 607 quod
639 526 806 586 nulla
831 525 977 586 foret
1000 525 1113 585 hoc
1140 525 1483 604 prohibendi
1510 526 1843 603 necessitas,
1873 526 2010 606 quia
2036 545 2206 586 nemo
2234 526 2316 585 ita
2343 535 2434 586 est
2460 527 2656 587 fatuus

248 620 306 670 et
331 611 593 683 insanus,
624 615 692 666 ut
717 627 823 685 per
858 606 1186 683 symbolum
1213 606 1448 683 aliquod
1476 616 1779 666 externum
1821 615 1881 668 et
1909 627 2263 685 corporeum,
2296 607 2651 684 spiritualem

246 691 431 768 ipsam
461 688 578 747 Dei
605 687 917 747 essentiam
944 694 1355 763 repraesentare
1388 684 1533 745 velit
1556 708 1571 746 ε
1617 686 1744 745 Imo
1773 687 1824 746 si
1851 696 2115 747 accurate
2143 696 2202 747 et
2245 687 2654 764 Philosophice

245 769 410 846 loqui
436 769 729 842 volumus,
760 786 834 825 ne
872 766 1110 824 minima
1136 765 1372 843 quidem
1413 772 1690 824 creaturae
1718 768 1969 827 essentia
2009 774 2202 847 potest
2242 767 2504 844 exprimi,
2549 767 2654 825 sed

247 857 470 908 tantum
500 856 745 907 externa
771 847 1138 905 lineamenta.
1182 849 1238 904 2.
1270 844 1385 904 Vel
1412 846 1601 904 notari
1629 854 1853 906 tantum
1884 847 2178 924 Imagines
2199 845 2474 905 falsorum
2499 847 2652 906 Deo·

247 948 412 1003 rum3
454 928 598 1005 quia
624 926 697 985 de
728 927 854 985 Deo
895 945 1012 984 non
1052 924 1516 1003 repraesentando
1556 944 1661 1002 per
1701 927 1890 1004 ipsum
1933 928 2159 986 Mosem
2187 927 2510 986 luculenter
2550 947 2652 985 ex-

249 1008 500 1085 ponitur,
537 1007 713 1064 Deut.
743 1006 824 1064 iv.
858 1008 949 1080 12,
994 1004 1111 1063 imo
1139 1013 1198 1063 et
1228 1005 1388 1063 Deus
1415 1004 1539 1082 ipse
1568 1006 1822 1082 optimus
1865 1006 2043 1083 Legis
2072 1026 2190 1065 suae
2219 1006 2501 1083 interpres
2542 1007 2654 1065 hoc

248 1087 438 1146 innuit
469 1087 587 1145 Isa.
616 1086 699 1144 xl.
746 1087 842 1143 18.
926 1084 1084 1143 Hinc
1126 1083 1403 1143 Israelitae
1448 1085 1637 1143 Deum
1666 1085 1918 1163 imagine
1947 1085 2114 1144 vituli
2155 1094 2651 1163 repraescntantes,

248 1166 508 1244 graviter
535 1164 866 1243 reprehensi
893 1172 952 1223 et
977 1163 1165 1241 puniti
1193 1172 1345 1238 sunt,
1371 1163 1560 1222 Exod.
1592 1165 1781 1224 xxxii.
1865 1167 1945 1224 Et
1975 1165 2066 1222 Pii
2095 1166 2290 1242 Reges
2317 1186 2433 1225 non
2461 1166 2654 1225 minus

246 1248 289 1306 J
293 1245 591 1304 udaeorum
619 1264 793 1321 quam
823 1244 1201 1302 Ethnicorum
1242 1243 1399 1302 idola
1440 1244 1814 1321 sustulerunt,
1844 1245 1995 1304 sicut
2033 1246 2247 1323 populo
2289 1265 2394 1305 suo
2436 1254 2654 1305 utrum-

249 1345 361 1403 que
389 1325 668 1401 praecepit
696 1324 874 1398 Deus,
918 1331 983 1382 ut
1022 1331 1081 1381 et
1122 1323 1327 1382 altaria
1364 1323 1778 1383 Cananseorum
1820 1325 2208 1400 demoliretur,
2252 1333 2473 1384 statuas
2499 1326 2654 1383 fran-

250 1414 428 1482 geret,
460 1413 523 1463 et
552 1404 711 1463 Deos
738 1403 939 1463 fusiles
968 1402 1079 1460 sibi
1107 1422 1224 1460 non
1251 1401 1481 1478 faceret,
1514 1403 1705 1463 Exod.
1735 1405 1942 1463 xxxiv.
1978 1408 2069 1480 13,
2106 1408 2197 1464 17.

898 1482 1011 1540 VI.
1056 1481 1205 1556 Quia
1235 1482 1396 1540 Deus
1423 1490 1621 1560 utpote
1649 1482 1847 1565 ἔταξας
1874 1492 1933 1543 et
1959 1484 2164 1565 eidem-05
2204 1485 2366 1543 nulla.
2402 1484 2658 1561 imagine

779 1569 970 1639 potest
995 1581 1057 1619 re
1099 1561 1427 1636 raesentari3
1475 1562 1590 1621 Isa.
1614 1564 1696 1622 xl.
1731 1568 1822 1623 18.
1857 1567 1892 1598 “
1916 1565 2021 1623 Cui
2045 1565 2438 1623 assimilabitis
2463 1565 2652 1624 Deum

252 1641 473 1717 fortem,
521 1647 580 1700 et
607 1660 782 1718 quam
810 1641 1049 1700 similitu
1095 1640 1108 1653 ‘
1154 1641 1306 1716 em‚'’
1348 1640 1446 1700 vel
1486 1641 1814 1719 imaginem,
1845 1651 1912 1702 ut
1938 1644 2113 1703 habet
2142 1645 2217 1703 V.
2237 1644 2334 1718 V.,
2369 1647 2404 1676 “
2427 1646 2653 1721 ponetis

250 1721 397 1779 ei?''
445 1721 575 1795 Quo
606 1721 824 1779 Paulus
861 1720 1191 1796 respiciens,
1237 1719 1373 1779 Act.
1404 1720 1547 1779 xvii.
1580 1725 1677 1781 29.
1725 1725 1759 1755 “
1790 1723 2106 1799 Progenies
2137 1723 2250 1781 Dei
2291 1742 2421 1780 cum
2451 1724 2649 1799 simus,

250 1820 365 1858 non
392 1799 674 1858 debemus
703 1800 1033 1859 existimare
1062 1818 1200 1858 auro
1229 1808 1288 1858 et
1314 1809 1575 1877 argentO,
1616 1810 1716 1860 aut
1752 1801 1949 1878 lapidi,
1995 1802 2304 1879 sculpturae
2333 1801 2568 1860 artificis
2596 1811 2657 1862 et

252 1879 700 1956 excogitationis
728 1879 996 1946 hominis,
1029 1879 1257 1938 Numen
1285 1899 1412 1938 esse
1442 1880 1688 1940 simile.''
1756 1880 1927 1941 Unde
1959 1882 2119 1940 Deus
2147 1882 2207 1939 in
2234 1880 2657 1958 promulganda

254 1959 413 2036 Lege
441 1959 665 2017 nullam
694 1959 786 2018 sui
828 1958 1262 2018 similitudinem
1292 1959 1567 2021 exhibere
1608 1956 1813 2035 voluit,
1859 1969 1924 2019 ut
1949 1960 2198 2054 populus
2239 1961 2314 2019 ab
2342 1961 2497 2019 omni
2526 1963 2656 2038 ejus

250 2039 505 2115 imagine
548 2038 661 2096 sibi
701 2038 1106 2097 abstinendum
1148 2057 1275 2099 esse
1323 2046 1597 2116 tanquam
1644 2059 1705 2099 re
1753 2039 1974 2115 illicita,
2026 2061 2141 2098 uno
2190 2048 2249 2099 et
2292 2040 2654 2116 impossibili,

252 2118 624 2195 intelligeret,
686 2119 860 2177 Deut.
916 2117 996 2177 iv.
1056 2119 1152 2176 15.
1219 2120 1255 2151 “
1299 2116 1660 2195 Quapropter
1715 2119 1996 2178 cavebitis
2042 2120 2212 2178 vobis
2267 2119 2410 2196 ipsis
2464 2119 2654 2195 valde,

250 2217 385 2255 nam
434 2217 552 2255 non
607 2197 1096 2256 animadvertistis
1138 2197 1318 2257 ullam
1378 2198 1830 2273 similitudinem,
1883 2218 1998 2274 quo
2047 2198 2140 2256 die
2189 2198 2522 2273 alloquutus
2569 2208 2660 2259 est

253 2296 365 2335 vos
412 2277 455 2335 J
460 2277 703 2351 ehova,''
754 2275 883 2353 &c.,
951 2278 987 2309 “
1015 2285 1081 2335 ut
1127 2296 1244 2334 non
1287 2277 1665 2354 corrumpatis
1706 2297 1831 2353 voe,
1878 2286 1945 2335 ut
1984 2276 2207 2335 faciatis
2255 2277 2425 2335 vobis
2466 2279 2656 2356 sculp-

254 2356 382 2430 tile,
428 2355 856 2415 similitudinem
904 2355 1081 2414 ullius
1129 2355 1480 2430 simulachri,
1526 2356 1769 2414 sormam
1816 2356 1992 2414 maris
2040 2364 2140 2414 aut
2187 2354 2494 2430 foeminae,'’
2546 2357 2655 2417 ἀρ.

259 2434 438 2509 Quod
491 2434 805 2511 Apostolus
853 2435 915 2493 in
971 2435 1305 2496 Gentilibus
1354 2435 1552 2512 carpit,
1615 2435 1783 2493 Rom.
1840 2435 1878 2495 i.
1928 2438 2026 2494 23.
2114 2438 2149 2468 “
2195 2436 2306 2510 Qui
2363 2445 2659 2496 mutarunt

258 2514 508 2591 gloriam
561 2514 1011 2592 incorruptibilis
1068 2515 1181 2574 Dei
1224 2514 1286 2573 in
1340 2514 1696 2575 efformatam
1742 2515 2055 2592 imaginem
2112 2514 2501 2591 corruptibilis
2556 2517 2658 2575 ho-

256 2594 449 2669 minis,
511 2602 572 2653 et
624 2595 963 2669 volucrium,
1008 2600 1067 2654 et
1124 2593 1579 2673 quadrupedum,
1640 2604 1699 2656 et
1755 2595 2105 2672 reptilium.'’
2191 2595 2533 2672 Quanquam
2585 2617 2658 2656 ne

256 2675 366 2733 hoc
422 2674 660 2751 quidem
699 2674 872 2734 latuit
922 2674 1117 2733 varios
1163 2694 1239 2734 ex
1293 2675 1434 2752 ipsis
1491 2674 1773 2750 Ethnicis,
1818 2675 1918 2751 qui
1973 2674 2135 2734 nefas
2190 2695 2316 2734 esse
2373 2676 2661 2736 ducebant

258 2754 490 2812 Numen
546 2753 667 2815 ulla
711 2754 964 2831 imagine
1011 2763 1421 2830 repraesentare
1469 2754 1641 2814 velle.
1727 2754 2021 2815 Plutarch.
2071 2755 2132 2813 in
2181 2755 2411 2815 Numa:
2475 2757 2511 2789 “
2542 2756 2659 2815 Hic

259 2835 514 2908 autem,''
546 2833 767 2894 scilicet
793 2833 1005 2908 Numa,
1052 2835 1088 2867 ‘⁶
1115 2832 1301 2892 vetuit
1328 2833 1640 2911 imaginem
1680 2834 1934 2910 aliquam
1975 2834 2103 2910 Dei,
2147 2835 2366 2893 homini
2408 2844 2509 2894 aut
2551 2836 2662 2895 ulli

259 2913 496 2971 animali
539 2912 819 2971 similem:
883 2932 1069 2988 neque
1111 2920 1245 2971 ante
1286 2921 1408 2971 erat
1447 2913 1604 2990 apud
1645 2913 1777 2972 illos
1819 2922 1920 2973 aut
1962 2914 2227 2991 sculptile
2282 2915 2518 2992 aliquod
2559 2924 2661 2974 aut

260 2992 436 3051 fictile
466 2992 580 3051 Dei
608 3000 1104 3070 repraesentamen.
1187 2992 1407 3051 Verum
1448 2992 1587 3053 totis
1620 2993 1737 3051 illis
1771 2995 1885 3051 160
1908 2994 2007 3069 qui
2034 3002 2447 3070 praecesserant
2474 2996 2659 3069 annis,

260 3072 477 3149 templa
503 3071 739 3149 quidem
779 3080 1056 3148 perpetuo
1085 3070 1463 3147 aedificabant,
1495 3091 1563 3129 ac
1591 3072 1826 3148 tuguria
1863 3091 2041 3147 sacra,
2074 3073 2197 3129 sive
2227 3074 2455 3146 sacella,
2487 3074 2658 3150 erigi·

262 3151 438 3211 bant:
480 3152 707 3210 nullum
734 3158 926 3210 autem
955 3169 1288 3227 corporeum
1331 3149 1740 3209 simulachrum
1768 3150 2072 3223 faciebant,
2117 3169 2232 3208 non
2261 3160 2522 3208 sanctum
2552 3153 2661 3210 sci-

263 3231 397 3289 licet
415 3229 739 3308 judicando
755 3230 994 3288 meliora
1014 3229 1330 3287 assimilare
1357 3228 1672 3306 pejoribus,
1703 3249 1810 3288 nec
1840 3230 2031 3286 Deum
2058 3228 2226 3286 aliter
2241 3249 2348 3287 nos
2376 3230 2660 3306 attingere

262 3330 431 3387 posse
460 3329 637 3387 quam
666 3309 790 3368 sola
828 3309 1078 3367 mente.''
1166 3308 1263 3367 Sic
1306 3307 1690 3384 Antiphanes,
1734 3308 1807 3367 de
1853 3308 1996 3381 Deo,
2031 3309 2065 3339 ‘⁴
2091 3307 2252 3366 Deus
2292 3327 2368 3366 ex
2408 3308 2659 3384 imagine

263 3409 377 3448 non
406 3389 789 3466 dignoscitur,
830 3388 1013 3447 oculis
1053 3407 1171 3446 non
1212 3388 1480 3462 cernitur,
1524 3387 1671 3445 nulli
1700 3387 1904 3445 similis
1933 3395 2038 3460 est,
2069 3406 2244 3462 quare
2286 3407 2455 3446 nemo
2497 3388 2662 3447 illum

265 3489 337 3526 ex
364 3468 623 3545 imagine
651 3467 872 3527 discere
898 3468 1147 3544 potest.”
1205 3466 1285 3527 Et
1313 3467 1664 3542 Herodotus,
1695 3467 1796 3526 lib.
1825 3468 1883 3542 i.,
1912 3469 1947 3499 “
1979 3466 2228 3542 Persae,”
2258 3468 2462 3544 inquit,
2498 3471 2534 3500 “
2555 3489 2664 3528 nec

266 3556 487 3606 statuas
528 3547 747 3607 habent
784 3566 893 3605 nec
933 3566 1081 3620 aras,
1123 3554 1184 3606 et
1222 3546 1346 3605 haec
1387 3545 1664 3605 facientes
1703 3546 1937 3606 insanos
1977 3554 2184 3624 putant
2218 3547 2375 3623 quod
2415 3568 2532 3607 non
2573 3548 2663 3628 (ut

268 3627 485 3707 Graeci)
517 3625 772 3686 sentiant
797 3627 954 3686 Deos
982 3646 1058 3685 ex
1084 3624 1414 3684 hominibus
1441 3625 1657 3684 ortos.''
2667 3655 2676 3662 ²

265 3743 308 3790 3.
330 3742 462 3793 Quia
480 3743 754 3788 eumidolo-
874 3705 1022 3764 VII.
1043 3704 1259 3779 Tertio,
1286 3704 1433 3778 Quia
1453 3705 1515 3763 id
1540 3725 1576 3765 a
1602 3705 1747 3764 locis
1770 3706 1948 3765 sacris
1976 3704 2177 3765 abesse
2207 3707 2395 3782 debet,
2410 3707 2565 3784 quod
2587 3708 2666 3766 ad

322 3803 483 3846 latriae
534 3802 752 3860 periculo
794 3783 1015 3844 cultum
1044 3784 1154 3843 Dei
1182 3804 1298 3843 non
1325 3785 1588 3861 pertinet,
1621 3793 1680 3844 et
1708 3805 1839 3844 cum
1875 3785 2213 3844 idololatriae
2242 3787 2496 3862 periculo
2525 3808 2662 3845 con-

326 3860 613 3916 conjunctu„
634 3865 726 3905 ⁹⁸²·
790 3863 1056 3941 junctum
1086 3871 1191 3923 est.
1264 3862 1349 3923 At
1378 3864 1672 3940 Imagines
1710 3866 1769 3921 in
1809 3865 1954 3923 locis
1996 3864 2171 3922 sacris
2199 3864 2274 3921 ad
2303 3865 2518 3923 cultum
2552 3865 2664 3924 Dei

267 3964 384 4003 non
409 3944 718 4021 pertinent,
749 3943 1036 4021 siquidem
1064 3942 1225 4001 Deus
1265 3962 1299 4000 a
1341 3943 1431 4001 sui
1458 3944 1617 4002 cultu
1644 3963 1916 4020 expresse
1953 3962 2050 4001 eas
2080 3943 2237 4019 Lege
2266 3943 2575 4018 submovit,
2607 3953 2667 4003 et

269 4043 399 4082 cum
428 4023 771 4082 idololatriae
788 4022 1234 4100 praesentissimo
1255 4023 1510 4099 periculo
1537 4023 1861 4100 conjunctae
1890 4031 2041 4096 sunt,
2061 4021 2197 4098 quia
2216 4021 2478 4080 homines
2499 4042 2662 4079 max-

270 4103 381 4162 ime
408 4102 642 4179 plebeii,
685 4102 761 4160 ad
799 4100 1262 4179 superstitionem
1304 4111 1509 4160 natura
1549 4101 1734 4179 proni,
1774 4101 1849 4159 ad
1891 4101 2108 4159 cultum
2150 4120 2345 4159 earum
2382 4101 2510 4178 ipsa
2548 4101 2664 4160 loci

270 4181 596 4241 reverentia
621 4189 944 4257 moventur,
975 4180 1332 4257 experientia
1355 4189 1536 4256 teste3
1579 4200 1714 4238 nam
1742 4187 1808 4238 ut
1833 4179 1980 4239 bene
2009 4180 2272 4255 agnoscit
2311 4182 2663 4239 Brochman-

270 4282 390 4337 nus,
423 4281 474 4320 c.
503 4261 607 4319 vii.
637 4260 710 4319 de
741 4260 900 4337 Lege
927 4279 984 4336 q.
1007 4262 1060 4334 1,
1082 4260 1119 4294 “
1139 4259 1362 4338 quaevis
1387 4260 1581 4338 potius
1606 4257 1891 4335 imagines
1919 4258 2283 4318 semovendae
2311 4267 2460 4333 sunt,
2492 4278 2666 4335 quam

272 4348 338 4399 ut
362 4349 623 4419 prostare
654 4340 909 4398 sinamus
950 4338 1140 4397 cultus
1178 4339 1434 4416 religiosi
1463 4357 1639 4398 causa
1678 4347 1877 4396 contra
1914 4355 2250 4413 expressum
2280 4337 2393 4395 Dei
2428 4338 2663 4398 manda-

274 4421 457 4478 tum.”
520 4420 764 4477 Frustra
789 4419 886 4477 hic
913 4418 1212 4495 regeritur,
1242 4418 1533 4496 prohiberi
1560 4417 1793 4493 quidem
1822 4417 2177 4475 occasionem
2206 4417 2427 4492 peccati
2453 4438 2555 4495 per
2583 4439 2664 4495 se,

276 4518 391 4557 non
426 4498 570 4558 item
596 4518 725 4557 eam
751 4518 882 4576 quae
909 4506 1000 4557 est
1024 4517 1128 4574 per
1169 4497 1470 4558 accidens:
1524 4497 1670 4556 alias
1702 4496 1894 4555 Solem
1936 4517 1968 4554 e
2006 4495 2152 4553 coelo
2179 4496 2495 4555 tollendum
2524 4498 2663 4575 sore,

276 4577 377 4653 qui
419 4578 738 4636 innumeris
782 4577 1140 4636 occasionem
1172 4577 1526 4636 Idololatriae
1552 4575 1838 4654 praebuit:
1884 4574 2126 4633 abusum
2168 4594 2308 4651 ergo
2348 4576 2669 4636 tollendum

276 4675 421 4731 esse,
452 4657 558 4717 sed
597 4676 714 4715 non
755 4657 1081 4735 legitimum
1109 4675 1302 4715 earum
1330 4676 1517 4717 usum.
1602 4656 1752 4714 Nam
1795 4654 2010 4713 abusus
2036 4653 2268 4731 quidem
2310 4674 2426 4714 non
2466 4657 2671 4715 tollere

247 1535 290 1580 2.
318 1537 395 1591 Ex
430 1535 525 1581 Dei
546 1540 739 1581 natura.
