3221 5200
459 335 577 396 390
1291 347 1472 387 Locus
1501 346 1763 388 nscmus
1791 349 2081 397 omarus.
2489 329 2744 411 [onazsr.
2775 347 2885 388 ιιι.

467 495 620 554 enim
651 488 1058 550 dissimilitudo
1087 507 1387 566 passorum
1415 488 1584 545 etiam
1618 488 1676 545 in
1707 489 2080 550 similitudine
2109 491 2457 568 passionum,
2509 499 2568 549 et
2613 489 2750 548 licet
2779 489 2889 547 sub

469 574 671 633 eodem
700 579 1001 644 toi-mente,
1033 589 1150 627 non
1178 577 1266 627 est
1296 568 1447 626 idem
1477 569 1664 627 virtus
1703 580 1762 628 et
1809 571 2013 630 vitium
2041 595 2054 631 ε
2098 592 2231 630 nam
2281 571 2431 629 sicut
2480 570 2587 628 sub
2615 589 2731 627 uno
2753 569 2890 645 igne

469 673 671 713 aurum
700 652 913 725 rutilat,
943 650 1110 727 palea
1130 649 1328 721 fumat,
1380 657 1438 706 et
1487 648 1594 706 sub
1639 648 1840 708 eadem
1885 651 2097 710 tribula
2111 652 2291 729 paleae
2321 651 2802 720 comminuuntur,
2834 657 2894 707 et

469 734 754 791 frumenta
780 739 1115 809 purgantur,
1145 748 1253 786 nec
1281 728 1411 785 ideo
1441 748 1571 785 cum
1622 728 1749 787 oleo
1798 750 2030 789 amurca
2068 731 2452 805 confunditur,
2504 730 2640 807 quia
2686 728 2891 787 eodem

470 813 633 891 praeli
660 811 913 888 pondere
941 808 1318 885 exprimitur:
1414 808 1507 865 Ita
1532 828 1650 866 una
1677 810 1990 887 eademque
2034 811 2127 870 vis
2175 811 2396 869 irruens
2445 811 2627 868 bonos
2663 808 2887 886 probat,

470 893 751 971 purificat,
785 891 1037 966 eliquat;
1082 888 1266 945 malos
1294 896 1506 960 vastat,
1539 888 1774 948 damnat
1803 899 1860 947 et
1909 891 2271 950 exterminat.
2359 890 2530 949 Unde
2579 891 2640 947 in
2688 886 2889 947 eadem

472 972 795 1044 afflictione,
827 970 965 1027 mali
996 969 1184 1026 Deum
1213 967 1586 1042 detestantur,
1620 978 1790 1045 atque
1819 969 2237 1047 blasphemant,
2268 970 2406 1028 boni
2435 979 2624 1028 autem
2653 988 2889 1046 precan-

471 1062 568 1113 tur
595 1061 652 1110 et
677 1050 950 1124 laudant3
996 1048 1242 1106 Tantum
1273 1048 1526 1121 interest,
1557 1068 1676 1106 non
1703 1049 1911 1125 qualia,
1945 1051 2045 1109 sed
2075 1051 2264 1127 qualis
2291 1050 2532 1126 quisque
2576 1049 2848 1126 patitur.'’

557 1131 746 1189 XXI.
794 1131 988 1187 Poenae
1018 1128 1249 1205 quidem
1279 1147 1489 1185 nomen
1517 1129 1766 1187 retinent
1803 1130 2112 1207 aliquando
2157 1131 2303 1188 tales
2331 1129 2756 1205 castigationeS,
2789 1127 2891 1185 sed

474 1211 801 1288 improprie.
836 1214 888 1268 1.
933 1209 1081 1282 Quia
1108 1215 1313 1266 natura
1342 1227 1444 1265 sua
1471 1228 1657 1284 poenae
1687 1217 1820 1266 sunt
1848 1230 1882 1267 a
1912 1230 2133 1268 summo
2162 1210 2203 1269 J
2207 1210 2373 1267 udice
2386 1209 2609 1266 miseris
2636 1208 2891 1266 mortali·

475 1294 586 1351 bus
617 1291 690 1349 ob
720 1290 993 1347 violatam
1023 1288 1212 1365 legem
1242 1287 1602 1362 constitutae3
1650 1288 1791 1347 Ideo
1822 1290 1992 1347 etiam
2042 1298 2263 1348 mutato
2299 1289 2555 1347 fidelium
2586 1296 2757 1363 statu,
2788 1307 2891 1345 no·

476 1392 608 1429 men
638 1370 920 1428 retinetur
950 1368 1267 1444 antiquum,
1300 1367 1436 1443 quia
1483 1368 1532 1425 si
1576 1388 1692 1425 non
1724 1368 2051 1446 formaliter,
2103 1368 2476 1428 materialiter
2518 1377 2712 1426 tamen
2739 1366 2895 1425 idem

478 1459 630 1509 sunt.
663 1455 718 1507 2.
751 1449 899 1521 Quia
926 1448 1230 1524 multiplex
1258 1446 1431 1504 datur
1459 1447 1774 1505 similitudo
1804 1449 2053 1525 ipsarum
2075 1469 2201 1507 cum
2223 1449 2410 1525 poenis
2437 1448 2664 1525 proprie
2692 1447 2893 1505 dietis:

481 1531 692 1604 Prim0,
724 1529 861 1604 quia
888 1527 1060 1601 carni,
1093 1547 1221 1603 quae
1251 1527 1469 1584 destrui
1498 1526 1687 1601 debet,
1719 1547 1835 1585 non
1879 1529 2074 1587 minus
2123 1550 2188 1586 ac
2237 1548 2422 1605 poenae
2470 1528 2732 1605 propriae,
2764 1535 2898 1584 sunt

481 1629 691 1687 graves
720 1617 777 1666 et
805 1607 1079 1665 molestae.
1168 1606 1451 1680 SecundO,
1482 1607 1618 1682 quia
1646 1627 1762 1665 non
1791 1618 2021 1683 temere,
2054 1608 2153 1667 sed
2184 1616 2340 1666 certa
2370 1608 2480 1666 Dei
2523 1607 2663 1665 boni
2690 1606 2894 1665 volun-

481 1699 598 1749 tate
628 1697 687 1747 et
715 1687 1140 1764 dispensatione
1172 1686 1556 1743 immittuntur
1583 1686 1869 1761 fidelibus,
1901 1708 2017 1746 non
2047 1709 2213 1746 secus
2242 1708 2309 1745 ac
2353 1708 2536 1764 poenae
2555 1687 2897 1763 infliguntur

480 1769 712 1829 Judicis
740 1768 993 1826 arbitrie.
1079 1767 1290 1840 Tertio,
1322 1765 1460 1841 quia
1500 1785 1574 1823 ex
1623 1769 1922 1825 occasione
1971 1768 2191 1845 peceati
2219 1767 2575 1844 infliguntur.
2662 1767 2895 1841 Quart0,

481 1869 557 1909 ex
576 1868 748 1908 sensu
776 1848 1052 1920 fidelium,
1082 1846 1182 1923 qui
1214 1847 1402 1903 Deum
1430 1854 1495 1904 ut
1517 1847 1726 1904 iratum
1756 1848 1797 1906 J
1802 1846 2026 1905 udicem
2048 1868 2198 1924 saepe
2221 1846 2676 1923 apprehendunt.
2721 1845 2897 1919 Quin·

478 1938 556 2004 to,
589 1930 725 2005 quia
746 1936 1000 2005 utraeque
1031 1927 1105 1984 ad
1132 1927 1460 2002 exemplum
1488 1936 1900 2003 proponuntur.
1950 1928 2063 1985 Sed
2094 1927 2398 1985 discrimen
2443 1946 2667 2002 semper
2687 1934 2899 1998 manet,

481 2008 638 2084 quod
666 2009 725 2065 in
755 2008 872 2065 illis
902 2006 1215 2065 satisfactio
1237 2006 1479 2081 justitiae
1508 2006 1840 2064 intendatur
1867 2016 2141 2083 tanquam
2169 2007 2301 2064 finis
2330 2027 2363 2064 a
2395 2007 2521 2064 Deo
2548 2007 2592 2066 J
2599 2004 2795 2081 udice;
2829 2004 2900 2062 In

479 2089 607 2147 istis
636 2107 774 2146 vero
804 2086 1080 2145 correctio
1110 2086 1425 2161 peccatoris
1453 2105 1488 2142 a
1518 2086 1645 2143 Deo
1676 2086 1865 2145 Patre.

564 2167 787 2225 XXII.
834 2168 996 2223 Mors
1023 2165 1187 2222 filioli
1220 2165 1480 2240 Davidis,
1511 2185 1640 2241 quae
1671 2166 1779 2242 ipsi
1812 2175 1941 2243 post
1955 2167 2254 2224 remissum
2283 2174 2580 2242 peccatum
2603 2163 2902 2241 infligitur,

483 2251 519 2304 2
569 2248 722 2305 Sam.
773 2246 874 2304 xii.
914 2249 1001 2319 14,
1034 2245 1142 2303 fuit
1171 2266 1340 2321 poena
1368 2254 1605 2321 paterna
1634 2256 1691 2303 et
1719 2246 2094 2320 medicinalis,
2125 2265 2240 2303 non
2291 2244 2674 2303 satisfactoria
2714 2253 2773 2302 et
2803 2244 2900 2319 ju-

484 2326 724 2401 dicialia,
757 2327 893 2402 quia
921 2325 1159 2383 remisso
1210 2325 1387 2382 semel
1416 2336 1652 2401 peccato
1683 2326 1842 2383 nulla
1870 2346 2166 2401 superesse
2197 2325 2384 2402 potuit
2431 2344 2603 2401 poena
2649 2323 2901 2382 ferenda.

485 2407 607 2464 Nec
634 2408 745 2464 hoc
776 2405 1085 2480 colligitur,
1118 2404 1230 2461 Vel
1262 2425 1337 2462 ex
1366 2424 1434 2462 eo
1463 2406 1621 2481 quod
1649 2404 1906 2462 immissa
1936 2405 2145 2463 dicitur
2172 2426 2208 2462 a
2237 2406 2383 2478 De0,
2407 2405 2544 2480 quia
2570 2423 2674 2480 per
2701 2422 2900 2479 pecca-

484 2494 605 2544 tum
636 2486 1035 2562 blasphemare
1065 2484 1277 2542 fecerat
1304 2483 1568 2542 inimicos
1596 2505 1804 2542 nomen
1837 2485 2098 2544 Domini:
2145 2486 2289 2542 Nam
2316 2484 2396 2541 sic
2420 2485 2646 2542 occasio
2668 2482 2902 2559 quidem

484 2574 542 2624 et
570 2585 743 2623 causa
771 2563 1082 2640 impulsiva
1104 2571 1350 2638 notatur,
1384 2563 1483 2621 sed
1514 2584 1630 2621 non
1658 2564 1882 2638 finalis;
1927 2564 2020 2623 vel
2051 2565 2099 2623 si
2126 2564 2316 2622 finalis
2365 2564 2638 2639 innuitur,
2671 2582 2786 2620 non
2815 2571 2905 2622 est

485 2644 799 2703 satisfactio
823 2642 1081 2719 justitiae,
1115 2643 1218 2699 sed
1245 2644 1528 2718 reparatio
1558 2644 1817 2701 scandali
1845 2645 1981 2718 dati,
2013 2645 2148 2721 quia
2176 2645 2415 2702 decebat
2444 2644 2656 2701 divinae
2699 2643 2907 2701 domus

484 2722 847 2797 disciplinam
877 2721 1208 2797 turpissimo
1236 2720 1486 2779 facinore
1515 2722 1807 2798 violatam,
1840 2724 2033 2800 aliquo
2063 2725 2328 2800 exemplo
2374 2724 2620 2798 sanciri;
2665 2723 2780 2780 Vel
2827 2743 2906 2780 ex

486 2822 553 2860 eo
583 2801 740 2877 quod
765 2819 979 2874 magno
1008 2799 1199 2857 studio
1229 2808 1286 2858 et
1315 2801 1626 2877 lachrymis
1654 2822 1779 2858 eam
1809 2803 2183 2879 deprecatum
2230 2803 2377 2876 Quia
2405 2804 2529 2861 haec
2571 2811 2660 2861 est
2687 2811 2908 2861 naturas

482 2890 694 2938 nostrae
723 2879 963 2954 indoleS,
995 2887 1059 2936 ut
1113 2879 1389 2955 quicquid
1417 2881 1624 2938 durum
1653 2890 1741 2940 est
1770 2890 1827 2939 et
1854 2883 2160 2942 molestum
2189 2884 2451 2960 refugiat,
2484 2891 2542 2941 et
2560 2881 2783 2940 amoliri
2811 2901 2907 2939 co·

484 2969 667 3033 netur,
698 2968 763 3018 ut
792 2978 946 3035 aeger
972 2959 1269 3017 mordaces
1298 2959 1582 3036 pulveres,
1616 2962 1852 3019 cauterii
1879 2963 2218 3037 molestiam,
2251 2971 2309 3021 et
2358 2962 2656 3020 medicinae
2697 2961 2908 3019 amari-

485 3040 746 3099 tudinem
776 3039 1130 3117 deprecatur‚
1154 3039 1292 3097 licet
1318 3040 1466 3097 nihil
1492 3040 1684 3098 minus
1712 3062 1884 3117 quam
1912 3062 2097 3118 poenae
2127 3043 2259 3100 sint.

567 3120 827 3178 XXIII.
873 3120 1039 3178 Licet
1066 3140 1220 3178 mors
1248 3119 1516 3178 fidelibus
1544 3120 1731 3197 infligi
1760 3141 1874 3178 non
1903 3122 2086 3197 possit
2114 3121 2188 3179 ad
2217 3122 2538 3179 cautionem
2581 3120 2905 3193 futuri‚·seu

485 3200 561 3259 ad
582 3201 1079 3274 emendationem;
1127 3200 1258 3258 Non
1288 3200 1548 3276 sequitur
1574 3220 1702 3258 esse
1736 3220 1964 3277 poenam
1987 3201 2214 3278 proprie
2263 3201 2493 3276 dictam,
2542 3221 2671 3277 quae
2718 3200 2901 3276 impo-

485 3290 657 3339 natur
703 3281 778 3338 ad
807 3280 1272 3338 satisfactionem.
1358 3280 1507 3353 Quia
1535 3279 1663 3337 aliae
1711 3280 1906 3357 plures
1936 3290 2070 3339 sunt
2108 3301 2314 3354 causae,
2365 3289 2488 3338 tum
2537 3289 2602 3339 ut
2644 3280 2905 3357 reliquiae

484 3360 706 3437 peccati
736 3360 795 3416 in
841 3360 1009 3417 nobis
1057 3359 1409 3431 aboleantur,
1442 3368 1500 3417 et
1528 3359 1612 3417 sic
1641 3380 1671 3418 e
1703 3368 1856 3417 statu
1904 3360 2137 3417 animali
2165 3370 2223 3418 et
2271 3370 2497 3418 terreno
2545 3369 2905 3419 transeamus

486 3439 562 3496 ad
591 3438 882 3495 coelestem
913 3446 971 3495 et
993 3438 1362 3512 spiritualem,
1378 3446 1497 3496 tum
1510 3447 1576 3497 ut
1597 3439 1679 3496 sic
1703 3440 2037 3497 exercitatio
2060 3440 2307 3515 pietatiS,
2333 3448 2390 3498 et
2411 3440 2689 3497 virtutum
2709 3439 2905 3497 Chris-

483 3518 768 3575 tianarum
790 3515 1174 3573 manifestatio
1193 3516 1495 3589 elucescat,
1521 3526 1642 3575 tum
1662 3519 1798 3594 quia
1817 3519 2097 3577 moriendi
2116 3520 2427 3577 necessitas
2446 3519 2712 3576 omnibus
2733 3518 2907 3577 debet

485 3614 612 3653 esse
641 3593 1103 3670 potentissimum
1132 3594 1208 3651 ad
1235 3595 1414 3652 vitam
1444 3597 1858 3655 emendandam
1904 3598 2353 3657 incitamentum.

570 3673 820 3731 XXIV.
864 3673 1169 3747 Judicium,
1211 3673 1364 3749 quod
1394 3674 1604 3732 dieitur
1632 3697 1667 3733 a
1698 3677 1868 3735 Petro
1898 3679 2140 3754 incipere
2161 3700 2199 3736 a
2230 3682 2393 3736 domo
2422 3679 2553 3753 Dei,
2589 3682 2618 3736 1
2668 3678 2792 3736 Pet.
2823 3677 2903 3735 iv.

493 3757 584 3827 17,
617 3774 733 3811 non
762 3760 850 3811 est
879 3753 921 3811 J
927 3752 1177 3810 udicium
1209 3752 1424 3830 Legale
1454 3754 1742 3830 vindictae,
1776 3757 1931 3833 quod
1959 3758 2032 3815 ab
2061 3758 2206 3816 irato
2235 3758 2277 3816 J
2281 3757 2447 3816 udice
2491 3756 2904 3833 proficiscatur,

488 3834 590 3893 sed
620 3842 918 3911 paternum
949 3841 1006 3892 et
1036 3832 1453 3910 Evangelicum
1485 3835 1899 3911 castigationis,
1931 3837 2087 3913 quod
2113 3857 2231 3895 non
2259 3846 2348 3895 est
2374 3837 2449 3894 ad
2478 3837 2822 3914 supplicium
2849 3845 2911 3895 et

485 3913 950 3986 destructionem,
984 3912 1086 3970 sed
1113 3913 1189 3970 ad
1216 3915 1543 3990 exemplum
1573 3924 1633 3973 et
1661 3917 2086 3990 correctionem,
2119 3924 2184 3974 ut
2211 3917 2455 3994 correpti
2484 3916 2568 3976 sic
2596 3936 2631 3974 a
2660 3916 2914 3975 Domino

484 4014 600 4053 non
631 3994 1077 4053 condemnemur
1105 4013 1235 4051 cum
1263 3994 1497 4067 munde,
1528 4001 1593 4052 ut
1625 3995 1840 4053 Paulus
1867 3996 2139 4072 loquitur,
2177 3999 2204 4052 l
2253 3996 2381 4054 Cor.
2413 3995 2494 4054 xi.
2538 3999 2634 4054 32.
2687 3996 2912 4054 Vindic-

488 4083 549 4132 ta
577 4074 647 4132 de
678 4094 792 4150 qua
823 4073 1038 4131 Paulus
1067 4072 1336 4149 loquitur,
1369 4077 1404 4130 2
1452 4075 1579 4131 Cor.
1608 4074 1711 4132 vii.
1747 4076 1837 4146 11,
1870 4095 1986 4133 non
2015 4084 2102 4134 est
2130 4095 2300 4151 poena
2341 4075 2568 4153 proprie
2611 4075 2765 4133 dicta
2797 4075 2908 4133 Dei

480 4153 715 4230 judicia,
748 4153 852 4211 sed
879 4153 975 4211 vel
1004 4161 1165 4211 notat
1191 4172 1420 4228 poenam
1451 4153 1786 4210 canonicam
1819 4154 2466 4228 Excommunieationis,
2499 4175 2628 4232 quae
2672 4154 2747 4212 ab
2793 4154 2905 4213 Ec·

489 4233 665 4290 clesia
694 4234 936 4291 infertur
962 4231 1037 4289 ad
1085 4231 1343 4290 scandali
1390 4232 1806 4308 reparationem
1859 4243 1916 4292 et
1964 4235 2311 4311 exemplum,
2362 4234 2459 4291 vel
2506 4235 2701 4311 potius
2745 4242 2908 4293 notat

488 4312 828 4371 exercitium
856 4312 1207 4388 poenitentiae
1237 4320 1295 4370 et
1324 4311 1699 4386 contritioniS,
1731 4333 1846 4389 qua
1873 4314 2045 4372 homo
2073 4323 2341 4391 peccator
2385 4313 2494 4372 sibi
2539 4313 2819 4388 irascitur,
2850 4322 2912 4371 et

485 4391 764 4449 ultionem
792 4391 863 4448 de
895 4392 1082 4467 seipso
1114 4390 1287 4448 sumit
1315 4390 1388 4449 ob
1418 4392 1631 4450 crimen
1675 4392 2008 4451 admissum.

573 4471 788 4528 XXV.
836 4471 999 4529 Licet
1026 4470 1110 4527 illi
1143 4469 1352 4545 quibus
1381 4480 1619 4545 peccata
1647 4482 1808 4530 erant
1835 4474 2074 4531 remissa
2102 4473 2160 4529 in
2191 4473 2267 4530 V.
2299 4473 2366 4530 Τ.
2417 4472 2693 4531 deberent
2720 4471 2911 4529 adhuc

488 4568 593 4624 pro
623 4549 738 4607 illis
768 4549 1046 4607 sacrificia
1074 4547 1309 4620 offerre;
1356 4549 1486 4608 Non
1517 4551 1777 4627 sequitur
1805 4552 2181 4612 satisfactioni
2208 4562 2339 4629 post
2357 4552 2750 4610 remissionem
2853 4570 2900 4610 c·

489 4626 603 4685 enti
630 4627 821 4686 locum
849 4647 975 4687 esse
1001 4647 1189 4706 posse.
1275 4627 1424 4701 Quia
1451 4629 1731 4689 sacrificia
1757 4650 1873 4689 non
1901 4631 2130 4691 fuerunt
2159 4631 2474 4691 satisfactio
2499 4631 2728 4709 proprie
2757 4570 2917 4690 (ἔξω
