3221 5200
477 339 593 397 356
1285 352 1467 394 Locus
1497 352 1755 393 necinus
1783 352 2077 401 Qusa‘rus.
2482 331 2728 412 [Quaesr.
2760 349 2895 391 vm.

487 495 719 556 Smalci.
763 494 865 552 lib.
916 493 987 552 de
1036 492 1356 552 Divinitate
1396 493 1631 567 Christi,
1680 514 1805 570 cap.
1845 496 1941 568 23,
1990 491 2224 551 Volkel.
2253 492 2354 551 lib.
2404 491 2486 550 iii.
2534 495 2630 551 37.
2677 491 2892 565 Primo,

479 583 697 653 negant
745 574 1036 632 Christum
1064 573 1291 650 proprie
1320 572 1495 630 fuisse
1528 572 1918 646 Sacerdotem,
1962 571 2064 630 sed
2111 580 2331 631 tantum
2380 571 2461 630 ita
2509 571 2623 629 dici
2651 571 2898 647 figurate

481 665 539 715 et
566 654 864 730 analogice
888 674 903 728 ;
949 652 1070 711 Nec
1098 653 1265 710 aliter
1291 651 1517 710 differre
1547 652 1658 711 hoc
1690 672 1898 711 munus
1938 672 1974 710 a
2002 651 2226 728 Regno,
2258 671 2431 728 quam
2459 650 2616 728 quod
2637 650 2793 709 istud
2820 651 2898 708 sit

480 734 743 808 facultas,
774 732 921 792 illud
961 750 1100 790 vero
1128 732 1399 789 voluntas
1443 730 1612 790 nobis
1667 730 2066 805 subveniendi,
2113 731 2270 808 quod
2314 740 2380 789 ut
2434 751 2538 788 rex
2579 729 2780 807 possit,
2830 739 2898 788 ut

481 814 750 873 sacerdos
778 812 922 871 velit
948 811 1123 870 etiam
1163 811 1332 869 nobis
1360 810 1649 888 opitulari.
1737 810 2019 884 Secunde,
2052 819 2313 870 statuunt
2375 808 2731 870 sacerdotem
2778 829 2898 867 non

482 894 660 952 fuisse
687 892 749 951 in
774 900 943 965 terra,
976 890 1079 949 sed
1106 890 1321 949 factum
1350 890 1579 948 demum
1609 910 1737 949 esse
1764 890 1826 948 in
1847 890 2026 964 coelis,
2057 899 2116 948 et
2151 899 2393 949 mortem
2423 892 2549 967 ejus
2574 909 2693 947 non
2720 889 2901 947 fuisse

483 973 831 1032 oblationem
855 990 958 1029 seu
986 970 1329 1029 sacrificium
1350 969 1474 1028 veri
1502 970 1768 1045 nominis,
1794 970 1897 1028 sed
1917 970 2391 1047 praeparationem
2420 969 2708 1046 quandam
2730 968 2901 1027 istius

485 1052 791 1112 sacerdotii
847 1051 907 1107 in
949 1049 1112 1107 coelis
1167 1048 1396 1107 demum
1426 1048 1885 1108 administrandi.
1969 1049 2183 1124 Tertio,
2241 1049 2460 1107 nullam
2508 1048 2896 1125 expiationem

481 1140 845 1210 peccatorum
880 1129 1085 1187 fecisse
1122 1148 1225 1205 per
1265 1128 1606 1187 sacrificium
1650 1128 1887 1205 aliquod
1913 1128 1975 1186 in
2001 1137 2154 1187 terra
2180 1128 2453 1203 oblatum,
2486 1127 2589 1187 sed
2617 1128 2898 1204 expiatio-

485 1231 635 1287 nem,
666 1230 795 1287 quae
823 1208 885 1266 in
932 1207 1094 1266 eoelis
1138 1208 1448 1285 peragitur,
1496 1227 1625 1266 esse
1666 1208 1848 1266 nostri
1875 1208 2289 1282 liberationem,
2320 1216 2443 1266 tum
2492 1227 2527 1265 a
2569 1208 2773 1283 poenis,
2825 1227 2898 1265 ne

485 1298 719 1368 propter
745 1296 981 1366 peccata
1007 1286 1361 1360 damnemur,
1393 1295 1515 1345 tum
1538 1308 1573 1345 a
1601 1287 1855 1364 peccatis
1882 1307 1955 1346 ne
1976 1287 2050 1345 iis
2077 1287 2417 1346 serviamus.

568 1370 678 1428 IV.
723 1366 1048 1429 Orthodoxi
1077 1386 1215 1424 vero
1265 1375 1596 1424 constanter
1624 1365 1908 1425 affirmant
1959 1367 2251 1425 Christum
2304 1386 2432 1425 esse
2476 1365 2601 1424 veri
2648 1363 2903 1423 nominis

489 1449 876 1521 Sacerdotem,
907 1453 966 1504 et
994 1446 1120 1522 ejus
1152 1445 1548 1504 Sacerdotium
1575 1446 1806 1522 proprie
1844 1445 2062 1505 dictum
2081 1445 2481 1519 sacerdotium,
2507 1444 2663 1521 quod
2689 1445 2899 1521 partim

485 1529 548 1587 in
575 1528 744 1587 terris
771 1525 994 1603 peregit
1021 1544 1124 1601 per
1152 1524 1503 1583 oblationem
1528 1525 1798 1601 Corporis
1827 1524 1934 1600 sui,
1966 1533 2025 1584 et
2051 1545 2252 1584 verum
2280 1545 2349 1584 ac
2376 1525 2529 1583 reale
2558 1524 2900 1583 sacrificium

485 1607 561 1665 ad
588 1606 976 1684 expiationem
1016 1612 1382 1681 peccatorum
1422 1612 1763 1679 nostrorum,
1814 1604 2023 1681 partim
2059 1605 2121 1662 in
2167 1605 2331 1663 coelis
2379 1605 2603 1681 peragit
2657 1604 2900 1661 interce·

484 1687 675 1746 dendo
704 1706 807 1764 pro
834 1684 1019 1758 nobis,
1049 1692 1116 1742 ut
1140 1683 1223 1741 ita
1254 1683 1652 1742 Sacerdotium
1681 1704 1717 1742 a
1745 1684 1953 1760 Regno
1981 1684 2370 1760 distinguatur
2395 1683 2725 1758 formaliter,
2756 1682 2905 1740 illud

485 1767 776 1826 oblatione
798 1762 1064 1825 sacrificii
1091 1771 1150 1821 et
1170 1763 1578 1821 intercessione
1607 1772 1896 1837 constans,
1916 1764 2027 1821 hoc
2056 1763 2470 1840 gubernatione
2489 1772 2549 1821 et
2569 1761 2904 1821 defensione

486 1846 686 1924 populi
711 1864 815 1922 per
842 1842 1192 1903 oblationem
1219 1841 1507 1919 acquisiti,
1539 1842 1696 1918 quod
1724 1841 1998 1900 distinete
2026 1842 2318 1919 probatur.

484 1965 512 2010 1
537 1965 969 2011 christumvernm
1091 1921 1168 1979 V.
1215 1922 1426 1996 Primo,
1473 1921 1645 1997 Quod
1673 1921 1936 1979 Christus
1963 1921 2136 1980 fuerit
2162 1922 2286 1980 veri
2332 1920 2581 1979 nominis
2603 1920 2906 1996 Sacerdos,

544 2023 699 2069 fnisse
745 2021 971 2067 Sacerdo-
1011 2001 1111 2078 qui
1138 2000 1366 2078 proprie
1393 2001 1610 2059 dictum
1641 2000 1982 2059 sacrificium
2004 2001 2293 2074 obtulerit,
2325 2007 2483 2077 patet
2507 2021 2523 2059 x
2557 2004 2609 2058 1.
2634 2000 2782 2075 Quia
2799 2019 2904 2058 vo·
2958 2037 2965 2041 -

543 2087 645 2126 ¹0¹²
675 2082 944 2139 probatum
1012 2089 1176 2139 catur
1195 2099 1313 2138 non
1340 2079 1519 2138 semel
1551 2079 1849 2155 Sacerdos,
1886 2079 2040 2138 Psal.
2059 2099 2153 2138 cx.
2177 2083 2233 2153 4,
2260 2080 2414 2138 Heb.
2444 2100 2502 2137 v.
2534 2082 2588 2154 5,
2610 2089 2669 2138 et
2688 2079 2905 2155 passim

486 2179 611 2236 cap.
633 2158 754 2234 vii„
778 2157 919 2232 viii„
943 2158 1043 2234 ix.‚
1064 2180 1142 2234 x.,
1164 2167 1223 2218 et
1248 2167 1584 2218 accensetur
1607 2158 2015 2219 Sacerdotibus
2024 2160 2249 2237 proprie
2261 2159 2345 2218 sic
2372 2159 2561 2233 dictis,
2583 2158 2736 2217 Heb.
2758 2178 2816 2215 v.
2851 2161 2907 2234 1,

486 2239 588 2316 qui
608 2238 1034 2297 constituuntur
1052 2239 1129 2297 ad
1146 2238 1438 2298 offerenda
1483 2238 1739 2312 donaria,
1787 2248 1845 2298 et
1898 2237 1975 2296 ad
2016 2238 2347 2316 peragenda
2387 2259 2455 2297 ea
2481 2259 2611 2316 quae
2654 2237 2776 2296 fieri
2832 2237 2907 2295 de

484 2318 626 2377 bent
641 2317 796 2395 apud
815 2318 1022 2377 Deum.
1046 2318 1100 2377 N
1103 2337 1168 2377 ec
1189 2319 1382 2377 obstat
1392 2318 1548 2394 quod
1566 2317 2157 2394 contradistinguatur
2177 2317 2585 2377 Sacerdotibus
2608 2316 2908 2392 Leviticis,

492 2398 646 2456 Heb.
669 2397 791 2472 vii„
804 2398 1012 2471 etviii.,
1026 2397 1207 2474 quiaa
1227 2398 1533 2473 negatione
1545 2397 2216 2475 specieiadnegationem
2228 2397 2455 2474 generis
2476 2397 2759 2455 nonvalet
2775 2416 2911 2454 eon-

488 2476 804 2554 sequentia.
855 2475 1013 2534 Hinc
1032 2476 1265 2553 quidem
1286 2475 1513 2535 elicitur
1536 2477 1931 2536 Sacerdotium
1953 2477 2063 2534 hoc
2085 2475 2312 2535 differre
2333 2497 2368 2534 a
2390 2476 2670 2549 LeviticO,
2701 2484 2759 2534 et
2778 2495 2908 2535 esse

486 2556 660 2633 longe
671 2555 1053 2633 praestantius,
1069 2555 1172 2614 sed
1181 2555 1329 2614 male
1341 2555 1471 2632 quis
1483 2554 1617 2615 inde
1629 2556 2012 2630 concluderet,
2036 2575 2162 2616 esse
2188 2556 2584 2616 Sacerdotium
2606 2555 2907 2634 impropri-

495 2656 594 2695 um
616 2645 674 2694 et
700 2635 1028 2713 figuratum.
1075 2634 1201 2692 Imo
1213 2635 1348 2711 quia
1358 2635 1572 2693 eminet
1583 2654 1757 2713 supra
1787 2636 2183 2696 Sacerdotium
2208 2637 2549 2710 Leviticum,
2584 2635 2756 2694 debet
2781 2654 2912 2695 esse

489 2713 741 2773 maxime
768 2712 1060 2790 proprium
1088 2721 1147 2772 et
1173 2713 1668 2790 perfectissimum,
1714 2715 2001 2790 quomodo
2053 2715 2449 2774 Sacerdotium
2500 2714 2915 2774 Melchisedeci

491 2813 608 2852 non
636 2792 849 2851 desinit
896 2810 1023 2851 esse
1071 2812 1273 2850 verum
1321 2792 1737 2867 Sacerdotium,
1784 2794 1921 2853 licet
1947 2795 2121 2871 longe
2168 2794 2396 2854 differat
2437 2815 2472 2852 a
2521 2794 2800 2853 Levitico,
2849 2798 2909 2854 2.

496 2872 646 2947 Quia
673 2879 837 2930 actus
868 2870 1267 2930 Sacerdotales
1295 2891 1494 2930 omnes
1522 2872 1609 2929 illi
1639 2873 1985 2947 tribuuntur,
2017 2874 2233 2933 oblatio
2261 2884 2321 2932 et
2369 2873 2719 2949 intercessio,
2753 2873 2910 2934 Heb.

497 2951 599 3010 vii.
629 2955 726 3025 27,
757 2959 816 3009 et
842 2949 923 3008 ix.
956 2954 1049 3025 24,
1082 2958 1141 3009 et
1161 2971 1219 3008 x.
1252 2954 1308 3008 7.
1409 2953 1465 3009 3.
1497 2950 1646 3025 Quia
1673 2953 1830 3028 typis
1857 2953 2034 3011 variis
2062 2954 2171 3013 fuit
2198 2953 2588 3027 adumbratus,
2619 2960 2739 3010 tum
2759 2973 2917 3012 com-

491 3031 780 3105 munibus,
813 3030 1013 3107 quales
1040 3039 1203 3089 erant
1234 3030 1574 3090 Sacerdotes
1619 3031 1881 3106 Levitici,
1929 3032 2030 3108 qui
2076 3033 2136 3090 in
2180 3033 2357 3091 variis
2404 3032 2763 3107 deficiebant,
2788 3040 2916 3091 tum

492 3111 772 3189 singulari
801 3110 860 3168 in
891 3109 1334 3185 MelchisedecO,
1366 3111 1466 3187 qui
1494 3110 1769 3187 peculiari
1797 3112 2016 3170 ratione
2047 3112 2207 3170 illum
2231 3111 2596 3189 significavit,
2618 3120 2684 3169 ut
2711 3120 2918 3189 postea

497 3191 810 3251 videbitur.
856 3191 942 3250 Ut
972 3190 1130 3268 Ergo
1159 3190 1306 3249 tales
1355 3190 1587 3249 fuerunt
1618 3191 1738 3248 veri
1772 3191 2129 3267 Sacerdotes,
2163 3211 2363 3250 verum
2391 3191 2563 3250 etiam
2605 3199 2664 3249 et
2684 3193 2915 3268 proprie

497 3270 713 3331 dictum
748 3270 1115 3330 Sacerdotem
1148 3270 1437 3328 Christum
1469 3289 1595 3328 esse
1641 3289 1874 3328 necesse
1903 3270 2028 3328 fuit.

1097 3348 1210 3407 VI.
1259 3348 1542 3423 Secunde,
1589 3348 1758 3422 Quod
1787 3349 1846 3406 in
1874 3356 2027 3408 terra
2047 3349 2170 3426 jam
2198 3348 2371 3409 fuerit
2395 3349 2676 3409 Sacerdos
2701 3359 2761 3408 et
2794 3369 2913 3409 non

522 3413 566 3460 ²·
585 3413 948 3516 {gssfhff'ffl
1019 3427 1250 3485 demum
1273 3428 1333 3484 in
1355 3427 1519 3500 coelo,
1540 3436 1785 3502 constat,
1805 3437 1930 3487 tum
1958 3449 2032 3486 ex
2062 3448 2130 3486 eo
2153 3429 2308 3504 quod
2325 3429 2387 3487 in
2404 3438 2555 3488 terra
2573 3439 2811 3488 vocatus
2824 3440 2920 3488 est

847 3503 859 3522 ’
1019 3506 1095 3562 ad
1126 3506 1540 3578 Sacerdotium,
1574 3506 1785 3565 Matth.
1816 3508 1896 3565 iii.
1931 3511 2021 3581 17,
2051 3507 2203 3566 Heb.
2227 3528 2284 3567 v.
2309 3511 2363 3583 5,
2408 3516 2530 3568 tum
2566 3509 2702 3584 quia
2749 3518 2915 3568 actua

502 3582 898 3642 Sacerdotales
926 3583 987 3640 in
1013 3591 1166 3641 terra
1185 3585 1309 3660 jam
1338 3592 1570 3642 exercet
1598 3605 1700 3660 per
1728 3586 2078 3645 oblationem
2105 3606 2356 3663 precum,
2387 3587 2527 3648 Joh.
2558 3588 2720 3663 xvii„
2757 3588 2912 3646 Heb.

495 3683 553 3720 v.
585 3666 640 3734 7,
672 3664 727 3736 8,
759 3670 818 3719 et
846 3661 1184 3720 sacrificium
1215 3663 1304 3720 sui
1330 3663 1529 3739 ipsius,
1564 3663 1713 3740 Eph.
1745 3685 1801 3722 v.
1832 3670 1888 3739 2,
1922 3665 2074 3723 Heb.
2105 3666 2142 3724 i.
2175 3669 2229 3741 3,
2261 3675 2318 3724 et
2346 3687 2404 3724 x.
2437 3668 2491 3741 6,
2525 3670 2581 3742 7,
2619 3667 2679 3723 in
2708 3687 2822 3744 quo
2852 3688 2916 3726 se

498 3741 657 3799 dedit
683 3739 890 3798 iniam-
916 3766 964 3797 on
990 3761 1093 3816 pro
1122 3741 1308 3816 nobis,
1339 3751 1399 3801 et
1426 3742 1814 3818 expiationem
1841 3754 2207 3821 peccatorum
2263 3744 2414 3820 fecit,
2446 3754 2566 3804 tum
2617 3746 2754 3822 quia
2806 3747 2907 3805 Sa·

497 3820 716 3892 cerdos,
747 3820 847 3896 qui
875 3766 985 3879 f‘uit
1011 3829 1188 3897 typus
1217 3822 1447 3895 Christi,
1479 3842 1595 3880 non
1624 3822 1799 3881 fiebat
1828 3832 1949 3881 tum
1978 3832 2201 3883 tantum
2248 3824 2546 3899 Sacerdos,
2598 3844 2774 3900 quum
2825 3827 2913 3883 in-

497 3899 937 3977 grediebaturin
964 3900 1382 3975 Sanctuarium,
1408 3901 1509 3960 sed
1523 3902 1645 3978 jam
1667 3911 1789 3961 erat
1815 3902 2095 3962 Sacerdos
2114 3913 2245 3961 ante
2269 3903 2618 3962 oblationem
2643 3904 2911 3979 victimae,

497 3980 653 4057 quod
680 3980 742 4038 in
764 3979 993 4038 Christo
1033 3980 1335 4039 veritatem
1366 4000 1528 4039 suam
1556 3981 1815 4039 obtinere
1845 3981 2015 4041 docet
2037 3982 2372 4059 Apostolus,
2408 3983 2560 4041 Heb.
2584 3984 2664 4041 ix.
2704 3987 2790 4058 11,
2826 3987 2915 4044 12.

498 4059 880 4118 Confirmatur
896 4079 972 4117 ex
1000 4068 1206 4118 natura
1237 4060 1572 4135 Sacerdotii,
1603 4060 1762 4136 quod
1790 4061 2159 4121 constituitur
2185 4061 2260 4119 ad
2289 4062 2442 4120 dona
2469 4070 2527 4121 et
2553 4063 2774 4121 hostias
2810 4084 2916 4140 pro

495 4138 749 4215 peccatis
777 4136 1114 4213 offerendas,
1149 4139 1299 4197 Heb.
1330 4159 1388 4196 v.
1423 4142 1474 4196 1.
1559 4138 1645 4197 At
1672 4139 1782 4198 hoc
1811 4159 1927 4198 non
1956 4141 2014 4197 in
2043 4140 2222 4215 coelis,
2254 4141 2356 4200 sed
2386 4142 2445 4198 in
2486 4150 2639 4200 terra
2663 4142 2787 4200 fieri
2817 4143 2921 4202 de-

496 4218 640 4289 buit,
671 4217 808 4293 quia
835 4217 972 4274 alibi
1000 4217 1204 4276 hostiae
1226 4238 1341 4276 non
1369 4217 1703 4276 offeruntur.
1790 4218 2014 4277 Deinde
2041 4220 2142 4277 ubi
2171 4229 2259 4278 est
2300 4241 2501 4279 verum
2551 4222 2915 4296 sacrificium,

496 4296 579 4353 ibi
607 4296 780 4355 debet
806 4315 932 4355 esse
962 4316 1134 4355 verus
1165 4296 1462 4369 Sacerdos,
1495 4297 1580 4355 At
1607 4297 1668 4354 in
1698 4297 1879 4357 Cruce
1907 4319 2109 4358 verum
2138 4299 2393 4358 oblatum
2424 4309 2512 4359 est
2553 4301 2916 4377 sacrificium,

500 4394 574 4433 ex
604 4374 907 4451 Apost010,
941 4375 1095 4434 Heb.
1106 4375 1206 4433 vii.
1238 4379 1333 4451 27,
1367 4385 1425 4435 et
1452 4376 1532 4435 ix.
1556 4380 1652 4449 25,
1678 4379 1773 4450 28,
1799 4377 1955 4453 quod
1982 4398 2099 4436 non
2126 4388 2317 4455 potest
2343 4378 2541 4438 referri
2570 4380 2644 4438 ad
2673 4379 2920 4439 oblatio-

499 4456 719 4513 nemint
755 4454 1211 4528 ercessionalem,
1243 4474 1372 4530 quae
1400 4455 1466 4512 fit
1494 4456 1767 4513 continuo
1798 4456 1855 4512 in
1894 4457 2091 4517 coelis:
2152 4461 2204 4516 1.
2250 4458 2399 4532 Quia
2425 4460 2618 4537 agitur
2645 4458 2717 4516 de
2756 4458 2921 4517 obla-

496 4533 670 4607 tione,
717 4552 846 4608 quae
901 4532 1209 4610 respondet
1237 4533 1515 4591 oblationi
1556 4535 1937 4608 victimarum,
1968 4556 2097 4612 quae
2126 4537 2299 4596 fiebat
2347 4538 2455 4597 sub
2487 4538 2686 4597 Veteri
2714 4538 2925 4598 Testa·

495 4620 689 4672 mento
715 4630 820 4688 per
844 4631 1040 4671 earum
1060 4612 1464 4672 mactationem
1485 4621 1543 4673 et
1570 4614 1871 4690 sanguinis
1892 4613 2172 4676 fusionem
2198 4639 2213 4694 3
2244 4622 2300 4676 2.
2347 4618 2424 4677 Et
2451 4618 2588 4697 quia
2624 4617 2818 4695 agitur
2845 4619 2923 4678 de
