3221 5200
505 339 623 397 156
1379 379 1384 384 -
1439 355 1622 396 Locus
1650 355 2011 396 munemne.
2557 335 2814 416 [QUAEsr.
2844 354 2909 396 11.

499 496 624 557 titia
652 495 972 575 requisivit,
1003 496 1297 574 Sapientia
1325 495 1564 572 invenit,
1609 503 1669 555 et
1695 496 2097 555 Misericordia
2123 514 2192 554 ac
2217 496 2480 555 Potentia
2519 496 2804 573 praestitit,
2847 495 2911 554 in

500 578 545 635 J
549 597 651 636 esu
683 579 912 636 Christo
940 577 1241 655 unigenito
1285 576 1398 635 Dei
1428 577 1597 653 Filio,
1646 577 1969 636 Mediatore
1994 585 2211 654 nostro,
2243 575 2478 635 foederis
2506 577 2675 636 istius
2703 576 2906 635 funda·

497 667 715 717 ment0.

624 803 634 815 .
719 803 730 815 ‚
1105 737 1182 796 V.
1225 739 1434 796 Faedus
1460 736 1572 795 hoc
1595 736 1803 812 qratioe
1830 744 1918 796 est
1945 746 2179 814 pactum
2201 736 2516 813 gratuitum
2545 735 2697 794 inter
2715 736 2907 794 Deum

541 802 669 852 de
691 801 953 872 snt-Foedus
1026 816 1308 875 offensum
1331 825 1388 875 et
1409 817 1699 875 hominem
1723 815 2107 876 offendentem
2128 817 2190 874 in
2212 817 2440 875 Christo
2462 816 2685 891 initum,
2709 815 2772 872 in
2789 834 2906 892 quo

644 864 833 920 gratnae.
1027 898 1189 955 Deus
1210 896 1430 955 homini
1451 896 1634 973 gratis
1654 904 1887 974 propter
1909 897 2201 956 Christum
2223 897 2615 955 remissionem
2636 903 2904 971 peccato-

495 999 624 1040 rum
653 988 712 1039 et
740 980 984 1038 salutem
1010 976 1331 1054 pollicetur,
1364 977 1536 1034 homo
1564 995 1704 1034 vero
1733 977 1949 1038 eadem.
1963 978 2150 1053 gratia
2176 977 2356 1036 fretus
2395 975 2698 1053 pollicetur
2724 974 2902 1032 fidem

495 1069 558 1119 et
586 1059 993 1118 obedientiam.
1054 1056 1169 1115 Vel
1198 1064 1288 1114 est
1314 1056 1624 1114 conventio
1653 1057 1905 1132 grattiita
1932 1056 2083 1115 inter
2112 1058 2301 1116 Deum
2329 1055 2610 1115 offensum
2637 1063 2696 1113 et
2714 1053 2903 1112 homi-

498 1160 634 1198 nem
662 1137 1048 1197 offendentem
1077 1136 1149 1194 de
1178 1136 1366 1212 gratia
1393 1144 1452 1193 et
1493 1135 1680 1212 gloria
1707 1136 1767 1192 in
1797 1136 2026 1195 Christo
2053 1137 2273 1195 homini
2313 1135 2602 1213 peccatori
2628 1135 2737 1193 sub
2767 1153 2906 1192 con·

498 1219 718 1276 ditione
747 1217 883 1276 fidei
930 1215 1295 1275 conferenda.
1380 1215 1547 1273 Circa
1587 1214 1746 1291 quod
1793 1216 1908 1275 duo
1957 1217 2309 1275 attendenda
2353 1223 2504 1275 sunt.
2560 1219 2613 1273 1.
2641 1217 2901 1274 Natura.

499 1303 558 1356 2.
587 1298 990 1374 ProprietateS.
1075 1295 1176 1353 Ad
1220 1303 1442 1354 naturae
1491 1295 1882 1372 cognitionem
1929 1296 2311 1373 expendenda
2359 1305 2495 1355 sunt
2534 1295 2899 1372 potissimum

495 1386 761 1455 quatuor.
829 1381 881 1435 l.
927 1375 1069 1450 Quis
1117 1375 1193 1433 sit
1238 1376 1461 1433 Autbor
1507 1373 1758 1433 foederis.
1817 1380 1873 1434 2.
1919 1376 2196 1450 Quaenam
2243 1378 2450 1434 Partes
2497 1377 2899 1433 contrahentes.

495 1462 555 1517 3.
588 1457 731 1531 Quis
767 1458 1074 1530 Mediator,
1119 1463 1178 1513 et
1218 1475 1483 1531 quaenam
1524 1455 1621 1513 hic
1662 1454 1780 1514 sint
1820 1456 1946 1532 ejus
1988 1464 2199 1534 partes.
2242 1459 2298 1513 4.
2332 1456 2609 1530 Quaenam
2652 1455 2771 1512 sint
2810 1474 2903 1512 res

484 1546 675 1614 pactoe
703 1557 804 1595 seu
843 1535 1114 1596 clausulae
1157 1534 1405 1609 foederis,
1450 1543 1573 1593 tum
1615 1555 1655 1592 a
1684 1545 1859 1611 parte
1899 1538 2020 1595 Dei
2054 1556 2158 1615 per
2195 1535 2654 1615 promissionem,
2698 1543 2821 1594 tum
2862 1553 2904 1592 a

485 1626 660 1694 parte
686 1618 921 1676 bominis
947 1635 1050 1694 per
1076 1614 1248 1673 officii
1275 1615 1725 1691 stipulationem.

507 1736 703 1780 Author
799 1735 991 1781 foederis
1099 1695 1211 1754 VI.
1255 1712 1297 1753 1.
1317 1697 1537 1752 Author
1558 1703 1617 1753 et
1645 1694 1897 1754 efficiens
1924 1694 2258 1775 principalis
2286 1695 2453 1755 istius
2481 1694 2715 1754 foederis
2742 1697 2902 1752 Deus

550 1794 993 1859 Deus,solan’23m‘q
1022 1782 1127 1850 est,
1173 1775 1298 1833 sola
1324 1775 1582 1833 bonitate
1613 1783 1671 1833 et
1698 1772 1890 1852 ιῦδοκίᾳ
1929 1778 2182 1852 gratuita
2209 1777 2284 1834 ad
2311 1777 2459 1834 illud
2500 1796 2630 1834 cum
2664 1775 2899 1833 homine

549 1865 726 1904 motus.
1027 1855 1397 1932 pangendum
1425 1853 1729 1913 adductus.
1817 1855 1989 1914 Unde
2022 1855 2083 1913 in
2129 1857 2425 1934 Scriptura
2464 1856 2677 1933 passim
2707 1858 2902 1929 soedus

489 1936 621 2010 Dei,
652 1954 948 2011 nunquam
989 1955 1127 1993 vero
1162 1935 1350 1993 foedus
1390 1934 1641 1992 hominis
1671 1945 1945 2010 vocatur3
1991 1937 2128 2012 quia
2171 1937 2328 1994 solus
2371 1936 2441 1994 de
2484 1956 2552 1994 eo
2595 1935 2896 2011 cogitavit,

486 2014 717 2073 homine
747 2034 862 2073 non
890 2015 1062 2072 modo
1091 2015 1163 2072 de
1202 2035 1269 2073 eo
1299 2034 1415 2072 non
1443 2015 1751 2090 cogitante,
1798 2015 1901 2072 sed
1929 2015 2043 2073 alia
2070 2016 2262 2073 omnia
2289 2016 2637 2090 intendente,
2683 2022 2886 2091 utpote

490 2095 602 2153 Dei
629 2095 863 2153 inimico
890 2094 951 2151 in
978 2103 1170 2153 mente
1198 2103 1258 2154 et
1284 2094 1588 2171 operibus:
1635 2094 1793 2153 solus
1825 2103 2170 2171 potestatem
2198 2096 2403 2154 habuit
2429 2104 2701 2172 tanquam
2732 2114 2890 2152 sum-

487 2194 616 2233 mus
648 2175 933 2233 Dominus
960 2184 1020 2234 et
1062 2175 1340 2252 Princeps
1382 2174 1761 2232 contrahendi
1801 2194 1934 2232 cum
1978 2184 2258 2251 creatura,
2303 2183 2362 2234 et
2403 2173 2774 2252 dispensandi
2819 2174 2891 2233 de

487 2272 710 2312 summo
739 2255 840 2312 illo
869 2255 912 2313 J
915 2275 1033 2329 ure,
1064 2275 1180 2331 quo
1208 2275 1283 2313 ex
1311 2254 1525 2312 foedere
1555 2274 1792 2331 operum
1822 2262 2181 2330 peccatorem
2210 2256 2399 2332 ipsum
2434 2257 2683 2333 plectere
2725 2262 2888 2332 pote—

487 2343 579 2392 rat
606 2335 730 2393 sine
760 2334 882 2393 ulla
909 2335 1096 2393 veniae
1126 2354 1262 2412 spe3
1308 2334 1465 2393 solus
1492 2334 1683 2411 potuit
1702 2334 1995 2393 hominem
2024 2335 2252 2412 lapsum
2274 2336 2496 2412 erigere
2520 2344 2578 2395 et
2605 2336 2893 2413 perditum

489 2433 739 2489 servare,
771 2414 960 2472 foedus
988 2434 1205 2472 novum
1238 2415 1298 2472 in
1326 2415 1519 2472 locum
1559 2413 1767 2491 prioris
1797 2414 2220 2474 substituendO.
2305 2417 2399 2474 Ita
2427 2425 2621 2474 autem
2650 2417 2777 2493 ejus
2806 2423 2896 2474 est

486 2495 709 2569 author,
757 2503 823 2552 ut
850 2494 961 2570 ipsi
990 2494 1099 2552 soli
1141 2494 1213 2552 de
1242 2514 1311 2552 eo
1353 2493 1540 2570 gloria
1581 2494 1641 2550 in
1684 2494 1934 2553 solidum
1973 2503 2209 2571 accepta
2234 2494 2473 2553 ferenda
2501 2495 2593 2569 sit,
2638 2515 2745 2553 nec
2772 2495 2896 2552 ulla

487 2593 664 2633 causa
711 2573 1022 2650 impulsiva
1063 2582 1229 2633 extra
1269 2593 1331 2633 se
1360 2573 1435 2631 ad
1476 2572 1623 2632 illud
1663 2573 2082 2634 instituendum
2123 2582 2313 2633 motus
2356 2574 2466 2634 sit:
2510 2593 2616 2633 nec
2643 2573 2894 2633 hominis

486 2655 700 2728 merito,
725 2673 832 2711 nec
854 2653 1081 2711 miseria
1098 2677 1117 2710 .·
1145 2673 1277 2711 nam
1300 2653 1351 2712 si
1376 2655 1550 2711 homo
1578 2654 1856 2712 innocens
1883 2654 2030 2711 nihil
2059 2654 2262 2712 mereri
2291 2654 2445 2730 apud
2468 2654 2660 2712 Deum
2686 2653 2891 2730 potuit,

485 2740 704 2809 quanto
731 2732 923 2790 minus
950 2742 1218 2809 peccator
1244 2743 1302 2792 et
1328 2736 1506 2792 reus?
1548 2734 1628 2793 Et
1655 2734 1704 2791 si
1732 2734 1961 2792 miseria
1991 2732 2354 2810 Angelorum
2382 2733 2677 2810 lapsorum
2701 2733 2892 2792 Deum

486 2833 604 2870 non
631 2812 862 2888 impulit
889 2812 963 2869 ad
991 2832 1090 2871 eos
1118 2813 1451 2888 servandos,
1493 2833 1597 2872 cur
1623 2813 1855 2871 miseria
1880 2813 2178 2871 hominum
2206 2813 2495 2889 lapsorum
2526 2833 2658 2871 eum
2699 2814 2895 2890 potius

487 2893 564 2951 ad
592 2891 1043 2968 redemptionem
1072 2913 1270 2952 eorum
1291 2893 1645 2971 impulisset:
1677 2894 1835 2969 Ergo
1859 2892 1983 2951 sola
2010 2893 2105 2950 hic
2133 2888 2326 2950 εὐδοκία
2347 2892 2735 2951 misericordis
2761 2894 2891 2969 Dei,

486 2981 546 3031 et
573 2992 735 3031 amor
763 2972 1048 3049 gratuitus
1076 2993 1250 3032 causa
1290 2973 1398 3032 fuit
1427 2974 1756 3055 πςοηγουμὲνη
1794 2973 1962 3032 istius
1990 2971 2242 3048 foederis,
2269 2992 2443 3049 quam
2471 2982 2643 3032 vocat
2674 2974 2894 3051 Zacha-

486 3053 602 3112 rias
630 3053 689 3110 in
713 3053 966 3128 CanticO,
994 3054 1135 3112 Luc.
1167 3053 1204 3112 i.
1229 3058 1261 3111 ⁷
1269 3056 1323 3129 8,
1349 3055 1645 3130 σπλάγχνα
1673 3053 1844 3128 ἐλέους,
1864 3053 2081 3112 viscera
2102 3053 2538 3130 miserationum,
2569 3061 2627 3113 et
2657 3053 2891 3131 Paulus,

485 3133 700 3211 Ephes.
721 3134 779 3192 il.
806 3138 858 3208 7,
893 3131 1275 3215 ὑπιςςοίλλοντιι
1302 3143 1516 3193 πλοῦτον
1541 3134 1768 3215 χόρτος.

566 3214 711 3273 VII.
759 3213 842 3273 Ut
869 3234 1008 3274 vero
1034 3214 1146 3274 hoc
1175 3235 1320 3292 opus
1347 3225 1437 3274 est
1464 3224 1786 3288 externum,
1816 3212 1926 3272 toti
1953 3212 2226 3273 Trinitati
2254 3223 2345 3274 est
2386 3234 2688 3273 commune
2718 3222 2776 3273 et
2803 3215 2893 3272 in-

483 3293 754 3370 divisum,
801 3314 930 3352 cum
960 3315 1029 3352 ea
1056 3303 1248 3353 tamen
1277 3294 1664 3369 distinctione,
1694 3302 1762 3352 ut
1788 3313 2032 3370 quaeque
2075 3294 2332 3353 Persona
2371 3295 2665 3372 proprium
2693 3301 2752 3352 et
2791 3313 2892 3370 pe-

483 3374 754 3431 culiarem
785 3374 1020 3432 modum
1062 3374 1336 3450 operandi
1363 3374 1458 3432 hic
1487 3374 1748 3432 obtineat
1773 3373 2109 3431 oeconomiae
2151 3374 2251 3434 isti
2278 3374 2516 3433 salutari
2544 3373 2891 3431 convenien-

483 3460 617 3525 tem,
655 3456 682 3507 1
720 3453 845 3510 Pet.
888 3452 926 3509 i.
958 3457 1015 3511 2.
1097 3455 1257 3510 Deus
1302 3455 1476 3511 Pater
1512 3452 1587 3510 ad
1628 3453 1690 3510 id
1732 3453 2037 3527 concurrit,
2079 3453 2216 3529 quia
2254 3454 2404 3510 hanc
2446 3454 2724 3511 rationem
2764 3472 2890 3511 sese

482 3531 942 3588 communicandi
983 3531 1169 3608 primo
1196 3531 1465 3606 instituit,
1509 3540 1567 3590 et
1598 3532 1814 3591 Filium
1843 3552 2022 3594 suum,
2040 3552 2115 3591 ex
2144 3532 2245 3589 illa
2273 3532 2681 3590 constitutione
2710 3531 2888 3607 dedit,

482 3610 524 3669 J
530 3609 623 3667 oh.
655 3609 735 3667 iii.
770 3612 861 3683 16,
906 3619 966 3669 et
993 3610 1067 3668 ad
1094 3610 1251 3668 illius
1293 3611 1754 3670 communionem
1795 3632 1899 3689 per
1938 3612 2261 3687 Prophetas
2301 3612 2566 3688 primum,
2614 3611 2747 3670 dein
2788 3632 2893 3689 per

484 3688 716 3764 Filium,
749 3688 995 3765 denique
1022 3710 1128 3767 per
1148 3690 1466 3767 Apostolos
1495 3699 1553 3749 et
1577 3692 1880 3750 Ministros
1909 3692 2134 3765 invitat,
2166 3700 2225 3749 et
2256 3691 2533 3768 Spiritum
2567 3692 2626 3751 S.
2650 3691 2886 3751 foederis

481 3769 888 3845 applicatorem
916 3770 1111 3845 mittit,
1145 3770 1278 3829 Gal.
1309 3771 1387 3829 iv.
1470 3773 1631 3829 Deus
1667 3773 1865 3846 Filius,
1908 3780 2031 3830 tum
2063 3779 2127 3829 ut
2160 3791 2333 3830 causa
2362 3780 2421 3830 et
2444 3775 2888 3846 fundamentum

481 3848 715 3908 foederis
742 3870 847 3927 per
873 3869 1041 3908 suum
1070 3850 1429 3927 sanguinem,
1462 3850 1675 3910 Matth.
1699 3852 1864 3909 xxvi.
1895 3854 1991 3925 28,
2021 3851 2234 3928 Ephes.
2257 3851 2295 3909 i.
2320 3855 2375 3926 3,
2400 3854 2456 3926 4,
2488 3860 2612 3910 tum
2641 3860 2705 3911 ut
2727 3852 2886 3910 illius

478 3930 734 4004 materia,
766 3930 903 4006 quia
945 3931 1008 3988 in
1035 3931 1145 3989 hoc
1173 3929 1387 3989 foedere
1429 3931 1765 4008 promissuS,
1810 3939 1869 3989 et
1896 3930 2157 4007 ejusdem
2198 3933 2461 4007 Anqelus,
2509 3932 2685 3990 Mala.
2715 3932 2796 3989 iii.
2832 3934 2883 4005 l,

478 4010 603 4068 sive
632 4010 1027 4068 internuncius
1055 4019 1113 4069 et
1155 4019 1445 4085 executor,
1492 4010 1751 4087 adeoque
1794 4030 1909 4086 qua
1952 4009 2244 4068 Mediator
2283 4012 2435 4069 inter
2466 4011 2653 4069 Deum
2682 4020 2740 4068 et
2781 4012 2884 4069 ho·

477 4090 679 4164 mines,
717 4094 744 4145 1
779 4090 927 4149 Tim.
957 4090 1017 4149 ii.
1048 4093 1103 4165 5,
1138 4090 1291 4149 Heb.
1323 4091 1403 4148 ix.
1440 4093 1531 4165 15,
1577 4099 1637 4150 et
1668 4092 1926 4166 Sponsor
1952 4109 2055 4166 pro
2084 4090 2434 4165 hominibus,
2469 4090 2623 4149 Heb.
2653 4091 2754 4149 vii.
2785 4094 2882 4149 22.

474 4172 634 4227 Deus
673 4169 919 4245 Spiritus
961 4178 1233 4246 tanquam
1276 4190 1451 4228 causa
1479 4189 1595 4228 una
1637 4189 1768 4227 cum
1810 4170 1980 4226 Patre
2024 4177 2083 4227 et
2128 4170 2300 4244 Filio,
2342 4178 2403 4229 et
2443 4170 2702 4245 materia,
2749 4170 2886 4246 quia

474 4250 807 4325 promissus,
855 4248 987 4308 Gal.
1027 4250 1108 4307 iii.
1153 4251 1244 4323 14,
1290 4257 1349 4308 et
1390 4250 1553 4322 testis,
1601 4249 1771 4307 Rom.
1815 4248 1938 4306 viii.
1986 4249 2080 4324 16,
2126 4258 2185 4307 et
2225 4251 2480 4308 arrhabo
2528 4249 2885 4308 haereditatis

474 4328 742 4403 coelestiS,
776 4328 989 4405 Ephes.
1018 4328 1058 4386 i.
1093 4331 1184 4403 14,
1217 4332 1253 4385 2
1286 4328 1414 4387 Cor.
1445 4329 1484 4386 i.
1516 4332 1613 4387 22.

553 4408 734 4466 VIII.
767 4408 968 4466 Causae
997 4408 1464 4466 instrumentales
1492 4415 1645 4481 sunt,
1675 4413 1800 4465 tum
1828 4407 2067 4465 Verbum
2095 4415 2154 4466 et
2174 4408 2567 4482 Sacramenta,
2598 4415 2721 4466 tum
2744 4406 2886 4465 utri-

470 4504 654 4560 usque
685 4487 943 4544 Ministri
958 4510 980 4545 .·
1031 4488 1270 4545 Verbum
1298 4487 1550 4563 quidem,
1581 4506 1700 4544 non
1727 4486 1897 4562 Leqis
1923 4488 2174 4561 moralis,
2207 4488 2429 4546 scilicet
2457 4486 2674 4544 directe
2697 4494 2755 4544 et
2782 4505 2887 4563 per

471 4582 551 4636 se,
582 4563 718 4638 quia
746 4575 834 4625 est
876 4566 1256 4624 ministerium
1284 4566 1504 4641 mortis,
1550 4574 1609 4625 et
1634 4565 1806 4624 litera
1833 4565 2104 4624 occidens
2144 4567 2451 4643 peccatori,
2483 4569 2519 4622 2
2552 4565 2770 4624 Corint.
2802 4566 2882 4622 iii.

472 4643 527 4716 6,
560 4642 664 4700 sed
693 4644 1007 4723 Evangelii,
1038 4645 1197 4722 quod
1223 4645 1358 4704 inde
1380 4646 1554 4705 etiam
1582 4665 1795 4705 nomen
1822 4645 2016 4721 habet,
2048 4646 2186 4723 quia
2213 4648 2274 4703 in
2302 4646 2405 4705 illo
2425 4645 2733 4721 revelatur,
2758 4652 2887 4715 tum,
