3221 5200
256 401 482 451 Quffls‘r.
515 379 628 462 x1.]
1095 398 1172 437 m:
1205 397 1538 440 voc-Armua
1583 398 1657 436 ΕΤ
1702 397 1855 438 rins.
2554 389 2670 445 505

261 545 607 616 Doqmatum
658 549 715 598 et
755 550 1187 616 praeceptorum‚
1240 560 1367 615 quae
1416 539 1634 596 nullam
1684 540 1958 616 temporis
1986 539 2363 599 differentiam
2396 554 2673 621 spectant,

260 623 382 679 sive
413 632 675 697 respectu
706 622 1143 678 &omissionum
1172 629 1229 678 et
1278 620 1798 693 Comminationum,
1841 641 1968 696 quae
1999 620 2143 679 fiunt
2181 622 2291 698 piis
2321 623 2415 680 vel
2446 624 2669 701 impiis3

258 721 386 777 quae
417 703 608 758 omnia
637 701 849 758 cadunt
879 702 986 759 sub
1017 702 1306 778 objectum
1357 699 1508 774 fidei,
1539 699 1676 758 lieet
1714 700 2098 758 diversimode
2122 723 2230 778 pro
2260 705 2541 780 cujusque
2571 725 2669 762 na·

259 793 388 838 tura
418 791 474 838 et
505 781 850 838 conditione.

343 861 522 918 XIV.
571 861 733 918 Licet
776 880 913 918 vero
959 860 1228 937 primario
1258 868 1316 916 et
1343 878 1444 935 per
1481 878 1542 916 se
1572 878 1688 915 non
1719 860 1832 917 sint
1862 859 1933 916 de
1957 860 2067 916 fide
2098 861 2305 934 omnia,
2331 882 2458 938 quae
2489 865 2669 922 conti·

260 949 469 998 nentur
497 941 555 997 in
583 941 691 998 Dei
725 942 936 1014 Verbo,
969 949 1032 998 ut
1055 940 1375 1016 pertineant
1403 937 1478 994 ad
1505 937 1641 994 fidei
1670 938 1943 1013 dogmata
1972 949 2029 997 ct
2058 940 2345 1014 articulos,
2378 952 2436 1000 et
2464 952 2527 1000 ut
2550 964 2669 1001 om-

261 1021 356 1077 nia
386 1021 484 1077 illa
514 1020 658 1078 scire
690 1021 765 1078 sit
793 1020 863 1077 de
894 1020 1234 1077 necessitate
1267 1018 1502 1091 salutis;
1561 1018 1778 1075 Tamen
1803 1027 1889 1075 est
1912 1019 1983 1075 de
2012 1019 2124 1076 fide
2155 1028 2212 1076 et
2243 1022 2443 1078 salutis
2471 1043 2671 1081 neces-

260 1100 426 1158 sitate
458 1100 687 1158 credere
717 1101 908 1157 omnia
936 1107 1239 1158 Sua-„dnm
1269 1098 1342 1154 ad
1371 1097 1785 1174 plenitudinem
1816 1098 2161 1174 cognitionis
2195 1100 2467 1158 Ecclesiae
2497 1102 2673 1161 fuisse

264 1180 476 1255 scripto
506 1181 861 1255 consignata.

345 1260 486 1317 XV.
539 1261 818 1333 Objeclum
858 1257 1162 1333 proprium
1202 1266 1259 1313 et
1295 1256 1602 1334 speczflcum
1646 1255 1779 1314 fidei
1830 1257 2220 1333 J'ustificantis,
2273 1280 2387 1317 non
2431 1281 2546 1337 qua
2585 1273 2673 1321 est

261 1339 434 1394 virtus
469 1340 813 1414 Theoloyica,
864 1338 971 1396 sub
1000 1357 1114 1414 quo
1145 1345 1406 1412 respectu
1457 1335 1643 1394 solum
1674 1346 1731 1394 et
1760 1345 1943 1394 totum
1977 1337 2081 1394 Dei
2119 1339 2374 1397 Verbum
2405 1362 2477 1398 ex
2509 1362 2674 1418 aequo

261 1429 323 1475 nt
366 1439 562 1475 verum
603 1428 661 1476 et
712 1417 1014 1475 infallibile
1061 1417 1439 1492 amplectitur,
1499 1415 1602 1473 sed
1632 1436 1746 1491 qua
1774 1426 1862 1474 est
1890 1418 2129 1474 conditio
2160 1421 2521 1496 Evanqelica‚
2588 1432 2676 1479 est

262 1498 522 1555 doctrina
552 1498 622 1555 de
653 1499 800 1556 Jesu
832 1497 1077 1569 Christo,
1103 1508 1159 1553 et
1189 1496 1490 1572 promissio
1519 1496 1874 1553 remissionis
1902 1508 2265 1573 peccatorum
2297 1510 2354 1557 et
2384 1500 2586 1558 salutis
2617 1502 2674 1558 in

261 1580 385 1654 ejus
417 1579 694 1654 sanguine
721 1601 733 1650 ;
801 1577 940 1651 Qum
969 1596 1072 1653 pro
1102 1577 1328 1651 objecto
1357 1576 1624 1652 proponit
1669 1577 1871 1643 Deum,
1905 1596 2017 1633 non
2050 1578 2385 1654 simpliciter
2411 1590 2476 1637 ut
2507 1582 2678 1638 Crea-

261 1669 442 1714 torem
476 1669 532 1716 et
565 1659 894 1730 Dominum,
918 1657 1018 1713 sed
1048 1667 1112 1713 ut
1145 1655 1587 1732 Redemptorem
1638 1664 1696 1713 et
1750 1656 1972 1713 Patrem
2007 1658 2062 1713 in
2096 1658 2340 1730 Christo,
2374 1670 2436 1716 ut
2470 1660 2673 1718 Foede-

262 1747 464 1810 ratum,
499 1748 555 1795 et
584 1747 859 1810 nostrum,
893 1738 988 1813 qni
1022 1736 1148 1793 vult
1177 1756 1302 1792 esse
1337 1737 1494 1792 Deus
1524 1746 1737 1807 noster,
1760 1744 1823 1793 ut
1846 1736 2087 1792 salutem
2111 1737 2277 1793 nobis
2300 1739 2676 1812 impertiatur.

263 1817 460 1892 Atque
489 1818 582 1875 hic
615 1818 904 1874 indivulso
935 1836 1089 1873 nexu
1113 1815 1387 1889 conjungi
1412 1814 1625 1871 debent
1646 1818 1815 1886 Dens,
1850 1824 1907 1871 et
1940 1815 2226 1874 Christus:
2262 1817 2419 1873 Dens
2440 1826 2501 1874 ut
2522 1838 2673 1874 sum-

261 1916 416 1954 mum
449 1897 678 1971 bonum,
711 1917 825 1973 quo
856 1895 1063 1953 beandi
1095 1914 1308 1966 sumuS,
1344 1893 1605 1950 Christus
1635 1902 1700 1951 ut
1728 1893 1978 1950 medium
2009 1894 2238 1951 unicum
2270 1905 2325 1952 et
2355 1895 2674 1971 infallibile,

261 1997 375 2052 quo
405 1976 728 2034 adducendi
754 1996 950 2033 sumus
974 1974 1046 2031 ad
1081 1975 1300 2045 l)eum;
1332 1972 1488 2048 quod
1513 1972 1777 2030 Christus
1807 1973 2042 2030 innuere
2074 1975 2258 2032 voluit
2287 1975 2328 2032 J
2335 1975 2426 2032 oh.
2450 1977 2590 2033 xvii.
2618 1984 2674 2052 3,

261 2076 437 2130 quum
470 2057 650 2114 vitam
680 2065 950 2113 aeternam
981 2053 1120 2110 dicit
1148 2052 1392 2128 positam
1437 2071 1562 2108 esse
1586 2052 1644 2108 in
1676 2053 2021 2128 cognitione,
2055 2053 2135 2110 id.
2158 2054 2288 2126 fide,
2326 2054 2433 2110 Dei
2468 2055 2674 2130 Patris,

262 2145 319 2192 et
364 2135 519 2191 illius
559 2154 729 2210 quem
776 2134 932 2192 misit
975 2133 1123 2190 Jesu
1174 2131 1403 2203 Christi,
1449 2131 1736 2205 nimirum,
1788 2133 1922 2207 quia
1952 2153 2064 2188 non
2117 2142 2305 2208 potest
2355 2134 2679 2193 salutariter

263 2214 535 2288 cognosci
597 2223 696 2272 aut
765 2213 910 2270 adiri
956 2213 1128 2268 Pater
1190 2211 1301 2267 nisi
1344 2230 1446 2287 per
1493 2211 1721 2284 Filium,
1769 2211 1867 2287 qui
1912 2222 1968 2269 et
2014 2213 2242 2270 Patrem
2287 2214 2453 2270 nobis
2495 2216 2675 2272 mani·

263 2292 513 2362 sestavit‚
562 2304 619 2351 et
664 2294 817 2350 viam
868 2292 943 2349 ad
988 2311 1116 2349 eum
1166 2290 1333 2347 nobis
1384 2290 1664 2366 sanguine
1709 2310 1812 2348 suo
1841 2291 2084 2367 paravit,
2142 2293 2349 2350 Matth.
2382 2294 2459 2350 xi.
2492 2299 2587 2368 27,
2620 2306 2677 2353 et

264 2373 300 2429 J
311 2373 403 2428 011.
437 2372 556 2429 xiv,
589 2375 643 2430 6.

264 2494 344 2536 An
398 2492 626 2535 Christus
679 2495 744 2536 sit
869 2449 1052 2509 XVI.
1099 2450 1287 2524 Quum
1318 2459 1507 2508 autem
1542 2451 1729 2508 Deum
1761 2460 1818 2508 et
1849 2450 2137 2510 Christum
2163 2451 2407 2511 dicimus
2427 2473 2550 2510 esse
2575 2453 2676 2510 ob-

324 2528 534 2594 tamnus
590 2527 744 2608 διῄρε·
781 2532 1002 2609 jectum
1024 2530 1176 2604 fidei,
1212 2530 1544 2588 Cavendum
1577 2539 1665 2588 est
1696 2531 1752 2586 in
1782 2530 1997 2607 primis,
2033 2552 2102 2590 ne
2128 2533 2233 2590 hoe
2259 2552 2429 2590 sensu
2457 2533 2676 2590 80οἰῃί-

322 2616 430 2679 ῒξῑῐῐῑ
509 2611 746 2680 secunda·
789 2632 898 2669 ano
940 2632 1249 2684 sumamus,
1283 2612 1380 2687 qui
1411 2620 1474 2669 ut
1507 2612 1884 2669 Divinitatem
1917 2612 2129 2671 Christi
2159 2623 2440 2687 evertant,
2474 2615 2677 2672 distin-

323 2682 449 2711 mum
483 2667 631 2713 ⁶⁶⁰²?
791 2702 975 2768 guunt
998 2694 1260 2767 objectum
1282 2690 1432 2764 fidei,
1466 2692 1522 2748 in
1539 2692 1885 2767 primarium
1909 2701 1966 2749 et
1982 2694 2418 2765 secundat-iuml:
2446 2695 2675 2751 Patrem

264 2793 389 2831 esse
446 2774 737 2850 objectum
793 2773 1144 2849 primarium,
1203 2771 1302 2847 qui
1361 2772 1436 2829 sit
1491 2792 1667 2829 causa
1722 2772 1904 2848 prima
1933 2780 1991 2832 et
2021 2793 2286 2849 suprema
2316 2794 2377 2830 sa
2400 2775 2515 2831 utis
2546 2794 2675 2831 nos-

263 2862 383 2923 trae,
450 2855 659 2911 Filium
711 2873 848 2911 vero
899 2853 1189 2929 objectum
1240 2851 1657 2925 secundarium,
1710 2852 1808 2927 qui
1839 2851 1913 2909 sit
1958 2860 2177 2911 tantum
2212 2873 2386 2911 eausa
2428 2855 2679 2912 secunda

264 2931 603 2989 intermedia
657 2952 724 2989 ac
782 2932 1231 2989 instrumentalis
1310 2932 1513 2988 salutis
1580 2940 1826 3002 nostrae3
1880 2931 2085 2989 Fidem
2147 2933 2205 2990 in
2278 2933 2505 2990 Patrem
2565 2942 2676 2991 ter-

263 3010 466 3066 minari
499 3012 555 3067 in
588 3012 711 3086 ipso
735 3020 1006 3085 tanquam
1038 3010 1096 3066 in
1140 3011 1364 3085 objecto
1395 3011 1616 3083 ultime,
1651 3009 1751 3067 sed
1780 3009 1950 3067 fidem
2001 3012 2061 3068 in
2099 3012 2386 3068 Christum
2419 3033 2533 3069 non
2562 3023 2673 3070 ter·

263 3089 467 3145 minari
498 3090 556 3145 in
587 3091 729 3165 ipsO,
763 3090 864 3145 sed
894 3109 995 3164 per
1023 3089 1208 3163 ipsum
1240 3088 1409 3162 dirigi
1460 3089 1518 3145 in
1563 3090 1769 3161 Deum,
1802 3099 1859 3145 et
1889 3089 1945 3144 in
1975 3090 2084 3146 hoc
2113 3090 2343 3146 demum
2374 3093 2673 3166 conquies-

263 3188 428 3241 cere3
476 3169 651 3226 Illum
701 3188 827 3225 esse
876 3168 1094 3225 cultum
1141 3166 1400 3223 divinum
1453 3186 1799 3242 supremum,
1831 3166 1939 3223 soli
1972 3167 2096 3225 Deo
2126 3170 2434 3243 proprium,
2490 3171 2675 3227 Istum

264 3249 481 3306 cultum
512 3248 774 3305 divinum
805 3247 1215 3318 subalternum,
1241 3245 1570 3319 mediatum,
1599 3265 1677 3320 ex
1708 3245 1893 3321 gratia
1919 3247 2275 3304 attributum.
2365 3248 2459 3305 Sic
2489 3250 2673 3324 loqui·

264 3338 358 3386 tur
410 3329 653 3386 Socinus
683 3336 882 3385 contra
913 3324 1188 3399 Viekum,
1221 3345 1342 3401 cap.
1389 3330 1442 3399 4,
1477 3326 1709 3383 Catech.
1737 3324 1963 3384 Rakov.
1996 3325 2067 3383 de
2103 3327 2351 3383 Persona
2372 3327 2601 3403 Christi,
2624 3350 2674 3387 c.

267 3408 304 3465 i.
337 3428 391 3484 q.
424 3412 503 3466 90
532 3418 590 3466 et
619 3410 715 3465 91.

347 3488 560 3547 XVII.
607 3489 728 3546 Nos
757 3508 895 3546 vero
926 3487 1214 3545 Christum
1244 3485 1474 3562 quidem
1506 3506 1540 3543 a
1584 3485 1754 3543 Patre
1785 3484 2252 3560 distinguendum
2285 3507 2585 3546 censemus
2614 3490 2673 3546 in

260 3568 374 3626 fide
424 3571 663 3647 ejusque
707 3568 932 3645 objecto
974 3566 1252 3640 bifariam,
1305 3575 1426 3624 tum
1459 3566 1727 3639 Persona,
1770 3585 1884 3641 qua
1922 3565 1993 3622 ab
2024 3576 2235 3624 aeterno
2265 3568 2495 3641 genitus
2524 3576 2612 3626 est
2640 3590 2675 3626 a

267 3649 454 3723 Patre,
487 3658 607 3708 tum
640 3649 857 3721 Officio,
889 3667 1003 3724 quo
1034 3647 1218 3705 factus
1261 3655 1349 3704 est
1390 3645 1680 3703 Mediator
1707 3646 1857 3703 inter
1886 3645 2072 3703 Deum
2102 3656 2159 3703 et
2189 3647 2467 3705 homines.
2557 3649 2672 3707 Sed

262 3736 327 3785 ut
368 3749 473 3785 nee
505 3730 644 3786 ordo
676 3726 1024 3786 subsistendi
1056 3727 1115 3784 in
1147 3727 1414 3784 Personis
1445 3726 1674 3797 divinis,
1707 3746 1811 3783 nec
1843 3724 2103 3783 Officium
2135 3726 2290 3801 quod
2320 3728 2484 3801 gerit,
2521 3728 2669 3803 ipsa-

262 3827 387 3863 rum
440 3808 589 3865 inter
633 3829 693 3865 se
747 3808 1126 3864 Personarum
1157 3806 1541 3882 aequalitatem
1566 3806 1774 3877 abolet,
1807 3813 2003 3880 utpote
2033 3826 2161 3881 quae
2191 3817 2423 3862 manent
2446 3827 2671 3883 semper

264 3885 414 3943 inter
459 3907 518 3943 se
565 3894 810 3959 ayo-beaw
858 3887 1074 3944 Itanec
1115 3886 1505 3960 disparitatem
1560 3886 1683 3941 sive
1730 3883 1959 3959 objecti,
1994 3885 2116 3941 sive
2163 3884 2353 3941 cultus
2391 3885 2663 3961 religiosi,

263 3965 414 4021 eirca
443 3964 586 4021 illud
609 3964 877 4021 inducere
898 3964 1202 4021 statuimus
1227 3986 1239 4033 ;
1266 3972 1328 4021 ut
1358 3964 1438 4021 ita
1467 3984 1581 4020 una
1612 3964 1687 4020 sit
1716 3963 1873 4035 fides,
1896 3982 2011 4037 qua
2040 3964 2097 4019 in
2131 3964 2315 4019 Deum
2352 3963 2577 4022 Patrem
2609 3976 2666 4023 et

263 4044 322 4100 in
356 4045 542 4101 Deum
569 4044 781 4100 Filium
811 4053 1088 4115 stivae-m·
1117 4042 1381 4115 creditur,
1406 4063 1522 4100 una
1550 4042 1761 4099 fiducia
1805 4061 1931 4116 quae
1956 4042 2014 4097 in
2042 4051 2285 4116 utroque
2316 4044 2664 4120 collocatur;

263 4144 376 4182 non
404 4124 651 4195 diversa,
698 4142 814 4180 una
843 4142 1124 4199 suprema,
1158 4123 1336 4179 altera
1364 4121 1704 4179 intermedia
1732 4130 1789 4179 et
1817 4129 2038 4179 tantum
2071 4123 2418 4179 subalterna.

346 4204 594 4263 XVIII.
643 4203 920 4261 Rationes
970 4196 1119 4274 s‘unt,
1171 4206 1220 4259 1.
1267 4202 1415 4275 Quia
1462 4202 1726 4258 Christus
1776 4210 1864 4259 est
1909 4221 2079 4259 verus
2130 4212 2186 4260 et
2238 4211 2484 4261 aeternus
2534 4226 2663 4263 cum

264 4286 434 4344 Patre
467 4286 644 4361 Deus,
674 4293 739 4342 ut
763 4303 865 4341 suo
895 4283 1023 4340 loco
1047 4283 1167 4340 fuse
1193 4282 1662 4339 demonstratum.
1747 4285 1803 4339 2.
1849 4280 1996 4355 Quia
2025 4281 2323 4358 aequalitas
2352 4283 2585 4342 honoris
2608 4296 2666 4343 et

265 4366 455 4423 cultus
485 4366 568 4423 illi
615 4385 744 4424 cum
795 4364 964 4421 Patre
1012 4363 1296 4435 tribuitur,
1329 4362 1468 4419 Joh.
1499 4382 1555 4418 v.
1589 4364 1684 4433 23,
1713 4364 1748 4393 ‘⁴
1768 4361 1981 4420 Omnes
2008 4362 2289 4419 honorare
2320 4361 2532 4422 debent
2564 4365 2660 4423 Fi-

260 4445 398 4503 lium
432 4454 574 4505 uaeas
606 4446 754 4503 sieut
785 4444 1075 4517 Patrem,''
1105 4443 1184 4501 id.
1215 4442 1422 4518 aequali
1453 4442 1629 4513 cultu,
1661 4443 1797 4519 quia
1841 4443 2115 4518 aequalem
2150 4462 2209 4499 se
2241 4441 2485 4502 faciebat
2516 4444 2659 4521 De0,

261 4545 381 4583 ver.
419 4527 508 4598 18,
541 4533 599 4582 et
626 4526 798 4583 talem
831 4544 892 4581 se
923 4524 1205 4600 Operibus
1254 4522 1701 4594 demonstrabat,
1760 4543 1879 4580 ver.
1915 4523 2005 4597 19,
2058 4525 2153 4579 21.
2243 4522 2337 4579 Sic
2367 4523 2505 4582 Joh.
2537 4525 2659 4585 xiv,

267 4609 317 4675 1,
366 4607 401 4636 ‘⁴
426 4604 673 4662 Creditis
720 4605 778 4660 in
812 4604 1016 4676 Deum,
1050 4604 1219 4662 etiam
1251 4603 1308 4659 in
1341 4623 1429 4660 me
1461 4602 1734 4676 credite,’'
1766 4623 1837 4660 ne
1869 4603 2087 4661 seilicet
2116 4622 2213 4660 001·
2241 4611 2494 4661 vestrum
2541 4613 2649 4663 tur-

259 4685 442 4744 betur.
528 4682 680 4757 Quid
711 4683 788 4741 ita
809 4686 837 4741 Ρ
877 4684 1012 4760 quia
1042 4704 1166 4741 sum
1197 4704 1345 4742 unus
1374 4703 1501 4741 cum
1536 4682 1705 4741 Patre
1760 4684 1934 4742 Deus.
2024 4684 2083 4740 Si
2115 4683 2263 4741 enim
2295 4703 2409 4740 non
2440 4684 2660 4762 fuisset,
