3221 5200
471 354 587 410 294
1303 374 1483 414 Locus
1513 373 1771 412 Dsscnics
1802 372 2067 410 TERTIUS.
2539 341 2785 424 [QUAEST.
2818 360 2878 398 Χ.

552 513 699 571 VII.
747 513 809 572 Si
839 513 1125 587 Quaeritur
1153 514 1467 573 secundum
1519 533 1690 590 quam
1723 513 1998 570 Naturam
2030 509 2256 567 Christo
2287 502 2641 578 Exinanitio,
2667 511 2724 560 et
2755 502 2873 559 Ex·

472 593 673 650 altatio
723 593 1028 650 tribuenda
1071 594 1190 652 sit?
1232 594 1639 671 Respondetur
1683 593 1795 651 hoc
1844 590 2071 668 proprie
2120 587 2234 646 dici
2285 586 2354 645 de
2403 586 2673 656 Persona,
2717 591 2775 639 et.
2802 581 2878 638 ad

473 680 774 749 utramque
807 674 1083 731 Naturam
1112 673 1326 748 referri,
1359 673 1463 732 sed
1489 692 1703 750 magno
1742 670 2087 729 discrimine.
2132 667 2233 725 Ad
2262 667 2539 724 Naturam
2567 663 2877 720 humanam

471 751 703 827 quidem
753 752 944 829 quoad
991 753 1204 812 realem
1252 752 1698 830 depressionem,
1744 759 1803 810 et
1847 747 2254 809 exaltationem
2284 747 2342 803 in
2373 764 2452 803 se.
2497 741 2598 800 Ad
2619 741 2875 799 divinam

473 849 610 889 vero
640 840 862 890 tantum
891 833 1110 892 ratione
1138 833 1555 908 occultationis,
1585 841 1645 890 et
1664 828 2157 901 manifestationis,
2182 828 2359 885 relate
2377 824 2449 882 ad
2480 824 2723 882 Carnem
2750 829 2878 878 tan-

470 931 644 986 quam
672 912 884 985 velum,
917 933 1033 988 quo
1064 913 1381 989 tegebatur,
1413 921 1471 971 et
1498 912 1652 970 unde
1682 930 1806 969 sese
1836 908 2131 986 prodebat.
2224 906 2458 964 Naturae
2487 904 2752 960 humanae
2774 920 2876 957 ex-

472 990 710 1049 inanitio
754 994 979 1068 proprie
1012 992 1301 1067 compctit,
1342 1001 1627 1069 quatenus
1672 991 1925 1066 suscepit
1963 996 2190 1046 nostras
2218 984 2594 1055 infirmitates,
2626 989 2685 1039 et
2711 999 2881 1057 passa

473 1079 561 1128 est
605 1090 671 1128 ac
722 1080 963 1129 mortua.
1050 1072 1344 1129 Exaltatio
1394 1091 1532 1129 vero
1581 1079 1867 1147 quatenus
1912 1066 2264 1143 resurgendo
2293 1083 2491 1122 omnes
2519 1060 2881 1119 infirmitates

474 1150 756 1226 deposuit,
789 1159 846 1208 et
875 1151 1116 1226 gloriam
1146 1152 1471 1228 assumpsit,
1493 1171 1664 1228 quam
1694 1170 1809 1207 non
1839 1148 2088 1205 habebat
2115 1155 2299 1203 antea.
2348 1144 2465 1202 Sed
2492 1141 2684 1219 quoad
2713 1139 2879 1196 Divi-

474 1249 626 1303 nam,
657 1229 816 1287 nulla
844 1230 897 1288 ei
927 1230 1077 1288 facta
1124 1239 1212 1288 est
1241 1230 1563 1288 imminutio
1591 1230 1654 1287 in
1683 1228 2109 1298 Exinanitione,
2140 1225 2302 1282 nulla
2329 1222 2581 1282 accessio
2610 1223 2670 1277 in
2700 1219 2878 1276 Exal-

476 1309 708 1367 tatione.
757 1309 872 1368 Sed
917 1310 1231 1368 exinanitio
1277 1311 1362 1367 illi
1389 1309 1675 1382 tribuitur,
1707 1308 1898 1385 quoad
1925 1304 2366 1365 occultationem
2396 1312 2453 1361 et
2481 1301 2879 1360 inhibitionem

475 1388 676 1464 gloriae
705 1397 763 1447 et
779 1389 1099 1465 majestatis
1111 1390 1218 1447 sub
1237 1389 1418 1447 forma
1430 1390 1600 1447 servi.
1638 1388 1929 1446 Exaltatio
1952 1406 2088 1444 vero
2101 1388 2238 1443 κατὰ
2260 1383 2532 1462 φοινίξαι-ιν,
2555 1381 2678 1438 sive
2690 1378 2881 1455 quoad

475 1467 995 1526 manifestationem
1039 1477 1098 1528 et
1142 1470 1542 1542 exsertionem,
1595 1467 1826 1544 quando
1874 1475 2092 1524 remoto
2144 1464 2273 1522 velo
2321 1462 2716 1526 infirmitatum
2758 1478 2881 1516 car-

475 1547 583 1623 nis,
633 1547 817 1624 gloria
865 1549 981 1623 illa,
1028 1569 1198 1624 quam
1245 1548 1523 1606 habuerat
1569 1548 1645 1605 ab
1690 1557 1918 1618 aeterno,
1968 1554 2025 1603 et
2072 1564 2201 1620 quae
2230 1543 2303 1602 ad
2342 1550 2567 1618 tempus
2596 1538 2884 1598 occultata

477 1626 662 1685 fuerat
709 1628 817 1685 sub
862 1628 962 1685 illo
1010 1629 1158 1702 ve10,
1190 1628 1412 1686 refulsit
1440 1628 1500 1684 in
1550 1628 1804 1685 Persona
1848 1624 2186 1683 Mediatoris
2214 1622 2454 1682 exaltati
2483 1640 2655 1697 supra
2682 1637 2881 1676 omnes

477 1706 671 1780 808108,
703 1707 842 1766 Joh.
873 1707 1014 1766 xvii.
1046 1711 1100 1766 5.
1507 1747 1512 1750 -

559 1786 738 1845 VIII.
770 1787 957 1845 Filius
988 1788 1097 1845 Dei
1127 1787 1336 1846 dicitur
1363 1806 1488 1845 sese
1511 1785 1918 1859 exinanivisse,
1952 1784 2102 1843 Phil.
2132 1783 2193 1840 ii.
2223 1784 2277 1855 6,
2304 1786 2358 1855 7;
2384 1799 2498 1838 11011
2520 1777 2881 1836 abdicatione

482 1865 834 1940 Divinitatis,
849 1868 1060 1925 mansit
1072 1867 1223 1924 enim
1236 1886 1460 1943 semper
1475 1885 1579 1942 par
1599 1866 1743 1938 Dec,
1758 1865 1799 1924 J
1805 1866 1898 1923 oh.
1921 1885 1979 1922 v.
2000 1867 2089 1937 17,
2119 1865 2209 1936 18,
2232 1861 2334 1919 sed
2361 1857 2742 1918 occultatione
2773 1855 2882 1913 sub

477 1944 659 2002 forma
688 1947 918 2020 servili3
966 1947 1044 2004 Et
1072 1966 1287 2023 pauper
1314 1946 1499 2004 factus
1529 1955 1634 2020 est,
1677 1949 1712 2003 2
1759 1944 1888 2005 Cor.
1933 1943 2054 2001 viii.
2086 1945 2141 2017 9,
2173 1962 2289 1999 non
2317 1938 2623 1998 amissione
2652 1935 2883 1994 divitia-

476 2044 601 2082 rum
632 2026 969 2100 coelestium,
1001 2046 1145 2102 quas
1173 2046 1347 2102 penes
1371 2045 1430 2084 se
1461 2045 1686 2101 semper
1712 2024 1930 2097 habuit,
1963 2043 2093 2081 cum
2122 2019 2420 2099 plenitudo
2452 2017 2698 2076 Deitatis
2729 2015 2785 2072 in
2815 2034 2885 2072 eo

478 2103 663 2179 fuerit,
708 2115 765 2164 et
808 2106 1059 2163 thesauri
1090 2105 1384 2182 sapientise
1413 2113 1471 2162 et
1519 2104 1867 2181 cognitionis
1910 2104 1969 2161 in
1999 2103 2125 2178 ipso
2155 2102 2267 2159 sint
2297 2096 2635 2168 absconditi,
2670 2096 2791 2153 Col.
2822 2094 2883 2151 ii.

477 2186 531 2258 3,
559 2186 613 2257 9,
640 2185 740 2242 sed
763 2185 1143 2244 occultatione
1168 2186 1275 2243 sub
1303 2185 1529 2242 infirma
1557 2194 1616 2243 et
1644 2183 1842 2260 indiga
1870 2202 2057 2256 carne,
2083 2179 2535 2253 Matth.viii.20,
2558 2176 2707 2253 Eph.
2726 2175 2803 2231 iv.
2824 2175 2883 2230 9.

1174 2602 1250 2638 nn
1283 2599 1573 2639 anewlo
1605 2599 1759 2637 AERAE
1788 2598 2186 2638 cums'mANAE.

883 2741 1216 2812 Quz'ssuerit
1238 2742 1450 2814 Annus,
1475 2740 1683 2795 Mensis
1711 2760 1780 2796 ac
1810 2740 1947 2796 Dies
1975 2738 2206 2796 Natalis
2238 2737 2483 2796 Christi?

1088 2897 1138 2955 I.
1184 2898 1461 2971 Quamvis
1489 2897 1665 2955 variae
1695 2897 1903 2955 dentur
1931 2896 2183 2973 Epochae
2225 2905 2347 2955 tum
2376 2915 2569 2969 sacrae,
2602 2902 2722 2950 tum
2750 2913 2882 2968 pro-

1004 2974 1169 3051 fanae,
1228 2978 1438 3055 quibus
1493 2986 1751 3054 tempora
1794 2977 2009 3053 signari
2040 2976 2263 3051 solent3
2310 2975 2484 3032 Nulla
2539 2985 2730 3031 tamen
2773 2981 2880 3045 est,

998 3075 1128 3133 quae
1184 3057 1259 3116 ad
1314 3058 1477 3115 AErae
1528 3057 1868 3115 Christianae
1911 3055 2252 3132 dignitatem
2295 3053 2547 3113 accedat.
2596 3052 2883 3110 Nativitas

474 3130 791 3190 Salvator-is
821 3132 1186 3211 Epocharum
1235 3138 1488 3196 omnium
1535 3144 1629 3195 est
1655 3136 1822 3195 facile
1856 3136 2139 3213 princeps.
2185 3135 2320 3193 Huc
2363 3134 2553 3192 omnia
2581 3152 2710 3209 quae
2737 3152 2880 3209 prae-

474 3220 768 3270 cesserunt
795 3222 1068 3292 tempora,
1101 3227 1165 3276 111
1186 3218 1260 3275 ad
1279 3218 1529 3276 faustum
1559 3226 1618 3275 ct
1645 3216 1785 3275 felix
1809 3236 1977 3275 suum
2007 3223 2264 3273 centrum
2295 3222 2572 3290 spectant,
2604 3220 2662 3270 ct
2691 3211 2884 3269 omnia

472 3291 804 3365 posteriora,
837 3294 987 3368 hinc,
1019 3306 1084 3354 ut
1112 3319 1146 3353 a
1175 3298 1331 3355 fonte
1351 3298 1411 3354 in
1431 3298 1604 3354 finem
1629 3296 1807 3354 seculi
1837 3296 2164 3353 decurrunt.
2211 3296 2246 3326 “
2271 3293 2580 3351 Generatio
2611 3291 2879 3364 Christi,''

472 3368 660 3460 inquit
690 3371 826 3444 Le0,
862 3374 1006 3432 “est
1035 3376 1198 3452 origo
1230 3377 1423 3452 populi
1454 3372 1794 3449 Christiani,
1810 3377 1887 3433 Et
1916 3374 2122 3432 natalis
2152 3373 2369 3449 Capitis
2391 3381 2479 3432 est
2506 3371 2715 3430 natalis
2744 3371 2880 3429 Cor-

473 3466 652 3539 porffi,
671 3457 728 3540 et
751 3449 889 3554 dum
921 3452 1238 3512 Salvatoris
1260 3455 1565 3513 adoramus
1595 3462 1802 3530 ortum,
1833 3454 2158 3512 invenimur
2184 3472 2289 3511 nos
2317 3461 2574 3510 nostrum
2594 3449 2881 3509 celebrare

472 3545 833 3603 principium.

509 2951 639 2997 AErm
671 2952 964 3001 Christiane

620 3012 847 3071 dignitas.

1085 3611 1168 3670 ΙΙ,
1214 3612 1378 3670 Licet
1406 3632 1543 3669 vero
1572 3620 1747 3670 tantae
1778 3612 1852 3670 sit
1882 3613 2044 3669 AErae
2092 3612 2258 3669 istius
2287 3611 2615 3687 praestantia
2643 3619 2701 3668 et
2729 3608 2881 3667 utili·

501 3763 515 3776 .
999 3698 1124 3764 tas;
1171 3691 1403 3749 Certum
1453 3700 1646 3750 tamen
1691 3700 1794 3766 est,
1846 3712 1961 3749 non
1990 3691 2180 3749 minus
2220 3711 2393 3767 quam
2429 3691 2654 3765 mirum,
2689 3689 2878 3747 Chris-

474 3772 661 3822 tianos
690 3766 872 3825 serius
901 3766 972 3826 de
1022 3790 1090 3828 ea
1118 3770 1518 3829 constituenda
1562 3780 1619 3829 et
1665 3771 1995 3848 usurpanda
2022 3770 2324 3847 cogitasse.
2371 3770 2518 3827 Nam
2548 3778 2680 3829 ante
2709 3768 2881 3846 septi-

473 3863 630 3937 mum
649 3847 922 3923 seculum,
944 3850 1137 3909 nullus
1151 3851 1415 3908 Natalem
1432 3850 1665 3909 Domini
1683 3851 1758 3909 ad
1771 3852 2064 3929 negotium
2078 3851 2258 3909 ullum
2278 3870 2378 3908 seu
2397 3849 2567 3907 civile
2586 3869 2688 3908 seu
2699 3849 2879 3907 eecle-

473 3933 766 4016 siasticum
795 3926 1216 4005 designandum
1246 3932 1568 4007 applicasse
1595 3931 1825 4008 legitur.
1855 3932 1896 3991 J
1902 3931 2223 3991 ustinianus
2252 3938 2421 4002 certe,
2452 3928 2549 4005 qui
2594 3931 2711 3988 500
2752 3937 2884 4006 post

474 4003 765 4095 Christum
820 4010 986 4068 annis
1031 4010 1313 4087 regnavit,
1360 4009 1585 4084 Edicto,
1638 4011 1795 4087 quod
1822 4010 1893 4069 de
1937 4009 2230 4069 notatione
2269 4019 2608 4085 temporum,
2640 4017 2699 4068 et
2746 4028 2877 4066 con·

472 4084 795 4159 signatione
825 4088 1107 4148 Actorum
1137 4090 1496 4166 publicorum
1547 4089 1795 4148 Novella
1826 4093 1922 4164 47,
1980 4089 2273 4149 veteribus
2319 4096 2642 4165 temporum
2691 4088 2879 4164 desig-

472 4164 800 4224 nationibus
842 4168 915 4225 ab
961 4170 1034 4228 U.
1088 4171 1170 4243 C.,
1217 4190 1252 4227 a
1293 4171 1606 4228 Consulum
1650 4169 1993 4243 nominibus,
2034 4170 2108 4226 ab
2145 4168 2584 4243 Indictionibus,
2615 4177 2880 4244 quartum

471 4242 658 4301 voluit
684 4244 818 4303 addi
849 4248 1251 4324 characterem,
1282 4250 1356 4307 ab
1400 4248 1868 4326 ImperatoribuS.
1929 4248 2043 4306 Sed
2082 4248 2245 4306 AErae
2275 4247 2615 4308 Christianae
2642 4248 2881 4305 verbum

475 4322 696 4380 nullum
726 4324 878 4384 facit.
965 4328 1087 4386 Nec
1133 4327 1287 4405 apud
1335 4329 1535 4387 Patres
1580 4335 1640 4385 et
1688 4327 1946 4385 Concilia
1975 4326 2261 4403 prioribus
2302 4327 2418 4385 illis
2447 4328 2656 4385 seculis
2684 4326 2881 4385 habita

475 4400 593 4458 ulla
621 4404 747 4479 ejus
776 4407 1008 4465 mentio.
1055 4408 1285 4465 Primus
1313 4408 1620 4482 Dionysius
1648 4407 1896 4481 eaeiyuus,
1923 4408 2151 4464 natione
2186 4408 2403 4484 Scytha
2432 4407 2755 4465 Monachus
2783 4406 2882 4463 vel

475 4478 681 4539 Abbas
706 4483 892 4559 Rom„
925 4486 1258 4563 indignatus
1288 4507 1391 4544 suo
1421 4497 1479 4544 et
1506 4486 1792 4563 prioribus
1822 4486 2047 4560 88811118,
2078 4488 2139 4543 111
2160 4487 2352 4562 Cyclis
2385 4487 2762 4545 Paschalibus
2779 4487 2879 4562 qui

474 4564 734 4636 tempora
790 4564 1089 4624 Paschatis
1144 4575 1202 4623 et
1251 4565 1524 4623 festorum
1574 4565 1976 4642 indigitabant,
2024 4585 2059 4623 a
2109 4566 2453 4625 Diocletiani
2482 4566 2879 4642 persecutione

475 4654 656 4695 annos
696 4640 975 4720 imprimis
1004 4644 1311 4720 designari,
1342 4652 1632 4721 expuncto
1674 4646 1782 4703 hoc
1831 4646 2156 4704 charactere
2199 4645 2309 4703 viri
2340 4645 2572 4703 Ethnici
2602 4654 2660 4705 et
2686 4665 2878 4723 perse-

506 3643 709 3695 Quando
739 3649 956 3705 coeperit.
