3221 5200
528 393 607 450 26
1057 451 1067 473 Ι
1410 402 1593 444 Locus
1623 401 1985 443 monemus.
2255 446 2260 451 ,
2573 382 2826 466 [QnAEsr.
2857 407 2941 449 ιν.

605 547 865 606 XXIX.
910 546 1043 604 Non
1072 544 1311 618 Octavo,
1341 563 1445 621 per
1472 543 1747 620 avaritiae,
1778 550 1837 602 et
1862 542 2153 603 luxuriae
2136 562 2198 602 ιιι
2224 543 2384 602 victu
2414 552 2475 603 et
2500 545 2715 604 amictu
2742 547 2935 624 prohi-

523 628 837 701 bitionem3
883 625 1032 700 Quia
1057 634 1302 701 utraque
1329 625 1391 681 in
1420 625 1579 701 Lege
1617 625 1741 700 jam
1784 624 2127 700 interdicta3
2169 624 2284 682 Illa
2310 624 2545 701 quidem
2593 626 2785 685 Exod.
2831 647 2937 686 xx.

528 711 621 782 17,
653 715 713 766 et
740 706 884 764 xxii.
915 708 1011 780 25,
1056 714 1115 765 et
1150 704 1365 763 Psalm.
1409 705 1566 764 cxix.
1597 707 1711 779 36;
1759 704 1874 763 Isa.
1904 704 1985 762 iii.
2019 707 2132 779 17;
2180 704 2303 763 Ista
2343 724 2484 763 vero
2528 706 2764 765 Denter.
2807 707 2935 767 xxi.

524 790 649 862 203
698 788 871 846 Prov.
900 784 1067 843 xxiii.
1098 788 1211 861 203
1259 784 1374 843 Isa.
1405 784 1486 843 iii.
1521 786 1614 859 16,
1650 787 1741 859 17,
1774 792 1910 842 etv.
1959 786 2051 860 11,
2086 750 2180 842 12.
2266 784 2399 844 Non
2428 784 2613 862 Nono,
2643 805 2749 864 per
2773 805 2936 846 men·
2969 808 2972 811 ¹

523 834 675 924 dacii
702 866 978 943 cujusvis,
1030 873 1088 924 et
1135 828 1617 924 obtrectationum
1661 883 1729 922 ac
1777 863 2131 923 delationum
2178 863 2581 941 interdictum3
2628 865 2778 940 Quia
2822 867 2937 927 hoc

524 945 698 1005 etiam
728 946 785 1003 in
819 946 977 1022 Lege
1005 944 1333 1004 continetur
1360 953 1418 1003 et
1445 944 1585 1003 alibi
1613 943 1991 1019 interdicitur,
2025 943 2179 1003 Psal.
2209 963 2310 1003 xv.
2342 946 2397 1020 3,
2443 953 2502 1004 et
2542 945 2613 1003 ci.
2658 948 2714 1004 5.
2800 946 2934 1006 Non

526 1026 785 1102 Decimo,
836 1044 939 1102 per
980 1025 1317 1083 mandatum
1360 1024 1433 1083 de
1476 1043 1593 1082 non
1636 1023 1963 1100 adjiciendo
2011 1024 2202 1082 animo
2250 1024 2334 1082 rei
2381 1024 2739 1102 concupitae3
2785 1025 2937 1100 Quia

527 1105 760 1180 Paulus,
795 1106 963 1163 Rom.
985 1105 1086 1163 vii.
1118 1109 1172 1180 7,
1206 1107 1261 1180 8,
1292 1105 1461 1164 docet
1489 1124 1715 1163 omnem
1745 1104 2266 1181 concupiscentiam
2294 1104 2356 1161 in
2398 1123 2608 1181 genere
2651 1104 2930 1180 damnari,

523 1195 697 1262 atque
725 1185 856 1243 ideo
885 1204 1083 1243 omnes
1113 1185 1333 1279 species
1361 1192 1420 1243 et
1448 1184 1664 1262 gradus
1692 1184 1839 1260 ejus.
1911 1184 2045 1243 Uno
2073 1184 2254 1242 verbo
2282 1203 2482 1243 omnes
2510 1184 2836 1245 additiones
2853 1186 2931 1244 ab

524 1265 896 1323 Adversariis
924 1266 1248 1342 propositae,
1280 1265 1374 1323 vel
1404 1265 1772 1323 continentur
1800 1263 1951 1323 sub'
1935 1263 2077 1341 ipsis
2104 1264 2425 1341 praeceptis,
2463 1272 2532 1323 ut
2558 1265 2779 1344 species
2820 1265 2932 1325 sub

525 1365 752 1422 genere,
781 1353 973 1422 partes
1003 1346 1110 1404 sub
1138 1353 1278 1419 tot0,
1311 1344 1515 1403 effecta
1542 1345 1651 1403 sub
1680 1345 1886 1419 causis,
1929 1344 2339 1421 consequentia
2381 1344 2490 1403 sub
2539 1345 2929 1404 antecedenti-

523 1425 650 1500 bus,
683 1434 742 1483 et
769 1424 1060 1501 vicissim3
1105 1425 1221 1484 Vel
1248 1426 1647 1501 heterogeneae
1676 1431 1811 1483 sunt
1838 1424 1979 1501 ipsis
2022 1424 2340 1501 praeceptis,
2372 1443 2409 1482 a
2436 1443 2609 1502 scopo
2638 1444 2835 1484 eorum
2873 1434 2934 1485 et

523 1506 786 1583 subjecto
814 1505 1033 1580 alienae,
1065 1506 1161 1563 vel
1189 1505 1306 1563 illis
1333 1506 1507 1563 etiam
1534 1512 1894 1581 repugnant3
1937 1513 2004 1562 ut
2031 1524 2106 1561 ex
2134 1503 2305 1563 dictis
2333 1511 2509 1581 patet.

604 1584 829 1643 XXX.
861 1584 1030 1659 Quod
1057 1585 1218 1643 nullo
1245 1584 1417 1643 modo
1446 1584 1773 1644 continetur
1800 1584 1907 1643 sub
1935 1582 2245 1642 dilectione
2276 1584 2388 1643 Dei
2426 1592 2485 1642 et
2513 1584 2790 1659 Proximi,
2821 1603 2929 1643 nec

522 1664 812 1741 explicite,
843 1684 950 1722 nec
979 1664 1273 1741 implicite,
1304 1684 1411 1723 nec
1440 1665 1635 1741 quoad
1661 1664 1905 1738 literam,
1951 1683 2057 1722 nec
2084 1664 2277 1741 quoad
2305 1683 2554 1739 sensum,
2586 1663 2732 1722 bene
2761 1664 2925 1722 addi-

521 1752 644 1802 tum
690 1744 902 1802 dicitur
945 1743 1108 1821 Legi.
1196 1744 1314 1804 Sed
1354 1745 1663 1821 Abneqatio
1710 1745 1905 1818 nostri,
1942 1745 2270 1802 Tolerantia
2314 1745 2512 1818 cruceis,
2565 1751 2625 1802 et
2677 1745 2930 1803 Imitatio

525 1823 749 1897 Christi,
782 1823 1149 1882 continentur
1188 1823 1247 1881 in
1278 1824 1454 1901 Lege,
1488 1825 1537 1882 si
1582 1843 1700 1882 non
1742 1841 2032 1901 expresse,
2065 1822 2269 1882 saltem
2312 1823 2590 1900 implicite
2632 1832 2691 1882 et
2731 1823 2936 1900 quoad*

520 1921 770 1978 sensum,
803 1904 939 1979 quia
964 1923 1081 1961 non
1109 1922 1415 1981 possumus
1442 1903 1685 1980 diligere
1716 1904 1905 1962 Deum
1949 1910 2072 1961 toto
2117 1903 2306 1976 corde,
2336 1903 2479 1980 quin
2521 1902 2707 1980 parati
2749 1904 2928 1963 simus

519 1981 594 2039 ad
622 1982 993 2059 abnegandos
1019 2003 1127 2041 nos
1153 1984 1326 2059 ipsos,
1359 1992 1417 2042 et
1461 1983 1819 2042 tolerandam
1864 2002 2091 2041 crucem
2130 1982 2367 2060 pro‘Pter
2406 1982 2615 2060 ipsum,
2645 1990 2703 2041 et
2732 1983 2926 2041 Chris·

519 2071 660 2135 tum,
692 2063 792 2139 qui
821 2081 995 2121 verus
1026 2063 1187 2121 Deus
1214 2070 1319 2137 est,
1350 2062 1713 2121 imitandum.

603 2141 864 2200 XXXI.
910 2142 1189 2216 Quamvis
1236 2141 1363 2201 Lex
1404 2151 1542 2219 agat
1580 2149 1807 2201 tantum
1849 2161 2121 2219 expresse
2150 2141 2223 2199 de
2252 2140 2453 2200 officiis
2482 2161 2622 2218 erga
2651 2142 2841 2201 Deum
2868 2151 2929 2201 et

518 2221 863 2298 proximum,
886 2222 994 2281 sub
1021 2222 1138 2280 illis
1166 2230 1360 2281 tamen
1387 2222 1712 2282 necessario
1739 2222 2106 2282 continentur
2132 2221 2317 2279 officia
2345 2240 2484 2299 erga
2509 2241 2634 2297 nos,
2650 2223 2785 2299 quia
2811 2242 2929 2281 non

518 2320 827 2377 possumus
850 2302 1039 2360 Deum
1068 2302 1309 2379 diligere
1339 2322 1415 2361 ex
1443 2311 1565 2362 toto
1594 2303 1766 2362 corde
1797 2302 1919 2360 sine
1948 2300 2278 2360 omnimoda
2299 2301 2621 2377 sanctitate,
2645 2322 2752 2360 nec
2773 2321 2925 2360 ama-

520 2379 711 2439 bimus
759 2381 867 2440 rite
913 2382 1244 2459 proximum
1289 2383 1438 2442 sicut
1481 2403 1589 2441 nos
1633 2383 1810 2460 ipsos,
1840 2381 1955 2439 nisi
1999 2400 2252 2439 amorem
2295 2382 2479 2440 nostri
2521 2401 2597 2439 ex
2627 2380 2738 2440 Dei
2768 2382 2931 2459 Lege

521 2480 649 2519 com
691 2481 948 2520 onamuS.

602 2481 898 2599 XPXXII.
943 2540 1207 2600 Christus
1236 2541 1526 2600 confertur
1553 2561 1686 2599 cum
1717 2542 1902 2615 Mose,
1936 2540 2091 2599 Heb.
2121 2540 2180 2598 ii.
2215 2543 2267 2615 1,
2301 2544 2355 2616 2,
2389 2543 2444 2616 3,
2487 2559 2606 2600 ιιοιι
2634 2540 2694 2598 in
2723 2540 2927 2618 Legis-

520 2620 753 2695 latione,
798 2621 964 2697 quasi
1009 2630 1162 2679 esset
1205 2640 1394 2679 novus
1437 2621 1771 2698 Legislator
1810 2619 2118 2697 perfectior
2160 2621 2363 2697 Mose3
2416 2621 2499 2679 sic
2539 2622 2693 2680 enim
2735 2622 2929 2699 potius

521 2700 845 2776 opponitur,
878 2719 1056 2776 quum
1087 2700 1213 2757 Lex
1258 2700 1395 2758 data
1437 2700 1649 2759 dicitur
1691 2720 1794 2777 per
1823 2700 2067 2774 Mosem,
2098 2701 2143 2759 J
2145 2701 2315 2759 ohan
2358 2701 2396 2760 i.
2431 2705 2523 2776 17,
2558 2701 2762 2761 Gratia
2788 2721 2930 2762 vero

520 2787 580 2838 et
607 2779 821 2837 veritas
849 2799 952 2856 per
970 2779 1298 2839 Christum:
1347 2780 1464 2838 Sed
1490 2779 1700 2857 partim
1729 2780 1787 2837 in
1818 2799 2028 2856 genere
2058 2745 2524 2858 doctrinae,quod
2552 2780 2670 2838 illic
2690 2781 2926 2858 Legale,

518 2859 616 2916 hic
646 2859 1102 2936 Evangelicum3
1146 2859 1356 2936 partim
1384 2859 1445 2916 in
1473 2859 1758 2936 dignitate
1787 2867 1846 2919 et
1873 2859 2076 2936 gloria,
2108 2879 2225 2937 qua
2254 2861 2480 2920 Mosem
2510 2860 2773 2918 Christus
2802 2861 2927 2918 lon-

587 2938 758 2996 ssime
788 2958 854 2996 su
897 2945 1037 2997 erat.

522 2938 583 3014 gi
603 2959 934 3076 XXXIfl.
982 3018 1145 3078 Licet
1174 3019 1301 3077 Lex
1329 3018 1783 3112 resipiscentiam
1813 3019 2023 3077 directe
2041 3027 2099 3078 et
2111 3020 2443 3094 formaliter
2467 3037 2583 3076 non
2610 3017 2926 3095 praecipiat,

519 3098 657 3174 quia
683 3098 902 3156 nullam
931 3118 1092 3175 spem
1119 3099 1305 3158 veniae
1345 3099 1445 3157 dat
1490 3099 1795 3176 peccatori,
1827 3106 2002 3175 atque
2043 3099 2125 3157 ita
2167 3098 2395 3176 proprie
2436 3098 2512 3156 ad
2541 3098 2930 3176 Evangelium

517 3178 836 3255 pertineat:
880 3181 1249 3239 materialiter
1297 3187 1489 3238 tamen
1535 3188 1594 3237 et
1643 3179 1909 3237 indirecte
1959 3177 2035 3236 ad
2083 3198 2211 3237 eam
2261 3177 2520 3254 refertur,
2568 3178 2706 3255 quia
2754 3179 2815 3236 in
2858 3198 2934 3237 ea

519 3259 909 3335 praescribitur
951 3259 1097 3320 bene
1125 3259 1364 3319 vivendi
1406 3268 1467 3318 et
1495 3260 1622 3317 Deo
1667 3257 1935 3337 placendi
1982 3258 2203 3335 regula,
2235 3258 2334 3334 qui
2383 3267 2473 3317 est
2520 3258 2928 3335 resipiscentiae

520 3357 748 3415 scopus.

1454 3571 1845 3646 QUAESTIO
1888 3573 2000 3633 ιν.

571 3731 664 3788 An
691 3730 914 3806 aliquid
935 3731 1194 3789 additum
1220 3732 1293 3789 sit
1319 3729 1464 3806 Leqi
1487 3731 1700 3869 11ιῖζαῖιὲ
1704 3751 1825 3868 ,ξεῖ
1851 3735 2076 3791 modum
2108 3731 2388 3792 Consilii!
2471 3733 2642 3810 Neg.,
2674 3741 2875 3793 contra

1599 3831 1673 3868 on
1703 3832 1720 3868 1
1764 3831 1903 3870 cios.

834 4011 903 4055 00
1128 3967 1177 4025 Ι.
1223 3966 1479 4040 Quaestio
1521 3967 1649 4041 ista,
1683 3987 1812 4044 quae
1860 3968 2030 4027 nobis
2074 3985 2205 4026 cum
2238 3968 2558 4028 Pontificiis
2603 3969 2926 4044 intercedit,

519 4014 647 4117 Ωῗξὲ
692 4029 770 4116 ἔω
769 4016 827 4113 t„
831 4025 999 4125 Βζιῗὲζ
1042 4044 1233 4104 differt
1260 4066 1295 4103 8
1322 4046 1701 4123 praecedenti3
1749 4047 1840 4104 Ibi
1870 4048 2024 4106 enim
2053 4046 2455 4124 disputabatur
2482 4048 2555 4107 de
2587 4050 2928 4124 μακε-φήῃ·

575 4133 637 4176 Se
640 4084 861 4173 utentiag
876 4127 946 4169 Po
947 4138 999 4167 ¹1·
1044 4125 1159 4182 Hic
1187 4125 1259 4184 de
1283 4125 1578 4185 Consiliis:
1610 4135 1825 4185 vocant
1851 4136 2044 4185 autem
2072 4127 2158 4185 illi
2204 4130 2240 4160 “
2272 4127 2543 4204 Consilia,
2570 4127 2739 4186 Bona
2755 4148 2931 4205 opera

574 4190 617 4232 ‘¹
620 4187 697 4231 ’1οί
680 4201 753 4230 ¹¹’⁰
756 4199 850 4230 ¹¹·¹¹¹
1041 4223 1076 4262 a
1099 4204 1329 4263 Christo
1357 4206 1542 4280 nobis,
1573 4225 1691 4263 non
1719 4206 2014 4283 imperata,
2047 4206 2152 4264 s'ed
2179 4205 2589 4282 demonstrata,
2619 4221 2737 4266 non
2766 4227 2928 4265 man-

517 4285 670 4358 data,
703 4283 807 4342 sed
834 4283 1291 4359 commendata,'’
1321 4284 1548 4346 finitore
1578 4285 1793 4344 Bellar.
1823 4286 1924 4344 lib.
1955 4285 2015 4345 ii.
2046 4285 2119 4344 de
2148 4286 2346 4345 Mona.
2377 4306 2428 4347 c.
2450 4291 2521 4363 7,
2566 4288 2710 4361 Quae
2728 4289 2928 4346 Evan-

509 4365 710 4440 ⁴qelica,
742 4371 800 4422 et
821 4365 1185 4440 Perfhctiomk
1212 4363 1328 4422 illis
1357 4363 1643 4440 dicuntur,
1675 4365 1875 4441 quod
1859 4385 1920 4422 m
1950 4365 2275 4441 Evangelio
2303 4375 2579 4444 tanquam
2611 4366 2770 4459 Lege
2798 4386 2927 4443 per-

513 4443 749 4502 fectiore
807 4453 1214 4524 proponantur,
1260 4452 1319 4502 et
1377 4443 1743 4519 suadeantur,
1789 4453 1848 4503 et
1888 4444 1963 4503 ad
2002 4444 2280 4520 majorem
2342 4446 2667 4505 sanctitatis
2707 4445 2928 4523 perfec·

514 4522 732 4581 tionem
759 4523 1050 4585 deducant
1086 4532 1371 4601 quotquot
1401 4523 1638 4600 speciali
1666 4533 1804 4582 voto
1834 4543 1897 4582 se
1899 4522 2296 4617 ’obstringunt
2323 4525 2399 4583 ad
2427 4545 2626 4584 eorum
2655 4525 2928 4584 observa-

514 4602 748 4661 tionem.
835 4604 1008 4664 Unde
1053 4604 1491 4682 distinguuntur
1534 4603 1854 4662 secundum
1898 4602 2055 4681 ipsos
2096 4622 2132 4660 a
2168 4606 2488 4682 proeceptis,
2539 4609 2591 4663 1.
2624 4605 2718 4663 Ex
2763 4614 2928 4682 parte

513 4683 781 4758 materioe,
814 4703 943 4760 quae
971 4684 1033 4742 in
1061 4684 1319 4744 consiliis
1344 4684 1520 4760 longe
1567 4682 1855 4742 difficilior
1894 4690 1953 4742 et
1995 4681 2304 4759 perfectior
2344 4684 2437 4762 sit,
2470 4703 2645 4761 quam
2687 4684 2747 4742 in
2781 4704 2926 4761 prae-
2940 4726 2946 4732 -
