3221 5200
370 387 591 436 QuAEs‘r.
624 368 737 449 xa]
1071 390 1146 427 m:
1177 389 1408 428 cerleio
1438 388 1672 427 cumam
1707 388 2096 428 nanm'romo.
2667 375 2784 429 379

365 538 557 605 potest
612 530 806 587 inferri
863 528 937 587 ad
986 529 1118 587 illos
1168 530 1355 588 solum
1406 529 1681 607 Spiritum
1744 530 2019 587 Sanctum
2067 528 2435 605 respexisse·
2423 575 2435 601 ‚
2503 528 2639 605 quia
2687 550 2786 587 no·

368 619 493 667 tum
552 619 641 668 est
699 610 759 666 in
825 609 1120 686 Scriptura
1176 630 1267 667 res
1330 609 1446 667 dici
1486 611 1724 685 impleri,
1771 631 1883 667 non
1943 620 2164 668 tantum
2208 629 2384 684 quum
2429 609 2678 685 perfecte
2735 620 2794 668 et

368 690 633 747 ultimate
677 690 1052 767 complentur,
1085 689 1187 747 sed
1216 690 1388 748 etiam
1417 709 1595 766 quum
1625 689 1908 767 incipiunt
1949 690 2174 767 impleri
2203 689 2394 764 quoad
2423 690 2673 764 aliquam
2705 691 2792 748 sui

419 776 621 826 artem.

375 789 413 845 P
454 848 609 913 XII.
658 849 789 906 Huc
819 848 1015 906 referri
1039 849 1252 907 debent
1272 850 1417 923 loca,
1438 849 1499 906 in
1521 847 1732 924 quibus
1756 849 2020 908 Christus
2043 848 2252 906 dicitur
2275 848 2458 906 factus
2477 860 2788 925 peccatum,

376 936 434 986 et
464 929 746 986 execratio
775 949 878 1006 pro
908 929 1092 1001 nobiS,
1127 930 1258 987 Gral.
1288 930 1369 987 iii.
1406 932 1496 1002 13,
1543 933 1578 985 2
1614 930 1742 987 Cor.
1793 950 1849 987 v.
1881 933 1978 987 21.
2085 928 2369 1002 Quorsum
2394 929 2546 986 enim
2577 930 2792 989 dicere-

372 1016 470 1065 tur
480 1011 676 1082 sactus
696 1018 991 1083 peccatum
1020 1029 1053 1065 a
1078 1010 1203 1067 Deo
1233 1010 1274 1067 J
1279 1008 1464 1082 udice,
1488 1009 1567 1065 id.
1599 1008 1855 1067 Victima
1875 1030 1979 1087 pro
1998 1018 2250 1086 peccato,
2279 1009 2418 1066 Lev.
2451 1030 2506 1066 v.
2539 1012 2592 1082 9,
2615 1018 2672 1067 et
2694 1032 2792 1067 ex-

373 1089 599 1160 ecratio,
633 1087 709 1145 id.
742 1089 1064 1165 subjectum
1093 1089 1514 1147 maledictionis
1543 1095 1601 1146 et
1630 1089 2029 1160 execrationis,
2044 1109 2218 1165 quam
2254 1090 2374 1145 Lex
2398 1090 2795 1165 peccatoribus

372 1167 866 1243 interminabatur,
926 1177 984 1226 ct
1032 1169 1263 1244 quidem
1315 1189 1431 1226 non
1478 1189 1582 1245 pro
1634 1189 1694 1226 se
1740 1169 1840 1245 qui
1870 1169 2265 1227 sanctissimus
2296 1178 2353 1225 et
2385 1169 2542 1226 Patri
2574 1190 2793 1227 summe

375 1246 621 1304 dilectus
645 1267 869 1325 semper
890 1248 1013 1320 fuit,
1068 1248 1169 1306 sed
1209 1270 1326 1325 pro
1354 1249 1523 1322 nobie,
1555 1248 1668 1306 nisi
1715 1250 1852 1325 quia
1891 1250 2019 1307 loco
2048 1258 2244 1307 nostro
2275 1249 2639 1321 substitutus,
2674 1270 2793 1307 om-

374 1346 505 1384 nem
536 1329 957 1385 execrationem
994 1328 1167 1404 Legis
1195 1348 1324 1404 quae
1369 1328 1621 1405 peccatis
1670 1329 1881 1387 nostris
1911 1338 2031 1387 erat
2062 1329 2256 1387 debita
2286 1329 2345 1385 in
2374 1348 2434 1386 se
2463 1330 2695 1405 recepit,
2729 1339 2794 1389 ut

375 1426 501 1463 eam
533 1408 719 1480 ferret,
752 1417 810 1465 et
838 1408 1073 1485 ferendo
1102 1409 1387 1483 auferret3
1420 1418 1592 1484 atque
1623 1409 1703 1466 ita
1731 1408 2207 1482 benedictionem,
2240 1408 2298 1466 id
2328 1417 2433 1474 est,
2464 1410 2793 1467 remission-

377 1506 469 1543 em
500 1497 882 1563 pcccatorum,
914 1498 972 1545 et
1007 1489 1107 1565 jus
1136 1489 1208 1546 ad
1240 1489 1418 1547 vitam
1448 1488 1603 1564 apud
1635 1489 1822 1547 Deum
1853 1489 2019 1547 nobis
2048 1492 2427 1565 procuraret?
2510 1489 2663 1563 Quid
2686 1490 2795 1549 hoc

379 1566 627 1624 faciebat
657 1566 731 1624 ad
759 1568 1050 1643 patientiae
1081 1570 1428 1645 exemplum,
1459 1569 1557 1626 vel
1584 1568 1861 1627 doctrinae
1891 1569 2378 1628 confirmationem
2398 1572 2427 1628 P
2510 1570 2651 1643 Quis
2680 1589 2794 1626 non

378 1646 537 1703 videt
568 1647 757 1722 potius
788 1647 880 1705 hic
908 1650 1354 1725 subroyationem
1393 1670 1585 1706 veram
1619 1648 1832 1707 Christi
1880 1649 1941 1706 in
1988 1650 2178 1707 locum
2228 1658 2505 1722 nostrum,
2538 1659 2596 1707 et
2624 1670 2698 1707 ex
2728 1670 2797 1707 ea

377 1746 574 1783 veram
608 1726 1074 1802 satisfactionem,
1108 1738 1165 1786 ct
1216 1730 1433 1805 pcccati
1483 1729 1874 1805 expiationem
1902 1729 2115 1787 innui?
2199 1729 2320 1785 Nec
2350 1729 2539 1804 excipi
2569 1729 2664 1786 hic
2693 1750 2794 1805 po-

374 1815 491 1865 test
523 1807 804 1864 Christum
834 1810 1180 1882 dicifactum
1209 1811 1631 1883 execrationem,
1664 1830 1774 1867 non
1803 1812 1958 1885 quod
1996 1809 2404 1867 execrationem
2455 1809 2612 1865 illam
2649 1829 2792 1884 pro-

368 1886 503 1961 prie
533 1887 734 1959 tulerit,
768 1908 893 1963 quce
923 1890 978 1945 in
1008 1890 1186 1963 ipsum
1218 1899 1401 1963 utpote
1451 1890 1791 1946 benedictum
1835 1898 1887 1946 et
1924 1889 2422 1946 innocentissimum
2452 1891 2655 1945 cadere
2684 1910 2794 1946 non

372 1968 573 2041 potuit,
620 1968 738 2025 Sed
779 1969 913 2043 quia
957 1970 1288 2043 supplicium
1339 1969 1518 2026 crucis
1557 1970 1696 2042 tulit,
1739 1971 1894 2044 quod
1933 1970 2030 2025 sub
2081 1970 2231 2045 Leye
2258 1969 2383 2042 suit
2420 1969 2791 2026 maledictum.

378 2047 527 2104 Nam
560 2048 736 2104 verba
764 2048 891 2124 ipsa
920 2049 1209 2126 Apostoli,
1242 2059 1300 2106 et
1327 2048 1645 2125 redemptio
1674 2049 1748 2106 ab
1798 2048 2162 2107 execratione
2196 2048 2388 2124 Legis,
2427 2067 2598 2123 quam
2628 2048 2796 2106 nobis

376 2128 709 2203 procuravit
756 2138 939 2187 morte
996 2149 1116 2203 sua,
1176 2129 1523 2186 contrarium
1569 2127 1844 2187 evincunt
1869 2150 1882 2186 ι
1927 2127 2227 2202 Quomodo
2278 2128 2429 2186 enim
2459 2136 2655 2204 posset
2682 2128 2796 2185 dici

377 2205 563 2264 factus
585 2208 893 2282 execrati0‚
927 2217 985 2267 et
1033 2208 1265 2285 quidem
1313 2208 1387 2265 ad
1416 2227 1521 2266 nos
1551 2208 1624 2265 ab
1654 2228 1722 2266 ea
1749 2206 2132 2280 redimendOS,
2164 2208 2276 2265 nisi
2305 2207 2441 2283 quia
2490 2227 2616 2266 eam
2644 2207 2704 2264 in
2735 2228 2797 2267 se

380 2288 676 2363 suscepit?
759 2288 880 2346 Nec
909 2289 1101 2347 obstat
1127 2289 1273 2346 ratio
1306 2288 1442 2345 Filii
1478 2288 1773 2363 Unigeniti
1799 2296 1857 2345 et
1887 2286 2172 2345 benedicti
2204 2288 2331 2362 Dei,
2362 2287 2498 2363 quia
2525 2307 2651 2345 eam
2681 2308 2798 2346 non

380 2368 653 2426 sustinuit
681 2369 741 2425 in
772 2389 831 2425 se
861 2379 919 2426 et
945 2389 1049 2445 pro
1080 2389 1140 2427 se
1163 2388 1278 2445 qua
1310 2368 1493 2426 Filius
1514 2369 1643 2441 Dei,
1677 2367 1780 2426 sed
1809 2387 1924 2443 qua
1973 2367 2228 2444 Sponsor
2253 2377 2449 2426 noster
2476 2387 2580 2445 pro
2608 2368 2794 2444 nobie,

380 2467 623 2523 quorum
680 2468 983 2525 personam
1046 2448 1383 2520 sustinebat,
1456 2468 1700 2524 quorum
1768 2456 2050 2525 respectu,
2124 2447 2220 2506 ille
2290 2447 2391 2524 qui
2458 2447 2797 2507 benedictus

378 2527 488 2584 fuit
517 2527 574 2584 in
605 2529 799 2587 secula
826 2537 1018 2607 potest
1046 2529 1159 2588 dici
1190 2528 1610 2586 maledictionis
1659 2548 1887 2607 poenam
1933 2527 2273 2587 sustinuisse
2301 2536 2535 2606 propter
2561 2537 2798 2606 peccata

381 2617 597 2667 nostra.

464 2689 654 2747 XIII.
703 2688 898 2766 Atque
927 2689 1061 2748 hinc
1089 2710 1205 2749 non
1234 2690 1475 2748 obscure
1506 2689 1816 2766 colligitur,
1842 2709 2091 2765 quonam
2115 2708 2287 2747 sensu
2310 2687 2534 2747 dicatur
2554 2689 2801 2748 traditus

372 2779 616 2845 propter
636 2781 831 2828 nostra
849 2781 1090 2846 peccata
1117 2780 1330 2845 nostra,
1364 2771 1532 2829 Rom.
1580 2770 1659 2828 iv.
1708 2774 1804 2846 25,
1836 2769 1914 2827 id.
1938 2788 2053 2828 non
2103 2778 2327 2828 tantum
2355 2770 2795 2846 occasionaliter,

382 2858 446 2907 ut
475 2849 652 2906 vellet
686 2851 946 2925 SocinuS,
979 2852 1115 2926 quia
1142 2859 1379 2928 peccata
1406 2860 1603 2910 nostra
1633 2850 1860 2909 occasio
1878 2850 2109 2908 fuerunt
2136 2850 2356 2924 mortiS,
2388 2870 2560 2926 quam
2589 2870 2797 2927 passus

382 2936 504 3003 est;
551 2929 647 2985 vel
681 2931 957 3006 finaliter,
1008 2932 1176 3005 quasi
1199 2931 1462 2989 Christus
1490 2938 1715 2988 tantum
1745 2938 2005 2987 mortuus
2034 2938 2202 3004 esset,
2234 2938 2298 2987 ut
2327 2949 2361 2985 a
2389 2930 2642 3005 peccatis
2690 2949 2797 2988 nos

383 3007 756 3079 abstraheret,
789 3009 884 3064 vel
915 3015 978 3065 ut
1005 3009 1077 3066 de
1107 3029 1301 3066 earum
1330 3010 1664 3066 remissione
1695 3018 1883 3068 certos
1912 3008 2213 3082 redderet;
2260 3007 2363 3066 sed
2405 3010 2702 3084 meritorie,
2734 3018 2799 3068 ut

382 3095 620 3162 peccata
648 3086 861 3144 fuerint
890 3105 1062 3143 causa
1083 3088 1394 3162 impulsiva
1422 3088 1730 3160 meritoria,
1751 3096 1985 3163 propter
2013 3107 2184 3161 quam
2213 3087 2384 3144 morti
2414 3088 2680 3145 addictus
2710 3096 2798 3146 cst

384 3164 459 3222 ad
488 3185 684 3222 eorum
730 3184 960 3241 poenam
1008 3165 1318 3240 ferendam,
1360 3176 1419 3223 et
1465 3175 1689 3224 reatum
1737 3164 2076 3238 tollendum,
2123 3165 2260 3240 quia
2288 3185 2356 3222 eo
2385 3165 2557 3223 modo
2588 3167 2799 3226 dicitur

386 3243 632 3304 traditus
661 3254 894 3321 propter
906 3254 1158 3321 peccata,
1184 3265 1298 3321 quo
1313 3243 1485 3302 modo
1507 3245 1800 3303 Sacrificia
1812 3265 1914 3320 pro
1932 3244 2182 3320 peccatis
2206 3243 2606 3318 offerebantur,
2632 3246 2799 3303 nimi-

384 3345 511 3383 rum
538 3334 773 3402 propter
792 3333 1013 3382 reatum
1043 3345 1257 3398 eorum,
1289 3333 1347 3382 et
1375 3323 1449 3381 ad
1477 3325 1603 3401 ejus
1633 3324 1998 3382 ablationem.
2085 3325 2177 3382 Ita
2214 3333 2406 3381 reatus
2433 3333 2796 3401 peccatorum

381 3413 711 3464 nostrorum
754 3404 864 3464 fuit
908 3425 1082 3464 causa
1130 3405 1421 3464 meritoria
1464 3405 1666 3463 mortis
1713 3404 1945 3480 Christi,
1978 3413 2036 3463 et
2065 3407 2181 3480 ejus
2215 3405 2465 3481 eaepiatio
2493 3415 2546 3462 et
2572 3406 2797 3464 abolitio

383 3505 559 3545 causa
579 3485 786 3543 finaliS.

990 3565 1171 3623 XIV.
1216 3564 1385 3639 Quod
1440 3565 1682 3623 ulterius
1738 3564 2106 3622 confirmatur
2159 3573 2365 3641 quarto
2395 3586 2470 3624 ex
2499 3567 2796 3644 Sacrificio

912 3646 1137 3721 Christi,
1189 3646 1346 3722 quod
1373 3646 1434 3702 in
1483 3645 1666 3704 Cruce
1715 3645 1940 3718 obtulit,
1993 3645 2064 3703 de
2093 3666 2208 3721 quo
2237 3646 2408 3705 toties
2455 3646 2701 3723 Spiritus
2735 3649 2794 3707 S.

908 3726 1181 3802 loquitur,
1217 3726 1331 3784 Isa.
1362 3725 1466 3783 liii.
1503 3728 1593 3798 10,
1640 3726 1683 3784 J
1688 3725 1780 3783 oh
1812 3725 1850 3783 i.
1892 3727 1987 3800 29,
2035 3726 2184 3801 Eph.
2217 3746 2272 3784 v.
2304 3731 2358 3800 2,
2407 3735 2465 3784 et
2492 3728 2705 3803 passim
2734 3728 2795 3785 in

388 3807 653 3884 Epistola
679 3807 755 3865 ad
785 3805 1085 3864 Hebraeos,
1171 3806 1287 3864 Cur
1315 3806 1467 3864 enim
1495 3771 1684 3880 toties,
1716 3813 1911 3863 ettam
1954 3825 2241 3881 expresse
2256 3815 2666 3883 proponeretur
2693 3827 2794 3865 no-

387 3888 477 3944 bis
509 3888 787 3962 ChristuS,
820 3895 885 3944 ut
912 3906 1085 3944 verus
1114 3894 1171 3944 et
1191 3887 1419 3963 proprie
1449 3885 1639 3944 dictus
1673 3884 1970 3958 Sacerdos,
2000 3885 2174 3960 longe
2203 3886 2565 3961 praestantior
2597 3886 2795 3944 Sacer-

388 3967 621 4026 dotibus
650 3966 916 4024 omnibus
947 3966 1257 4042 Leviticis3
1303 3966 1402 4042 qui
1446 3986 1549 4042 per
1597 3966 1688 4023 sui
1716 3964 2080 4024 Oblationem
2123 3965 2265 4022 iram
2298 3965 2409 4023 Dei
2436 3965 2706 4041 placavit,
2739 3975 2797 4025 et

389 4056 659 4104 aeternam
690 4048 935 4105 salutem
962 4046 1130 4104 nobis
1158 4054 1247 4104 est
1287 4047 1546 4123 adeptuS,
1578 4046 1690 4103 nisi
1718 4055 1783 4105 ut
1809 4045 1981 4122 plena
2008 4044 2230 4120 peccati
2259 4045 2512 4121 expiatio
2540 4064 2643 4120 per
2670 4046 2796 4122 ejus

388 4127 835 4187 satisfactionem
866 4126 1137 4203 praestita,
1168 4134 1234 4184 ut
1278 4126 1492 4184 veritas
1540 4135 1801 4184 veterum
1844 4125 2157 4201 figurarum
2186 4123 2395 4182 clarius
2424 4135 2795 4201 repraesenta-

387 4211 587 4266 retur?
671 4208 815 4265 Cum
845 4206 997 4264 enim
1026 4206 1278 4264 victimis
1322 4206 1448 4264 istis
1476 4206 1881 4282 piacularibuS,
1923 4224 2030 4261 nec
2059 4203 2319 4262 doctrina
2347 4205 2794 4279 confirmaretur,

389 4307 495 4345 nec
519 4288 848 4363 exemplum
871 4286 1212 4345 obedientiae
1232 4295 1289 4344 et
1311 4287 1606 4344 charitatis
1630 4286 1910 4357 ederetur,
1935 4304 2042 4341 nec
2061 4283 2249 4342 foedus
2269 4292 2676 4361 percuteretur,
2692 4305 2798 4344 nec

391 4368 474 4424 ira
506 4368 614 4425 Dei
644 4387 746 4443 per
775 4387 834 4424 se
880 4367 1218 4443 placaretur,
1251 4386 1484 4424 neccsse
1535 4375 1624 4424 est
1654 4365 1948 4424 institutas
1977 4363 2153 4422 fuisse
2181 4364 2451 4441 primario
2481 4363 2555 4422 ad
2586 4365 2799 4424 Christi

395 4448 748 4505 Sacrificium
792 4456 850 4505 et
899 4447 1359 4505 Satisfactionem
1408 4444 1951 4523 repraesentandum,
1984 4443 2140 4521 quod
2168 4445 2444 4521 probatur
2480 4445 2539 4501 in
2570 4445 2797 4520 specie;

396 4531 446 4584 1.
478 4527 568 4582 Ex
588 4528 907 4584 Sacerdotis
930 4528 1164 4601 ratione,
1190 4547 1362 4604 quam
1382 4526 1478 4584 hic
1498 4526 1771 4584 sustinuit
1791 4525 2069 4599 Christus,
2096 4525 2231 4600 quia
2253 4525 2620 4586 constituitur
2642 4526 2682 4584 ἐν
2700 4532 2801 4590 τοῖς

392 4611 512 4685 vrgia,-
534 4612 612 4664 τὶν
650 4608 773 4681 θεὸν,
802 4607 859 4663 in
888 4607 958 4664 iis
981 4628 1109 4684 quae
1139 4606 1293 4683 apud
1326 4608 1513 4664 Deum
1542 4604 1872 4683 peragenda
1901 4615 2050 4678 sunt,
2082 4613 2223 4681 puta
2250 4605 2324 4662 ad
2367 4605 2553 4681 ipsum
2585 4607 2798 4664 sacrifi-

389 4689 478 4745 cio
499 4687 692 4763 aliquo
719 4688 974 4762 ἱλαστικξῖ
999 4687 1362 4764 placandum.
1388 4691 1442 4744 2.
1465 4687 1560 4744 Ex
1590 4686 1809 4744 ratione
1850 4686 2112 4760 Victimae,
2134 4705 2262 4762 quae
2293 4687 2350 4742 in
2381 4687 2568 4744 locum
2599 4706 2798 4763 pecca-

384 3634 430 3677 4.
476 3633 554 3678 Ex
617 3630 866 3677 Sacrificio

515 3690 730 3744 Christi;
