3221 5200
250 365 480 416 ouAEsr.
511 344 632 427 1u.]
1294 366 1374 405 ns
1402 365 1556 406 Lacr:
1586 365 1706 406 nm.
1767 422 1772 427 ἡ
2598 352 2668 409 19

252 507 364 567 fuit
386 507 588 566 eadem
612 505 872 584 quaestio,
888 512 1035 567 teste
1059 504 1411 584 Augustin0,
1436 507 1586 567 libro
1603 507 1727 566 xix.
1752 513 1951 566 contra
1963 507 2243 566 Faustum
2259 507 2664 585 Manichaeum,

251 587 532 646 docentes
561 587 849 645 Christum
893 586 1113 664 Legem
1140 587 1416 646 moralem
1457 587 1672 647 additis
1713 587 1828 646 illis
1869 588 2171 665 praeceptis
2199 608 2327 665 quse
2368 589 2578 649 Matth.
2609 610 2668 651 v.

252 667 544 726 habentur
568 668 774 743 partim
803 665 1229 744 adimplevisse,
1272 668 1481 744 partim
1510 668 1884 742 destruxisse,
1915 668 2072 744 quod
2114 677 2236 728 toto
2264 670 2365 727 illo
2402 669 2552 729 libro
2579 690 2668 729 re-

255 746 407 805 futat
435 746 690 823 August.
760 746 856 803 Ex
897 746 1127 806 illorum
1168 747 1393 807 lacunis
1419 748 1682 807 hausisse
1711 748 1981 807 videntur
2007 750 2478 808 Makummedani
2510 751 2667 827 quod

254 826 504 885 habetur
543 828 605 884 in
647 827 848 885 Alcor.
890 826 1076 887 Azoa.
1124 830 1197 885 12
1224 850 1238 887 :
1310 828 1537 887 Mosem
1579 827 1783 887 tulisse
1827 828 2045 905 Legem
2094 829 2284 889 minus
2332 830 2664 908 perfectam,

254 906 551 966 Christum
589 906 1007 984 perfectiorem,
1052 907 1156 966 sed
1185 907 1639 967 Mahummetem
1680 908 2171 985 perfectissimam.
2255 910 2536 989 Ponttflcii
2573 911 2668 970 hic

778 987 953 1045 etiam
980 1006 1098 1045 non
1126 1007 1243 1046 una
1268 988 1490 1047 ratione
1518 988 1786 1048 aberrant
1825 988 2313 1067 imperfectionem
2344 990 2521 1067 Legis
2550 998 2665 1049 sta-

780 1074 1045 1143 tuentes;
1094 1067 1265 1127 Unde
1307 1070 1602 1143 Bellarm„
1648 1068 1750 1128 lib.
1799 1068 1880 1127 iv.
1922 1068 1994 1127 de
2036 1069 2078 1128 J
2083 1069 2256 1128 ustifi.
2300 1091 2350 1130 c.
2395 1074 2451 1146 3,
2496 1071 2668 1130 docet

254 1144 549 1202 Christum
578 1144 897 1204 reddidisse
929 1146 1149 1223 Legem
1176 1167 1252 1206 ex
1280 1147 1617 1226 imperfecta
1642 1148 1972 1224 perfectam,
2003 1149 2098 1207 vel
2128 1159 2280 1208 certe
2309 1170 2384 1209 ex
2412 1150 2667 1228 perfecta

246 1222 667 1301 perfectiorem,
712 1233 772 1283 et
802 1226 954 1284 inter
982 1227 1199 1304 Legem
1237 1234 1297 1286 et
1338 1227 1726 1305 Evangelium
1769 1228 1916 1286 illud
1952 1228 2140 1306 ipsum
2182 1227 2476 1306 interesse,
2508 1231 2667 1308 quod

247 1304 402 1361 inter
422 1303 741 1362 doctrinam
764 1305 1090 1365 inchoatam
1120 1316 1178 1365 et
1205 1308 1534 1384 perfectam.
1621 1304 1698 1364 Et·
1719 1309 1980 1367 Maldon.
2010 1309 2070 1365 in
2095 1309 2263 1369 Matt.
2288 1331 2344 1369 v.
2369 1311 2668 1371 contendit

249 1383 541 1443 obstinate
569 1404 606 1441 a
634 1385 864 1444 Christo
895 1386 1113 1462 Legem
1142 1396 1395 1446 veterem
1425 1396 1739 1446 correctam
1768 1387 1963 1463 fuisse,
2003 1387 2295 1465 adjunctis
2331 1391 2404 1450 iis
2431 1412 2561 1469 quae
2589 1390 2665 1449 ad

246 1462 658 1540 perfectionem
682 1465 1097 1542 Evangelicam
1126 1466 1618 1528 desiderabantur.
1702 1467 2026 1527 Orthodoxi
2047 1488 2186 1527 vero
2214 1468 2493 1530 adversus
2521 1472 2666 1531 istos

197 1580 201 1583 v
247 1562 466 1618 omnes,
493 1543 713 1621 Legem
734 1546 1011 1605 moralem
1031 1545 1114 1605 ita
1132 1547 1447 1623 perfectam
1467 1555 1721 1623 censent,
1746 1556 1811 1606 ut
1832 1569 2018 1626 neque
2048 1550 2446 1626 supplemento
2474 1572 2664 1629 neque

246 1622 603 1681 correctione
624 1643 770 1700 opus
786 1625 1069 1701 habuerit,
1095 1626 1197 1684 sed
1216 1636 1438 1686 tantum
1461 1628 1714 1705 genuina
1734 1628 2202 1706 interpretatione
2228 1652 2242 1688 ε
2287 1631 2365 1689 Et
2386 1631 2664 1709 quicquid

244 1702 508 1760 additum
538 1704 888 1779 perhibetur,
919 1706 1017 1764 vel
1056 1705 1265 1765 falsum
1294 1727 1420 1766 esse
1450 1718 1508 1767 et
1548 1708 1732 1785 gratis
1770 1709 2095 1782 confictum,
2127 1709 2225 1767 vel
2252 1709 2313 1767 in
2343 1711 2503 1787 Lege
2536 1713 2661 1788 jam

246 1783 347 1840 vel
374 1783 646 1860 explicite
673 1784 773 1842 vel
799 1784 878 1842 im
919 1784 1076 1845 licite
1104 1793 1437 1847 contentum
1466 1788 1662 1848 fuisse.

854 1865 884 1922 1
925 1866 973 1923 I.
998 1866 1130 1924 Non
1158 1867 1450 1943 quaeritur,
1495 1868 1594 1925 An
1627 1868 1753 1926 Lex
1788 1886 1934 1944 opus
1954 1866 2220 1929 habuerit
2260 1867 2661 1947 illustratione,

771 1944 1219 2020 confirmatione,
1251 1955 1310 2004 et
1336 1946 1726 2007 vindicatione
1769 1947 2048 2006 adversus
2082 1948 2436 2025 corruptelas
2468 1950 2659 2009 Scrib-

769 2043 933 2083 arum
961 2033 1020 2083 et
1050 2024 1489 2101 Pharisaeorum,
1520 2036 1579 2087 et
1604 2045 1879 2104 perversa
1906 2027 2202 2086 hominum
2225 2028 2482 2104 judicia:
2529 2030 2660 2088 Hoc

242 2103 396 2162 enim
414 2104 583 2163 facile
601 2104 987 2179 concedimus,
1003 2106 1137 2163 etin
1154 2106 1529 2182 sequentibus
1547 2126 1747 2166 sumus
1764 2106 2239 2166 demonstraturi:
2273 2106 2391 2166 Sed
2405 2107 2498 2165 An
2515 2128 2661 2185 opus

243 2183 513 2243 habuerit
530 2185 624 2243 vel
648 2184 1064 2261 supplemento,
1089 2185 1187 2242 vel
1208 2186 1577 2262 correctione,
1601 2186 1769 2263 quasi
1797 2185 2147 2262 imperfecta,
2173 2195 2273 2244 aut
2293 2186 2484 2246 minus
2506 2198 2662 2247 recta

244 2262 433 2322 foret?
462 2262 802 2323 Adversarii
819 2264 1118 2341 affirmant,
1136 2264 1258 2323 Nos
1274 2285 1415 2324 vero
1432 2285 1730 2343 negamus.
1757 2266 2118 2327 Momentum
2132 2266 2481 2340 Quaestionis
2499 2287 2659 2344 mag-

247 2361 394 2400 num
409 2350 514 2417 est,
529 2344 663 2419 quia
677 2344 823 2401 nibil
840 2344 999 2403 aliud
1019 2353 1287 2422 quaerunt
1303 2345 1663 2419 Adversarii,
1687 2364 1861 2422 quam
1881 2353 1944 2404 ut
1967 2345 2354 2421 Evangelium
2371 2346 2430 2403 in
2448 2366 2661 2406 novam

255 2421 479 2498 Legem
505 2424 925 2499 transforment,
956 2432 1015 2483 et
1042 2425 1124 2485 ita
1149 2444 1255 2502 pro
1275 2424 1508 2502 justitia
1534 2424 1687 2500 fidei,
1711 2423 1999 2501 justitiam
2028 2444 2264 2503 operum
2294 2426 2608 2486 stabiliant.

850 2504 963 2562 IV.
1007 2504 1288 2563 Rationes
1346 2503 1817 2564 Orthodoxorum
1878 2512 2030 2580 sunt,
2100 2509 2152 2562 1.
2198 2503 2347 2580 Quia
2387 2507 2517 2564 Lex
2572 2513 2662 2575 est

756 2587 1033 2662 perfecta,
1082 2584 1278 2643 Psalm
1306 2585 1430 2645 xix.
1463 2588 1517 2660 7,
1548 2605 1666 2644 non
1706 2584 1881 2645 modo
1922 2584 2240 2645 secundum
2268 2585 2426 2664 quid,
2471 2594 2530 2646 et
2569 2607 2662 2645 ra·-

768 2665 926 2724 tione
953 2666 1112 2724 illius
1140 2665 1327 2725 aetatis
1356 2665 1465 2725 sub
1483 2665 1622 2726 Vet.
1641 2667 1912 2740 Testem„
1934 2665 2036 2724 sed
2064 2665 2240 2725 etiam
2268 2666 2548 2743 absolute,
2569 2687 2660 2726 ra-

241 2745 397 2804 tione
425 2753 669 2819 naturae,
712 2753 771 2804 et
812 2745 894 2803 ita
933 2744 1203 2822 perfecta,
1247 2754 1313 2805 ut
1352 2766 1470 2804 non
1510 2745 1685 2805 modo
1726 2746 2020 2806 contineat
2047 2746 2241 2805 omnia
2275 2746 2556 2822 facienda,
2602 2756 2664 2807 et

241 2826 387 2883 nihil
415 2825 490 2884 iis
518 2825 687 2901 desit,
710 2824 982 2905 (testibus
1006 2825 1375 2885 Genebrardo
1391 2835 1451 2885 et
1470 2828 1704 2902 Larino,
1723 2825 1785 2884 in
1806 2827 1865 2885 h.
1888 2824 1959 2905 l.)
1988 2826 2092 2885 sed
2113 2827 2286 2885 etiam
2309 2827 2454 2885 nihil
2482 2829 2537 2886 ei
2558 2826 2659 2886 ad-

244 2905 498 2965 dendum
540 2915 643 2964 aut
670 2904 1087 2967 detrahendum
1117 2905 1209 2982 sit,
1246 2926 1321 2964 ex
1365 2906 1537 2965 Deut.
1568 2907 1649 2966 iv.
1679 2910 1734 2981 2,
1767 2914 1827 2965 et
1853 2906 1955 2965 xii.
1987 2909 2083 2964 32.
2168 2910 2224 2965 2.
2272 2907 2535 2966 Perfecta
2572 2916 2663 2966 est

244 2993 367 3045 tum
396 2982 674 3044 εωεὲηεὲυε
700 2984 894 3062 quoad
910 2993 1128 3061 partes,
1173 2986 1310 3062 quia
1349 2985 1651 3062 adaequate
1693 2985 2094 3064 complectitur
2119 2985 2180 3043 in
2208 2986 2516 3046 dilectione
2549 2986 2661 3047 Dei

242 3073 306 3124 et
330 3064 580 3142 proximi
609 3065 804 3124 omnia
830 3064 1017 3124 officia
1043 3065 1159 3124 illis
1188 3065 1401 3140 debita,
1430 3075 1497 3125 ut
1515 3065 1777 3124 Christus
1799 3066 1971 3126 docet
1991 3065 2203 3126 Matth.
2232 3067 2376 3124 xxii.
2409 3070 2504 3140 37,
2535 3075 2658 3125 tum

245 3146 508 3203 ἑηεεηεὲυσ
533 3144 727 3222 quoad
749 3147 986 3221 qradus,
1017 3145 1155 3220 quia
1181 3144 1550 3206 dilectionem
1576 3164 1696 3202 non
1724 3145 2200 3220 qualemcunque,
2234 3145 2338 3201 sed
2363 3145 2660 3220 perfectis-

250 3223 477 3299 simam,
507 3234 563 3284 et
589 3246 706 3302 qua
732 3225 920 3302 major
946 3224 1071 3282 dari
1098 3224 1315 3302 nequit,
1346 3225 1619 3302 postulat,
1651 3231 1774 3282 tum
1843 3224 2048 3281 naliter
2073 3222 2266 3298 quoad
2293 3242 2462 3280 usum
2491 3230 2550 3281 et
2576 3223 2657 3281 ef-

243 3303 461 3363 fectum
508 3306 844 3382 perfeetum,
889 3305 1026 3383 quia
1064 3312 1257 3382 potest
1297 3303 1743 3362 observantibus
1861 3322 1920 3361 re
1961 3301 2142 3361 vitam
2185 3309 2244 3368 et
2284 3301 2661 3372 felicitatems¹

245 3387 283 3418 ‘⁴
304 3384 418 3459 Qui
445 3385 651 3444 fecerit
677 3384 791 3444 ista
817 3384 978 3445 vivet
1005 3384 1066 3444 in
1106 3384 1240 3459 iis‚”
1284 3384 1428 3442 Lev.
1458 3382 1626 3442 xviii.
1654 3385 1710 3460 5,
1754 3382 1912 3460 quod
1939 3380 2055 3440 dici
2081 3401 2197 3440 non
2239 3389 2456 3460 posset,
2485 3381 2536 3441 si
2564 3383 2662 3441 vel

242 3465 647 3543 supplemento
675 3466 770 3524 vel
800 3464 1150 3524 correctione
1178 3463 1484 3541 indigeret.

321 3545 397 3604 V.
447 3543 738 3620 Secunde,
769 3544 920 3620 Quia
949 3547 984 3579 ‘⁸
1008 3545 1271 3603 Christus
1299 3564 1414 3603 non
1445 3543 1608 3603 venit
1648 3542 1724 3603 ad
1751 3562 1879 3601 eam
1907 3541 2334 3619 destruendam,
2373 3541 2477 3602 sed
2505 3562 2658 3602 com-1

240 3624 575 3702 piendam‚”
608 3625 779 3684 Matt.
808 3645 867 3684 v.
902 3627 994 3700 17,
1026 3625 1126 3683 ubi
1152 3629 1207 3686 τὸ
1236 3627 1496 3704 tanga-aa
1537 3644 1654 3683 non
1689 3630 1779 3682 est
1805 3622 2194 3700 imperfectam
2225 3623 2529 3700 complere,
2561 3632 2664 3683 aut

243 3706 593 3764 contrariam
623 3705 928 3782 corrigere,
971 3703 1130 3781 quod
1169 3714 1323 3764 esset
1363 3705 1556 3782 potius
1597 3709 1864 3778 ἀναλῦσαι,
1911 3702 2014 3761 sed
2049 3702 2246 3779 phrasi
2279 3702 2574 3761 Hebrai'ca
2600 3703 2662 3761 id

240 3784 402 3861 quod
441 3792 795 3862 praeceptum
839 3795 928 3844 est
969 3784 1173 3859 facere,
1217 3793 1282 3844 ut
1324 3784 1406 3843 ita
1436 3784 1699 3843 Christus
1731 3785 1948 3860 Legem
1977 3781 2307 3858 impleverit
2346 3801 2464 3840 non
2497 3781 2661 3840 addi-

240 3865 399 3924 tione
428 3865 528 3923 vel
557 3865 926 3940 correctione,
979 3864 1083 3923 sed
1111 3864 1513 3923 observatione
1541 3872 1602 3923 et
1629 3863 1987 3923 executione.
2070 3860 2375 3919 Trifariam
2398 3861 2664 3918 Christus

239 3944 509 4020 implevit
529 3944 767 4020 Legem,
786 3944 883 4003 vel
909 3954 976 4005 ut
1003 3945 1333 4020 doctrinam,
1364 3943 1524 4004 fideli
1551 3943 1975 4020 praedicatione,
2001 3940 2187 4000 solida
2208 3939 2660 4012 confirmatione,

237 4032 299 4082 et
326 4022 463 4082 forti
491 4023 885 4082 vindicatione
908 4047 925 4100 3
966 4024 1064 4082 vel
1091 4032 1158 4082 ut
1182 4044 1459 4099 normam,
1488 4024 1663 4102 plena
1689 4031 1748 4081 et
1775 4021 2062 4080 constanti
2090 4018 2522 4093 observatione;
2565 4018 2663 4084 vel

240 4111 307 4163 ut
334 4112 547 4179 typum,
571 4104 800 4180 integra
828 4104 1337 4178 consummatione,
1351 4103 1656 4163 veritatem
1685 4111 1954 4184 typorum
1981 4108 2040 4160 et
2068 4098 2429 4159 oraculorum
2451 4106 2510 4155 et
2538 4117 2661 4155 cor-

239 4202 351 4260 pus
378 4182 716 4241 umbrarum
743 4183 803 4240 in
833 4183 915 4242 sei
952 4203 1026 4242 so
1050 4183 1398 4243 exhibend0.
2247 4241 2251 4245 Α

253 4266 257 4269 ’
321 4262 436 4320 VI.
480 4262 697 4336 Tertio,
732 4262 882 4337 Quia
956 4263 1173 4322 hristus
1200 4283 1318 4322 non
1359 4262 1476 4322 alia
1513 4260 1692 4338 Legis
1731 4267 2019 4338 praecepta
2045 4259 2106 4317 in
2135 4258 2209 4317 N.
2238 4256 2397 4314 Test.
2426 4254 2666 4316 tradidit

241 4341 340 4399 vel
366 4361 472 4418 per
500 4361 583 4416 se,
613 4342 711 4402 vel
738 4362 843 4420 per
871 4340 1207 4421 Apostolos,
1222 4363 1396 4420 quam
1424 4362 1556 4419 quse
1584 4361 1622 4399 a
1649 4341 1815 4399 Mose
1843 4339 1981 4398 data
2007 4338 2250 4429 fuerant,
2281 4333 2495 4394 Matth.
2517 4336 2663 4402 xxii.

243 4423 339 4496 37,
374 4421 549 4480 Rom.
578 4422 705 4482 xiii.
735 4423 791 4498 9,
836 4442 944 4481 nec
986 4422 1159 4480 aliam
1201 4422 1648 4501 explicationem
1689 4440 1888 4480 eorum
1927 4425 2212 4496 propomt,
2257 4433 2433 4491 quam
2474 4435 2602 4492 quae
2630 4436 2667 4475 a

244 4499 555 4578 Prophetis
596 4502 737 4560 olim
777 4502 1073 4580 proposita
1114 4502 1316 4562 fuerat.
1403 4501 1576 4563 Unde
1619 4507 1966 4578 praeceptum
2009 4494 2305 4560 eharitatis
2334 4514 2370 4560 a
2394 4493 2438 4554 J
2441 4497 2668 4554 ohanne

240 4590 395 4640 vectas
415 4589 478 4640 et
503 4602 709 4640 novum
736 4581 950 4642 dicitur
982 4587 1009 4640 1
1036 4583 1136 4641 Jo.
1167 4583 1347 4657 ii.7,8
1371 4605 1387 4643 z
1427 4591 1600 4640 vetus
1628 4581 1850 4639 ratione
1877 4577 2077 4655 primae
2106 4574 2586 4653 promulgationis
2607 4575 2667 4632 in

244 4659 323 4722 V.
353 4661 445 4738 T„
474 4682 695 4722 novum
723 4663 945 4732 tatione
974 4663 1368 4732 renovationis
1395 4670 1455 4724 et
1482 4659 1885 4728 illustrationis
1913 4657 1973 4726 in
2001 4656 2074 4725 N·

307 1037 694 1085 Pontificiorum.

302 1926 473 1973 Status
502 1926 670 1977 Quaes·

404 1986 570 2030 tionis.

284 2566 433 2627 Legis
516 2568 686 2614 rfectio

358 2641 448 2684 pro
482 2631 612 2672 atur.
