3221 5200
528 332 605 388 54
1443 344 1628 384 Locus
1656 343 2014 384 unone-mus,
2552 318 2824 400 [QcAEs‘r.
2858 339 2942 377 xx.

530 488 690 547 Trid.
729 488 830 546 lib.
861 486 942 545 n'i.
1025 485 1114 543 Eo
1156 483 1420 561 pertinet,
1463 484 1620 561 quod
1657 484 1973 544 Camarina
1999 484 2260 542 Medicca
2289 480 2497 540 Galliae
2527 479 2768 556 Regina
2796 481 2951 536 anno

541 571 713 642 1561,
744 566 819 625 ad
850 566 1018 624 Pium
1043 565 1153 622 IV.
1175 564 1373 622 literas
1400 564 1577 640 dedit,
1608 565 1820 641 quibus
1847 564 1995 622 inter
2023 563 2137 622 alia
2163 563 2345 640 petiit,
2375 570 2438 618 ut
2462 561 2799 635 Imaqinum
2819 578 2952 615 usus

534 669 574 705 a
598 650 728 705 Deo
754 647 965 720 vetitus,
1002 653 1056 702 ct
1089 665 1127 701 a
1154 646 1230 703 B.
1267 644 1548 721 Gregorio
1576 647 1876 702 damnatus
1913 664 1942 703 c
1979 647 2098 702 loco
2125 641 2476 701 adorationis
2507 659 2762 716 prorsus
2794 640 2950 696 tolle-

534 736 711 785 retur.
795 727 874 784 Et
901 745 1051 783 anno
1085 727 1236 782 1562
1267 725 1394 801 ejus
1431 725 1601 800 jussu
1630 724 1977 782 Valentinus
2005 733 2064 782 et
2095 721 2390 799 Sagiensis
2418 718 2719 797 Episcopi,
2756 717 2950 776 Butil-

534 807 728 880 lerius,
788 806 1152 883 Espensaeus,
1202 811 1261 862 et
1312 804 1666 863 Picherellus
1714 803 1921 862 delecti
1975 803 2049 862 ad
2104 800 2546 861 consultandum
2594 799 2672 856 de
2724 798 2954 857 ratione

536 885 803 945 ineundae
831 905 962 944 cum
992 884 1451 943 Protestantibus
1479 884 1816 959 concordiae,
1846 884 1997 943 inter
2022 883 2137 941 alia
2162 883 2272 941 hoc
2300 889 2471 959 caput
2498 885 2954 956 proposuerunt,

542 970 578 999 ‘⁶
595 966 679 1025 Ut
704 966 830 1025 S.S.
861 963 1159 1023 Trinitatis
1201 963 1420 1040 effigies
1461 983 1493 1022 e
1520 964 1777 1042 Templis
1818 964 2069 1037 tollatur,
2113 972 2179 1021 ut
2220 981 2445 1020 coronse
2473 969 2533 1019 et
2558 966 2766 1017 vestes
2809 956 2953 1014 ima-

541 1046 776 1123 ginibus
802 1063 919 1102 non
961 1043 1342 1121 imponantur,
1373 1043 1448 1101 ad
1475 1063 1573 1103 eas
1599 1053 1739 1103 vota
1765 1050 1824 1103 et
1851 1043 2172 1102 oblationes
2196 1062 2314 1099 non
2343 1040 2516 1114 fiant;
2561 1038 2623 1096 in
2652 1036 2956 1114 supplica-

539 1125 795 1184 tionibus
849 1143 965 1182 non
1020 1123 1567 1200 circumgestentur;
1641 1123 1840 1183 Crucis
1895 1123 2125 1200 signum
2186 1141 2301 1180 non
2356 1119 2605 1197 amplius
2661 1116 2955 1175 colatur.”

543 1205 710 1263 Licet
737 1222 873 1262 vero
901 1201 1112 1262 exinde
1151 1211 1285 1280 post
1314 1202 1556 1261 Consilii
1598 1204 1968 1277 sanctionem,
1999 1203 2187 1261 cultus
2216 1200 2547 1277 Imaginum
2585 1197 2650 1254 in
2683 1194 2961 1255 Ecclesia

542 1283 810 1343 Romana
853 1282 1070 1361 passim
1118 1282 1461 1358 obtinuerit;
1520 1282 1652 1341 Non
1687 1281 2004 1342 ‘defuerunt
2045 1290 2238 1340 tamen
2286 1299 2526 1356 semper,
2577 1297 2689 1336 nec
2741 1276 2962 1334 desunt

543 1363 856 1422 etiamnum
897 1361 1069 1420 hodie
1108 1360 1341 1440 plurimi
1382 1362 1534 1421 inter
1577 1363 1751 1438 ips08‚
1795 1382 1941 1439 quos
1968 1370 2087 1420 tam
2116 1380 2322 1419 crassae
2359 1357 2705 1417 idololatriae
2735 1355 2959 1434 pudet3

547 1441 721 1502 Unde
749 1450 838 1500 tot
864 1440 1279 1516 distinctiones,
1322 1448 1657 1518 praetextus,
1687 1451 1748 1501 et
1789 1441 1908 1500 fuci
1948 1441 2352 1517 excogitantur
2392 1438 2469 1497 ad
2513 1434 2959 1495 incrustandam

547 1522 696 1579 hanc
725 1519 1206 1598 superstitionem,
1236 1529 1295 1579 et
1320 1520 1467 1579 tanti
1495 1520 1752 1580 criminis
1776 1520 2056 1579 invidiam
2083 1518 2482 1593 amoliendam,
2513 1517 2732 1593 quibus
2761 1522 2965 1573 tamen

542 1600 855 1680 ⁴nequidem
883 1599 995 1677 ipsi
1022 1600 1134 1658 sibi
1163 1598 1491 1659 satisfacere
1517 1608 1778 1676 possunt.
1862 1601 1990 1658 Imo
2021 1600 2170 1658 Bell.
2199 1599 2300 1658 lib.
2330 1599 2390 1656 ii.
2421 1598 2493 1656 de
2522 1596 2741 1673 Imagi.
2773 1615 2827 1653 c.
2859 1595 2959 1666 22,

548 1683 645 1755 23,
677 1679 958 1754 concedit,
991 1679 1027 1710 “
1050 1678 1101 1738 si
1127 1678 1199 1737 de
1228 1679 1416 1757 reipsa
1441 1689 1664 1756 agatur,
1697 1679 1990 1757 Imagines
2016 1698 2186 1757 posse
2215 1678 2328 1737 coli
2354 1677 2681 1754 improprie,
2714 1673 2816 1732 vel
2861 1690 2964 1749 per

547 1759 832 1834 accidens,
877 1757 1080 1817 eodem
1121 1776 1331 1835 genere
1372 1758 1579 1833 cultuS,
1609 1780 1725 1836 quo
1754 1759 2049 1836 exemplar
2076 1758 2315 1833 colitur;
2363 1756 2465 1815 sed
2492 1754 2687 1831 quoad
2716 1752 2962 1811 modum

548 1838 822 1915 loquendi
850 1836 924 1896 ad
951 1838 1245 1915 populum,
1258 1837 1373 1896 dici
1394 1858 1510 1896 non
1531 1838 1740 1898 debere
1761 1839 2043 1915 imagines
2063 1838 2213 1897 ullas
2233 1836 2459 1895 adorari
2479 1835 2691 1893 debere
2722 1829 2960 1906 latria‚'’

550 1918 717 1995 quasi
743 1916 904 1975 nefas
933 1917 1008 1975 sit
1036 1917 1242 1992 dicere,
1273 1916 1431 1993 quod
1456 1917 1644 1977 facere
1672 1927 1864 1977 tamen
1891 1918 2046 1977 licet.

631 1996 883 2055 XVIII.
914 1995 1143 2071 Quinto,
1171 1996 1483 2055 Dissensus
1505 1996 1954 2071 Pontificiorum,
1986 2006 2043 2056 et
2064 1997 2239 2055 variae
2268 2016 2335 2054 ac
2363 1996 2612 2068 incertae,
2643 1992 2768 2050 imo
2799 1991 2965 2049 inex-

545 2076 840 2137 tricabiles
868 2075 1167 2135 sententiae
1188 2094 1383 2134 eorum
1413 2095 1584 2153 super
1609 2077 1942 2136 adoratione
1965 2064 2311 2153 Imaginum,
2331 2075 2640 2134 falsitatem
2660 2068 2965 2148 dogmatis

553 2157 694 2216 satis
737 2162 1021 2233 arguunt;
1068 2155 1224 2213 Dum
1264 2155 1363 2212 alii
1405 2156 1702 2233 Imagines
1742 2156 1944 2215 eodem
1986 2157 2147 2215 cultu
2186 2175 2301 2233 quo
2343 2153 2638 2230 exemplar
2680 2148 2966 2210 colendas

553 2255 680 2294 esse
708 2234 1087 2312 pertendunt3
1134 2234 1429 2312 Imagines
1457 2236 1678 2295 scilicet
1720 2236 1849 2311 Dei,
1895 2235 2125 2310 Christi,
2169 2244 2228 2294 et
2270 2234 2486 2308 Crucis,
2531 2232 2692 2291 cultu
2736 2228 2961 2301 latriae3

552 2314 847 2391 Imagines
877 2314 948 2371 Β.
977 2314 1145 2391 Virg.
1175 2314 1334 2375 cultu
1361 2315 1738 2392 hyperduliae,
1769 2324 1828 2376 et
1860 2316 2198 2375 Sanctorum
2226 2315 2416 2390 duliae,
2446 2322 2512 2372 ut
2538 2312 2800 2370 Thomas
2830 2325 2964 2366 cum

554 2393 772 2452 familia
801 2412 921 2468 sua,
953 2402 1012 2452 et
1090 2394 1310 2470 letique
1356 2394 1735 2454 Scholastici:
1779 2395 1905 2454 Alii
1932 2415 2070 2454 vero
2099 2396 2259 2455 cultu
2299 2391 2555 2452 inferiori
2600 2411 2635 2448 a
2662 2390 2833 2448 cultu
2862 2407 2964 2445 ex-

554 2473 842 2550 emplaris,
883 2481 947 2530 ut
975 2414 1268 2547 Bellarm„
1299 2481 1357 2531 et
1384 2473 1518 2532 alii:
1562 2474 1689 2531 Alii
1769 2474 1956 2550 roprie
1994 2483 2052 2533 et
2098 2494 2202 2550 per
2228 2493 2289 2532 se
2319 2472 2590 2531 colendas
2617 2489 2788 2543 esse;
2837 2464 2964 2524 Alii

553 2560 778 2611 tantum
806 2571 909 2628 per
935 2549 1218 2625 accidens,
1250 2548 1547 2628 analogice
1576 2560 1634 2611 et
1655 2494 1950 2612 reductive
1978 2552 2056 2610 ad
2082 2553 2392 2629 exemplar.
2465 2552 2607 2610 Cum
2637 2568 2782 2626 ergo
2811 2546 2965 2605 inter

555 2631 819 2689 Cultores
850 2629 1177 2704 Imaginum
1218 2628 1472 2687 nondum
1507 2637 1748 2705 constet,
1781 2630 1880 2688 An
1908 2649 2044 2688 vere
2073 2639 2131 2689 et
2171 2631 2399 2707 proprie
2429 2629 2656 2687 adorari
2683 2628 2959 2699 debeant,

552 2717 612 2766 et
638 2728 753 2784 quo
782 2726 992 2784 genere
1022 2706 1212 2766 cultus
1240 2706 1356 2765 sint
1383 2707 1714 2782 afficiendae,
1744 2728 2042 2786 perperam
2070 2710 2205 2767 talis
2233 2708 2423 2767 cultus
2449 2709 2664 2784 populo
2691 2704 2961 2783 praescri-

551 2785 724 2861 bitur,
768 2806 872 2864 per
911 2804 1081 2861 quem
1123 2784 1183 2842 in
1224 2786 1730 2865 praesentissimum
1773 2796 1832 2847 et
1877 2795 2216 2864 perpetuum
2259 2787 2567 2846 adducitur
2611 2784 2967 2843 idololatrias

552 2866 908 2945 periculum:
951 2864 1418 2942 Quotusquisque
1446 2866 1597 2926 enim
1639 2873 1730 2926 est
1754 2868 1851 2925 vel
1893 2886 1970 2924 ex
2010 2866 2196 2943 plebe,
2236 2867 2351 2924 imo
2393 2874 2452 2924 et
2491 2884 2569 2924 ex
2609 2863 2818 2937 doctiS,
2864 2862 2968 2939 qui

556 2945 704 3004 tales
732 2944 1134 3003 distinctiones
1161 2944 1259 3004 vel
1301 2944 1604 3022 intelligat,
1645 2944 1743 3005 vel
1785 2945 2108 3005 intellectas
2156 2947 2263 3005 rite
2290 2945 2572 3023 applicet:
2616 2950 2682 3000 ut
2721 2962 2831 3019 per
2860 2943 2963 3000 ab·

557 3025 924 3085 stractionem
951 3022 1179 3098 mentis,
1218 3024 1356 3082 dum
1396 3026 1722 3101 procumbit
1749 3046 1941 3086 coram
1982 3025 2249 3103 imagine,
2292 3045 2408 3083 non
2448 3022 2742 3101 proprium
2771 3022 2962 3080 ullum

557 3106 793 3178 cultum,
845 3103 949 3163 sed
987 3103 1294 3163 relativum
1351 3113 1410 3165 et
1453 3105 1817 3183 analogicum
1864 3106 1953 3165 illi
1998 3106 2287 3181 exhibeat,
2326 3105 2423 3163 vel
2465 3105 2684 3163 cultum
2729 3109 2960 3160 tantum

554 3184 882 3244 inferiorem
909 3183 1092 3243 cultui
1131 3184 1426 3262 prototypi
1465 3185 1647 3262 ipsius
1662 3188 1692 3246 ἲ
1773 3185 1915 3260 Quis
1943 3194 2142 3244 contra
2167 3205 2284 3244 non
2311 3184 2472 3243 videt
2511 3184 2572 3241 in
2608 3182 2778 3259 praxi
2821 3199 2957 3239 con-

557 3264 738 3339 fundi,
809 3284 898 3324 uss
940 3284 1151 3340 magno
1192 3264 1485 3323 molimine
1525 3264 1587 3322 in
1616 3265 1838 3324 theoria
1866 3265 2148 3324 Doctores
2190 3272 2470 3325 conantur
2495 3262 2854 3337 distinguere
2881 3256 2956 3316 ad

556 3344 772 3420 pallian
815 3363 908 3400 am
934 3343 1107 3399 nimis
1133 3342 1478 3401 horrendam
1506 3342 1910 3401 idolomaniam
1927 3346 1956 3401 P
2010 3345 2284 3403 Bellarm.
2314 3363 2452 3402 sane
2479 3343 2589 3400 hoc
2623 3361 2738 3399 non
2767 3337 2959 3416 potuit

559 3421 938 3492 dissimnlare,
969 3419 1071 3495 qui
1096 3420 1339 3496 loquens
1360 3420 1433 3478 de
1454 3420 1822 3480 distinctione
1853 3424 1888 3454 “
1908 3422 2092 3480 latriae
2119 3422 2399 3481 absolutae
2427 3430 2486 3481 et
2512 3420 2830 3494 relativae,'’
2854 3417 2951 3490 ait,

558 3498 661 3555 lib.
691 3498 750 3554 ii.
780 3517 830 3555 c.
851 3502 946 3568 22,
974 3499 1010 3528 ‘⁶
1032 3515 1132 3555 eos
1152 3497 1252 3572 qui
1273 3496 1588 3556 defendunt
1606 3499 1901 3577 Imagines
1927 3499 2151 3558 adorari
2166 3501 2353 3577 latria,
2378 3501 2510 3578 cogi
2529 3500 2617 3560 uti
2644 3495 2953 3558 subtilissi-

559 3575 669 3633 mis
690 3574 1171 3648 distinctionibus,
1184 3595 1329 3653 quas
1351 3576 1454 3633 vix
1482 3577 1712 3653 ipsimet
1728 3579 2077 3655 intelligunt,
2091 3580 2304 3638 nedum
2321 3581 2569 3658 populus
2590 3575 2950 3654 imperitus.''

1160 3655 1350 3714 XIX.
1394 3655 1579 3715 Aliud
1605 3665 1697 3715 est
1735 3657 2034 3718 incurvare
2072 3680 2129 3718 sc
2154 3662 2240 3718 ad
2273 3661 2570 3719 scabellum
2596 3657 2810 3735 pedum
2842 3653 2953 3713 Dei

1076 3733 1155 3793 id.
1185 3754 1389 3795 versus
1417 3735 1650 3809 Arcam,
1683 3756 1811 3813 quae
1839 3737 1922 3796 ita
1948 3747 2204 3813 vocatur,
2235 3748 2301 3798 ut
2329 3739 2654 3815 symbolum
2683 3736 2952 3813 gloriosse

558 3887 561 3890 Ι
1079 3813 1192 3872 Dei
1207 3814 1554 3890 praesentiae3
1585 3816 1772 3874 Aliud
1787 3837 1927 3875 vero
1948 3818 2129 3894 ipsam
2144 3820 2436 3877 scabellum
2453 3821 2704 3876 adorare
2715 3840 2739 3888 ;
2782 3814 2951 3873 Prius

558 3891 762 3952 damus
790 3891 893 3951 sed
920 3911 1038 3951 non
1062 3893 1365 3972 posterius.
1409 3894 1532 3953 Nec
1559 3897 1906 3955 contrarium
1933 3898 2208 3976 probatur
2233 3918 2308 3957 ex
2328 3898 2480 3956 Psal.
2510 3896 2666 3955 xcix.
2698 3898 2753 3968 5,
2775 3911 2952 3971 quum

551 3972 723 4050 jubet
751 3972 977 4031 Psaltes
1004 3975 1123 4041 πέτῃ
1157 3975 1336 4031 ἐπ-ἐπὶ
1367 3991 1575 4049 namen,
1605 3974 1686 4034 id.
1714 3979 1970 4052 adorate,
1999 3980 2087 4035 vel
2111 3978 2395 4036 incur-vate
2420 3997 2515 4035 vos
2542 3978 2626 4034 acl
2656 3976 2951 4033 scabellum

547 4055 760 4128 pedum
788 4055 920 4128 qius,
948 4061 1016 4112 ut
1043 4073 1099 4112 v.
1114 4054 1169 4126 9,
1199 4074 1314 4128 τεο-φ
1343 4056 1452 4129 τὲ,
1483 4056 1567 4112 ad
1588 4065 1830 4113 montem
1854 4056 2162 4115 sanctitatis
2188 4060 2303 4132 ejus
2313 4080 2337 4129 ;
2381 4055 2500 4115 Ubi
2529 4059 2679 4114 locus
2702 4052 2950 4131 publicae

558 4131 908 4191 adorationis
951 4132 1302 4209 proponitur,
1334 4152 1450 4191 non
1495 4134 1777 4209 objectum,
1808 4134 2096 4211 quomodo
2126 4135 2328 4194 Chald.
2370 4135 2577 4208 reddit,
2608 4137 2849 4192 adorate
2891 4131 2948 4188 in

556 4214 720 4270 domo
746 4212 1060 4270 sanctuarii
1083 4215 1214 4288 ejus,
1236 4212 1315 4270 Et
1337 4212 1543 4270 LXX.
1573 4212 1775 4271 eadem
1803 4214 1982 4273 verba
2010 4214 2165 4273 Psal.
2193 4215 2414 4273 cxxxii.
2435 4219 2490 4289 7,
2519 4213 2769 4273 reddunt
2796 4235 2947 4292 rga-

556 4294 811 4366 κυνέημυ
854 4296 916 4356 εἰς
956 4297 1034 4350 τὶν
1073 4291 1235 4366 τόπον,
1280 4292 1642 4350 adorabimus
1678 4295 1762 4350 acl
1804 4295 1998 4368 locum,
2043 4294 2102 4352 in
2146 4313 2254 4370 quo
2296 4303 2563 4352 steterunt
2592 4295 2769 4369 pedes
2810 4296 2943 4367 ejus.

556 4374 612 4427 2.
643 4371 686 4430 J
690 4372 937 4430 ubentur
962 4372 1044 4450 pii
1070 4392 1131 4430 se
1161 4372 1459 4430 incurvare
1477 4390 1681 4430 versus
1709 4372 2029 4450 Templum,
2063 4374 2159 4432 ΡΒ.
2178 4393 2236 4433 v.
2267 4377 2322 4450 7,
2352 4373 2509 4451 quod
2536 4381 2729 4431 tamen
2756 4372 2944 4430 colen-

555 4446 692 4505 dum
721 4468 837 4507 non
864 4450 1041 4511 fuisse
1069 4471 1267 4510 omnes
1293 4451 1562 4510 fatentur.

637 4527 790 4585 XX.
814 4527 874 4586 A
896 4530 1219 4589 cherubina
1240 4539 1298 4589 et
1314 4532 1583 4607 Serpente
1610 4550 1762 4590 oeneo
1790 4530 1865 4589 ad
1895 4531 2187 4610 Imagines
2207 4552 2324 4591 non
2341 4533 2497 4592 valet
2517 4528 2942 4607 consequentia.

556 4604 739 4664 Aliud
787 4615 875 4666 est
919 4609 1259 4686 symbolum,
1292 4611 1589 4685 emblema,
1622 4620 1680 4669 et
1727 4620 1903 4688 typus
1950 4613 2032 4670 rei
2077 4612 2338 4689 alicujus,
2368 4612 2658 4688 quomodo
2700 4612 2943 4685 Serpens

635 3718 817 3765 Fontes
840 3718 975 3765 Solu-

694 3777 900 3823 tionum.
