3221 5200
537 329 648 388 192
1418 348 1602 392 meus
1630 349 2028 392 nuonscmus.
2533 328 2788 410 [QUAEST.
2832 347 2941 388 vn.

1447 569 1839 645 QUAEs‘rIo
1881 570 2029 629 vn.

1083 745 1163 786 DE
1190 745 1432 788 Durum
1459 746 1786 789 (ΒΟΟΝΟΜΙΔ
1812 747 2082 789 Fet-:Dm
2110 745 2366 789 alum

630 888 753 950 Gur
778 889 940 947 Deus
965 887 1189 946 unicum
1215 888 1425 946 Foedus
1457 886 1682 948 Gratiae
1708 888 2074 947 diversimode
2102 886 2427 963 dzhpmare
2452 885 2691 946 voluerit
2703 909 2728 959 ,·
2768 886 2853 945 Et

1037 970 1343 1043 quotuplex
1362 990 1381 1026 .·
1423 976 1478 1025 et
1502 968 1888 1044 qualis-fuerit
1911 970 2028 1043 ejus
2060 966 2438 1026 OEconomia3

616 1124 668 1184 1.
713 1123 910 1183 Antea
933 1124 1119 1183 unitas
1143 1126 1521 1184 substantiale}
1548 1125 1812 1185 Foederis
1840 1124 2059 1185 Gratiae
2079 1132 2299 1184 asserta
2325 1131 2430 1199 est,
2456 1122 2626 1183 Nunc
2646 1123 2941 1182 diversitas

534 1204 661 1282 ejus
690 1204 1022 1262 oeconomica
1049 1205 1209 1262 venit
1249 1205 1648 1282 expendenda.
1733 1206 1882 1264 Nam
1923 1214 1989 1265 ut
2017 1206 2374 1269 πολυποίκιλος
2405 1204 2517 1262 Dei
2557 1203 2838 1281 sapientia
2875 1203 2940 1261 in

535 1283 821 1360 Operibus
850 1284 1102 1359 Naturae,
1147 1302 1457 1361 earumque
1501 1285 1807 1363 multiplici
1849 1286 2145 1360 varietate,
2187 1283 2580 1361 dispositione,
2621 1292 2679 1341 et
2705 1283 2939 1342 diversa

534 1363 951 1440 gubernatione
980 1363 1187 1421 mirum
1217 1363 1276 1420 in
1304 1364 1539 1422 modum
1567 1365 1794 1439 elucet;
1840 1365 1975 1423 Non
2002 1366 2209 1439 minus,
2239 1365 2356 1421 imo
2384 1362 2751 1437 luculentius,
2795 1381 2934 1420 con-

534 1443 734 1518 spicua
760 1451 850 1500 est
877 1443 938 1499 in
967 1441 1250 1518 Operibus
1281 1443 1517 1518 Gratiae,
1561 1452 1736 1520 atque
1775 1444 2036 1521 inprimis
2070 1445 2131 1501 in
2159 1444 2320 1502 varia
2349 1443 2612 1501 Foederis
2652 1441 2790 1500 novi
2818 1441 2935 1500 dis·

532 1522 887 1598 pensatione,
918 1521 1076 1598 quod
1102 1521 1292 1580 varias
1320 1522 1533 1580 formas
1573 1531 1634 1582 et
1661 1523 1828 1600 quasi
1856 1523 2030 1583 facies
2055 1524 2277 1596 habuit,
2321 1522 2396 1581 ob
2423 1522 2642 1580 variam
2676 1521 2939 1598 mysterii

534 1601 768 1676 Christi,
793 1602 893 1677 qui
915 1602 1041 1678 ejus
1064 1609 1153 1660 est
1174 1601 1627 1677 fundamentum,
1650 1604 2046 1679 oeconomiam,
2071 1603 2228 1680 quod
2251 1603 2411 1661 Deus
2432 1602 2514 1661 ita
2540 1601 2941 1660 administrare

532 1682 735 1756 voluit,
755 1689 822 1739 ut
839 1681 1023 1758 primo
1050 1680 1368 1756 obscurius,
1387 1682 1596 1740 deinde
1616 1682 1827 1741 clarius
1853 1683 2000 1742 illud
2017 1690 2376 1760 proponeret,
2395 1682 2580 1758 primo
2607 1680 2670 1738 in
2685 1681 2934 1756 promis·

529 1761 697 1835 sione,
728 1760 937 1820 deinde
965 1761 1027 1819 in
1053 1765 1462 1836 complemento,
1548 1762 1722 1822 Unde
1751 1762 1969 1839 duplex
2010 1764 2136 1840 ejus
2164 1762 2485 1820 oeconomia
2511 1761 2779 1820 instituta
2804 1760 2933 1836 fuit,

529 1840 711 1899 altera
749 1843 933 1916 Vetus,
963 1860 1093 1916 quae
1117 1841 1346 1899 Veteris
1367 1842 1726 1900 Testamenti
1752 1843 1983 1900 nomine
2006 1842 2153 1901 solet
2174 1841 2467 1919 appellari,
2488 1861 2617 1917 quae
2640 1839 2936 1900 Christum

530 1928 837 1978 venturum
855 1921 1118 1996 promisit
1133 1929 1191 1979 et
1207 1921 1504 1997 praedixit3
1525 1922 1707 1980 altera
1722 1941 1884 1997 nova,
1900 1941 2030 1998 quae
2041 1924 2265 1980 Novum
2282 1922 2686 1979 Testamentum
2703 1920 2931 1996 dicitur,

530 2019 659 2076 quae
691 2000 981 2059 Christum
1010 2000 1332 2058 exhibitum
1355 2009 1413 2059 et
1434 2001 1792 2060 incarnatum
1822 2009 1883 2060 et
1908 2010 2198 2059 mortuum
2224 2001 2480 2060 nunciat.
2540 2001 2613 2058 In
2639 2000 2741 2058 illa
2770 2000 2934 2060 Deus

531 2083 817 2160 πολυμεςῧς
845 2085 934 2138 ui
963 2079 1288 2160 πολυτςᾶπυς
1315 2080 1514 2139 multis
1542 2081 1770 2139 Vicibus
1809 2089 1868 2138 et
1905 2079 2094 2139 modis
2124 2080 2326 2141 Patres
2366 2080 2653 2140 allocutus
2679 2088 2786 2140 est.
2857 2080 2933 2138 In

530 2160 644 2218 ista
670 2180 809 2219 vero
837 2179 945 2218 nos
972 2159 1257 2219 allocutus
1285 2168 1375 2219 est
1401 2180 1504 2237 per
1530 2160 1766 2235 Filium,
1799 2160 1952 2219 Heb.
1984 2160 2022 2218 i.
2051 2165 2110 2218 2.

849 2305 860 2317 ⁶
1134 2240 1220 2298 II.
1267 2240 1330 2300 Si
1360 2240 1679 2314 Quaeratur,
1711 2241 1828 2299 Cur
1853 2240 2031 2298 talem
2062 2239 2362 2299 instituere
2390 2239 2642 2298 voluerit
2669 2238 2934 2300 Foederis

530 2304 632 2351 σω
653 2304 783 2350 ”⁰¹¹⁸
812 2305 1010 2352 unversi-
1049 2317 1543 2456 disAEensationem
1587 2320 1751 2379 Deus
1770 2323 1799 2378 Ρ
1904 2320 2042 2379 Sola
2084 2320 2180 2378 hic
2222 2320 2336 2378 Dei
2380 2318 2653 2378 voluntas
2700 2319 2932 2380 abunde

587 2364 726 2408 mode
742 2364 892 2407 foedus
905 2379 1007 2422 gra·
2178 2399 2191 2413 ,
2266 2398 2279 2412 ,
2710 2398 2724 2412 ,

586 2422 672 2466 tiae
692 2422 1011 2479 dispensarit?
1050 2418 1119 2457 su
1182 2418 1310 2457 cere
1350 2407 1548 2475 posset
1574 2399 1651 2457 ad
1676 2399 2030 2458 fraenandam
2071 2407 2500 2474 cunos1tatem3
2545 2399 2785 2457 Interim
2813 2419 2933 2457 non

586 2477 629 2523 1.
660 2478 767 2524 Hoc
783 2480 1009 2548 exigebat
1049 2477 1259 2536 desunt
1285 2479 1461 2536 variae
1490 2479 1901 2555 sapientissimi
1929 2478 2097 2539 istius
2126 2478 2353 2538 consilii
2379 2477 2648 2537 rationes.
2716 2481 2768 2538 1.
2797 2480 2928 2538 Mo·

585 2538 755 2641 {xm
834 2536 1006 2595 ⁸⁸⁰¹¹d¹
1047 2558 1152 2615 dus
1177 2558 1388 2633 agendi
1409 2558 1528 2617 Dei
1550 2559 1663 2617 hoc
1689 2558 1999 2618 videbatur
2024 2559 2275 2637 exigere,
2300 2557 2401 2635 qui
2429 2577 2520 2617 res
2546 2576 2790 2635 magnas
2810 2578 2927 2617 non

1049 2636 1221 2694 simul
1259 2645 1318 2695 et
1356 2638 1535 2695 semel
1571 2637 1813 2715 perficit,
1855 2638 2012 2715 quod
2046 2639 2319 2698 facillime
2346 2647 2539 2698 tamen
2566 2647 2779 2715 posset,
2823 2640 2930 2698 sed

527 2714 853 2777 successive
895 2723 955 2774 et
992 2733 1096 2791 per
1121 2715 1315 2773 varios
1357 2716 1588 2792 gradus,
1634 2726 1701 2775 ut
1734 2736 1803 2775 eo
1831 2718 2041 2776 clarius
2082 2720 2209 2796 ejus
2251 2718 2532 2795 sapientia
2571 2724 2631 2776 et
2670 2718 2930 2794 potentia

525 2794 931 2873 percipiantur.
1015 2794 1109 2852 Ita
1152 2794 1369 2853 Foedus
1412 2795 1649 2871 Gratiae,
1700 2795 1858 2872 quod
1897 2798 2214 2857 maximum
2255 2798 2459 2857 merito
2499 2805 2743 2857 vocatur
2781 2818 2929 2875 opus

527 2876 639 2935 Dei
668 2883 727 2933 et
769 2893 991 2933 summa
1018 2872 1396 2933 admiratione
1436 2874 1698 2952 dignum,
1730 2876 1917 2935 voluit
1956 2878 2234 2954 paulatim
2271 2877 2542 2954 perficere
2579 2886 2639 2936 et
2670 2879 2922 2955 promul-

521 2976 677 3035 gare,
708 2962 774 3013 ut
801 2973 905 3013 sua
932 2953 1170 3014 haberet
1196 2954 1362 3012 initia
1388 2963 1446 3014 et
1472 2955 1842 3031 incrementa,
1887 2966 2197 3033 antequam
2222 2958 2396 3034 plena
2421 2957 2550 3034 ejus
2592 2958 2926 3018 succederet

523 3034 980 3096 consummatio:
1044 3035 1098 3092 N
1102 3055 1166 3093 ec
1221 3035 1517 3111 sapientise
1574 3036 1689 3094 Dei
1742 3036 2140 3112 conveniebat,
2190 3045 2256 3096 ut
2296 3045 2458 3096 tanta
2508 3036 2658 3113 Lux,
2708 3048 2926 3114 quanta

521 3125 611 3176 est
644 3116 703 3174 in
734 3114 1074 3193 Evangelio,
1117 3115 1287 3174 simul
1315 3124 1374 3174 et
1415 3115 1609 3191 semel,
1657 3124 1716 3174 et
1755 3136 1871 3175 uno
1912 3117 2080 3193 quasi
2111 3116 2330 3194 impetu
2372 3115 2775 3193 effunderetur,
2821 3118 2924 3177 sed

519 3196 796 3275 paulatim
825 3204 883 3255 et
924 3214 1026 3273 per
1067 3195 1379 3270 stricturas,
1423 3194 1499 3253 ad
1538 3194 1777 3254 modum
1809 3196 1980 3270 Solis,
2016 3195 2117 3272 qui
2156 3215 2275 3254 non
2315 3215 2431 3254 uno
2467 3206 2774 3270 momento,
2819 3197 2924 3256 sed

520 3297 625 3353 per
673 3275 887 3353 gradus
936 3274 1197 3333 ascendit
1236 3274 1311 3332 ad
1354 3274 1672 3349 meridiem,
1716 3275 1875 3352 quod
1923 3274 2244 3351 Apostolus
2288 3275 2504 3351 paucis,
2549 3276 2652 3334 sed
2693 3277 2922 3336 eximiis

519 3356 715 3414 verbis
762 3354 948 3427 docet,
996 3353 1148 3410 Heb.
1198 3354 1237 3410 i.
1290 3357 1342 3428 l,
1388 3373 1567 3429 quum
1609 3355 1692 3412 ait
1732 3357 1920 3413 Deum
1969 3355 2294 3435 πολυτςῦποκ
2335 3366 2394 3414 et
2441 3359 2729 3436 πολυμοςῢς
2770 3359 2918 3414 loeu-

522 3444 637 3491 tum
670 3452 784 3491 esse
825 3432 1088 3489 Patribus
1115 3432 1262 3506 olim,
1307 3433 1466 3508 prius
1506 3441 1670 3491 notat
1709 3437 1904 3492 modos
1943 3436 2133 3493 varios
2172 3436 2540 3511 revelationis,
2570 3443 2670 3511 qui
2698 3436 2918 3495 obtine·

520 3512 661 3569 bant
689 3512 749 3567 in
778 3511 855 3569 V.
885 3510 972 3583 T.‚
1002 3510 1288 3586 posterius
1314 3529 1455 3569 vero
1496 3512 1623 3588 ejus
1651 3511 1914 3571 diversos
1945 3517 2166 3590 gradus
2201 3533 2305 3592 per
2331 3533 2477 3592 quos
2519 3534 2580 3573 se
2610 3515 2920 3575 Veteribus

521 3590 810 3668 patefefflt·
1125 3667 1245 3727 ΠΙ,
1288 3668 1509 3727 211oe
1549 3670 1881 3747 posenabat
1907 3673 2176 3731 Ecczoeiae
2202 3673 2472 3732 conditio:
2517 3673 2602 3733 Ut
2637 3674 2789 3734 enim
2816 3693 2921 3751 per

546 3735 590 3781 ²·
621 3734 853 3840 Οἶῗξέξζ)
867 3735 956 3781 Eo-
1040 3746 1231 3807 varias
1271 3755 1471 3808 aetates
1510 3769 1640 3808 eam
1666 3749 1950 3812 deducere
1977 3752 2200 3828 voluit3
2248 3753 2341 3811 Ita
2367 3752 2752 3813 diversimode
2788 3774 2919 3814 cum

1040 3847 1109 3886 ea
1156 3846 1325 3905 agere
1376 3830 1693 3890 constituit.
1779 3832 1935 3890 Dum
1976 3852 2116 3910 ergo
2153 3832 2213 3891 in
2249 3831 2494 3892 infantia
2528 3833 2652 3909 suit,
2698 3853 2804 3893 nec
2844 3833 2920 3892 ad

515 3917 796 3968 maturam
839 3914 1065 3967 aetatem
1100 3918 1456 3986 pervenerat,
1500 3918 1776 3987 tanquam
1815 3912 2005 3970 infans
2031 3913 2332 3971 tractanda
2359 3912 2483 3988 fuit,
2516 3913 2709 3972 Galat.
2738 3913 2818 3973 iv.
2855 3918 2916 3987 13

513 3990 646 4049 ideo
687 4007 819 4047 cum
861 4006 930 4046 ea
956 3988 1120 4064 quasi
1162 3988 1491 4049 balbutiens
1521 3990 1683 4049 Deus
1724 3992 2020 4050 minimam
2059 3992 2429 4051 revelationis
2468 4012 2794 4051 mensuram
2833 3993 2918 4051 illi

513 4068 772 4144 indulsit,
804 4075 862 4126 et
883 4069 990 4126 sub
1008 4068 1207 4145 primis
1235 4070 1533 4129 elementis
1555 4076 1615 4129 et
1641 4070 1884 4130 rudibus
1909 4071 2112 4148 figuris
2132 4091 2260 4130 eam
2281 4072 2544 4148 detinuit,
2568 4093 2699 4149 quae
2719 4082 2920 4150 postea

511 4150 704 4208 locum
732 4147 919 4206 facere
956 4148 1278 4207 debuerunt
1317 4149 1562 4227 pleniori
1600 4150 1960 4226 revelationi,
2002 4171 2183 4229 quum
2224 4153 2551 4230 provectior
2590 4152 2716 4227 fuit,
2758 4161 2817 4212 et
2844 4152 2919 4212 ad

511 4228 766 4288 adultam
809 4235 1037 4287 aetatem
1065 4229 1345 4305 pervenit.

763 4373 774 4385 ³
878 4373 888 4385 ,
1117 4308 1227 4366 IV.
1271 4312 1327 4368 3.
1358 4310 1582 4368 Messias
1618 4309 1878 4385 dignitas,
1909 4317 1968 4369 et
1985 4312 2325 4386 proestantia
2358 4312 2559 4387 Operis
2586 4311 2660 4370 ab
2689 4312 2790 4370 illo
2816 4332 2916 4388 pe-

558 4373 601 4418 3.
630 4372 821 4475 ”353⁹
841 4373 944 4432 ‘¹¹8³
1032 4387 1313 4464 regendi:
1358 4388 1504 4446 Nam
1544 4396 1610 4447 ut
1647 4389 1746 4446 ille
1783 4409 1900 4447 non
1938 4391 2132 4449 statim
2160 4391 2234 4449 ab
2261 4391 2428 4451 initio
2456 4391 2818 4468 gravissimis
2844 4392 2918 4450 de

808 4463 821 4476 '
1034 4467 1241 4542 causis,
1263 4467 1365 4526 sed
1382 4468 1443 4525 in
1461 4467 1819 4545 plenitudine
1840 4469 2070 4528 demum
2093 4473 2368 4548 temporis
2395 4471 2658 4530 exhiberi
2680 4471 2881 4530 debuit
2899 4494 2914 4547 3

510 4542 874 4601 Conveniens
900 4543 1009 4604 fuit
1037 4544 1344 4623 imaginem
1374 4548 1503 4623 ejus
1530 4548 1692 4625 prius
1719 4568 2054 4626 proponere,
2087 4549 2437 4610 desiderium
2465 4551 2738 4625 excitare,
2769 4558 2828 4610 et
2856 4552 2916 4609 in

506 4620 664 4678 illius
692 4620 978 4681 desiderio
1006 4632 1064 4682 et
1091 4626 1489 4701 expectatione
1532 4635 1758 4687 mentes
1785 4628 2059 4703 detinere,
2103 4649 2176 4688 ne
2203 4629 2455 4709 longiori
2494 4650 2656 4689 mora
2683 4630 2911 4690 fatisce-
