3221 5200
258 369 497 419 Quaes'r.
525 348 624 433 11.]
1145 369 1226 410 nr.
1254 370 1507 412 rmnnnn
1535 369 1801 411 essm.
2581 349 2699 406 159

273 549 769 653 *praeesses-
811 511 1041 651 ψὲἶζῖ
1083 508 2334 667 Ὲῗᾶίὲίιἲέἑὲωαέῗηὲιὲἓῖξᾜὲῗὲἒΐξ
2364 507 2704 646 ῐὲιξῖἰῗῗᾷ

276 665 321 712 Ῑ·
349 666 410 710 ¹¹¹
432 668 780 713 destinatione.
815 673 1192 733 sanctissimae
1237 672 1539 732 Trinitatis
1584 671 1827 731 consilio
1881 635 2136 749 Siponsor
2168 677 2226 727 et
2256 669 2546 727 Mediator
2590 669 2700 726 Ec-

278 752 475 811 elesiae
504 753 676 813 datus
704 761 826 830 est3
872 754 1000 828 Quo
1023 752 1338 831 respiciunt
1366 752 1480 812 ista
1507 772 1750 812 summae
1782 751 2112 829 Sapientiae,
2142 750 2418 808 Proverb.
2449 748 2571 807 viii.
2603 751 2699 824 23,

275 851 414 909 quae
462 833 538 892 de
584 854 646 893 se
690 835 816 912 ipsa
842 833 1152 910 loquendo,
1184 835 1254 892 ab
1282 843 1492 892 aeterno
1531 842 1701 891 uncta
1725 852 1865 907 eum,
1896 832 2101 908 inquit,
2129 830 2207 889 id.
2236 849 2365 888 mea
2397 829 2702 905 Patrisque

274 913 597 990 voluntate,
628 935 758 991 quae
786 934 902 972 una
922 922 1028 988 est,
1080 913 1367 972 destinata
1394 913 1470 972 ad
1497 913 1746 971 officium
1776 911 2118 971 Mediatoris
2167 911 2226 968 in
2256 919 2510 985 tempore
2538 929 2702 985 pera-

277 992 570 1069 gendum;
617 996 699 1054 Et
739 995 855 1053 ista
882 994 1062 1069 Petri,
1089 994 1289 1070 primae
1318 1014 1444 1071 cap.
1473 993 1512 1051 i.
1544 996 1641 1067 20,
1673 1012 1853 1068 quum
1883 992 2177 1049 Christum
2205 990 2348 1049 dicit
2379 993 2415 1021 ⁶⁴
2443 1009 2701 1066 proecog·

277 1074 470 1132 nitum
495 1073 674 1133 fixisse
704 1083 837 1133 ante
874 1075 1036 1151 jacta
1062 1073 1264 1132 mundi
1291 1073 1667 1132 fundamenta
1689 1073 1745 1148 ;’'
1792 1073 1872 1131 Et
1900 1072 2114 1146 Psalm,
2147 1071 2206 1129 ii.
2231 1073 2287 1130 8.
2376 1072 2411 1102 “
2441 1069 2703 1127 Narrabo

278 1152 595 1231 decretum,
626 1155 669 1214 J
672 1155 861 1213 ehova
886 1154 1030 1211 mihi
1057 1153 1224 1227 dixit,
1256 1154 1346 1212 Tu
1375 1173 1438 1212 es
1468 1153 1657 1211 Filius
1684 1172 1865 1227 meus,
1886 1172 1996 1229 ego
2025 1151 2197 1209 hodie
2227 1149 2404 1228 genui
2430 1158 2488 1208 te
2512 1172 2527 1225 ;
2570 1169 2703 1226 pos-

278 1233 408 1291 tula
451 1254 486 1292 a
512 1255 605 1293 me
634 1243 695 1294 et
740 1235 891 1293 dabo
937 1233 1044 1292 tibi
1082 1242 1288 1310 gentes
1330 1233 1392 1290 in
1442 1232 1898 1290 haeoeditatem.''
1989 1231 2107 1290 Ubi
2137 1232 2400 1290 Christus
2428 1229 2705 1288 describit

281 1313 727 1374 destinationem
765 1323 1055 1389 aeternam,
1087 1332 1217 1391 quae
1245 1313 1398 1373 facta
1439 1321 1529 1372 est
1576 1313 1639 1370 in
1668 1313 1780 1370 Dei
1808 1312 2057 1387 decreto,
2111 1312 2218 1386 sui,
2269 1312 2369 1388 qui
2413 1311 2488 1369 sit
2518 1311 2704 1369 Filius

285 1393 399 1452 Dei
427 1395 502 1453 ab
531 1403 746 1453 aeterno
774 1395 1024 1472 genitus,
1055 1394 1302 1470 ideoque
1331 1394 1492 1452 solus
1517 1412 1625 1471 par
1649 1401 1811 1452 tanto
1839 1392 2064 1451 muneri
2105 1391 2359 1467 ferend0‚
2388 1391 2449 1448 in
2480 1391 2705 1467 Regem

584 1534 595 1546 ,
651 1533 662 1545 ‚
812 1474 994 1533 totius
1043 1473 1344 1532 Ecclesia.
1428 1478 1486 1533 2.
1532 1473 1781 1533 Ratione
1799 1473 2206 1551 promissionis,
2239 1472 2377 1531 dum
2404 1491 2543 1529 mox
2570 1481 2706 1548 post

279 1532 326 1577 ²·
361 1532 420 1577 In
442 1548 773 1591 promamus.
813 1553 1041 1631 lapsum
1070 1554 1337 1628 hominis,
1365 1554 1494 1613 Deo
1519 1573 1625 1631 per
1651 1564 1954 1632 peccatum
1976 1555 2102 1631 jam
2130 1554 2368 1627 offenso,
2401 1573 2462 1610 se
2492 1552 2705 1610 obtulit

281 1632 360 1690 ad
386 1653 456 1690 ea
483 1641 620 1691 actu
643 1633 986 1711 praestanda,
1017 1653 1146 1711 quae
1175 1635 1249 1693 ab
1278 1643 1493 1694 aetemo
1512 1634 1915 1712 spoponderat,
1948 1645 2120 1710 atque
2149 1634 2232 1692 ita
2258 1642 2391 1692 actu
2415 1631 2706 1690 Mediator

284 1713 653 1786 constitutus,
701 1722 760 1772 et
807 1714 942 1772 talis
987 1712 1315 1773 declaratus
1343 1715 1453 1774 fuit
1493 1715 1553 1772 in
1584 1715 1801 1789 Verb0,
1843 1723 1902 1772 et
1922 1714 2098 1790 juxta
2125 1713 2287 1771 illam
2315 1712 2703 1788 sponsionem,

280 1793 468 1850 multa
512 1793 687 1870 coepit
733 1813 906 1871 agere
954 1814 1083 1870 quae
1125 1795 1201 1852 ad
1249 1795 1594 1853 Mediatoris
1640 1794 1889 1853 officium
1919 1792 2299 1869 pertinebant,
2332 1793 2456 1850 sive
2485 1790 2706 1847 ratione

284 1872 630 1949 Prophetiae,
662 1873 981 1934 voluntatis
1024 1874 1238 1933 divinae
1287 1875 1660 1952 interpretem
1709 1873 1955 1951 agendO,
2000 1880 2124 1930 tum
2152 1891 2254 1948 per
2283 1891 2344 1930 se
2374 1868 2705 1928 immediate

284 1972 350 2012 se
380 1953 650 2012 Patribus
678 1954 1094 2031 patefaciendO,
1125 1963 1192 2013 ut
1221 1954 1518 2032 Angelum
1547 1952 1798 2028 foederiS,
1845 1953 1969 2011 sive
1996 1951 2246 2010 mediate
2273 1971 2379 2028 per
2406 1950 2708 2006 Ministros

284 2052 439 2108 suos,
492 2053 637 2109 quos
687 2035 905 2111 Spiritu
955 2055 1060 2094 suo
1108 2035 1336 2112 agebat,
1393 2037 1424 2092 1
1459 2034 1585 2093 Pet.
1617 2032 1655 2092 i.
1690 2036 1781 2107 10,
1832 2037 1924 2108 11,
1977 2040 2036 2091 et
2063 2031 2143 2090 iii.
2180 2034 2272 2106 19,
2319 2030 2443 2087 sive
2485 2028 2707 2086 ratione

288 2112 499 2190 Regni,
553 2133 614 2173 se
663 2114 960 2173 ductorem
1010 2123 1070 2174 et
1111 2114 1439 2190 Principem
1467 2113 1669 2191 populi
1711 2113 1985 2190 gerendo,
2021 2116 2050 2169 1
2086 2112 2216 2169 Cor.
2247 2130 2326 2184 x„
2359 2117 2419 2167 et
2445 2108 2617 2166 Josu.
2646 2127 2707 2166 v.

289 2195 382 2269 13,
415 2193 539 2251 sive
582 2195 803 2253 ratione
857 2194 1192 2269 Sacerdotii,
1237 2192 1648 2251 intercedendo
1674 2211 1781 2268 pro
1810 2191 2032 2249 Electis
2059 2189 2121 2246 vi
2149 2189 2453 2247 solutionis
2481 2188 2705 2263 futurae,

804 2274 847 2333 J
851 2274 944 2333 ob.
978 2273 1194 2330 xxxiii.
1228 2276 1332 2329 24.
1411 2275 1468 2330 3.
1494 2271 1743 2329 Ratione
1787 2269 2140 2344 executione,
2187 2269 2250 2325 in
2291 2268 2701 2342 incarnatione,

805 2373 911 2430 per
937 2371 1112 2430 quam
1141 2369 1370 2409 carnem
1398 2358 1655 2408 nostram
1684 2350 2013 2425 assumpsit,
2057 2357 2123 2407 ut
2144 2347 2205 2406 in
2235 2368 2305 2407 ea
2331 2368 2476 2425 opus
2504 2348 2708 2406 salutis

284 2438 498 2488 nostrae
526 2444 847 2510 perageret.
933 2433 1062 2507 Quo
1092 2438 1356 2508 spectant
1392 2429 1523 2504 ista,
1556 2427 1711 2487 Heb.
1742 2447 1802 2486 ι.
1834 2432 1889 2504 5,
1941 2425 2153 2506 quibus
2180 2429 2512 2489 antithesim
2541 2428 2704 2486 insti·

282 2511 398 2568 tuit
424 2511 574 2570 inter
600 2513 883 2571 sacrificia
920 2511 1135 2589 legalia
1183 2519 1243 2570 et
1288 2511 1521 2569 unicum
1569 2508 1910 2566 sacrificium
1955 2509 2435 2587 perfectissimum
2472 2507 2703 2583 Christi,

287 2593 324 2625 ‘⁴
344 2589 706 2671 Quapropter
730 2593 1064 2671 ingrediens
1093 2592 1153 2651 in
1180 2589 1477 2667 mundum,
1524 2588 1691 2664 dixit,
1728 2588 2083 2650 Sacrificium
2112 2599 2170 2650 et
2212 2591 2563 2651 oblationem
2603 2608 2705 2647 no-

284 2670 464 2730 luisti.
549 2673 713 2732 Tunc
741 2674 883 2750 dixi,
917 2675 1071 2733 Ecce
1098 2674 1271 2732 venio
1300 2682 1366 2732 ut
1391 2671 1601 2731 faciam
1629 2669 1988 2729 voluntatem
2017 2674 2235 2731 tuam.''

367 2752 548 2810 XVI.
595 2753 679 2813 Ut
722 2775 862 2813 vero
913 2754 1203 2813 Mediator
1230 2753 1457 2812 medius
1507 2750 1617 2809 suit
1664 2749 1815 2808 inter
1855 2761 2047 2827 partes
2095 2753 2458 2829 dissidentes,
2504 2750 2707 2810 debuit

283 2850 417 2889 cum
446 2840 686 2908 utraque
716 2853 926 2909 agere;
969 2836 1023 2891 A
1064 2845 1239 2909 parte
1285 2834 1569 2892 hominum
1615 2849 1746 2889 eum
1798 2829 1924 2887 Deo
1966 2849 2070 2906 per
2100 2832 2477 2909 Sponsionem
2507 2851 2705 2891 eorum

284 2911 561 2987 omnium,
593 2931 722 2986 quse
771 2911 846 2970 ab
889 2913 1218 2971 hominibus
1247 2913 1608 2972 debebantur
1630 2933 1644 2987 ;
1692 2911 1773 2969 Et
1797 2928 1837 2967 a
1853 2919 2028 2985 parte
2055 2910 2174 2968 Dei
2197 2932 2327 2970 eum
2354 2912 2702 2987 hominibus,

283 3010 390 3066 per
421 2991 803 3064 Sponsionem
849 3008 1044 3045 eorum
1088 2992 1361 3066 omnium,
1412 3012 1543 3068 quse
1584 3011 1623 3049 a
1650 2991 1778 3049 Deo
1806 2989 2235 3066 promittuntur,
2267 2991 2386 3050 fore
2413 3000 2481 3050 ut
2508 2993 2704 3049 certis·

284 3069 433 3128 sime
461 3065 755 3141 implenda
783 3067 916 3125 sint.
1003 3068 1146 3126 Cum
1174 3071 1303 3127 Deo
1331 3074 1537 3143 offen-w
1564 3088 1737 3146 agere
1766 3069 1968 3127 debuit
1994 3087 2099 3144 pro
2126 3068 2455 3128 hominibus
2481 3073 2705 3143 satisfa-

286 3148 487 3204 ciendo
515 3164 620 3220 pro
649 3146 902 3221 peccatis
928 3146 1201 3223 ipsorum,
1233 3156 1294 3205 et
1319 3149 1708 3206 intercedendo
1750 3168 1859 3224 pro
1884 3148 2027 3224 ipsis
2055 3148 2210 3223 apud
2242 3148 2471 3206 Patrem
2500 3148 2575 3205 ad
2603 3148 2705 3207 ob·

285 3223 588 3283 tinendum
621 3224 895 3303 Spiritum
917 3246 1048 3285 cum
1071 3228 1202 3303 ejus
1220 3226 1404 3301 donis,
1430 3226 1783 3303 spondendo,
1809 3230 2003 3303 quoad
2018 3228 2370 3302 presteriwm
2396 3226 2706 3303 perfectam

284 3304 631 3366 solutionem
677 3307 933 3365 omnium
988 3307 1332 3382 debitorum,
1389 3315 1454 3365 et
1503 3306 1697 3382 reipsa
1732 3305 1907 3387 λῦτςον
1947 3304 2094 3365 illud
2134 3306 2469 3366 obedientia
2505 3325 2610 3363 sua
2650 3315 2709 3366 et

284 3394 469 3444 morte
499 3385 845 3462 exhibendO,
876 3395 935 3446 et
962 3386 1432 3463 quoadflaettwum
1461 3386 1742 3445 sinceram
1772 3398 1831 3446 et
1859 3396 2216 3447 constantem
2246 3386 2491 3445 foederis-
2508 3384 2704 3444 obser·

284 3466 576 3524 rationem
620 3466 680 3524 in
722 3476 1033 3544 posterum,
1082 3468 1142 3525 in
1171 3467 1313 3545 ipsis
1353 3484 1458 3545 per
1490 3467 1737 3544 Spiritus
1763 3467 2037 3527 virtutem
2067 3468 2513 3545 perficiendam;
2560 3466 2704 3525 Cum

284 3546 586 3605 homnibus
612 3566 753 3605 vero
780 3549 1178 3621 offendentibm
1205 3567 1244 3606 a
1267 3558 1428 3625 parte
1460 3548 1573 3606 Dei
1601 3557 1875 3625 tanquam
1926 3548 2185 3626 Legatus
2232 3549 2441 3621 Patris,
2493 3546 2703 3605 bonam

286 3627 410 3703 ejus
430 3627 790 3686 voluntatem
820 3628 973 3686 circa
1000 3647 1198 3686 eorum
1229 3629 1473 3688 salutem
1504 3628 1869 3704 declarando,
1900 3629 2234 3687 missionem
2264 3646 2426 3687 suam
2456 3626 2532 3684 ad
2559 3644 2704 3704 opus

289 3705 726 3783 Redemptionis
768 3706 1167 3783 significando,
1210 3707 1383 3767 fidem
1411 3709 1891 3785 promissionibus
1919 3717 1979 3767 et
2004 3709 2389 3767 obedientiam
2418 3705 2705 3765 mandatis

284 3794 556 3863 tanquam
585 3786 772 3844 officia
800 3796 859 3846 et
885 3787 1247 3846 conditiones
1275 3787 1507 3846 foederis
1534 3788 1899 3864 postulando,
1946 3795 2003 3846 et
2030 3789 2289 3846 vicissim
2318 3786 2705 3864 promittendo

285 3867 476 3924 emnia
517 3866 797 3924 beneficia
839 3865 1089 3942 foederis,
1140 3876 1204 3926 et
1244 3866 1579 3944 spondendo
1625 3887 1695 3925 ea
1726 3867 1919 3925 omnia
1951 3868 2267 3925 certissime
2310 3868 2585 3925 collatum
2613 3867 2703 3941 iri,

284 3965 398 4003 non
426 3945 599 4004 modo
627 3946 827 4004 Verbo
877 3946 1189 4023 Evangelii
1237 3956 1300 4005 et
1348 3946 1753 4022 sacramentis,
1798 3942 1902 4005 sed
1945 3947 2231 4024 praecipue
2261 3946 2539 4006 effusione
2569 3966 2699 4005 san·

284 4026 475 4103 guinis
520 4025 627 4101 sui,
673 4046 790 4102 qno
832 4026 1166 4103 obsignavit
1204 4043 1420 4085 novum
1448 4027 1561 4085 hoc
1588 4026 1779 4085 foedus
1805 4044 1996 4084 coram
2027 4026 2171 4102 Dec,
2203 4034 2262 4085 et
2288 4026 2542 4085 efficacia
2574 4026 2702 4104 Spi-

282 4107 425 4164 ritus
458 4106 536 4180 S.,
568 4124 684 4181 qua
711 4105 857 4164 illud
907 4107 965 4163 in
995 4106 1166 4165 nobis
1192 4114 1381 4165 ratum
1410 4106 1565 4165 facit.
1652 4106 1747 4165 Ita
1790 4104 2007 4182 duplex
2057 4107 2418 4165 obstaculum
2468 4106 2702 4166 foederis

285 4185 567 4243 removeri
596 4184 832 4245 debuit:
894 4188 948 4243 A
987 4195 1164 4262 parte
1189 4187 1321 4261 Dei,
1352 4185 1661 4245 Inimicitia
1697 4189 1813 4262 ejus
1840 4192 2074 4263 propter
2099 4195 2397 4263 peccatum
2425 4187 2695 4264 hominis,

284 4274 344 4323 et
366 4286 406 4323 a
420 4274 598 4341 parte
625 4265 859 4323 hominis
886 4265 1174 4324 inimicitia
1200 4266 1434 4325 hominis
1473 4274 1711 4344 propter
1743 4265 2032 4342 justitiam
2062 4266 2207 4342 Dei3
2253 4267 2416 4326 Dens
2458 4267 2573 4326 fuit
2611 4287 2699 4326 re-

282 4344 676 4403 conciliandus
722 4344 957 4420 homini,
1006 4354 1066 4405 et
1108 4346 1304 4404 Homo
1353 4347 1500 4405 Deo.
1585 4346 1848 4405 Christus
1904 4347 2065 4423 prius
2105 4346 2242 4406 fecit
2288 4366 2393 4424 per
2430 4347 2698 4406 meritum

282 4424 597 4501 sanguinis,
629 4443 746 4501 quo
773 4444 878 4501 pro
906 4426 1075 4485 nobis
1103 4426 1400 4501 satisfecit,
1431 4435 1490 4485 et
1519 4423 1707 4485 Deum
1738 4426 1906 4484 nobis
1935 4427 2366 4504 reconciliavit3
2411 4429 2702 4504 posterius

283 4524 384 4582 per
410 4504 724 4563 efficaciam
775 4506 1040 4584 Spiritus,
1092 4522 1210 4583 qua
1255 4525 1370 4565 nos
1411 4506 1733 4565 sanctificat
1781 4514 1840 4565 et
1887 4506 2189 4581 convertit,
2220 4514 2279 4565 et
2306 4509 2699 4567 convertendo

288 4585 415 4643 Deo
442 4584 792 4644 reconciliat.
878 4584 1080 4662 Atque
1117 4586 1204 4646 ita
1238 4586 1491 4665 perfecte
1517 4586 1798 4664 implevit,
1829 4605 1959 4663 quae
1985 4587 2083 4644 vel
2111 4605 2185 4645 ex
2213 4598 2374 4665 parte
2404 4588 2516 4649 Dei
2543 4589 2699 4667 apud

301 2329 348 2374 3.
386 2330 448 2376 In
466 2333 764 2379 executione.
