3221 5200
374 357 598 405 QUAEST.
630 334 786 419 xm]
1072 360 1149 400 nn
1179 360 1410 402 ori-’reio
1439 361 1676 400 cnmsrr
1705 359 2091 400 nanu-roma
2599 329 2609 339 ’
2675 344 2789 400 407

375 498 599 573 rituale,
644 508 763 557 tam
805 518 881 558 ex
922 500 1167 577 Judaeis,
1214 522 1385 578 quam
1428 522 1506 560 ex
1548 501 1855 576 Gentibus,
1900 501 2069 559 Rom.
2094 500 2173 557 iv.
2202 503 2292 573 13,
2326 500 2459 558 Gal.
2490 501 2569 558 iii.
2602 504 2655 572 8,
2694 505 2783 576 16,

377 578 530 636 Heb.
546 578 605 637 ii.
629 582 720 654 16,
736 600 836 657 per
846 581 1120 658 populum
1140 590 1197 640 et
1216 602 1440 660 corpus,
1461 602 1563 641 seu
1582 581 1884 640 ecclesiam
1905 580 2138 654 Christi,
2162 579 2372 638 Matth.
2394 579 2428 637 i.
2446 583 2540 654 21,
2565 581 2712 657 Eph.
2728 601 2784 639 v.

373 661 469 732 23,
496 678 598 735 per
614 680 755 718 vasa
775 660 1180 720 misericordiae
1198 671 1516 739 praeparata
1538 662 1613 720 ad
1631 661 1891 737 gloriam,
1919 660 2087 718 Rom.
2111 660 2192 718 ix.
2217 662 2312 734 23,
2334 663 2428 734 24,
2450 680 2552 737 per
2570 681 2669 718 eos
2687 661 2786 737 qui

372 738 543 796 electi
565 739 776 799 suntin
798 740 941 817 ipso,
963 750 1022 800 et
1042 742 1433 819 praedestinati
1452 742 1527 800 ad
1539 741 1907 818 adoptionem
1926 749 1984 799 et
2006 739 2480 815 conformitatem,
2507 761 2636 798 cum
2662 741 2785 817 ipso

375 818 543 878 Rom.
579 819 698 877 viii.
730 822 825 895 30,
859 822 1008 898 Eph.
1040 822 1077 880 i.
1108 826 1164 895 4,
1198 825 1251 897 5,
1284 843 1385 900 per
1406 822 1646 881 secundi
1683 821 1898 879 Adami
1946 820 2359 896 posteritatem,
2391 841 2520 896 quse
2550 820 2608 877 in
2640 821 2782 898 ips0‚

372 897 724 958 vivificanda
752 910 841 959 est
868 910 1007 977 tota,
1040 903 1301 979 opposite
1342 902 1418 961 ad
1458 902 1853 979 posteritatem
1887 900 2058 977 primi
2087 899 2320 973 Adami,
2354 900 2412 956 in
2441 921 2555 976 quo
2586 921 2785 959 omnes

372 979 711 1055 moriuntur,
748 984 777 1037 l
811 981 940 1039 Cor.
972 1002 1071 1040 xv.
1103 987 1198 1055 22,
1230 986 1327 1042 23.
1414 983 1508 1040 Ex
1549 982 1761 1059 quibus
1789 980 2057 1039 omnibus
2086 989 2244 1056 patet
2273 979 2355 1038 ita
2382 980 2649 1056 restringi
2680 981 2780 1039 ob·

361 1058 585 1134 jectum
614 1059 863 1119 dationis
892 1061 1123 1137 Christi,
1156 1073 1221 1121 ut
1247 1062 1323 1120 ad
1344 1083 1543 1121 omnes
1571 1072 1630 1122 ct
1660 1061 1921 1138 singulos
1943 1060 2178 1119 extendi
2210 1080 2323 1117 non
2353 1061 2553 1137 possit,
2585 1061 2688 1119 sed
2710 1060 2782 1118 ad

372 1138 655 1214 quosdam
682 1149 925 1199 tantum.

453 1218 644 1277 XIX.
691 1220 1087 1298 Nequicquam
1109 1222 1239 1298 quis
1269 1230 1585 1299 reponeret,
1614 1224 1649 1255 ‘⁴
1676 1221 1984 1280 Dationem
2007 1219 2175 1279 istam
2207 1219 2417 1278 Christi
2438 1219 2615 1279 fuisse
2645 1240 2782 1279 con-

369 1296 729 1374 ditionatam,
760 1320 876 1358 non
905 1302 1228 1361 absolutam
1252 1325 1265 1378 ;
1312 1302 1581 1360 nimirum
1610 1322 1680 1361 ea
1698 1302 1831 1378 lege
1853 1309 1911 1359 et
1932 1300 2278 1374 conditione,
2299 1310 2364 1358 ut
2390 1301 2653 1359 homines
2682 1302 2781 1358 be-

370 1377 642 1437 neficium
668 1380 778 1439 hoc
808 1380 920 1439 sibi
948 1382 1205 1441 oblatum
1246 1403 1350 1459 per
1391 1382 1564 1440 fidem
1606 1381 1942 1459 reciperent,
1974 1379 2131 1457 quod
2165 1400 2295 1437 cum
2325 1400 2361 1437 a
2387 1380 2592 1457 majori
2620 1389 2781 1457 parte

370 1477 486 1516 non
526 1458 643 1534 fiat,
689 1461 897 1519 mirum
926 1481 1041 1520 non
1087 1483 1230 1537 esse,
1262 1463 1311 1522 si
1357 1462 1515 1520 datio
1564 1461 1676 1521 ista
1719 1469 1914 1520 manet
1957 1460 2120 1518 irrita
2157 1469 2421 1536 respectu
2467 1460 2781 1537 ipsorum.''

371 1538 522 1611 Quia
549 1540 731 1616 gratis
760 1543 1101 1619 supponitur
1134 1543 1307 1602 talem
1350 1542 1645 1602 dationem
1686 1562 1814 1601 esse
1856 1540 2324 1615 conditionatam,
2357 1560 2487 1598 cum
2517 1541 2783 1618 nuspiam

374 1619 671 1695 Scriptura
710 1620 879 1680 istius
920 1622 1267 1682 conditionis
1309 1623 1650 1682 meminerit.
1738 1621 1903 1680 Licet
1944 1620 2097 1679 enim
2139 1619 2284 1677 fides
2326 1629 2679 1697 proponatur
2719 1630 2784 1680 ut

371 1698 623 1757 medium
671 1710 728 1759 et
772 1701 1026 1762 conditio
1072 1704 1395 1762 necessaria
1443 1702 1519 1760 ad
1567 1702 1952 1779 receptionem
1999 1708 2058 1758 et
2085 1720 2252 1758 usum
2284 1700 2451 1757 istius
2481 1700 2780 1775 benefieii3

372 1777 504 1836 Non
532 1780 594 1837 in
622 1800 690 1839 eo
718 1790 908 1858 potest
936 1784 1156 1841 censeri
1200 1783 1454 1842 conditio
1496 1781 1916 1860 praesupposita
1949 1779 2170 1837 dationi
2220 1779 2451 1851 Christi,
2497 1799 2628 1837 cum
2658 1780 2784 1855 ipsa

370 1858 447 1916 sit
488 1858 703 1919 donum
746 1862 966 1938 gratiae,
998 1871 1058 1922 et
1098 1863 1319 1921 fructus
1360 1862 1529 1921 istius
1571 1861 1841 1919 dationis.
1927 1859 2178 1917 Accedit
2218 1857 2375 1934 quod
2404 1858 2454 1916 si
2482 1857 2640 1916 datio
2670 1859 2784 1917 ista

371 1938 586 1998 Christi
628 1941 824 2017 aliqua
865 1942 1195 2001 conditione
1237 1943 1533 2017 niteretur,
1574 1941 1687 1998 Vel
1730 1941 1804 1998 ab
1832 1939 2065 1997 homine
2095 1937 2388 2015 penderet,
2421 1938 2517 1995 vel
2545 1958 2580 1995 a
2611 1938 2739 1996 Deo
2767 1960 2780 1998 :

366 2017 528 2095 prius
550 2020 666 2077 dici
694 2041 809 2078 non
839 2029 1030 2097 potest
1058 2022 1170 2080 nisi
1199 2042 1234 2079 a
1264 2022 1504 2097 Pelagio
1530 2044 1544 2080 :
1590 2021 1638 2078 si
1660 2020 1948 2097 posterius
1977 2018 2269 2092 asseritur,
2301 2037 2371 2076 eo
2398 2038 2491 2076 res
2520 2017 2685 2092 redit,
2717 2029 2783 2077 ut

369 2097 680 2157 dicendum
708 2100 784 2158 sit
814 2100 1106 2159 Christum
1135 2102 1334 2159 datum
1363 2121 1489 2159 esse
1532 2100 1702 2158 nobis
1743 2119 1779 2156 a
1823 2100 1949 2156 Deo
1978 2098 2040 2156 in
2072 2099 2453 2171 Servatorem,
2485 2118 2555 2155 ea
2583 2098 2780 2156 condi-

370 2177 545 2251 tione,
571 2189 635 2237 ut
661 2179 830 2237 nobis
859 2180 982 2256 ipse
1011 2200 1142 2238 eum
1172 2181 1336 2239 daret
1376 2200 1479 2256 per
1519 2179 1656 2238 fidei
1698 2178 2155 2256 productionem,
2188 2176 2283 2234 vel
2314 2176 2422 2235 sub
2452 2177 2782 2237 conditione

369 2255 522 2331 fidei,
554 2277 726 2333 quam
774 2258 896 2336 ipse
941 2268 1134 2318 tamen
1178 2260 1317 2318 dare
1361 2279 1478 2318 non
1525 2259 1672 2335 vult,
1719 2258 1820 2336 qui
1857 2257 2017 2317 solus
2044 2265 2252 2334 potest,
2284 2256 2440 2333 quod
2468 2276 2637 2315 nemo
2666 2276 2782 2315 non

367 2335 531 2395 videt
557 2337 870 2396 absurdum
900 2358 1044 2398 esse.

450 2416 606 2475 XX.
656 2418 786 2477 Hoc
808 2418 995 2496 ipsum
1014 2439 1152 2477 vero
1174 2419 1417 2478 ulterius
1438 2418 1626 2477 adhuc
1647 2417 2016 2477 confirmatur
2042 2437 2118 2476 ex
2147 2414 2506 2475 connexione
2535 2415 2783 2492 duplicis

369 2496 590 2572 νχὶσνς,
624 2498 731 2555 sub
760 2518 874 2574 qua
922 2499 1091 2557 nobis
1113 2499 1282 2558 datus
1300 2508 1405 2574 est,
1449 2499 1623 2557 Vadis
1652 2497 1889 2572 scilicet,
1922 2505 1981 2556 et
2012 2497 2231 2573 Capitis
2247 2520 2270 2569 ;
2312 2495 2500 2554 Vadis
2528 2496 2780 2573 quidem,

367 2587 434 2637 ut
461 2598 564 2656 pro
593 2578 761 2637 nobis
790 2578 1195 2640 satisfaciendo
1224 2580 1468 2640 salutem
1510 2578 1680 2639 nobis
1720 2577 2075 2656 acquireret3
2122 2576 2342 2654 Capitis
2368 2596 2524 2651 vern,
2555 2584 2621 2635 ut
2653 2575 2780 2653 Spi-

367 2658 484 2716 ritu
512 2679 617 2718 suo
647 2659 706 2716 in
735 2660 903 2719 nobis
944 2661 1235 2738 operando
1264 2681 1390 2719 eam
1434 2661 1601 2719 nobis
1643 2659 1976 2736 applicaret.
2064 2658 2146 2718 Ut
2184 2677 2324 2734 ergo
2353 2676 2468 2714 non
2497 2657 2668 2715 datus
2696 2665 2786 2716 est

370 2737 558 2815 Caput
586 2739 854 2799 omnibus
882 2749 941 2800 et
969 2741 1233 2818 singulis,
1266 2741 1366 2799 sed
1397 2750 1623 2800 tantum
1668 2739 1809 2798 solis
1856 2739 2137 2797 Membris
2166 2738 2304 2812 suis,
2335 2736 2398 2794 id
2425 2745 2514 2795 est
2543 2736 2781 2811 Electis,

368 2819 470 2895 qui
518 2819 722 2879 salutis
765 2828 899 2879 actu
947 2822 1093 2880 fiunt
1140 2822 1466 2898 participes.
1556 2821 1650 2880 Ita
1696 2840 1814 2878 non
1862 2819 2105 2877 aliorum
2154 2817 2357 2877 debuit
2399 2836 2526 2875 esse
2560 2817 2685 2874 Vas
2726 2826 2786 2875 et

373 2898 667 2975 Sponsor3
714 2901 858 2958 Cum
900 2901 1102 2960 eadem
1146 2903 1220 2960 sit
1261 2903 1561 2977 utriusque
1592 2902 1797 2977 σκέπας
1824 2899 2004 2974 rati03
2052 2899 2174 2956 Nec
2201 2897 2388 2973 major
2421 2896 2629 2956 debeat
2657 2915 2784 2954 esse

369 2978 633 3036 extensio
662 2979 832 3038 unius
861 3001 1033 3056 quam
1062 2982 1317 3039 alterius.
1403 2981 1568 3039 Idem
1612 2979 1805 3038 evinci
1847 2986 2038 3054 potest
2065 2997 2140 3035 ex
2169 2977 2548 3053 conjunctione
2576 2977 2785 3033 Mortis

368 3065 424 3114 et
448 3058 899 3116 Ram-rectionis
923 3061 1148 3133 Christi,
1174 3060 1233 3117 in
1256 3060 1466 3136 quibus
1488 3059 1708 3136 duplex
1729 3059 1842 3116 ista
1858 3057 2061 3115 relatio
2089 3057 2293 3133 patuit,
2325 3055 2608 3131 siquidem
2637 3056 2783 3113 mori

368 3134 571 3195 debuit
596 3145 664 3194 ut
693 3137 832 3212 Vas,
866 3147 923 3197 et
967 3158 1267 3214 resurgere
1315 3149 1381 3197 ut
1426 3138 1631 3215 Caput.
1717 3137 1863 3195 Cum
1906 3156 2046 3193 vero
2075 3135 2275 3193 eadem
2307 3134 2382 3192 sit
2409 3134 2554 3192 ratio
2582 3134 2784 3191 mortis

368 3224 429 3274 et
456 3217 906 3292 resurrectionis,
938 3238 1043 3276 nec
1073 3237 1248 3276 causa
1274 3218 1394 3277 ulla
1432 3218 1557 3275 dari
1584 3216 1786 3294 possit,
1819 3235 1921 3273 cur
1947 3214 2048 3272 illa
2075 3214 2249 3272 latius
2279 3213 2389 3270 ista
2417 3212 2780 3286 extendatur,

365 3314 482 3372 quo
509 3295 576 3355 fit
604 3304 669 3355 ut
699 3296 916 3356 Paulus
945 3307 1122 3375 ponat
1163 3299 1286 3356 haec
1315 3297 1431 3356 duo
1452 3306 1728 3373 tanquam
1749 3291 2148 3370 ἰσοδυναμοῦντα,
2173 3302 2232 3352 et
2260 3291 2498 3368 aequalis
2524 3291 2782 3350 latitudi-

367 3376 478 3450 nis,
512 3376 804 3435 Christum
837 3380 872 3410 ‘⁴
895 3387 1183 3437 mortuum
1207 3397 1331 3436 esse
1354 3386 1588 3456 propter
1606 3384 1845 3455 peccata
1872 3383 2069 3433 nostra
2097 3382 2155 3433 et
2183 3372 2520 3431 suscitatum
2551 3380 2784 3450 propter

360 3457 836 3534 justificationem
855 3459 1169 3534 nostram,’'
1196 3459 1366 3516 Rom.
1390 3457 1468 3516 iv.
1494 3461 1589 3532 25,
1615 3465 1673 3515 et
1693 3461 1727 3514 2
1755 3458 1885 3515 Cor.
1906 3475 1962 3513 v.
1997 3457 2089 3529 14,
2125 3456 2218 3529 15,
2243 3459 2500 3526 testetur,
2529 3454 2565 3483 ‘⁴
2589 3452 2783 3510 Chris-

366 3545 490 3596 tum
521 3546 810 3596 mortuum
838 3557 965 3597 esse
1008 3559 1112 3616 pro
1161 3538 1445 3613 omnibus,
1478 3546 1543 3596 ut
1582 3537 1685 3614 qui
1726 3536 1998 3614 deinceps
2041 3535 2263 3608 vivant,
2295 3553 2413 3591 non
2440 3533 2645 3591 vivant
2672 3531 2784 3590 sibi

366 3616 526 3693 ipsis,
559 3617 661 3676 sed
692 3618 778 3676 illi
806 3619 903 3696 qui
934 3629 1195 3678 mortuus
1237 3627 1327 3677 est
1367 3627 1427 3678 et
1468 3618 1781 3677 suscitatus
1813 3636 1918 3695 pro
1945 3615 2131 3693 ips0.''
2218 3614 2351 3672 Non
2378 3633 2481 3691 pro
2510 3612 2641 3670 aliis
2669 3612 2784 3670 dici

365 3704 559 3772 potest
586 3707 863 3772 mortuus,
895 3719 1066 3776 quam
1097 3720 1200 3778 pro
1244 3698 1316 3757 iis
1356 3718 1461 3776 pro
1502 3698 1715 3776 quibus
1740 3695 2072 3771 resurrexit,
2104 3696 2241 3772 quia
2267 3694 2554 3752 fructuum
2583 3691 2786 3750 mortis

369 3775 584 3832 Christi
612 3796 780 3834 nemo
822 3779 888 3836 fit
929 3780 1217 3856 particeps
1258 3779 1371 3836 nisi
1411 3798 1514 3856 per
1546 3777 2042 3837 resurrectionem.
2128 3776 2215 3833 At
2241 3794 2357 3832 non
2386 3793 2488 3849 pro
2517 3772 2785 3830 omnibus

367 3857 752 3990 relisurrexisse
780 3865 847 3915 ut
876 3857 1079 3935 Caput,
1110 3859 1187 3916 ad
1214 3859 1460 3917 salutem
1477 3866 1661 3916 morte
1683 3864 1906 3934 partam
1934 3855 2076 3932 ipsis
2106 3851 2508 3913 conferendam
2538 3870 2630 3908 res
2659 3851 2787 3927 ipsa

370 3954 401 3991 c
427 3941 599 3991 amat.

980 4015 1171 4074 XXI.
1215 4015 1428 4089 Terti0,
1473 4016 1676 4074 eadem
1703 4014 1919 4073 veritas
1947 4011 2277 4084 adstruitur,
2307 4011 2412 4067 Ex
2447 4008 2788 4066 connexione

369 4057 414 4104 3⁸
444 4059 853 4163 ἓέςιξῗέἆξέἐῗέθ
893 4095 1321 4169 Satzlssactionis,
1352 4104 1406 4152 et
1430 4093 1848 4154 Intercessionis
1879 4092 2105 4152 Christi.
2158 4091 2300 4149 Cum
2332 4089 2482 4147 enim
2513 4090 2629 4146 sint
2655 4107 2784 4165 par-

443 4182 496 4222 et
537 4177 855 4222 Interoossio-
895 4182 984 4232 tes
1026 4173 1286 4252 ejusdem
1328 4174 1589 4232 Muneris
1633 4171 2035 4246 Sacerdotalis,
2081 4170 2295 4228 debent
2322 4168 2496 4227 etiam
2524 4167 2785 4244 ejusdem

444 4237 537 4282 ¹¹¹⁸·
898 4274 1025 4314 esse
1081 4254 1420 4328 latitudinis,
1466 4262 1532 4313 ut
1575 4274 1680 4331 pro
1723 4252 1934 4330 quibus
1988 4249 2309 4324 intercedit,
2353 4269 2458 4326 pro
2500 4248 2572 4305 iis
2613 4248 2787 4306 etiam

372 4334 730 4409 satisfecerit,
774 4354 881 4393 nec
907 4355 1011 4413 pro
1041 4335 1171 4393 aliis
1199 4334 1541 4394 satisfecerit
1581 4354 1756 4411 quam
1797 4352 1900 4410 pro
1942 4329 2154 4408 quibus
2196 4329 2518 4388 intercedit.
2620 4327 2785 4386 Idem

372 4414 526 4472 enim
569 4413 742 4473 debet
783 4434 910 4475 esse
953 4416 1244 4493 objectum
1285 4424 1404 4474 tam
1459 4416 1700 4490 iano-pov,
1746 4432 1918 4490 quam
1963 4412 2286 4487 ἔμφαυισμοῦ,
2334 4417 2399 4467 ut
2441 4428 2475 4465 a
2505 4407 2688 4465 Paulo
2731 4416 2788 4467 et

373 4493 645 4552 ‚Iohanne
673 4494 1062 4556 indissolubili
1092 4496 1327 4554 vinculo
1362 4503 1797 4567 connectuntur,
1833 4497 1860 4550 1
1895 4493 2036 4552 Joh.
2066 4491 2125 4549 ii.
2163 4496 2211 4566 l,
2245 4496 2301 4565 2,
2334 4489 2503 4547 Rom.
2536 4487 2660 4545 viii.
2691 4491 2787 4546 34.

376 4572 462 4630 At
488 4593 592 4651 pro
622 4574 889 4634 omnibus
916 4586 975 4635 et
1005 4575 1250 4654 singulis
1293 4597 1409 4635 non
1443 4575 1812 4649 intercedere,
1855 4572 1958 4632 sed
1986 4593 2089 4650 pro
2119 4571 2270 4631 datis
2300 4578 2523 4629 tantum
2552 4589 2587 4626 a
2616 4567 2789 4627 Patre

376 4652 641 4713 Christus
670 4654 792 4731 ipse
822 4676 1096 4734 expresse
1126 4665 1385 4732 testatur,
1412 4658 1455 4716 J
1458 4658 1551 4716 oh.
1584 4656 1726 4730 xvii,
1753 4658 1808 4731 9,
1847 4656 1983 4714 Non
2000 4673 2117 4730 pro
2147 4654 2369 4726 mundO,
2402 4649 2606 4727 inquit,
2633 4670 2788 4726 rogo,
