3221 5200
532 283 650 342 562
1339 293 1531 334 Locus
1559 292 1825 333 nzcmus
1855 291 2096 332 sexi-us,
2448 277 2460 292 ³
2603 270 2899 354 [cuins-r,
2938 292 3016 333 11.

535 437 778 505 amicus,
809 442 880 491 ut
906 434 982 491 sit
1010 436 1199 492 haeres
1231 434 1560 493 secundum
1579 452 1745 508 spem
1772 434 1911 490 vitae
1935 432 2230 502 aeternae,’'
2262 433 2363 487 &a
2390 429 2472 488 Et
2498 437 2714 505 postea
2737 453 2752 490 :
2801 439 2849 465 “
2875 432 3018 490 De-

536 534 705 573 mum
735 513 910 570 unica
936 512 1205 570 formalis
1232 530 1412 570 causa
1438 518 1543 580 est,
1572 511 1617 570 J
1622 511 1825 568 ustitia
1867 511 1998 580 Dei,
2027 529 2146 567 non
2184 528 2308 584 qua
2334 509 2457 584 ipse
2488 510 2699 583 justus
2730 517 2856 579 est,
2892 513 3013 567 sed

540 611 663 667 qua
682 608 792 647 nos
813 591 1010 665 justos
1031 591 1176 648 facit
1199 613 1213 660 ;
1238 609 1360 665 qua
1380 590 1657 646 videlicet
1678 591 1753 647 ab
1771 608 1842 647 eo
1864 589 2089 657 donati,
2114 605 2473 645 renovamur
2495 587 2735 661 Spiritu
2753 590 3017 646 mentis

539 677 780 740 nostrae,
809 677 870 727 et
908 687 1032 726 non
1079 671 1261 726 modo
1289 673 1657 742 reputamur,
1707 669 1809 725 sed
1838 685 1976 723 vere
2009 666 2159 740 justi
2200 666 2585 722 nominamur
2626 673 2687 722 et
2741 684 3010 736 sumus,

533 747 834 822 justitiam
861 747 920 804 in
968 747 1137 804 nobis
1179 745 1541 819 recipientes,
1572 746 1983 820 unusquisque
2011 762 2181 801 suam
2227 744 2556 801 secundum
2598 762 3013 813 mensuram,

543 845 728 901 quam
761 825 1017 900 Spiritus
1042 824 1297 883 Sanctus
1323 822 1580 896 partitur
1607 823 1876 897 singulis,
1905 829 2086 897 prout
2111 822 2262 889 vult,
2292 829 2352 877 et
2377 821 2711 878 secundum
2742 823 3013 896 propri-

543 923 642 962 am
670 904 960 977 cujusque
988 901 1440 975 dispositionem
1466 907 1527 957 et
1552 900 2089 975 cooperationem.''
2173 897 2254 955 Et
2286 898 2509 955 Canon.
2537 898 2606 955 ll
2631 921 2645 956 :
2676 906 2713 932 “
2742 899 2813 958 Si
2848 901 3007 973 quis

545 982 764 1039 dixerit
790 979 1060 1037 homines
1078 978 1394 1052 justificari
1421 979 1519 1035 vel
1547 979 1677 1037 sola
1716 978 2111 1053 imputatione
2143 977 2399 1051 justitiae
2431 975 2668 1047 Christi,
2698 979 2806 1034 vel
2856 979 3009 1034 sola

544 1066 924 1135 peccatorum
952 1055 1314 1126 remissione,
1342 1056 1583 1115 exclusa
1609 1057 1821 1130 gratia,
1850 1063 1911 1113 et
1938 1055 2243 1124 charitate,
2273 1073 2409 1129 quae
2446 1054 2509 1109 in
2537 1055 2832 1112 cordibus
2890 1074 3007 1111 eo-

545 1156 682 1193 rum
710 1153 815 1210 per
844 1134 1132 1209 Spiritum
1175 1135 1234 1194 S.
1265 1135 1641 1191 diffundatur
1661 1141 1841 1208 atque
1873 1134 1994 1191 illis
2033 1133 2338 1202 inhaereat,
2368 1138 2477 1188 aut
2503 1132 2682 1189 etiam
2710 1133 3001 1206 gratiam

548 1233 670 1288 qua
687 1212 1085 1286 justificamur
1112 1231 1236 1270 esse
1264 1219 1502 1270 tantum
1541 1212 1809 1269 favorem
1851 1212 1984 1281 Dei,
2015 1211 2361 1268 Anathema
2407 1210 2539 1267 sit.”
2624 1210 2721 1268 Ex
2752 1211 3003 1285 quibus

547 1298 713 1367 patet
756 1288 1090 1347 Concilium
1118 1292 1273 1348 velle
1302 1290 1604 1364 justitiam
1645 1290 2033 1348 inhaerentem
2074 1307 2198 1346 esse
2225 1306 2464 1345 causam
2502 1296 2746 1362 propter
2791 1308 2998 1362 quam

540 1368 956 1444 justificamur.
1040 1368 1171 1426 Nec
1197 1368 1418 1425 morari
1447 1386 1557 1425 nos
1583 1369 1776 1439 debet,
1805 1370 1969 1442 quod
2007 1367 2092 1424 ibi
2132 1366 2495 1439 distinguere
2537 1366 2779 1424 videtur
2822 1367 3001 1424 inter

547 1467 778 1505 causam
789 1449 1117 1520 formalem,
1146 1455 1208 1504 et
1235 1447 1586 1504 meritoriam
1607 1471 1631 1518 ;
1674 1447 1847 1504 istam
1876 1445 2119 1520 quidem
2146 1462 2271 1502 esse
2301 1443 2622 1513 Christum,
2654 1446 2761 1501 sed
2804 1445 2993 1502 illam

541 1526 844 1600 justitiam
869 1524 1146 1582 infusam.
1234 1524 1395 1592 Quia
1421 1544 1559 1581 cum
1587 1533 1802 1598 agatur
1827 1526 1900 1581 de
1921 1522 2347 1597 justificatione
2375 1540 2575 1579 coram
2612 1522 2764 1592 Dec,
2796 1541 2995 1580 causa

549 1603 822 1661 formalis
840 1623 963 1660 non
983 1610 1180 1678 potest
1200 1602 1489 1676 distingui
1516 1620 1553 1658 a
1570 1602 1892 1672 meritoria,
1914 1600 2059 1675 quia
2077 1601 2192 1657 hoc
2211 1607 2483 1675 respectu
2503 1619 2681 1657 causa
2700 1600 2995 1657 formalis

550 1682 703 1739 nihil
732 1682 899 1740 aliud
927 1689 1033 1753 est,
1063 1700 1246 1756 quam
1271 1681 1429 1738 illud
1462 1682 1540 1739 ad
1569 1681 1741 1754 cujus
1767 1685 2148 1754 conspectum
2177 1677 2343 1735 Deus
2383 1696 2422 1735 a
2447 1679 2838 1735 damnatione
2872 1697 2994 1734 nos

548 1761 779 1831 liberat,
809 1766 870 1817 et
897 1761 976 1817 ad
1003 1760 1191 1816 vitam
1218 1766 1505 1817 aeternam
1533 1765 1814 1833 acceptat.

633 1839 751 1896 VI.
799 1837 1139 1896 Orthodoxi
1165 1855 1309 1894 vero
1338 1838 1515 1910 longe
1544 1838 1718 1893 aliter
1746 1835 2027 1893 sentiunt.
2114 1834 2407 1903 Quamvis
2428 1834 2587 1892 enim
2608 1853 2730 1892 non
2752 1843 2991 1909 negent

543 1916 847 1991 justitiam
874 1916 1267 1973 inhaerentem
1298 1914 1519 1973 Christi
1565 1913 1777 1971 merito
1816 1912 1990 1970 nobis
2030 1912 2382 1988 acquisitam
2421 1931 2561 1984 esse,
2591 1920 2652 1970 et
2693 1932 2802 1988 per
2844 1914 2989 1986 ejus

552 1996 807 2068 gratiam
835 1994 1008 2050 nobis
1036 1991 1307 2061 conferri,
1339 1992 1426 2049 ita
1467 2001 1536 2049 ut
1561 2011 1667 2066 per
1694 2010 1826 2048 eam
1852 2010 1990 2048 vere
2024 1992 2176 2066 justi
2215 1999 2276 2048 et
2311 1991 2500 2048 sancti
2540 1991 2743 2062 simus,
2773 1999 2835 2048 et
2875 1994 2988 2049 de-

552 2071 853 2129 nominari
874 2071 1208 2146 possimus;
1257 2070 1504 2144 Negant
1541 2078 1741 2126 tamen
1780 2070 2012 2143 ingredi
2051 2071 2179 2128 ulla
2206 2069 2435 2126 ratione
2470 2070 2988 2143 justificationem,

552 2152 650 2207 vel
678 2157 971 2224 tanquam
998 2166 1261 2218 causam,
1290 2149 1386 2204 vel
1413 2155 1701 2223 tanquam
1723 2155 1970 2222 partem,
1994 2154 2064 2205 ut
2099 2148 2162 2203 in
2190 2166 2261 2205 ea
2278 2147 2628 2220 justificatio
2666 2147 2863 2223 posita
2890 2148 2989 2204 dj-

555 2235 746 2299 catur,
775 2236 837 2285 et
863 2245 968 2302 per
996 2234 1057 2284 et
1082 2233 1321 2302 propter
1349 2245 1481 2284 eam
1509 2228 1692 2284 homo
1705 2225 2066 2300 justificetur
2092 2243 2297 2283 coram
2324 2223 2454 2282 Deo
2478 2247 2495 2295 ;
2537 2227 2726 2283 solam
2754 2227 2990 2300 quippe

548 2306 848 2381 justitiam
880 2304 1100 2364 Christi
1127 2305 1299 2362 nobis
1324 2304 1680 2380 imputatam
1707 2321 1832 2361 esse
1868 2303 2330 2361 fundamentum
2358 2310 2418 2360 et
2456 2323 2697 2361 causam
2735 2304 2989 2360 merito-

553 2383 722 2454 riam,
753 2402 873 2459 qua
899 2382 1118 2439 nititur
1145 2383 1438 2440 sententia
1462 2389 1666 2440 nostra
1693 2383 2078 2452 absolutoria,
2101 2389 2171 2439 ut
2198 2399 2318 2438 non
2348 2390 2590 2458 propter
2617 2382 2784 2439 aliud
2815 2382 2992 2440 Deus

555 2463 964 2520 remissionem
1003 2468 1383 2536 peccatorum
1423 2467 1484 2518 et
1511 2460 1618 2535 jus
1666 2462 1743 2517 ad
1771 2461 1957 2518 vitam
1997 2460 2269 2534 largitur,
2299 2478 2483 2534 quam
2524 2467 2764 2536 propter
2796 2460 2987 2533 justi÷

557 2541 703 2597 tiam
732 2538 1219 2615 perfectissimam
1251 2538 1471 2595 Christi
1497 2538 1671 2595 nobis
1699 2539 2076 2614 imputatam,
2105 2544 2166 2595 et
2190 2555 2297 2613 per
2322 2539 2501 2595 fidem
2527 2539 2984 2615 apprehensam.

560 2617 743 2676 Unde
784 2617 958 2674 facile
986 2617 1310 2690 colligitur,
1352 2635 1576 2674 meram
1617 2617 1714 2674 hic
1753 2636 1874 2674 non
1915 2636 2039 2674 esse
2081 2617 2537 2692 logomachiam,
2586 2624 2657 2675 ut
2698 2618 2985 2674 nonnulli

559 2712 870 2770 perperam
919 2694 1031 2750 sibi
1073 2695 1329 2767 fingunt,
1378 2696 1481 2751 sed
1531 2694 1997 2752 controversiam
2036 2694 2295 2752 maxime
2343 2696 2585 2765 realem,
2626 2703 2687 2752 et
2734 2696 2985 2770 quidem

558 2772 714 2830 tanti
742 2771 1047 2841 momenti,
1089 2777 1159 2826 ut
1186 2770 1248 2827 in
1284 2789 1355 2827 ea
1381 2772 1457 2828 de
1483 2771 1784 2846 praecipuo
1812 2773 2021 2831 salutis
2062 2781 2279 2830 nostrae
2308 2779 2524 2847 agatur
2561 2773 2987 2844 fundamenta,

561 2869 683 2925 quo
711 2848 962 2908 subruto
989 2848 1088 2905 vel
1113 2847 1474 2907 labefactato
1523 2867 1762 2906 omnem
1801 2852 2084 2909 fiduciam
2123 2858 2184 2909 et
2209 2850 2678 2909 consolationem
2715 2857 2985 2909 nostram

562 2936 623 2987 et
651 2927 712 2985 in
735 2927 862 2985 vita
888 2934 949 2985 et
974 2926 1038 2983 in
1066 2932 1259 2985 morte
1286 2926 1478 3003 perire
1504 2945 1740 2986 necesse
1768 2935 1873 2988 est.

648 3004 808 3066 VII.
852 3005 992 3065 Hoc
1010 3023 1153 3063 vero
1184 3005 1404 3064 clarius
1432 3013 1614 3083 patet,
1644 3026 1835 3083 quum
1860 3008 1923 3065 in
1946 3026 2075 3066 rem
2098 3008 2293 3084 ipsam
2317 3016 2567 3066 ventum
2595 3015 2701 3078 est,
2730 3026 2840 3066 nec
2877 3006 2987 3064 fri-

560 3087 700 3162 gide
727 3092 788 3144 et
808 3092 978 3144 extra
993 3092 1291 3143 certamen
1310 3084 1373 3142 in
1392 3087 1609 3143 umbra
1627 3092 1687 3143 et
1707 3086 1953 3161 pulvere
1975 3087 2327 3145 scholastico
2344 3094 2634 3162 tanquam
2656 3105 2730 3143 ex
2745 3085 2988 3159 longin-

562 3185 684 3241 quo
712 3164 1115 3223 controversia
1141 3164 1421 3238 agitatur,
1465 3166 1568 3222 sed
1596 3164 1660 3221 in
1714 3164 1878 3222 lucta
1903 3171 1964 3222 et
2001 3182 2212 3239 agone,
2236 3165 2343 3221 ubi
2362 3165 2718 3224 conscientia
2758 3164 2990 3221 sistitur

563 3262 765 3303 coram
814 3243 964 3313 Dec,
994 3249 1055 3300 et
1100 3243 1327 3318 peccati
1354 3252 1414 3299 et
1452 3242 1705 3317 justitiae
1750 3243 1969 3300 divinae
2018 3261 2194 3301 sensu
2235 3243 2442 3301 territa
2469 3244 2688 3318 quaerit
2733 3243 2987 3300 modum

564 3322 762 3379 standi
804 3321 867 3377 in
907 3320 1161 3394 judici0,
1203 3328 1264 3377 et
1302 3320 1576 3395 fugiendi
1623 3320 1777 3377 iram
1825 3328 2156 3379 venturam.
2240 3320 2442 3379 Facile
2490 3322 2734 3396 quidem
2782 3327 2870 3376 est
2915 3319 2983 3377 in

568 3398 922 3457 Scholarum
949 3398 1164 3454 umbra
1193 3398 1267 3454 de
1294 3397 1640 3456 inhaerentis
1658 3397 1911 3472 justitiae
1940 3406 2001 3455 et
2037 3417 2285 3474 operum
2313 3400 2605 3474 dignitate
2653 3401 2727 3457 ad
2764 3398 2987 3473 justifi-

566 3476 788 3531 candos
804 3473 1076 3530 homines
1094 3475 1290 3531 multa
1298 3474 1526 3548 garrire
1537 3497 1553 3547 ;
1577 3477 1681 3533 sed
1699 3476 1802 3534 ubi
1820 3478 1881 3533 in
1895 3484 2275 3552 conspectum
2299 3477 2414 3534 Dei
2424 3484 2671 3535 ventum
2687 3484 2794 3547 est,
2804 3476 2989 3533 faces·

567 3557 704 3608 sant
731 3549 878 3607 talia
902 3558 1270 3624 nugamenta
1296 3559 1546 3625 oportet,
1576 3554 1722 3627 quia
1747 3572 1840 3612 res
1865 3555 1990 3612 illic
2016 3555 2216 3629 agitur
2242 3555 2411 3626 seri0,
2441 3574 2561 3613 non
2596 3556 2827 3613 ludicra
2849 3573 2983 3623 2070-

567 3636 735 3699 μαχία
770 3634 1093 3686 exercetur.
1196 3627 1338 3685 Huc
1366 3630 1612 3687 omnino
1663 3633 1979 3690 attollendi
2027 3641 2169 3691 sunt
2217 3633 2394 3704 oculi,
2425 3634 2473 3692 si
2520 3635 2802 3692 volumus
2847 3652 2986 3691 cum

564 3706 768 3766 fructu
794 3704 1094 3783 inquirere
1122 3707 1197 3763 de
1222 3724 1368 3763 vera
1384 3706 1640 3780 justitia,
1671 3711 1975 3786 quomodo
2004 3710 2225 3769 coelesti
2257 3710 2301 3769 J
2306 3711 2464 3768 udici
2504 3713 2986 3787 respondeamus,

568 3806 758 3863 quum
785 3804 895 3844 nos
921 3785 1000 3843 ad
1027 3785 1322 3843 rationem
1349 3786 1668 3846 vocaverit.
1738 3787 1895 3847 Sane
1923 3790 2070 3846 dum
2097 3789 2160 3846 in
2180 3788 2522 3847 hominibus
2545 3790 2811 3848 subsistit
2829 3809 2988 3848 com-

567 3866 821 3941 paratiO,
832 3864 1083 3941 quisque
1100 3865 1319 3923 habere
1336 3870 1525 3939 putat,
1545 3868 1711 3940 quod
1729 3866 1984 3942 alicujus
2001 3867 2077 3925 sit
2097 3867 2272 3941 pretii
2293 3875 2352 3925 et
2368 3868 2604 3926 valoris.
2649 3867 2766 3927 Sed
2784 3868 2887 3924 ubi
2905 3870 2985 3926 ad

569 3945 803 4002 coeleste
824 3943 1110 4002 Tribunal
1130 3943 1515 4018 assurgimus,
1535 3952 1595 4002 et
1612 3963 1914 4003 summum
1941 3945 2118 4002 illum
2138 3944 2182 4003 J
2185 3946 2421 4004 udicem
2449 3947 2618 4004 nobis
2658 3947 2737 4003 ob
2785 3947 2990 4004 oculos

613 4022 867 4092 onimus,
886 4039 1006 4078 non
1027 4022 1270 4097 qualem
1296 4021 1634 4080 intellectus
1654 4023 1843 4081 nostri
1862 4030 2071 4100 sponte
2088 4022 2512 4099 imaginantur,
2531 4026 2633 4082 sed
2653 4024 2759 4099 qui
2774 4024 2987 4081 descri-

567 4042 730 4158 {itur
757 4099 928 4158 nobis
948 4099 1012 4156 in
1051 4098 1376 4175 Scriptura,
1396 4099 1492 4174 cuj
1499 4120 1569 4158 us
1591 4100 1812 4160 scilicet
1834 4101 2072 4177 fulgore
2095 4103 2561 4160 obtenebrantur
2576 4104 2783 4173 stellae,
2812 4102 2905 4176 cuj
2913 4120 2985 4160 us

569 4179 782 4236 robore
797 4177 1118 4253 liquefiunt
1133 4185 1383 4249 montes,
1402 4179 1498 4254 cuj
1506 4197 1575 4237 us
1596 4178 1686 4236 ira
1706 4187 1863 4238 terra
1879 4179 2234 4252 concutitur,
2258 4181 2431 4256 cujus
2456 4181 2718 4239 ferendae
2738 4180 2983 4255 justitiae

569 4275 681 4315 nec
692 4257 918 4331 Angeli
927 4256 1039 4332 ipsi
1049 4274 1218 4331 pares
1236 4261 1393 4327 sunt,
1407 4258 1512 4332 qui
1521 4266 1834 4316 nocentem
1851 4276 1973 4316 non
1984 4258 2127 4317 facit
2135 4257 2529 4330 innocentem,
2541 4260 2635 4334 cuj
2645 4278 2715 4317 us
2729 4258 2985 4317 vindicta

572 4353 763 4410 quum
791 4335 974 4392 semel
1000 4352 1247 4392 accensa
1266 4341 1356 4392 est
1375 4342 1650 4410 penetrat
1672 4354 1860 4412 usque
1877 4338 1954 4393 ad
1981 4336 2200 4394 inferni
2226 4336 2585 4408 novissima3
2629 4337 2785 4395 Tum
2829 4336 2982 4395 dicto

571 4413 747 4471 citius
771 4414 927 4487 perit
954 4419 1015 4470 et
1041 4413 1266 4470 corruit
1291 4431 1449 4470 vana
1469 4415 1785 4473 hominum
1809 4414 2045 4486 fiducia,
2075 4422 2136 4472 et
2156 4416 2390 4489 cogitur
2416 4416 2795 4486 conscientia,
2827 4415 2985 4490 quic·

572 4491 719 4564 quid
748 4497 926 4550 antea
951 4491 1026 4548 de
1053 4490 1297 4567 propria
1313 4490 1554 4565 justitia
1591 4493 1955 4567 gloriaretur
1979 4492 2208 4552 tumide
2236 4512 2439 4551 coram
2478 4494 2846 4566 hominibus,
2889 4483 2984 4551 de⁸·

573 4568 797 4644 precari
828 4569 1146 4647 judicium,
1196 4577 1257 4629 et
1283 4568 1456 4629 fateri
1496 4570 1649 4629 nihil
1690 4573 1909 4632 habere
1937 4590 2017 4647 se,
2059 4591 2181 4647 quo
2210 4572 2531 4633 subsistere
2577 4573 2767 4649 possit
2791 4591 2983 4631 coram
