3221 5200
260 368 478 419 Quffisr.
507 346 671 429 xrv.]
1273 370 1354 411 ns
1383 369 1535 412 moe
1563 371 1684 412 nm.
2595 356 2669 412 81

264 519 551 587 aeternum,
582 518 648 569 ut
677 508 954 587 quamdiu
984 509 1248 570 Ecclesia
1273 511 1397 587 agit
1443 511 1505 570 in
1552 510 1738 587 terris,
1781 509 2060 570 ministris
2086 509 2214 588 ejus
2241 510 2431 571 victus
2458 511 2668 571 debea-

259 599 365 665 tur,
398 588 540 665 &eq
589 590 684 647 Ita
711 588 870 667 quod
897 609 1047 648 unus
1074 589 1199 649 dies
1220 591 1280 648 in
1308 591 1671 650 hebdomada
1698 591 1879 651 culmi
1907 590 2106 649 divino
2146 591 2520 669 mancipetur,
2552 600 2667 650 sta-

258 669 369 728 bile
397 690 467 728 ac
493 669 725 727 firmum
753 669 901 742 est,''
951 666 1060 727 &Q
1145 671 1238 728 Ita
1283 670 1559 746 Bucerus,
1608 671 1712 730 lib.
1757 670 1830 730 de
1878 671 2084 747 Regno
2130 670 2361 746 Christi,
2413 690 2538 749 cap.
2573 673 2665 729 15.

258 750 462 808 “Certe
482 757 540 808 et
558 749 672 807 hoc
692 748 876 808 nostri
897 747 1070 806 officii
1089 758 1194 824 est,
1217 768 1396 808 unum
1419 749 1480 807 in
1506 751 1828 827 septimana
1853 750 2006 808 diem
2034 749 2412 826 religionibus
2439 750 2670 828 publice

257 827 631 903 sanctificare,
663 826 773 887 Sec.
858 827 1002 902 Quis
1041 828 1237 905 itaque
1279 848 1398 887 non
1424 829 1639 904 videat,
1689 849 1863 906 quam
1905 830 2155 889 salutare
2184 829 2260 888 sit
2288 829 2502 888 Christi
2543 830 2664 908 ple·

259 907 441 982 bibus,
476 927 655 967 unum
682 926 810 966 esse
831 905 892 963 in
920 907 1240 984 septimana
1266 907 1436 982 diem,
1483 908 1566 967 ita
1613 909 1791 968 sacris
1836 908 2215 986 religionibus
2252 918 2666 982 consecratum,

256 997 317 1046 ut
342 988 403 1045 in
432 1007 505 1046 eo
531 986 680 1045 nihil
706 984 866 1044 aliud
893 985 1081 1045 facere
1102 988 1291 1063 operis
1312 987 1399 1045 fas
1421 987 1513 1063 sit,
1526 1007 1702 1064 quam
1720 988 1783 1045 in
1804 1007 2030 1048 sacrum
2051 988 2358 1047 convenire
2379 996 2591 1047 coetum
2601 989 2668 1046 ?”

256 1064 358 1124 eze.
445 1067 756 1141 zanobius,
801 1086 850 1123 c.
893 1066 1018 1123 xix.
1047 1066 1107 1122 in
1134 1070 1172 1123 4
1199 1085 1481 1143 praecep.:
1528 1070 1564 1100 ‘⁴
1594 1067 1817 1125 Morale
1858 1077 1948 1126 est
1987 1066 2338 1141 mandatum,
2382 1076 2667 1144 quatenus

253 1145 532 1222 praecipit,
583 1155 649 1205 ut
693 1165 725 1203 e
770 1152 989 1222 septem
1034 1144 1238 1205 diebus
1285 1165 1465 1204 unum
1499 1165 1898 1205 consecremus
1925 1155 2167 1206 externo
2195 1146 2378 1205 cultui
2404 1147 2663 1221 divin0,''

254 1223 360 1283 Sto.
447 1225 523 1282 In
570 1225 772 1284 eadem
821 1223 1107 1283 sententia
1146 1234 1284 1284 sunt
1310 1228 1524 1302 Fayus,
1573 1225 1740 1301 Disp.
1771 1225 1936 1284 xlvii.
1986 1226 2046 1283 in
2094 1229 2133 1284 4
2180 1245 2424 1302 praecep.
2453 1227 2537 1284 th.
2571 1229 2663 1301 1⁷,

254 1305 479 1378 Jum‘us,
530 1304 605 1363 de
648 1303 811 1381 polit.
844 1303 1028 1362 Mosis
1076 1304 1304 1363 observ.
1355 1325 1404 1363 c.
1455 1307 1511 1381 8,
1556 1307 1796 1380 Parcus,
1828 1304 1889 1363 in
1917 1304 2169 1381 Catech.,
2198 1305 2451 1381 Alutedi„
2482 1305 2663 1365 Theo.

255 1383 489 1443 Catech.
512 1384 616 1443 lib.
644 1384 725 1443 iii.
751 1403 807 1442 c.
837 1385 891 1458 6,
922 1391 982 1442 et
1007 1382 1108 1441 alii
1134 1402 1251 1443 non
1271 1384 1459 1462 pauci.

1161 1620 1550 1696 QUAEsTm
1594 1622 1774 1684 X1v.

1206 1797 1286 1838 1113
1313 1797 1417 1839 nm
1445 1799 1753 1841 Domi-1100.

254 1937 342 1996 An
369 1937 642 1997 institmio
679 1936 818 1995 Diei
841 1937 1130 1996 Domim'ci
1150 1937 1223 1996 sit
1267 1939 1477 2013 debina,
1508 1939 1600 1998 An
1629 1941 1912 2010 humanae,-
1953 1947 2007 1996 et
2031 1938 2124 1996 An
2165 1938 2558 1997 observationis
2595 1939 2669 1996 sit

329 2019 664 2075 necessarioe
690 2025 747 2075 et
772 2026 1080 2092 perpetuae,
1123 2017 1218 2075 An
1248 2038 1382 2076 vero
1422 2020 1609 2078 1³2>oeoe
1636 2028 1691 2077 et
1714 2019 1990 2078 mutabilis
2009 2019 2039 2078 3
2121 2017 2291 2076 Prius
2318 2015 2564 2094 Affirm.,
2607 2026 2668 2077 et

330 2096 558 2156 Poster.
604 2097 775 2173 Neg.,
818 2095 1012 2174 quoad
1037 2104 1361 2174 utrumque.

861 2254 910 2312 I.
951 2257 1175 2334 Κνςιικὸ
1202 2256 1355 2348 §piget
1383 2275 1485 2314 seu
1512 2255 1654 2313 Dies
1680 2253 2011 2314 Domim'oeoe
2050 2272 2126 2312 ex
2172 2272 2284 2313 usu
2312 2251 2664 2312 Christiano·

780 2353 908 2393 rum
935 2343 1177 2393 vocatur
1218 2354 1437 2412 primus
1486 2333 1610 2393 dies
1638 2333 2034 2408 hebdomadis,
2078 2332 2313 2410 publico
2343 2332 2456 2392 Dei
2482 2333 2667 2393 cultui

774 2412 1095 2472 destinatus
1123 2414 1182 2471 in
1231 2413 1564 2472 memoriam
1592 2413 2026 2472 resurrectionis
2056 2412 2288 2470 Christi.
2354 2412 2448 2470 Ita
2473 2421 2666 2471 autem

255 2488 480 2565 dicitur,
505 2510 622 2549 non
650 2498 769 2550 tam
796 2492 1017 2551 ratione
1045 2494 1335 2567 efficientis,
1354 2492 1523 2570 quasi
1550 2513 1586 2551 a
1615 2493 1844 2551 Christo
1871 2492 1997 2569 ipso
2025 2491 2324 2550 institutus
2352 2491 2428 2549 sit
2456 2490 2665 2550 forma-

255 2568 394 2646 liter,
418 2578 491 2629 ut
524 2572 725 2631 Oratio
752 2572 1071 2649 Dominica,
1097 2583 1150 2633 et
1178 2574 1352 2633 Coena
1379 2573 1684 2632 Dominica
1711 2572 2034 2651 appellatur
2060 2571 2133 2631 ab
2164 2570 2468 2648 Apostolo,
2498 2573 2527 2628 1
2556 2571 2665 2631 Co-

255 2649 379 2708 rint.
411 2670 476 2708 x.
507 2653 604 2725 21,
650 2672 784 2710 nam
828 2660 895 2711 ut
940 2661 1142 2729 postea
1168 2654 1459 2713 videbitur
1485 2654 1709 2713 nullum
1753 2654 1887 2712 talis
1914 2651 2294 2712 institutionis
2322 2650 2447 2709 dari
2474 2660 2669 2728 potest

256 2739 685 2806 argumentum3
731 2750 904 2808 quam
932 2732 1152 2791 ratione
1160 2735 1317 2812 finis,
1348 2733 1486 2810 quia
1512 2734 1588 2791 ad
1614 2733 1947 2792 memoriam
1969 2731 2402 2791 resurrectionis
2431 2731 2665 2808 Christi,

256 2808 350 2884 qui
376 2810 494 2868 hoc
521 2810 615 2868 die
643 2811 976 2886 resurrexit,
1010 2812 1179 2871 Matt.
1208 2813 1415 2872 xxviii.
1450 2816 1501 2888 1,
1546 2822 1606 2872 et
1631 2813 1694 2870 in
1721 2812 1903 2889 ipsius
1929 2812 2206 2871 honorem
2235 2831 2302 2870 ac
2330 2810 2547 2869 cultum
2577 2818 2669 2870 est
2702 2862 2707 2867 ,

257 2886 572 2963 institutus,
595 2899 662 2950 ut
680 2893 868 2948 altare
895 2892 1144 2966 Domini,
1159 2894 1372 2965 festum
1398 2893 1638 2951 Domini
1660 2900 1918 2965 vocatur,
1946 2891 2106 2968 quod
2132 2889 2207 2948 ad
2235 2890 2416 2967 ipsius
2446 2889 2666 2948 cultum

257 2976 340 3024 est
358 2967 709 3106 institplffim,
734 2980 793 3029 et
813 2970 1059 3030 Veteres
1079 2970 1320 3050 Templa
1339 2971 1538 3030 divino
1565 2970 1749 3031 cultui
1775 2970 1966 3029 dicata
1991 2972 2249 3049 κνςιιιιιιὶς
2278 2989 2381 3028 seu
2406 2968 2668 3027 Domini-

257 3065 345 3103 cas
370 3067 406 3104 a
644 3057 686 3108 t.

263 3161 329 3208 »ο
372 3067 571 3266 ἑῖἶ
778 3128 1082 3267 „153
1370 3125 2671 3283 Qffifflummfflwmfflffi

314 3237 687 3381 Βὴΐὲῃξιῑξὲῡ·
785 3228 979 3362 ρτίιιζς
1026 3228 1162 3346 ffl
1185 3229 1477 3364 ‹iuver-itui:
1508 3285 1608 3344 An
1636 3285 1879 3344 mutatio
1906 3284 2059 3343 facta
2084 3283 2255 3342 fuerit
2282 3247 2419 3342 diei·
2439 3281 2671 3360 septimi

263 3437 276 3449 ⁸
445 3352 584 3383 ¹⁰⁸¹*
785 3365 845 3422 in
873 3367 1119 3442 primum
1149 3387 1250 3443 per
1277 3366 1710 3443 abrogationem
1737 3364 2015 3424 Sabbathi
2043 3363 2087 3423 J
2089 3362 2282 3422 udaiei
2306 3384 2321 3438 ;
2354 3364 2486 3422 Hoc
2514 3362 2668 3421 enim

260 3458 316 3494 ιιι
343 3439 613 3499 confesso
656 3451 747 3501 est
790 3445 945 3521 apud
974 3446 1349 3521 Christianos,
1388 3446 1489 3523 qui
1530 3446 1906 3506 mutationem
1935 3445 2103 3503 istam
2132 3463 2249 3502 uon
2276 3451 2503 3502 tantum
2544 3441 2671 3502 fieri

261 3520 516 3592 potuisse
546 3520 619 3578 ab
649 3541 736 3596 eo,
768 3524 870 3599 qui
902 3525 1183 3585 Sabbathi
1212 3526 1496 3585 Dominus
1537 3533 1642 3599 est,
1687 3525 1789 3585 sed
1818 3533 1876 3584 et
1902 3524 2028 3583 fieri
2055 3523 2340 3600 debuisse,
2371 3532 2431 3583 et
2457 3542 2668 3583 conve·

258 3596 614 3658 nientissime
636 3600 846 3661 fact-am
866 3622 993 3663 esse
1022 3614 1343 3681 agnoscunt
1367 3628 1380 3664 :
1409 3606 1546 3683 quia
1565 3605 1722 3683 prior
1746 3604 1845 3664 ille
1866 3603 1992 3663 dies
2019 3612 2252 3683 propter
2278 3602 2672 3663 caeremoniale

260 3678 416 3752 quod
447 3678 505 3735 in
533 3679 659 3756 ipso
688 3681 814 3757 fuit,
844 3684 1114 3762 quodque
1142 3684 1273 3743 ideo
1301 3685 1376 3743 ad
1402 3684 1780 3744 oeconomiam
1805 3684 2053 3761 legalem
2079 3684 2371 3761 pertinuit,
2404 3682 2673 3759 abrogari

262 3754 479 3833 debuit,
509 3768 577 3818 ut
603 3760 752 3819 alius
781 3762 840 3819 in
868 3764 995 3840 ejus
1022 3764 1210 3822 locum
1241 3764 1717 3824 substitueretur:
1760 3764 1908 3823 alius
1934 3782 2074 3821 vero
2103 3783 2216 3820 non
2244 3763 2434 3838 potuit
2460 3780 2675 3820 conve-

262 3834 514 3896 nientius
537 3839 839 3917 subrogari
860 3843 968 3901 sub
995 3843 1167 3901 Novo
1197 3843 1458 3919 Foedere,
1478 3864 1651 3921 quam
1671 3844 1721 3901 is
1742 3842 1841 3920 qui
1861 3842 2033 3901 hodie
2062 3841 2404 3899 Dominicus
2429 3847 2673 3897 vocatur

265 3925 498 3992 propter
543 3919 779 3978 Domini
822 3922 1005 3981 nostri
1045 3922 1089 3982 J
1092 3942 1194 3982 esu
1243 3923 1458 3982 Christi
1501 3922 1974 3982 resurrectionem
2023 3921 2083 3977 in
2111 3939 2180 3978 eo
2224 3919 2450 3992 factam,
2502 3918 2671 3994 cujus

267 3995 601 4055 memoriam
629 4019 855 4076 semper
881 4002 1158 4061 celebrari
1185 4002 1246 4061 in
1275 4001 1539 4061 Ecclesia
1559 4001 1887 4061 Christiana
1914 3998 2305 4075 equissimum
2325 3996 2449 4070 fuit,
2471 4004 2671 4073 utpote

268 4093 379 4148 qua
407 4083 636 4135 aeternae
667 4079 1104 4158 Redemptionis
1147 4090 1358 4141 nostrae
1399 4090 1459 4140 et
1498 4100 1667 4139 novae
1696 4078 2000 4138 creationis
2028 4097 2174 4154 opus
2209 4075 2542 4153 plenissime
2570 4075 2671 4133 ab-

269 4154 519 4212 solutum
549 4157 694 4233 fuit3
739 4169 863 4218 tum
891 4160 1063 4220 etiam
1108 4170 1172 4221 ut
1217 4163 1328 4221 hoc
1371 4169 1525 4220 esset
1551 4159 1846 4238 publicum
1876 4157 2167 4233 abrogatae
2197 4154 2374 4231 Legis
2402 4174 2669 4213 caeremo-

269 4233 436 4290 nialis
465 4248 915 4313 monumentum,
947 4249 1006 4299 et
1033 4240 1380 4299 discriminis
1405 4240 1564 4318 quod
1590 4240 1742 4299 inter
1767 4237 1811 4297 J
1813 4237 2010 4296 udaeos
2055 4244 2114 4295 et
2143 4233 2500 4294 Christianos
2541 4253 2669 4294 esse

267 4309 483 4371 debuit.
571 4316 690 4375 Sed
735 4319 1012 4395 quaeritur
1039 4320 1111 4378 de
1136 4320 1417 4397 principio
1458 4328 1518 4378 et
1545 4318 1768 4395 origine
1795 4316 1965 4376 istius
1990 4313 2341 4388 mutationis,
2373 4312 2474 4371 An
2499 4313 2675 4375 fuerit

268 4390 642 4454 ordinationis
662 4405 887 4457 tantum
915 4399 1198 4474 humanae,
1222 4408 1280 4459 et
1295 4398 1544 4477 politicae
1564 4417 1667 4456 seu
1687 4394 2127 4466 Ecclesiasticus,
2159 4393 2259 4450 An
2279 4411 2419 4450 vero
2436 4391 2666 4455 divinae.

346 4472 469 4532 111.
515 4475 630 4535 Hic
659 4478 812 4535 enim
841 4479 1069 4537 variant
1096 4478 1520 4555 Theologorum
1550 4476 1849 4535 sententiae
1874 4497 1889 4534 ε
1933 4474 2087 4532 Aliis
2115 4472 2211 4531 vel
2239 4471 2315 4529 ad
2341 4472 2456 4532 Jus
2486 4472 2670 4533 Cano-

270 4549 459 4610 nicum
486 4555 881 4634 referentibus,
912 4567 979 4618 ut
1007 4556 1224 4617 faciunt
1253 4557 1558 4633 Pontificii,
1590 4555 1691 4633 qui
1719 4575 1791 4615 ex
1821 4574 1890 4613 eo
1918 4553 2089 4614 etiam
2118 4552 2515 4612 Traditionum
2557 4573 2675 4614 non

270 4631 1036 4708 scriptarumnecessitatem
1077 4637 1394 4719 colligunt3
1435 4638 1572 4697 licet
1614 4655 1728 4696 non
1769 4634 1961 4694 desint
1999 4633 2151 4692 inter
2177 4633 2334 4711 ipsos
2359 4632 2524 4707 varii,
2554 4633 2675 4710 qui,

434 4731 578 4772 uas
607 4734 670 4773 ιι.
2478 4731 2514 4769 r

257 2318 364 2365 Dies
455 2319 739 2365 Dominicua

385 2378 500 2436 quis
521 2379 586 2423 sit
600 2383 617 2422 ἲ
