3221 5200
306 385 533 426 Quesr.
570 377 648 448 νη]
1184 390 1261 430 m:
1293 389 1853 431 saxwrnk'wATwNE.
2605 380 2721 434 639

305 542 509 598 pugna
537 531 819 603 quaelibet
847 553 919 589 cx
947 534 1142 607 gratia
1179 534 1576 604 depugnatur,
1607 530 1690 585 sic
1717 537 1776 585 et
1824 547 2025 602 pugna
2069 533 2338 605 specialis
2365 554 2438 590 ex
2485 533 2722 607 speciali

303 605 516 675 gratia.
603 609 782 665 Unde
812 612 930 668 tale
958 621 1251 669 certamen
1272 612 1569 666 decertare
1588 627 1708 663 non
1734 608 1976 681 majoris
1995 617 2083 665 est
2106 611 2322 679 meriti,
2347 614 2448 668 sed
2479 612 2719 686 majoris

302 683 527 819 gratiis}
616 686 695 743 Et
722 689 865 763 quia
892 691 1028 764 plus
1057 708 1093 746 a
1123 689 1250 746 Deo
1283 689 1364 745 ita
1391 687 1641 744 certanti
1669 687 1894 754 datum,
1926 686 2060 759 plus
2090 687 2191 742 ille
2243 688 2372 745 Deo
2395 691 2715 763 obligatur,

302 775 423 814 non
514 784 619 821 eus
650 766 777 839 ipsi.

385 839 535 897 XLI
548 843 597 900 1.
646 845 935 910 Quamvis
953 853 1293 902 statuantur
1309 846 1531 918 gradus
1547 843 1772 918 gloriae,
1795 851 1866 900 ut
1889 843 2050 900 Deus
2072 862 2144 898 ex
2167 844 2361 916 gratia
2380 864 2497 901 non
2523 847 2718 903 solum

301 920 748 992 temporalibus,
779 925 880 979 sed
909 925 1088 981 etiam
1111 924 1440 981 coelestibus
1470 923 1730 997 praemiis
1774 923 2009 996 piorum
2050 922 2280 977 labores
2307 931 2367 978 et
2414 924 2716 997 passiones

300 993 377 1049 sit
406 1009 909 1072 remuneraturus,
939 1003 1093 1058 nihil
1123 1010 1319 1059 tamen
1351 1002 1490 1058 inde
1520 1022 1626 1077 pro
1656 1001 1913 1059 aureolis
1936 1007 2128 1074 potest
2155 1000 2375 1074 colligi,
2406 1001 2550 1075 quia
2591 1007 2716 1059 tam

298 1072 497 1143 gloria
518 1096 695 1150 quam
720 1098 921 1137 omnes
941 1082 1164 1153 gradus
1191 1082 1321 1154 ejus
1348 1081 1526 1154 plane
1555 1088 1696 1137 sunt
1722 1081 1884 1135 dona
1910 1079 2118 1152 gratiae
2147 1085 2206 1135 et
2232 1097 2463 1135 merum
2500 1088 2717 1150 χοίρῳ.

300 1148 413 1206 Dei
438 1175 451 1222 ;
483 1157 644 1227 quod
674 1165 761 1212 est
789 1166 1046 1213 aiebam-ov
1074 1178 1210 1215 cum
1240 1159 1467 1216 merite.

382 1230 633 1289 XLIII.
681 1233 1000 1294 Promissio
1050 1257 1182 1312 quae
1225 1238 1404 1294 datur
1458 1237 1737 1305 vincenti,
1785 1236 1972 1310 Apoc.
2019 1234 2078 1290 ii.
2134 1234 2224 1304 17,
2256 1237 2330 1291 de
2358 1255 2579 1295 manna
2610 1238 2715 1296 ab·

299 1311 587 1379 scondit0‚
618 1320 678 1368 et
727 1314 956 1371 calculo
985 1317 1142 1386 albo,
1174 1316 1258 1373 ita
1302 1322 1527 1389 spectat
1561 1317 1878 1388 Martyres,
1927 1321 1996 1370 ut
2023 1331 2142 1368 non
2187 1314 2384 1370 minus
2426 1318 2718 1389 pertineat

298 1387 375 1441 ad
403 1389 607 1446 fideles
637 1409 853 1460 omnes,
884 1395 1101 1467 quibus
1128 1394 1478 1451 continuum
1508 1402 1596 1450 cst
1624 1412 1759 1451 cum
1799 1392 2077 1460 DiabolO,
2123 1394 2347 1448 mundo
2378 1401 2436 1450 et
2478 1403 2715 1468 peccato

300 1473 614 1525 certamen.
697 1469 758 1524 N
764 1488 827 1527 ec
856 1472 901 1528 si
932 1475 1297 1547 promittitur
1326 1474 1445 1530 tale
1463 1473 1776 1546 przemium
1795 1471 2070 1538 vincenti,
2091 1470 2359 1543 sequitur
2380 1474 2587 1531 cadere
2606 1475 2716 1531 sub

301 1543 431 1615 ejus
460 1548 755 1607 meritum.
844 1549 1023 1617 Quod
1054 1553 1273 1610 dicitur
1300 1553 1374 1607 de
1402 1550 1782 1620 DoctoribuS,
1815 1551 1930 1618 Qui
1952 1549 2154 1624 plures
2172 1551 2255 1606 ad
2269 1551 2562 1623 justitiam
2587 1573 2717 1609 eru·

300 1622 530 1695 dier-int,
556 1647 646 1684 eos
676 1630 945 1700 sulsuros
973 1632 1162 1688 instar
1208 1632 1517 1700 stellarum,
1550 1630 1704 1687 Dan.
1755 1628 1856 1684 xii.
1888 1628 1943 1697 3,
1973 1635 2168 1700 potest
2214 1628 2455 1701 quidem
2505 1632 2717 1687 docere

298 1704 522 1774 gradus
550 1707 783 1781 aliquos
811 1709 1018 1781 gloriae
1049 1711 1197 1780 dari,
1237 1711 1339 1766 sed
1384 1729 1503 1766 non
1552 1707 1950 1763 differentiam
1995 1706 2161 1760 illam
2195 1706 2484 1762 orituram
2513 1727 2586 1763 ex
2627 1709 2717 1764 di-

300 1796 469 1837 versa
498 1785 691 1840 meriti
719 1789 1116 1860 proportione.
1205 1787 1340 1843 Imo
1369 1805 1504 1843 cum
1534 1786 1817 1858 quicquid
1852 1784 1909 1839 in
1961 1782 2101 1856 ipsis
2144 1782 2325 1839 fuerit
2354 1784 2608 1855 virtutis,
2652 1786 2714 1841 id

301 1863 491 1915 totum
522 1860 705 1919 fuerit
731 1881 769 1918 a
794 1866 1002 1936 gratia,
1034 1885 1152 1921 non
1185 1871 1380 1939 potest
1405 1882 1529 1919 esse
1557 1862 1945 1918 meritorium.

381 1936 616 1996 XLIV.
679 1938 959 2016 Viryines,
1012 1945 1085 1998 de
1114 1943 1330 2018 quibus
1368 1943 1584 2016 agitur,
1621 1941 1810 2014 Apoc.
1859 1939 1977 1996 xiv.
2008 1939 2064 2008 4,
2094 1957 2214 1994 non
2253 1945 2393 1994 sunt
2440 1941 2712 2014 propriae,

298 2015 398 2071 sed
430 2019 862 2092 metaphoricae,
894 2021 953 2077 id
985 2028 1089 2090 est,
1120 2021 1244 2077 veri
1271 2020 1491 2088 fideles,
1523 2018 1627 2093 qui
1656 2026 1725 2074 ut
1756 2017 1948 2092 Virgo
1977 2024 2154 2085 casta,
2185 2017 2222 2072 2
2255 2015 2387 2073 Cor.
2419 2019 2497 2074 xi.
2531 2019 2584 2086 2,
2616 2021 2715 2076 de-

297 2093 439 2149 bent
477 2097 654 2152 fidem
687 2097 921 2155 Christo
956 2100 1186 2174 Sponso
1228 2118 1336 2156 suo
1366 2098 1716 2154 inviolatam
1747 2115 2000 2165 servare,
2031 2102 2187 2151 caste
2219 2094 2414 2150 Deum
2444 2097 2714 2169 colende,

298 2170 426 2228 sine
469 2175 596 2230 ullo
640 2175 996 2234 idololatriae
1027 2179 1288 2247 crimine,
1319 2195 1452 2251 quae
1484 2175 1763 2232 scortatio
1793 2183 1852 2232 et
1879 2173 2243 2232 adulterium
2273 2180 2360 2228 est
2388 2174 2713 2247 spirituale,

297 2250 401 2323 qui
431 2251 563 2308 idco
595 2265 978 2327 opponuntur
1027 2255 1326 2328 Babyloni
1370 2255 1545 2310 matri
1588 2253 2033 2320 scortationum,
2065 2260 2124 2307 et
2167 2251 2297 2323 ejus
2345 2252 2713 2325 sequacibus,

297 2329 397 2401 qui
427 2348 563 2386 cum
592 2351 662 2388 ea
690 2342 992 2391 scortantu
1074 2389 1092 2416 .-
1128 2334 1262 2391 IIoc
1291 2341 1489 2390 autem
1520 2350 1640 2389 non
1664 2331 1956 2405 pertinere
1979 2337 2214 2386 tantum
2235 2329 2311 2384 ad
2334 2330 2586 2401 coelibes,
2611 2333 2713 2389 sed

296 2405 448 2464 eiam
479 2410 554 2465 ad
586 2413 938 2486 conjugatos
962 2414 1016 2469 cl
1089 2432 1188 2469 um
1216 2419 1322 2469 est.

379 2485 575 2546 XLV.
621 2490 845 2548 Merces
868 2492 1070 2561 multa,
1090 2510 1222 2565 quae
1252 2489 1626 2564 promittitur
1655 2487 1725 2543 iis
1754 2488 1857 2561 qui
1885 2487 2358 2562 persecutionem
2382 2487 2713 2559 patiuntur,

296 2561 511 2623 Matth.
544 2587 597 2625 v.
634 2569 723 2641 12,
754 2573 1001 2628 denotat
1029 2570 1272 2645 quidem
1301 2567 1711 2626 excellentiam
1741 2566 1976 2641 praemii
2006 2567 2126 2623 illis
2166 2564 2457 2640 promissi,
2501 2568 2604 2623 sed
2645 2576 2715 2628 ut

295 2651 383 2698 est
409 2647 595 2715 gratis
638 2650 942 2721 promissa,
974 2649 1057 2706 ita
1085 2656 1174 2705 est
1200 2649 1386 2722 gratis
1414 2646 1633 2715 danda,
1680 2664 1801 2701 non
1832 2664 1973 2701 vero
2003 2646 2308 2701 reddenda
2338 2645 2478 2701 ullis
2505 2663 2714 2703 eorum

295 2723 538 2781 meritis.
627 2726 705 2784 Et
734 2729 868 2785 talis
907 2728 1132 2784 dicitur
1158 2745 1278 2783 non
1309 2727 1492 2783 relate
1522 2726 1598 2782 ad
1631 2743 1893 2799 parvam,
1926 2725 2020 2781 vel
2049 2724 2340 2780 minorem
2381 2727 2712 2782 mercedem

292 2798 586 2872 aliorum;
630 2807 732 2863 sed
761 2812 1097 2880 comparate
1126 2808 1203 2863 ad
1233 2824 1413 2880 opera
1454 2822 1639 2879 parva
1665 2810 1725 2859 et
1751 2821 1957 2878 pauca,
1989 2822 2026 2859 a
2053 2804 2321 2859 mercede
2353 2801 2459 2859 illa
2485 2804 2716 2860 donan-

293 2876 384 2932 dis
411 2881 693 2952 praestita,
723 2884 865 2957 quia
886 2904 1021 2941 vere
1051 2886 1245 2942 multa
1273 2891 1332 2940 et
1360 2883 1763 2958 copiosissima
1784 2890 1873 2940 est
1899 2901 2122 2939 merces
2143 2900 2249 2955 pro
2277 2899 2461 2954 parvo
2490 2882 2710 2952 labore,

291 2970 428 3009 cum
483 2975 602 3013 non
660 2961 776 3015 sint
824 2963 1135 3034 condignae
1192 2962 1493 3035 passiones
1550 2960 1759 3033 gloriae
1810 2962 2160 3025 revelandae,
2221 2959 2395 3013 Rom.
2441 2959 2560 3015 viii.
2619 2960 2707 3015 18.

294 3030 498 3106 Atque
521 3035 594 3090 de
622 3036 715 3092 his
745 3038 987 3110 quidem
1018 3041 1323 3095 hactenus
1410 3039 1585 3095 Faxit
1628 3038 1792 3094 Deus
1823 3047 1889 3092 ut
1917 3037 2095 3092 missa
2135 3036 2298 3090 inani
2327 3036 2709 3106 propriorum

290 3111 635 3169 meritorum
663 3116 897 3183 fiducia,
942 3115 1003 3170 in
1034 3115 1163 3172 solo
1196 3115 1413 3172 Christi
1456 3114 1666 3170 merito
1707 3114 2133 3188 perfectissimo
2162 3112 2620 3185 acquiescamuS,
2650 3121 2711 3169 et

290 3188 373 3245 ita
418 3191 597 3247 fidem
627 3192 718 3248 illi
747 3211 1044 3250 servemus
1091 3201 1151 3249 et
1178 3193 1402 3249 bonum
1433 3199 1727 3249 certamen
1766 3209 1955 3265 usque
1984 3193 2061 3247 ad
2103 3193 2280 3245 finem
2323 3190 2706 3260 decertemus,

289 3276 357 3324 ut
408 3271 660 3344 justitiae
711 3289 1008 3340 coronam,
1066 3289 1185 3327 non
1235 3270 1458 3326 meritis
1513 3269 1730 3325 nostris
1784 3269 2065 3338 debitam,
2124 3268 2226 3323 sed
2279 3266 2706 3340 gratiosissime

290 3348 461 3405 nobis
489 3350 857 3423 promissam,
889 3349 1164 3407 acoelesti
1197 3349 1600 3421 Agonotheta,
1634 3355 2018 3421 reportemus.
2106 3346 2210 3403 Illi
2232 3364 2374 3401 vero
2403 3356 2603 3416 ἀρχηγᾷ
2626 3356 2704 3401 καὶ

289 3440 506 3501 rna-mer?
534 3429 741 3486 salutis
770 3436 1005 3497 nostrae,
1037 3427 1167 3484 Deo
1200 3427 1327 3485 Uni
1354 3433 1414 3483 et
1442 3426 1642 3497 Trino,
1681 3430 1742 3481 A
1784 3427 1929 3495 Quo,
1953 3446 2065 3501 per
2100 3425 2298 3494 Quem,
2329 3434 2382 3480 et
2409 3428 2492 3485 ad
2523 3424 2705 3494 Quem

285 3519 421 3564 sunt
448 3507 659 3578 omnia,
688 3508 762 3565 sit
788 3506 916 3565 laus
946 3519 999 3564 et
1020 3506 1214 3583 yloria
1242 3507 1301 3563 in
1327 3505 1517 3564 secula
1543 3505 1876 3563 seculorum.
1964 3505 2176 3562 AMEN.
