3221 5200
239 386 465 436 Qua-mr.
496 363 676 443 xvia]
1080 383 1157 422 nn
1188 382 1525 423 vocarrour.
1555 382 1630 422 m*
1660 382 1817 422 rins.
2534 368 2646 427 541

243 528 386 604 quia
413 526 455 585 J
462 546 528 585 us
549 525 798 582 filiorum
826 523 1004 581 semel
1050 523 1162 600 ipsi
1208 524 1511 598 indultum,
1535 542 1828 600 nunquam
1858 522 2080 583 tollitur
2107 544 2142 582 a
2168 531 2330 600 parte
2362 524 2489 600 Dei,
2519 526 2658 585 licet

247 627 391 665 usus
420 607 548 682 ejus
577 614 634 662 et
664 622 866 661 sensus
896 603 1138 661 subinde
1167 603 1241 661 ad
1271 612 1496 680 tempus
1524 604 1709 680 possit
1737 603 2016 680 intercipi,
2048 612 2105 662 et
2134 605 2353 662 semina
2375 605 2576 681 gratiae
2599 613 2657 663 et

246 687 531 744 virtutum
561 702 854 758 nunquam
876 683 949 739 ab
978 703 1046 740 eo
1069 683 1420 742 auferuntur.

337 764 569 822 XLVI.
613 763 841 819 Peccati
886 783 1116 837 reqnum
1149 763 1392 838 spectari
1421 770 1629 839 potest,
1676 762 1772 818 vel
1800 762 1991 837 quoad
2017 771 2221 820 statum
2250 765 2655 838 universaliter,

251 845 352 902 vel
381 847 571 920 quoad
593 852 778 899 actum
792 844 1122 917 partialiter
1144 866 1161 899 :
1205 843 1258 898 N
1263 863 1338 899 on
1366 861 1645 917 negamus
1674 841 1902 898 fidelem
1932 861 2100 918 posse
2131 843 2365 900 subesse
2394 863 2660 902 nonnun-

252 943 430 1000 quam
459 941 639 998 regno
669 921 888 997 peccati
916 922 1160 997 partiali,
1193 921 1253 978 id
1282 929 1387 995 est,
1419 919 1610 998 quoad
1655 929 1864 995 actum,
1896 930 1955 979 et
2003 921 2195 997 quoad
2222 933 2377 979 certa
2403 931 2658 999 peccata,

253 1004 468 1080 quibus
509 1001 792 1077 indulget.
882 1001 998 1059 Sed
1035 1021 1314 1077 negamus
1343 1000 1579 1058 subesse
1609 1019 1788 1075 regno
1833 1001 2052 1076 peccati
2103 1001 2429 1076 universali,
2471 1002 2663 1077 quoad

254 1091 487 1155 statum,
520 1090 585 1139 ut
613 1080 873 1139 absolute
903 1081 963 1137 in
992 1081 1116 1157 ejus
1143 1088 1487 1157 potestatem
1531 1079 1744 1154 veniat,
1777 1088 1834 1137 et
1863 1079 1985 1137 sine
2012 1080 2133 1138 ullo
2177 1080 2369 1139 renisu
2396 1089 2453 1138 et
2482 1080 2667 1138 reluc-

255 1162 441 1221 tantia
469 1162 528 1217 in
557 1161 657 1216 illo
686 1160 1028 1218 dominetur.
1115 1160 1260 1218 Caro
1288 1159 1502 1218 victrix
1547 1168 1636 1218 est
1680 1159 1739 1214 in
1768 1159 1943 1216 variis
1973 1159 2397 1234 certaminibus,
2430 1159 2531 1217 sed
2560 1180 2665 1218 nec

256 1241 528 1314 totaliter,
560 1249 625 1298 ut
653 1239 797 1295 nihil
826 1240 901 1297 sit
929 1239 1174 1316 amplius
1202 1240 1263 1297 in
1306 1240 1556 1314 homine,
1587 1237 1745 1314 quod
1786 1238 1873 1295 illi
1901 1239 2145 1313 resistat,
2176 1259 2282 1296 nec
2310 1238 2573 1313 finaliter,
2604 1248 2670 1298 nt

258 1329 537 1398 perpetuo
568 1320 643 1376 sit
672 1319 947 1394 superior.
1033 1319 1160 1377 Imo
1210 1327 1274 1377 ut
1307 1318 1555 1394 Spiritus
1584 1337 1779 1375 semen
1809 1319 2009 1394 gratiae
2040 1337 2265 1394 semper
2302 1318 2360 1375 in
2389 1319 2491 1376 illo
2534 1338 2666 1376 con-

261 1408 473 1472 servat,
525 1399 757 1456 taudem
803 1399 988 1455 victor
1037 1418 1210 1475 supra
1258 1417 1486 1456 carnem
1536 1396 1750 1471 evadit,
1782 1404 1839 1454 et
1879 1397 2015 1455 facit
2043 1396 2270 1454 fidelem
2301 1398 2357 1453 in
2386 1399 2513 1474 ipso
2544 1407 2671 1469 hm<-

262 1489 386 1548 ηιᾷ,
409 1502 422 1536 :
469 1478 601 1536 Hoc
631 1497 804 1535 sensu
830 1497 946 1534 non
974 1477 1123 1535 male
1152 1477 1224 1534 de
1252 1476 1407 1534 fideli
1433 1477 1658 1551 dicitur,
1680 1475 1836 1551 quod
1864 1477 2003 1533 olim
2031 1475 2249 1535 dictum
2279 1477 2351 1535 de
2371 1477 2666 1551 Romanis,

253 1558 461 1634 proelio
490 1558 711 1633 quidem
739 1577 1138 1632 nonnunquam
1164 1557 1332 1615 victos
1343 1556 1541 1630 fiu'sse,
1572 1559 1675 1614 sed
1697 1576 1982 1631 nunquam
2010 1558 2165 1614 bello.
2226 1556 2389 1614 Licet
2417 1557 2567 1613 enim
2599 1555 2671 1613 de

262 1645 508 1713 utroque
552 1656 732 1712 regno
777 1644 836 1694 et
878 1637 1098 1713 peccati
1127 1644 1185 1694 et
1233 1635 1432 1712 gratiae
1462 1635 1682 1711 aliquid
1720 1635 1795 1693 sit
1823 1636 1881 1692 in
1910 1635 2035 1711 ipso
2063 1644 2296 1712 propter
2324 1636 2566 1693 Carnem
2616 1643 2675 1694 et

270 1716 547 1792 Spiritum
595 1716 657 1772 in
706 1716 873 1773 nobis
894 1716 1238 1789 habitantes,
1270 1734 1510 1790 regnare
1540 1722 1733 1772 tamen
1777 1713 1986 1771 dicitur
2013 1714 2072 1770 in
2101 1734 2187 1785 eo,
2218 1733 2334 1770 non
2363 1734 2513 1787 carc,
2545 1733 2674 1789 quae

265 1795 530 1853 atteritur
556 1795 832 1872 paulatim
881 1804 939 1853 et
976 1794 1208 1868 excidit,
1242 1794 1343 1851 sed
1391 1793 1639 1869 Spiritus
1668 1794 1886 1869 gratiae,
1918 1792 2020 1869 qui
2046 1792 2414 1849 confirmatur
2442 1793 2502 1849 in
2530 1792 2672 1868 dies,

268 1883 327 1932 et
388 1874 656 1932 erficitur.

348 1894 625 2010 1{KLVIL
670 1952 853 2011 Aliud
881 1960 969 2010 est
996 1972 1031 2009 a
1059 1951 1261 2027 gratia,
1292 1951 1402 2008 hoc
1448 1958 1535 2008 est
1584 1950 1835 2027 gratuito
1888 1950 1999 2008 Dei
2026 1950 2086 2007 in
2116 1950 2343 2009 Christo
2373 1950 2585 2023 favore,
2618 1958 2676 2008 et

270 2032 506 2091 salutari
535 2031 761 2089 influxu
787 2031 1052 2089 recedere
1081 2030 1450 2106 aliquomodo
1480 2031 1602 2088 sive
1632 2029 2023 2105 retrocedere;
2050 2029 2232 2088 Aliud
2261 2049 2493 2106 prorsus
2516 2030 2673 2088 exci-

272 2112 407 2169 dere
436 2119 494 2169 et
522 2111 865 2168 exautorari.
951 2109 1135 2167 Aliud
1182 2129 1436 2185 peccare,
1469 2109 1653 2167 Aliud
1698 2109 1956 2168 funditus
1983 2110 2186 2186 perire.
2273 2109 2456 2167 Aliud
2483 2118 2675 2167 actum

272 2190 409 2247 fidei
435 2189 741 2262 remittere,
791 2189 887 2247 vel
932 2187 1324 2261 intermittere,
1379 2188 1562 2246 Aliud
1610 2189 1871 2246 habitum
1901 2188 2087 2264 ipsum
2118 2197 2405 2246 excutere.
2491 2188 2676 2246 Aliud

274 2288 447 2327 sensu
482 2268 912 2345 justificationis
939 2267 1172 2345 privari,
1205 2266 1389 2325 Aliud
1415 2288 1554 2326 vero
1584 2267 1656 2326 de
1679 2276 1831 2326 statu
1860 2267 2169 2326 deturbari.
2256 2268 2424 2325 Prius
2454 2267 2674 2345 damus,

275 2347 379 2406 sed
407 2368 520 2405 non
549 2348 866 2424 posterius;
910 2367 1017 2405 nec
1065 2346 1291 2423 quoties
1319 2347 1469 2405 actio
1497 2347 1859 2424 pervertitur,
1890 2347 2034 2405 fides
2064 2347 2256 2406 statim
2286 2347 2678 2422 subvertitur3

277 2428 374 2486 vel
401 2428 571 2486 toties
600 2427 849 2486 charitas
877 2427 1184 2500 excutitur,
1217 2427 1443 2502 quoties
1487 2427 1548 2484 in
1577 2427 1735 2485 lucta
1770 2427 2104 2485 tentationis
2133 2427 2491 2502 concutitur3
2524 2426 2679 2485 deci-

278 2507 425 2565 dunt
473 2506 694 2565 fructus
743 2516 800 2566 et
845 2506 998 2582 folia,
1041 2505 1179 2563 dum
1209 2525 1414 2564 succus
1443 2507 1664 2564 arboris
1709 2505 2018 2564 fructiferae
2045 2506 2187 2564 latet
2216 2507 2275 2563 in
2304 2505 2528 2581 radice;
2574 2526 2681 2565 nec

279 2586 379 2664 qui
425 2607 838 2663 nonnunquam
885 2608 1014 2647 cum
1067 2585 1551 2645 Nebucadnezare
1596 2586 2020 2663 possessionem
2070 2587 2238 2664 regui
2303 2585 2534 2660 amittit,
2582 2586 2679 2645 vel

280 2687 409 2725 curn
451 2667 696 2744 lepros0,
740 2668 814 2725 ab
857 2667 1209 2726 habitatione
1252 2666 1457 2725 domus
1501 2686 1620 2724 suae
1662 2665 2006 2742 excluditur,
2051 2667 2245 2725 statim
2280 2666 2380 2742 jus
2421 2666 2497 2723 ad
2524 2666 2683 2723 illam

278 2746 483 2823 perdit.
571 2747 746 2805 Pater
786 2748 1013 2824 quoties
1053 2746 1172 2804 filio
1215 2746 1459 2823 prodigo
1501 2746 1782 2820 irascitur,
1827 2746 1999 2804 toties
2041 2745 2204 2805 illum
2244 2765 2362 2803 non
2403 2746 2687 2822 expungit

279 2846 354 2883 ex
397 2825 646 2885 filiorum
687 2845 943 2903 numero,
989 2845 1096 2885 nec
1136 2846 1315 2904 quum
1357 2826 1558 2903 incipit
1622 2845 1821 2885 severe
1866 2826 2167 2904 castigare,
2213 2825 2425 2884 desinit
2467 2825 2686 2883 sincere

280 2924 494 2962 amare.

1168 3140 1553 3214 QUAESTIO
1583 3141 1800 3197 xvn.

1111 3316 1187 3354 DE
1231 3314 1637 3356 CERTITUDINE
1680 3315 1859 3354 mom.

284 3460 377 3516 An
405 3456 619 3516 Fidelis
661 3455 843 3532 possit
887 3464 940 3513 et
982 3457 1178 3514 debeat
1224 3476 1337 3514 esse
1380 3464 1560 3514 certus
1609 3459 1679 3514 de
1723 3456 1886 3530 Fide,
1918 3464 1971 3514 et
2024 3457 2093 3514 de
2132 3456 2538 3535 Justfficatione
2564 3476 2687 3531 sua,

367 3536 711 3675 Οετέἰηιᾱὶηε
739 3536 970 3611 Divina,
1002 3545 1057 3593 et
1094 3556 1205 3594 non
1234 3545 1449 3594 tantum
1476 3536 1843 3611 conjecturali
1864 3538 1893 3594 ‚²
1975 3534 2200 3594 Affirm.
2231 3544 2431 3595 contra
2474 3535 2687 3595 Pontis.

363 3624 422 3676 et
508 3624 778 3675 emonstr.

368 3775 417 3832 1.
463 3775 605 3831 Post
633 3782 908 3833 assertam
961 3775 1456 3834 Perseverantiam
1483 3774 1622 3833 fidei
1667 3783 1867 3834 contra
1907 3775 2280 3852 Apostasiam
2313 3776 2691 3850 Sanctorum;

289 3852 753 3910 Demonstranda
780 3861 869 3911 est
897 3854 1067 3911 etiam
1099 3854 1226 3929 ejus
1259 3854 1549 3913 Certitudo
1578 3863 1778 3912 contra
1830 3863 2001 3923 ὅτιχὺυ
2030 3863 2087 3912 et
2115 3853 2532 3912 dubitationem
2563 3852 2689 3909 Ad-

286 3931 671 3989 versariorum
728 3931 962 3989 Gratiae.
1048 3932 1193 3989 Cum
1248 3939 1440 3991 autem
1485 3931 1703 4008 duplex
1753 3931 2036 3989 certitudo
2083 3931 2220 3989 fidei
2265 3932 2440 3989 tribui
2469 3931 2688 4007 soleat3

289 4009 483 4067 Prima
511 4012 580 4067 de
606 4010 806 4084 seipsa,
837 4029 940 4085 per
966 4028 1138 4085 quam
1165 4010 1332 4068 novit
1360 4018 1418 4068 et
1445 4019 1637 4068 certus
1665 4018 1753 4068 est
1780 4010 2024 4085 quisque
2051 4009 2239 4068 fidelis
2269 4030 2330 4069 se
2358 4011 2532 4069 fidem
2565 4011 2690 4086 jus-

287 4089 599 4148 tificantem
644 4088 856 4145 habere
881 4110 894 4160 3
981 4088 1188 4146 Altera
1217 4091 1286 4146 de
1320 4089 1532 4147 Gratia
1562 4089 1978 4167 justificationis
2006 4098 2061 4146 et
2116 4091 2328 4163 salutis),
2381 4110 2483 4166 per
2520 4110 2694 4165 quam

289 4169 476 4227 fidelis
505 4175 695 4226 certus
724 4174 812 4225 est
841 4166 952 4224 sibi
980 4167 1219 4225 remissa
1240 4187 1366 4225 esse
1385 4176 1622 4242 peccata
1644 4186 1763 4243 sua,
1795 4174 1967 4243 atque
1986 4167 2130 4225 adeo
2160 4188 2221 4227 se
2244 4169 2446 4228 salutis
2464 4169 2693 4245 partici-

287 4268 418 4325 pem
448 4247 567 4306 fore
598 4269 612 4306 ε
687 4247 775 4305 De
802 4255 1044 4323 utraque
1074 4246 1246 4304 simul
1273 4246 1712 4323 disputabimus.
2576 4279 2582 4285 -

895 4325 980 4384 II.
1026 4326 1146 4383 Res
1162 4325 1331 4383 nobis
1347 4325 1443 4383 hic
1461 4333 1551 4385 est
1571 4345 1703 4383 cum
1724 4324 1931 4382 iisdem
1950 4324 2337 4400 Adversariis,
2371 4327 2470 4402 qui
2494 4327 2696 4387 Perse-

292 4390 772 4494 Sentegplaugontifi·
813 4405 1131 4463 verantiam
1160 4413 1512 4482 oppugnant.
1565 4404 1857 4463 Pontificii
1874 4405 2274 4464 certitudinem
2292 4405 2482 4464 fidelis
2504 4405 2576 4464 de
2599 4426 2705 4466 sua

625 4480 636 4493 '
812 4483 927 4543 fide
976 4484 1195 4544 nullam
1244 4505 1370 4543 esse
1419 4484 1532 4542 nisi
1577 4484 2022 4560 conjecturalem
2068 4485 2308 4559 docent3
2356 4486 2477 4544 Nec
2518 4486 2703 4544 ullum

293 4563 526 4621 fidelem
554 4583 723 4640 posse
753 4583 878 4622 esse
908 4572 1146 4639 certum,
1177 4565 1334 4642 quod
1353 4564 1467 4621 fide
1496 4584 1653 4639 vera,
1683 4584 1800 4622 non
1841 4563 2214 4641 hypocritiea‚
2244 4565 2382 4623 viva
2409 4585 2524 4623 non
2552 4585 2704 4624 mor-

299 4650 415 4719 tua,
439 4641 501 4700 in
530 4642 822 4701 Christum
851 4643 1069 4718 credat,
1117 4664 1248 4703 cum
1297 4652 1355 4703 et
1398 4643 1523 4702 falli
1551 4663 1768 4720 omnes,
1800 4650 1859 4703 et
1899 4643 2097 4704 fallere
2127 4644 2346 4722 seipsos
2387 4645 2548 4704 varie
2575 4665 2707 4724 pos·
