3221 5200
551 362 629 419 50
1458 381 1640 422 Locus
1671 382 2027 423 musenius,
2580 357 2837 440 [QuAEsr.
2868 378 2952 417 ix.

552 517 668 579 tico
696 521 921 579 Idolum
949 527 1207 579 sumatur
1233 529 1298 580 ut
1324 520 1634 598 plurimum
1661 521 1721 580 in
1748 524 1957 582 malam
1985 530 2224 600 partem,
2274 520 2480 597 Imago
2508 539 2648 578 vero
2688 518 2862 578 etiam
2893 518 2952 576 in

553 599 763 658 bonam
792 620 895 677 pro
922 600 1179 676 qualibet
1205 603 1740 678 repraesentatione3
1771 613 1963 663 tamen
1992 612 2210 661 certum
2240 601 2411 659 estin
2439 620 2548 659 usu
2577 601 2952 676 grammatico

552 679 814 755 ejusdem
842 699 967 738 esse
997 680 1449 756 significationis,
1479 690 1537 741 et
1563 683 1885 759 promiscue
1927 683 2191 760 usurpari
2229 702 2334 759 pro
2375 680 2586 758 quovis
2628 679 2953 739 simulacro.

556 758 714 817 Hinc
733 759 955 819 Gloss.:
985 762 1131 834 εἰκὼν,
1162 757 1377 821 εἴδωλον.
1423 762 1501 821 Et
1528 763 1683 839 apud
1711 764 2042 823 Ciceronem
2064 765 2266 838 Imago
2294 770 2353 820 et
2378 763 2604 819 Idolum
2632 779 2701 818 eo
2729 767 2954 818 tantum

555 837 842 914 differunt,
858 840 1013 916 quod
1034 840 1275 900 alterum
1299 843 1585 918 Graecum,
1617 843 1858 902 alterum
1879 843 2150 902 Latinum
2178 851 2294 918 est;
2345 840 2551 915 Aterni,
2571 839 2760 916 inquit
2785 839 2888 897 lib.
2913 838 2951 896 i.

554 916 627 977 de
648 918 908 993 Finibus,
934 921 1126 979 inanes
1141 922 1440 998 Imaqines,
1455 942 1595 998 quas
1624 923 1779 982 idola
1804 922 2108 982 nominant.
2194 921 2288 980 Ita
2312 921 2529 999 passim
2557 919 2709 997 apud
2737 918 2953 977 Diodo-

554 1018 699 1073 rum,
736 999 1060 1076 Polybium,
1095 1000 1483 1077 Plutarchum,
1514 1011 1574 1061 et
1600 1004 1745 1064 alios
1771 1002 2044 1080 probatos
2084 1002 2373 1075 authoreS,
2406 1001 2652 1076 Regum,
2700 1000 2956 1076 Impera·

553 1087 743 1138 torum
771 1086 831 1137 et
858 1079 1098 1139 aliorum
1128 1088 1330 1140 statua:
1357 1079 1547 1140 εἴδωλα
1573 1092 1870 1141 vocantur.
1955 1082 2132 1160 Apud
2167 1082 2485 1158 Scriptores
2514 1079 2958 1138 Ecclesiasticos

557 1178 673 1217 non
700 1178 827 1217 raro
858 1159 1299 1237 confunduntur,
1331 1174 1396 1220 ut
1423 1159 1624 1221 εἴδωλον
1663 1183 1766 1239 pro
1795 1163 2047 1239 imagine
2097 1161 2345 1237 simplici
2387 1168 2649 1239 ponatur,
2695 1168 2754 1217 et
2781 1159 2957 1217 vicis-

556 1237 665 1296 sim
694 1239 899 1316 Imago
927 1259 1030 1315 pro
1060 1240 1245 1299 Idolo.
1330 1245 1385 1300 5.
1430 1243 1708 1317 Quamvis
1735 1243 1793 1300 in
1823 1262 1892 1301 eo
1920 1242 2142 1319 possint
2169 1240 2413 1315 differre,
2438 1239 2595 1316 quod
2621 1240 2681 1296 in
2709 1259 2819 1297 usu
2851 1239 2957 1296 ho·

556 1317 756 1376 diemo
787 1318 1017 1378 Idolum
1044 1320 1296 1381 strictius
1325 1330 1598 1397 sumatur,
1634 1323 1835 1398 Imago
1864 1341 2003 1381 vero
2031 1321 2222 1396 latius,
2252 1330 2318 1379 ut
2345 1340 2514 1378 omne
2541 1318 2774 1395 quidem
2818 1318 2958 1376 Ido-

555 1397 677 1456 lum
707 1398 782 1456 sit
811 1398 1032 1475 Imag0,
1065 1398 1168 1458 sed
1195 1420 1311 1457 non
1339 1401 1595 1460 vicissim
1624 1402 1810 1461 omnis
1839 1403 2046 1478 Imago
2076 1400 2306 1459 Idolum
2329 1423 2344 1475 ;
2388 1399 2501 1458 nisi
2529 1418 2707 1475 quum
2735 1398 2822 1455 illi
2850 1397 2958 1455 ali·

557 1494 672 1552 qua
700 1477 902 1536 relatio
929 1477 1248 1538 divinitatis
1290 1481 1528 1555 accedit,
1576 1481 1700 1540 sive
1741 1482 1933 1559 quoad
1975 1479 2553 1557 repraesentationem,
2600 1478 2722 1536 sive
2764 1476 2964 1553 quoad

559 1557 805 1632 cultum3
839 1558 1072 1616 Certum
1099 1578 1383 1635 nusquam
1411 1560 1493 1619 ita
1519 1561 1670 1619 inter
1697 1581 1758 1619 se
1788 1561 2087 1637 distingui,
2116 1568 2182 1618 ut
2210 1560 2429 1618 vellent
2459 1557 2764 1631 Pontifieii,
2789 1558 2963 1634 quasi

561 1634 790 1695 Idolum
820 1647 973 1697 esset
1019 1646 1243 1698 tantum
1292 1659 1480 1698 rerum
1526 1661 1646 1699 non
1689 1641 2079 1714 existentium,
2127 1640 2333 1716 Imago
2381 1659 2520 1696 vero
2564 1637 2960 1696 existentium.

560 1715 707 1789 Quia
734 1718 950 1794 passim
977 1718 1131 1795 apud
1158 1718 1427 1795 profanos
1454 1721 1724 1779 authores
1750 1721 1970 1779 idol'um
1998 1720 2209 1778 dicitur
2235 1739 2425 1777 rerum
2452 1717 2842 1777 existentium.
2888 1717 2965 1775 In

563 1795 857 1873 Scriptura
885 1818 1023 1856 vero
1054 1798 1221 1857 Idola
1248 1799 1517 1859 dicuntur
1543 1800 1827 1877 imagines
1855 1800 1979 1858 veri
2010 1799 2138 1874 Dei,
2168 1807 2235 1858 ut
2262 1799 2479 1857 vitulus
2507 1817 2714 1856 aureus
2736 1799 2964 1855 Idolum

559 1886 816 1952 vocatur,
849 1876 985 1935 Act.
1015 1878 1113 1936 vii.
1144 1882 1239 1953 41,
1282 1887 1340 1938 et
1381 1880 1509 1957 ejus
1550 1881 1802 1938 cultores
1842 1879 2179 1953 idololatrae,
2224 1878 2380 1955 quod
2421 1886 2614 1936 tamen
2658 1876 2732 1934 ad
2759 1896 2965 1935 verum

563 1956 751 2014 Deum
794 1957 1316 2033 repraesentandum
1358 1958 1664 2018 formatum
1702 1960 1849 2031 fuit3
1912 1960 2005 2017 Ita
2041 1962 2266 2018 Idolum
2306 1959 2494 2033 Micse,
2536 1957 2581 2017 J
2583 1957 2679 2015 ud.
2708 1956 2872 2029 xvii„
2902 1965 2966 2015 et

571 2036 746 2094 Vituzi
781 2036 1177 2111 Jerobohami,
1224 2041 1253 2095 l
1288 2038 1435 2113 Reg.
1480 2039 1581 2099 xii.
1628 2042 1724 2098 28.
1810 2038 2036 2097 Deinde
2074 2039 2136 2095 in
2172 2038 2302 2115 lege
2348 2038 2507 2096 Deus
2543 2036 2809 2114 prohibet
2846 2056 2966 2094 non

559 2122 785 2175 tantum
829 2114 1112 2193 imagines
1156 2137 1345 2175 rerum
1390 2117 1681 2192 falsarum,
1730 2118 1835 2177 sed
1881 2119 2055 2176 etiam
2092 2137 2282 2176 rerum
2329 2117 2702 2177 existentium
2741 2115 2865 2174 sive
2903 2115 2967 2172 in

562 2196 724 2269 coe10,
757 2196 971 2273 sivein
1011 2205 1180 2270 terra,
1213 2195 1357 2271 &c.;
1401 2217 1518 2256 non
1560 2198 1702 2257 dicit
1743 2218 1941 2257 eorum
1980 2218 2109 2274 quae
2154 2217 2270 2256 non
2312 2205 2463 2271 sunt,
2503 2196 2613 2258 sed
2653 2215 2778 2272 quae
2815 2204 2963 2253 sunt.

566 2274 661 2332 Sic
689 2295 780 2333 res
802 2276 1075 2351 quaelibet
1102 2285 1307 2335 creatae
1337 2277 1505 2335 Idola
1533 2277 1695 2353 fiunt,
1727 2297 1905 2354 quum
1933 2278 2238 2355 religiosus
2266 2278 2457 2336 cultus
2484 2276 2600 2334 illis
2629 2275 2964 2349 exhibetur3

566 2354 814 2430 Serpens
843 2376 1036 2414 aeneus
1065 2356 1294 2415 Idolum
1324 2356 1538 2415 factum
1566 2365 1671 2432 est,
1716 2377 1894 2434 quum
1936 2358 2021 2414 illi
2063 2358 2359 2415 incensum
2401 2355 2631 2414 adolere
2660 2355 2969 2414 voluerunt

562 2434 879 2510 Israelitae3
930 2436 1133 2494 Statua
1162 2436 1663 2496 Nebucadnezaris
1691 2437 1910 2496 idolum
1938 2436 2062 2511 fuit,
2094 2437 2326 2513 quando
2364 2436 2553 2513 posita
2581 2442 2670 2493 est
2711 2434 2786 2493 ad
2825 2434 2966 2493 ado-

560 2514 839 2573 rationem
865 2538 878 2589 3
923 2516 1196 2592 pleraque
1226 2516 1503 2574 Gentium
1533 2516 1703 2574 Idola
1728 2537 1846 2574 non
1875 2536 2063 2575 rerum
2092 2517 2382 2590 falsarum,
2415 2515 2517 2573 sed
2545 2516 2682 2573 vere
2712 2514 2963 2573 existen-

562 2594 705 2653 tium
733 2594 963 2654 fuerunt
994 2595 1303 2672 Imagines,
1333 2605 1473 2672 puta
1500 2596 1595 2654 vel
1625 2595 1952 2671 Astrorum‚
1983 2596 2081 2654 vel
2120 2595 2456 2671 Hominum,
2486 2595 2584 2654 vel
2612 2594 2965 2653 animalium.

560 2676 787 2732 Idolum
824 2675 963 2731 nihil
988 2674 1201 2733 dicitur
1227 2695 1357 2748 esse,
1393 2678 1420 2732 1
1456 2675 1585 2734 Cor.
1616 2675 1739 2733 viii.
1769 2680 1824 2749 4,
1856 2696 1974 2734 non
2009 2677 2313 2752 subjective,
2357 2676 2580 2734 ratione
2620 2674 2963 2749 existentiae,

561 2753 660 2810 vel
688 2755 958 2828 objectt‘ve,
991 2754 1209 2812 ratione
1237 2755 1745 2829 repraesentationis
1764 2780 1790 2829 ‚·
1839 2755 1943 2814 sed
1968 2756 2189 2814 ratione
2219 2756 2491 2830 efficacioe,
2523 2762 2582 2813 et
2612 2755 2965 2828 formaliter,

561 2833 697 2909 quia
725 2853 841 2891 non
869 2842 957 2892 est
984 2853 1157 2892 verus
1187 2835 1366 2892 Deus·

552 2953 559 2958 -
643 2912 728 2971 X.
773 2916 829 2971 3.
859 2914 1070 2988 Excip.
1117 2914 1188 2970 In
1219 2913 1377 2990 Lege
1414 2933 1531 2972 non
1559 2914 1798 2990 quasvis
1829 2914 2122 2992 Imagines
2164 2915 2366 2990 vetari,
2413 2914 2514 2973 sed
2548 2933 2675 2990 quae
2703 2912 2845 2969 fiant
2887 2911 2968 2969 ad

562 2992 955 3052 adorationem
983 2992 1182 3068 latriae,
1215 3003 1274 3052 et
1301 3014 1431 3070 quae
1459 2996 1772 3052 habeantur
1801 3016 1918 3071 pro
1947 2995 2095 3053 Diis.
2142 2995 2214 3052 R.
2247 2994 2424 3071 Legis
2452 2994 2629 3052 verba
2656 2992 2826 3050 talem
2857 3012 2964 3048 ex-

562 3073 930 3149 plicationem
958 3084 1252 3151 respuunt,
1284 3093 1413 3150 quae
1462 3093 1577 3132 non
1620 3074 1794 3133 modo
1823 3075 2066 3149 latriam,
2099 3074 2202 3132 sed
2231 3083 2288 3132 et
2316 3074 2532 3132 duliam
2570 3080 2769 3131 vetant
2795 3069 2965 3129 reddi

559 3153 927 3231 imaginibus,
950 3173 1069 3213 vox
1087 3155 1239 3213 enim
1256 3154 1551 3213 Hebraica
1566 3171 1762 3214 taum-v
1781 3154 2070 3231 significat
2084 3155 2287 3212 servies
2309 3155 2401 3228 εἰς,
2422 3153 2577 3230 quod
2599 3163 2688 3211 est
2707 3148 2960 3210 δουλώω.

561 3237 617 3293 2.
652 3236 714 3295 Si
737 3243 1008 3294 vetantur
1025 3243 1247 3294 tantum
1274 3234 1585 3311 ImagineS,
1599 3255 1730 3311 quae
1751 3235 2070 3293 habeantur
2097 3253 2200 3309 pro
2214 3234 2359 3309 Diis,
2386 3234 2468 3292 sic
2488 3239 2757 3309 ageretur
2777 3231 2848 3289 de
2868 3233 2962 3289 ob-

545 3317 695 3389 jecto
717 3319 909 3388 cultus,
940 3335 1057 3372 non
1086 3314 1159 3373 de
1186 3317 1368 3389 mod0,
1398 3324 1570 3390 atque
1605 3315 1689 3373 ita
1715 3314 2158 3372 confunderetur
2184 3322 2532 3390 praeceptum
2560 3312 2807 3388 primum
2829 3330 2960 3369 cum

562 3395 834 3453 secundo.
899 3397 955 3452 3.
1003 3393 1066 3451 Si
1093 3393 1357 3469 exceptio
1387 3394 1622 3468 valeret,
1647 3393 1815 3452 facile
1846 3393 2111 3452 Gentiles
2136 3392 2370 3452 liberari
2397 3400 2632 3469 possent
2659 3412 2695 3449 a
2722 3390 2959 3449 crimine

560 3472 918 3545 idololatriae,
948 3471 1048 3547 qui
1076 3490 1227 3548 saepe
1257 3471 1596 3548 profitentur
1625 3492 1686 3530 se
1714 3492 1829 3530 non
1857 3473 2066 3531 habere
2098 3472 2266 3531 Idola
2292 3492 2397 3531 sua
2422 3491 2528 3549 pro
2558 3470 2720 3545 Diis;
2768 3470 2963 3529 Celsus

560 3552 714 3627 apud
744 3551 977 3627 origen.
1012 3549 1114 3607 lib.
1134 3551 1233 3608 vii.
1263 3571 1319 3627 p.
1351 3552 1485 3624 384,
1525 3551 1597 3615 τίς
1640 3554 1742 3630 φὰς
1784 3550 1944 3616 ἔλλος
1986 3558 2022 3610 ti
2047 3555 2116 3627 μὲ
2159 3553 2329 3611 πάντα
2371 3554 2525 3615 νήπιος
2566 3557 2733 3609 ταῦτα
2773 3552 2964 3620 §strae

557 3630 727 3698 Βιοὺςς
759 3631 880 3706 quz's
891 3630 1002 3687 nisi
1013 3632 1191 3704 plane
1209 3631 1410 3705 insana,
1425 3631 1540 3688 haec
1562 3631 1685 3689 scil.
1710 3632 2057 3690 simulachra
2073 3643 2246 3707 putat
2264 3652 2377 3691 esse
2388 3635 2580 3690 Deos?
2609 3630 2832 3688 Arnob.
2855 3630 2958 3688 lib.

560 3711 640 3768 vi.
674 3709 953 3769 Ethnicos
980 3708 1283 3786 loquentes
1310 3709 1607 3784 inducenS,
1640 3712 1675 3744 “
1705 3711 1882 3770 Erras
1926 3720 1984 3770 et
2011 3711 2239 3787 laberis,
2270 3732 2403 3769 nam
2446 3731 2632 3787 neque
2673 3729 2781 3768 nos
2822 3730 2953 3783 aera,

560 3810 747 3868 neque
789 3789 915 3849 auri
962 3790 1300 3866 argentique
1328 3790 1597 3848 materias
1639 3810 1767 3850 esse
1794 3811 1897 3869 per
1937 3811 1997 3850 se
2030 3792 2203 3864 Deos,
2249 3798 2326 3849 et'
2348 3790 2619 3866 religiosa
2656 3809 2957 3847 censemus

561 3870 814 3930 Numina
837 3892 851 3945 3
898 3869 1000 3928 sed
1029 3869 1187 3927 Deos
1215 3890 1290 3928 ex
1317 3870 1409 3928 his
1436 3869 1738 3929 colimu3.''
1823 3870 2045 3929 Eodem
2073 3871 2245 3929 modo
2271 3871 2589 3948 loquuntur
2627 3869 2783 3946 apud
2812 3869 2955 3926 Lae·

559 3951 823 4026 tantiurn,
843 3950 945 4009 lib.
966 3950 1023 4007 ii.
1045 3970 1093 4008 c.
1116 3953 1173 4008 2.
1237 3949 1492 4026 August.
1523 3950 1582 4007 in
1607 3951 1761 4009 Psal.
1784 3951 1941 4008 cxiii.
1971 3951 2082 4009 hoc
2110 3949 2388 4028 effugium
2416 3950 2670 4027 ipsorum
2696 3948 2871 4006 refert
2899 3956 2959 4006 et

560 4031 788 4091 refellit.
821 4034 857 4065 “
872 4029 1217 4103 Videntur,''
1240 4029 1444 4106 inquit,
1463 4031 1499 4062 “
1512 4029 1624 4088 sibi
1640 4030 1986 4107 purgatioris
2005 4049 2130 4088 esse
2149 4029 2461 4106 religionis,
2476 4029 2575 4105 qui
2594 4028 2810 4098 dicunt,
2834 4027 2887 4085 N
2891 4047 2956 4085 ec

560 4111 987 4185 simulachrum,
1017 4129 1125 4167 nec
1153 4108 1436 4168 daemonia
1464 4110 1609 4183 coln,
1642 4110 1746 4169 sed
1771 4129 1875 4187 per
1900 4108 2148 4186 effigiem
2177 4109 2529 4186 corporalem
2558 4108 2684 4184 ejus
2710 4108 2793 4165 rei
2837 4107 2958 4183 sig-

557 4212 696 4250 num
744 4192 988 4264 intueor,
1018 4208 1192 4265 quam
1233 4190 1420 4248 colere
1462 4187 1663 4263 debeo,
1705 4188 1814 4247 Sec.
1842 4208 1959 4247 non
1999 4189 2110 4248 hoc
2150 4189 2380 4247 visibile
2409 4188 2553 4262 colo,
2600 4187 2704 4246 sed
2743 4206 2958 4244 numen

559 4271 718 4348 quod
743 4271 865 4329 illic
892 4268 1262 4327 invisibiliter
1287 4268 1569 4327 habitat.'’
1656 4269 1778 4328 Nec
1807 4267 2140 4327 Idololatrae
2182 4268 2426 4327 fuissent
2456 4267 2737 4325 Israelitae
2777 4266 2838 4323 in
2867 4266 2957 4322 vi-

555 4351 679 4409 tulo
708 4369 898 4423 auree,
929 4368 1101 4425 quem
1128 4368 1247 4407 non
1274 4348 1557 4425 putabant
1585 4349 1774 4407 Deum
1803 4367 1964 4423 esse;
2010 4347 2152 4421 Quis
2169 4348 2323 4407 enim
2350 4347 2658 4406 arbitretur
2685 4365 2785 4404 eos
2812 4345 2961 4404 adeo

557 4429 795 4488 hebetes
823 4429 1018 4502 fuisse,
1048 4437 1115 4487 ut
1142 4427 1441 4486 crederent
1468 4447 1615 4504 opus
1641 4447 1913 4486 manuum
1941 4443 2176 4486 suarum
2203 4427 2380 4486 fuisse
2411 4427 2601 4484 Deum
2627 4425 2811 4499 illum,
2857 4425 2959 4500 qui

558 4527 658 4565 eos
686 4508 966 4567 eduxerat
992 4527 1068 4566 ex
1095 4508 1364 4584 AEgypto
1383 4509 1412 4564 P
1453 4506 1555 4565 sed
1584 4515 1807 4566 tantum
1834 4507 2160 4566 habuerunt
2185 4507 2245 4564 in
2273 4506 2465 4565 animo
2493 4505 2621 4582 ejus
2650 4504 2958 4563 simulach-

559 4606 686 4644 rum
738 4587 848 4645 sibi
894 4587 1129 4663 fingere,
1179 4595 1246 4646 ut
1288 4606 1490 4645 verum
1536 4586 1724 4645 Deum
1768 4587 1829 4644 in
1865 4586 1974 4645 hac
2017 4586 2269 4663 imagine
2312 4586 2582 4658 colerent,
2634 4592 2782 4644 teste
2831 4584 2958 4661 ipso

559 4665 812 4744 Aarone,
842 4666 943 4743 qui
980 4666 1190 4726 festum
1231 4667 1366 4727 huie
1415 4665 1570 4724 idolo
1617 4674 2012 4726 consecratum
2041 4675 2212 4726 vocat
2234 4668 2448 4741 festum
2485 4667 2731 4739 Jehovoe,
2766 4663 2961 4723 Exod.
