3221 5200
495 344 613 403 200
1395 355 1577 394 Locus
1606 354 2007 395 nuomzcmus.
2522 332 2772 415 [QUAEST.
2802 352 2911 394 vn.

499 509 722 562 tantum
753 505 906 557 esset
933 497 1180 575 typicuS,
1210 503 1277 554 ut
1304 496 1535 573 typicus
1566 496 1678 555 fuit
1704 498 1970 577 λυτςυτὺς,
2015 495 2153 554 Act.
2182 495 2284 553 vii.
2314 496 2410 570 35,
2453 503 2520 554 ut
2561 494 2810 553 famulus
2850 495 2913 553 in

503 583 675 640 domo
705 579 834 653 Dei,
868 578 1022 637 Heb.
1051 576 1133 635 iii.
1164 581 1220 652 2,
1252 579 1307 650 5,
1333 586 1391 634 et
1418 575 1814 635 internuncius
1846 595 2038 635 merus
2086 575 2236 635 inter
2278 575 2469 635 Deum
2512 583 2571 634 et
2614 575 2909 653 populum,

504 663 678 719 Deut.
706 679 765 718 v.
796 661 892 717 31.

1108 737 1392 795 XXVII.
1438 738 1648 795 Modus
1677 737 2070 813 Leqislatiom's
2096 736 2206 796 fuit
2233 745 2516 814 augustus
2537 743 2596 795 et
2617 734 2907 810 terribilis,

541 804 950 908 Μοάξξοξίξῖἰῧιὼ
1026 838 1144 876 non
1169 816 1343 876 modo
1385 826 1619 895 propter
1645 817 1921 877 terminos
1950 818 2103 876 circa
2129 826 2383 876 montem
2416 816 2654 893 positOS,
2686 835 2759 874 ne
2788 815 2908 874 cui·

668 947 673 950 μ
815 893 827 905 “
880 947 883 948 ⁷
1028 915 1200 974 quam
1230 898 1376 956 liber
1403 917 1669 957 accessus
1698 898 1945 973 daretur,
1990 917 2162 975 poena
2188 897 2390 955 mortis
2419 896 2765 954 denunciata
2799 895 2905 970 illi,

504 980 606 1058 qui
647 981 709 1037 in
750 985 1002 1036 montem
1034 976 1361 1053 ascendere,
1391 978 1489 1036 vel
1529 987 1751 1054 partem
1780 978 1908 1055 ejus
1936 986 2174 1055 tangere
2204 976 2528 1056 sustineret,
2562 975 2755 1034 Exod.
2782 975 2906 1033 xix.

509 1064 600 1136 13,
634 1059 737 1119 sed
765 1058 940 1117 etiam
968 1078 1042 1116 ex
1071 1057 1255 1134 signis
1283 1066 1343 1116 et
1382 1058 1664 1135 prodigiis
1705 1057 2096 1133 horribilibus,
2127 1077 2256 1134 quae
2297 1055 2663 1134 praesentiam
2695 1055 2804 1113 Dei
2845 1056 2908 1112 in

500 1148 696 1199 monte
720 1138 1160 1212 comitabantur,
1186 1137 1376 1197 Exod.
1401 1137 1544 1213 xix„
1570 1146 1630 1197 et
1650 1138 1803 1197 Heb.
1827 1137 1950 1212 xii„
1974 1137 2187 1215 quibus
2208 1156 2323 1194 non
2340 1136 2590 1214 populus
2603 1134 2904 1208 duntaxat,

502 1218 606 1278 sed
636 1219 833 1277 Moses
861 1218 985 1296 ipse
1014 1225 1170 1277 totus
1199 1219 1560 1293 contremuit,
1593 1227 1653 1277 et
1679 1227 1874 1295 aperte
1901 1218 2194 1294 professus
2222 1225 2312 1275 est
2339 1236 2401 1274 se
2429 1235 2556 1275 esse
2583 1213 2788 1286 ἔκφοβοι
2814 1219 2907 1273 καὶ

498 1297 731 1381 ἴπςομου,
772 1298 929 1358 Heb.
973 1298 1076 1357 xii.
1123 1301 1220 1373 21,
1265 1318 1394 1375 quae
1439 1318 1556 1356 non
1599 1298 1715 1356 alio
1769 1297 2151 1375 pertinebant,
2197 1293 2371 1374 quam
2416 1296 2491 1354 ad
2539 1295 2907 1354 indicandam

499 1377 857 1451 tremendam
898 1376 1278 1454 Legislatoris
1307 1379 1697 1455 Majestatem,
1729 1387 1789 1436 et
1816 1376 2231 1454 designandam
2263 1376 2442 1453 Legis
2480 1385 2762 1451 naturam,
2805 1396 2910 1454 per

502 1479 677 1536 qnam
698 1458 894 1516 nullus
916 1458 1042 1515 dari
1068 1465 1260 1535 potest
1286 1457 1577 1535 peccatori
1604 1458 1680 1515 ad
1705 1459 1895 1516 Deum
1917 1477 2201 1534 accessuS,
2232 1457 2348 1515 imo
2370 1456 2516 1513 nihil
2537 1455 2695 1514 aliud
2717 1464 2805 1514 est
2833 1476 2910 1515 ex

503 1559 583 1613 se,
615 1558 788 1616 quam
816 1537 1198 1597 ministerium
1225 1538 1428 1597 mortis
1455 1546 1514 1597 et
1543 1537 2058 1597 condemnationis.

830 1653 835 1658 ‚
946 1684 957 1697 ι
1109 1617 1432 1676 XXVIII.
1493 1617 1694 1694 Atque
1748 1617 1885 1675 hine
1932 1636 2050 1675 non
2099 1618 2341 1676 obscure
2390 1616 2702 1694 colligitur,
2755 1616 2910 1691 Quid

501 1682 886 1787 Anoelgeealogqs
919 1687 1001 1769 ⁸¹5
1027 1697 1396 1757 statuendum
1427 1697 1502 1756 sit
1523 1697 1676 1756 circa
1698 1696 2105 1773 Quaestionem,
2137 1718 2266 1775 quae
2292 1698 2388 1755 hic
2409 1705 2677 1755 movetur
2703 1717 2738 1755 a
2764 1716 2908 1755 non-

563 1744 591 1788 1·
660 1757 715 1787 ¹²⁸
735 1748 923 1802 gratnae.
1023 1778 1216 1855 nullis,
1263 1777 1364 1836 An
1394 1777 1725 1856 Decalogus
1773 1777 1834 1834 in
1862 1786 2057 1837 monte
2111 1777 2271 1836 Sinai
2310 1777 2728 1854 promulgatus,
2759 1777 2908 1834 nihil

499 1858 614 1917 nisi
655 1857 844 1917 foedus
886 1859 1088 1937 gratiae
1130 1858 1495 1932 continuerit,
1538 1867 1596 1917 et
1638 1878 1840 1936 puram
1869 1858 1995 1934 ejus
2024 1857 2497 1935 stipulationem?
2580 1857 2724 1915 Cum
2753 1857 2908 1915 enim

501 1958 578 1997 ex
618 1939 691 1998 iis
718 1958 848 2015 quae
884 1940 1129 2017 jamjam
1163 1938 1320 1997 dicta
1347 1947 1498 2014 sunt,
1531 1947 1757 1997 constet
1786 1939 2051 2015 νομοδιστῦις
2080 1937 2248 1996 istius
2275 1936 2507 1995 modum
2540 1935 2716 1995 fuisse
2743 1937 2909 1995 terri-

497 2018 690 2094 ficum,
722 2019 823 2096 qui
850 2027 1067 2079 metum
1095 2019 1377 2078 incuteret
1404 2018 1788 2095 conscientiis,
1813 2038 2026 2095 easque
2053 2017 2337 2076 minarum
2364 2017 2556 2093 rigore
2583 2025 2908 2076 removeret

499 2118 536 2157 a
565 2099 678 2158 Dei
705 2108 1034 2177 conspectu,
1065 2118 1234 2158 nemo
1262 2118 1380 2157 non
1406 2098 1568 2157 videt
1608 2099 1719 2156 hoc
1747 2118 1864 2157 non
1892 2118 2019 2157 esse
2048 2102 2231 2174 σχὶἷμα
2258 2097 2351 2155 vel
2394 2097 2628 2174 genium
2670 2097 2905 2155 foederis

500 2179 719 2256 gratiae,
752 2180 910 2256 quod
939 2180 1129 2238 Deum
1161 2178 1452 2256 placatum
1480 2178 1648 2237 nobis
1677 2179 1930 2254 exhibet,
1961 2187 2019 2237 et
2047 2185 2378 2255 peccatores
2406 2176 2480 2235 ad
2520 2176 2709 2254 ipsum
2738 2197 2905 2236 revo-

498 2267 593 2318 cat
634 2260 920 2318 suavitate
960 2259 1423 2337 promissionum.
1508 2257 1683 2317 Adde
1711 2258 1868 2336 quod
1897 2258 2040 2333 Lex,
2073 2278 2201 2334 quae
2233 2256 2529 2333 Decalogo
2562 2258 2906 2332 continetur,

489 2338 641 2417 juris
670 2348 759 2399 est
785 2340 1081 2414 naturalis,
1111 2339 1351 2398 fundata
1378 2339 1439 2396 in
1469 2338 1582 2397 Dei
1603 2339 1869 2416 justitia:
1941 2338 2027 2397 At
2054 2337 2242 2396 foedus
2271 2337 2473 2413 gratiae
2492 2337 2643 2413 juris
2670 2337 2908 2414 positivi

499 2427 558 2478 et
598 2419 783 2493 liberi,
828 2419 1130 2479 fundatum
1170 2420 1230 2477 in
1258 2421 1386 2496 ejus
1415 2415 1606 2497 ιῦδοκίςι
1633 2425 1691 2476 et
1717 2418 2126 2477 misericordia.
2212 2416 2382 2475 Istud
2427 2417 2774 2494 Sponsorem
2802 2437 2903 2475 ex-

497 2498 677 2573 hibet,
702 2508 760 2559 et
780 2499 1174 2570 remissionem
1196 2507 1561 2575 peccatorum
1584 2507 1643 2556 et
1665 2498 1909 2557 salutem
1932 2498 1992 2556 in
2014 2499 2142 2575 ejus
2164 2496 2552 2556 satisfactione
2580 2497 2903 2573 pollicetur,

498 2598 606 2637 nec
635 2578 1022 2638 obedientiam
1051 2586 1276 2637 tantum
1303 2578 1506 2655 exigit,
1543 2577 1646 2637 sed
1691 2585 1750 2637 et
1777 2577 1968 2638 efficit.
2061 2577 2178 2639 Sed
2205 2578 2265 2636 in
2295 2576 2591 2655 Decalogo
2619 2577 2782 2637 nulla
2807 2579 2907 2637 vel

502 2658 809 2736 Sponsoris
836 2658 1070 2732 menti0,
1100 2658 1198 2716 vel
1237 2658 1440 2716 salutis
1469 2654 1675 2715 dandae
1717 2659 2115 2734 peccatoribus
2143 2657 2448 2735 promissio
2476 2658 2756 2735 occurrit;
2802 2658 2907 2717 sed

498 2756 657 2795 mera
696 2737 1166 2814 promissiovitae
1208 2736 1567 2811 facientibus,
1601 2745 1661 2795 et
1687 2738 2211 2814 transgressoribus
2252 2737 2640 2799 interminatio
2681 2738 2901 2796 mortis.

501 2815 675 2875 Unde
706 2816 833 2874 Lex
874 2836 1128 2894 operum,
1159 2836 1289 2893 quae
1331 2816 1390 2873 in
1430 2815 1730 2893 Decalogo
1770 2817 2033 2894 habetur,
2067 2818 2216 2894 Legi
2255 2817 2408 2892 fidei,
2439 2826 2496 2876 et
2527 2817 2902 2877 Promissioni

499 2895 702 2972 gratiae
731 2894 885 2973 apud
916 2895 1161 2955 Paulum
1202 2895 1417 2973 passim
1446 2895 2039 2974 contradistinguitur,
2073 2898 2244 2957 Rom.
2274 2897 2353 2955 iii.
2385 2902 2480 2974 27,
2515 2897 2648 2956 Gal.
2688 2898 2769 2956 iii.
2805 2901 2898 2972 17,

505 2977 597 3051 18,
629 2976 766 3053 quia
802 2984 868 3035 ut
909 2975 1195 3035 chnon
1234 2985 1323 3035 est
1350 2996 1426 3034 ex
1466 2975 1598 3051 fide,
1644 2976 1775 3036 Gal.
1818 2976 1900 3036 iii.
1935 2980 2026 3054 12,
2072 2978 2154 3036 ita
2193 2997 2300 3035 nec
2343 2976 2489 3035 fides
2516 2997 2592 3035 ex
2635 2977 2811 3055 Lege,
2844 2986 2904 3036 et

495 3064 657 3115 tanta
686 3065 773 3116 est
799 3056 950 3116 inter
975 3056 1089 3116 ista
1116 3057 1231 3115 duo
1258 3055 1449 3115 media
1475 3056 1868 3132 contrarietaS,
1898 3066 1965 3116 ut
1990 3057 2160 3135 plane
2189 3056 2305 3115 sint
2331 3055 2615 3116 αἰσίου-τιτι.

578 3136 839 3196 XXIX.
905 3136 1074 3212 Quod
1121 3156 1237 3196 non
1281 3134 1428 3195 ideo'
1456 3136 1720 3212 dicimus,
1768 3138 1936 3214 quasi
1982 3137 2078 3196 vel
2126 3156 2338 3213 negare
2380 3137 2628 3196 velimus
2678 3136 2897 3196 Foedus

497 3217 700 3294 gratiae
729 3237 860 3277 cum
891 3217 1174 3276 Israelitis
1218 3227 1356 3277 tunc
1396 3226 1631 3294 pactum
1668 3216 1863 3292 fuisse,
1895 3217 2052 3294 quod
2092 3236 2364 3293 expresse
2413 3216 2667 3292 docetur,
2722 3218 2895 3276 Deut.

496 3317 554 3356 v.
586 3302 642 3373 2,
673 3305 732 3356 et
773 3298 939 3356 facile
978 3297 1287 3374 colligitur,
1333 3305 1456 3355 tum
1494 3317 1570 3354 ex
1598 3297 1728 3374 ejus
1757 3298 2069 3371 sanctione,
2102 3317 2231 3374 quae
2276 3295 2520 3355 refertur
2548 3296 2738 3356 Exod.
2770 3297 2896 3356 xix.

499 3379 554 3451 5,
585 3385 709 3435 tum
737 3396 813 3434 ex
841 3377 969 3453 ejus
998 3376 1221 3435 solenni
1249 3375 1700 3451 confirmatione,
1737 3386 1797 3435 et
1844 3377 2239 3451 ratificatione,
2271 3397 2400 3453 quae
2427 3377 2673 3436 habetur
2702 3376 2894 3436 Exod.

495 3456 679 3527 xxixa,
695 3455 795 3513 ubi
816 3456 1031 3514 mentio
1052 3455 1119 3513 fit
1139 3455 1485 3531 aspersionis
1508 3456 1808 3532 sanguinis
1827 3456 2210 3529 victimarum,
2235 3465 2294 3514 et
2305 3476 2570 3516 accessus
2596 3456 2898 3517 Seniorum

495 3533 573 3591 ad
617 3534 825 3591 Deum.
910 3533 1025 3591 Vel
1072 3534 1238 3610 quasi
1285 3534 1630 3592 arbitremur
1678 3536 2035 3613 Decalogum
2079 3536 2225 3595 nihil
2273 3555 2575 3596 commune
2622 3536 2895 3595 habuisse

496 3632 628 3671 cum
665 3611 878 3671 soedere
920 3612 1139 3688 gratiae,
1183 3621 1243 3671 et
1281 3612 1428 3670 nihil
1471 3613 1632 3672 aliud
1668 3614 1862 3685 fuisse,
1893 3636 2064 3692 quam
2106 3616 2295 3693 ipsum
2336 3615 2524 3675 foedus
2553 3636 2804 3693 operum,
2838 3616 2898 3674 in

493 3711 626 3750 eum
667 3691 841 3750 finem
878 3700 1233 3767 renovatum,
1278 3699 1344 3750 ut
1383 3692 1661 3769 populum
1703 3694 1779 3753 ad
1817 3695 1965 3753 illud
2007 3704 2321 3771 revocaret,
2361 3704 2428 3754 ut
2464 3716 2538 3755 ex
2582 3696 2684 3754 illo
2713 3696 2896 3754 vitam

494 3778 794 3849 quaereret.
879 3772 1023 3830 Cum
1053 3772 1204 3828 enim
1236 3771 1364 3829 Lex
1391 3771 1544 3831 facta
1573 3773 1649 3832 sit
1675 3773 1900 3833 infirma
1928 3775 1988 3833 in
2017 3794 2186 3834 carne
2215 3783 2347 3852 post
2373 3784 2689 3852 peccatum,
2723 3776 2893 3834 Rom.

491 3852 616 3910 viii.
647 3855 703 3929 3,
734 3851 1109 3929 impossibilis
1136 3860 1195 3911 et
1221 3851 1382 3909 invia
1408 3853 1637 3929 penitus
1664 3854 1883 3913 homini
1911 3875 2015 3933 per
2035 3874 2161 3913 eam
2191 3854 2342 3913 facta
2369 3863 2459 3913 est
2479 3856 2554 3913 ad
2575 3855 2756 3914 vitam
2777 3855 2893 3914 via.

496 3932 669 3993 Unde
717 3932 933 3991 Paulus
977 3939 1237 4007 testatur,
1264 3931 1505 4009 'Legem
1554 3953 1672 3991 non
1720 3933 1914 3994 datam
1964 3954 2107 4009 esse,
2155 3954 2284 4010 quae
2332 3943 2529 4011 posset
2576 3935 2891 4011 vivificare,

493 4013 627 4072 Gal.
657 4012 738 4071 iii.
769 4015 864 4088 21,
895 4011 994 4071 vel
1019 4020 1085 4071 ut
1112 4012 1487 4089 abrogaretur
1512 4013 1817 4089 promissio
1845 4014 2110 4091 primitus
2139 4013 2290 4088 data,
2320 4034 2378 4071 v.
2407 4018 2498 4088 17,
2531 4014 2632 4072 sed
2655 4023 2898 4090 propter

492 4093 974 4170 tramqressiones‚
1007 4100 1072 4151 ut
1098 4100 1315 4151 retecto
1355 4111 1460 4170 per
1485 4112 1613 4151 eam
1653 4102 1908 4169 peccate,
1954 4094 2164 4152 clarius
2200 4101 2424 4171 pateret
2466 4094 2668 4170 gratiae
2696 4113 2894 4153 neces—

485 4172 647 4232 sitas.
1080 4198 1087 4203 ·
1578 4214 1581 4219 «

572 4252 797 4311 XXX.
844 4253 937 4311 Ita
973 4259 1128 4311 recte
1156 4252 1369 4312 dicitur
1398 4253 1759 4328 Decalogum
1787 4252 1864 4310 ad
1893 4252 2112 4311 Foedus
2140 4253 2341 4330 gratiae
2383 4252 2744 4331 pertinuisse,
2775 4253 2894 4311 imo

489 4352 565 4390 ex
593 4332 720 4409 ipso
749 4332 1151 4409 quadantenus
1178 4332 1435 4407 fluxisse,
1467 4340 1752 4408 quatenus
1780 4351 1856 4390 ex
1893 4332 2004 4390 Dei
2046 4333 2286 4390 consilio
2326 4332 2727 4410 promulgatus
2768 4332 2896 4408 fuit,

489 4419 555 4469 ut
594 4412 683 4469 illi
724 4411 1046 4486 inserviret,
1077 4420 1201 4469 tum
1229 4411 1635 4470 antecedenter
1675 4411 1858 4469 instar
1896 4410 2221 4489 paedagogi,
2265 4432 2369 4489 per
2409 4412 2631 4489 peccati
2660 4412 2893 4471 convic-

486 4490 703 4549 tionem
747 4491 1010 4549 homines
1050 4498 1207 4549 metu
1248 4492 1450 4550 mortis
1491 4490 1787 4567 perculsos
1816 4499 1875 4549 et
1903 4510 1964 4548 se
1994 4491 2365 4568 desperantes
2403 4491 2479 4550 ad
2522 4491 2668 4549 illud
2711 4490 2891 4549 dedu-

487 4569 689 4644 cend0,
720 4577 843 4628 tum
872 4578 1289 4646 consequenter
1328 4570 1512 4629 instar
1538 4589 1770 4645 normae,
1802 4570 2145 4630 obedientiae
2173 4583 2233 4631 et
2259 4571 2583 4631 sanctitatis
2610 4570 2889 4648 regulam,

487 4667 616 4724 quae
646 4667 680 4705 a
709 4649 835 4707 Deo
864 4648 924 4706 in
951 4646 1165 4707 foedere
1195 4648 1394 4726 gratiae
1424 4649 1782 4727 exigebatur,
1812 4650 2258 4727 praescribendO.
2331 4651 2528 4728 Atque
2557 4650 2692 4710 hinc
2715 4651 2891 4710 ctiam
