3221 5200
272 367 499 417 Quam-r.
530 346 644 430 rv.]
1102 368 1179 409 m:
1209 369 1541 411 vocar-mur:
1573 371 1647 412 er
1678 369 1833 411 mne,
2568 355 2679 411 461

271 518 489 586 spectu,
548 530 724 569 causa
766 512 999 588 quidem
1028 511 1362 589 principalis
1378 513 1546 572 »Deus
1588 522 1693 587 est,
1727 512 1829 571 sed
1864 512 2129 589 proxima
2155 520 2214 569 et
2242 509 2573 571 immediata
2602 521 2690 571 est

270 590 461 664 homo,
488 591 588 668 qui
609 612 644 648 a
663 592 881 669 Spiritu
909 593 1120 651 Sancto
1150 592 1455 667 excitatus,
1488 603 1545 652 et
1563 593 1697 651 fidei
1717 614 1783 651 ac
1803 592 2098 651 charitatis
2115 591 2411 651 habitibus
2432 592 2689 651 imbutus

271 669 455 729 credit
476 679 534 729 et
555 680 725 746 amat,
751 672 904 730 unde
927 681 1218 749 utcunque
1241 681 1404 743 actus
1432 673 1706 732 credendi
1733 694 1768 731 a
1788 674 1915 731 Deo
1937 671 2300 749 producatur,
2333 671 2470 748 quia
2498 679 2692 730 tamen

272 750 346 808 ab
375 751 605 809 homine
634 760 700 810 ut
727 772 901 810 causa
927 753 1193 830 proxima
1220 762 1537 826 exercetur,
1568 774 1687 811 non
1718 754 1862 827 De0,
1895 752 1999 810 sed
2020 752 2240 809 homini
2262 751 2551 810 tribuitur.
2598 753 2692 811 Ita

273 830 447 888 homo
490 850 551 889 se
581 832 757 890 habet
784 832 896 907 hic,
929 842 1050 891 tum
1085 832 1313 908 passive
1342 832 1416 890 ad
1458 832 1849 911 recipiendum
1893 841 2112 890 motum
2163 832 2365 907 gratiae
2407 832 2691 909 praeveni-

272 911 423 969 entis
445 920 504 969 et
531 912 857 987 excitantiS,
890 913 1160 971 voluntas
1182 912 1334 970 enim
1364 932 1479 971 non
1509 914 1633 990 agit
1650 913 1761 970 nisi
1786 921 1931 986 acta,
1957 921 2078 970 tum
2101 912 2276 970 active
2295 921 2353 970 et
2380 913 2691 987 efficienter,

272 991 409 1067 quia
437 991 621 1050 credit
647 1001 797 1067 actu,
820 1002 877 1051 et
907 993 1014 1050 sub
1040 993 1166 1050 Deo
1195 1002 1480 1068 operatur.
1526 994 1621 1051 Ita
1643 1002 1836 1051 tamen
1865 1012 2040 1050 causa
2068 991 2279 1050 dicitur
2308 1012 2426 1050 suae
2457 1012 2698 1050 conver-

274 1071 470 1145 sionis,
501 1080 567 1129 ut
589 1092 664 1129 ex
693 1073 883 1149 seipso
912 1073 1046 1131 talis
1074 1092 1190 1130 non
1221 1072 1313 1146 sit,
1346 1072 1449 1131 sed
1476 1093 1509 1130 a
1540 1073 1744 1150 gratia,
1777 1081 1896 1131 tum
1928 1073 2064 1149 quia
2092 1072 2278 1129 virtus
2306 1072 2578 1130 credendi
2606 1081 2694 1131 est

274 1159 497 1209 tantum
527 1172 564 1208 a
593 1152 737 1227 Dec,
770 1162 893 1211 tum
922 1153 1059 1229 quia
1087 1153 1211 1230 ipse
1241 1152 1513 1211 credendi
1556 1163 1721 1212 actus
1751 1173 1786 1210 a
1815 1154 1942 1210 Deo
1971 1152 2096 1230 ipso
2117 1151 2332 1228 pendet
2359 1152 2692 1210 facultatem

271 1230 349 1287 ad
375 1231 765 1308 operationem
796 1252 957 1291 suam
987 1233 1314 1307 excitante;
1349 1232 1520 1292 Unde
1541 1233 1689 1290 nihil
1715 1232 1851 1291 inde
1880 1252 1983 1309 pro
2005 1232 2227 1290 viribus
2246 1231 2416 1291 liberi
2445 1230 2692 1290 Arbitrii

273 1310 542 1368 concludi
568 1319 777 1388 potest.

357 1390 537 1449 XVI.
599 1391 754 1449 Hinc
803 1401 963 1469 patet
1010 1392 1300 1451 hominem
1344 1413 1459 1451 non
1490 1414 1552 1453 se
1580 1393 1793 1451 habere
1838 1392 2021 1450 instar
2058 1391 2271 1468 stipitis
2313 1399 2372 1450 et
2412 1392 2602 1450 trunci
2630 1392 2691 1449 in

275 1470 365 1527 sui
420 1472 871 1548 regeneratione,
925 1481 989 1531 ut
1042 1490 1341 1550 perperam
1396 1474 1564 1536 nobis
1620 1472 1961 1549 impingitur
2009 1472 2081 1529 ab
2134 1471 2525 1531 Adversariis.
2636 1475 2688 1530 1.

276 1550 425 1624 Quia
473 1552 742 1610 voluntas
791 1562 879 1611 est
928 1554 1255 1632 subjectum
1292 1558 1492 1608 tamma,
1525 1553 1748 1630 gratiae,
1794 1552 1950 1629 quod
1979 1552 2050 1610 de
2081 1560 2284 1610 trunco
2314 1551 2429 1609 dici
2471 1552 2690 1629 nequit.

275 1634 332 1687 2.
392 1631 540 1705 Quia
599 1632 847 1708 Spiritus
903 1654 1018 1691 non
1075 1637 1233 1711 cogit
1288 1634 1650 1692 voluntatem
1705 1642 1764 1691 ct
1818 1633 2062 1691 invitam
2110 1631 2184 1689 ad
2254 1633 2690 1690 conversionem

273 1710 439 1788 rapit,
473 1711 574 1769 sed
603 1713 944 1771 suavissime
974 1714 1034 1772 in
1062 1716 1313 1775 animam
1343 1714 1618 1788 illabitur,
1650 1722 1709 1771 et
1736 1712 1873 1771 licet
1898 1712 2062 1787 mim,
2096 1731 2162 1768 ac
2192 1710 2469 1769 ineffabili
2498 1712 2688 1785 mod0,

274 1791 562 1849 voluntati
590 1799 780 1849 tamen
807 1795 1354 1855 convenientissimo
1377 1802 1647 1869 operatur
1666 1812 1767 1869 per
1788 1792 2133 1850 infusionem
2162 1791 2460 1848 habituum
2493 1810 2689 1867 super-

275 1871 640 1947 naturalium,
687 1873 898 1948 quibus
926 1874 999 1931 ab
1027 1875 1226 1935 innata
1274 1873 1559 1951 pravitate
1608 1872 1884 1948 paulatim
1935 1870 2228 1944 liberatur,
2262 1877 2325 1927 ut
2353 1890 2428 1927 ex
2457 1870 2689 1929 nolente

268 1950 371 2009 fiat
398 1952 619 2025 volens,
651 1962 812 2010 etex
854 1960 1079 2012 mortua
1105 1955 1331 2013 vivens.
1418 1955 1473 2011 3.
1534 1951 1683 2026 Quia
1710 1951 1985 2009 voluntas
2014 1950 2096 2008 ita
2139 1957 2418 2007 renovata
2460 1959 2520 2007 et
2561 1958 2689 2008 acta

274 2032 467 2090 statim
497 2032 636 2107 agit,
682 2051 808 2089 sese
837 2032 912 2090 ad
942 2034 1131 2092 Deum
1162 2030 1552 2092 convertendo
1582 2039 1642 2089 et
1669 2030 1978 2088 credendo,

356 2111 571 2167 XVII.
632 2111 795 2168 Licet
851 2132 988 2170 vero
1045 2133 1164 2172 suae
1207 2114 1323 2171 sint
1364 2120 1556 2188 partes
1597 2111 1656 2167 in
1707 2110 1925 2187 duplici
1972 2110 2085 2167 ista
2132 2109 2525 2183 conversione,
2572 2117 2686 2167 tam

275 2190 472 2247 Verbo
503 2209 673 2265 quam
726 2190 981 2266 Spiritui,
1012 2213 1085 2251 ne
1114 2193 1244 2270 quis
1274 2190 1763 2249 Enthusiasticam
1811 2189 2300 2265 regenerationem
2331 2189 2442 2246 sibi
2486 2189 2686 2265 fingat,

272 2269 412 2346 quia
443 2268 690 2346 Spiritus
719 2289 835 2326 non
865 2272 986 2346 agit
1015 2272 1138 2330 sine
1168 2272 1384 2345 Verb0,
1431 2271 1489 2327 in
1519 2269 1807 2339 ordinaria
1836 2270 2038 2328 saltem
2070 2277 2128 2328 et
2157 2269 2447 2327 communi
2475 2269 2688 2345 agendi

274 2348 512 2423 ratione,
558 2369 728 2426 quam
759 2349 996 2409 adhibet
1023 2372 1162 2429 erga
1190 2352 1437 2409 adultos
1523 2349 1674 2407 Nam
1716 2348 2167 2407 extraordinarie
2204 2368 2374 2425 posse
2403 2370 2532 2407 eum
2564 2350 2689 2409 sine

276 2429 474 2487 Verbo
516 2429 737 2506 operari
780 2449 883 2506 per
908 2450 1148 2491 arcanos
1177 2441 1368 2490 motus
1396 2439 1455 2489 et
1484 2430 1738 2488 internas
1785 2429 2205 2506 inspirationes,
2236 2438 2302 2487 ut
2331 2429 2543 2488 factum
2573 2450 2689 2487 non

274 2528 404 2567 raro
433 2529 572 2586 erga
600 2509 775 2567 Viros
817 2519 1152 2579 suminam,
1188 2532 1358 2569 nemo
1394 2520 1457 2569 ut
1499 2510 1703 2586 opinor
1743 2508 2079 2568 diffitebitur
2120 2518 2177 2568 et
2218 2510 2472 2585 negabit.
2558 2510 2691 2568 Non

277 2597 469 2648 tamen
497 2589 699 2649 eadem
728 2598 817 2648 est
840 2591 1137 2669 utriusque
1168 2591 1313 2652 ratio
1343 2599 1401 2650 et
1430 2590 1756 2649 causalitaS.
1842 2590 1990 2648 Nam
2038 2589 2287 2667 Spiritus
2328 2588 2560 2667 quidem
2601 2598 2691 2649 est

275 2691 451 2729 causa
479 2671 810 2748 principalis
845 2672 1113 2747 efficienS,
1159 2693 1287 2750 quae
1316 2673 1377 2729 in
1405 2681 1649 2748 utraque
1693 2669 2065 2729 conversione
2095 2671 2234 2747 agit,
2279 2679 2401 2728 tum
2430 2671 2585 2729 vires
2614 2670 2690 2728 ad

275 2751 421 2810 bene
471 2752 758 2828 agendum
810 2752 1182 2829 infundendO,
1229 2762 1351 2812 tum
1382 2753 1538 2810 vires
1567 2751 1809 2810 collatas
1837 2750 1911 2808 ad
1941 2751 2326 2828 operationem
2359 2750 2685 2826 excitando,

273 2840 446 2907 atque
476 2832 557 2889 ita
586 2832 931 2908 captivando
972 2841 1221 2892 mentem
1252 2834 1312 2890 in
1341 2832 1682 2910 obsequium
1727 2831 1957 2905 Christi,
1990 2840 2049 2889 et
2075 2831 2393 2889 voluntatis
2422 2852 2489 2889 ac
2518 2830 2686 2890 affec-

276 2919 439 2968 tuum
482 2921 622 2982 ῥοπάς
658 2922 716 2970 et
767 2912 1167 2972 inclinationes
1216 2912 1591 2987 immutandO,
1629 2921 1693 2971 ut
1723 2911 1879 2988 quod
1920 2911 1978 2967 in
2026 2910 2348 2988 Evangelio
2399 2911 2690 2987 ingratum

276 2998 334 3048 et
362 2990 675 3048 absurdum
717 2991 934 3048 homini
977 2994 1212 3050 animali
1254 2992 1577 3066 videbatur,
1619 2993 1742 3069 jam
1785 2991 2193 3050 suavissimum
2232 2999 2288 3048 et
2333 2991 2687 3068 sapientissi-

274 3089 430 3127 mum
460 3069 533 3127 ab
562 3068 792 3127 homine
822 3071 1103 3146 spirituali
1125 3072 1435 3149 judicetur,
1467 3079 1641 3146 atque
1671 3070 1815 3128 adeo
1845 3089 2037 3128 amore
2060 3078 2118 3127 et
2146 3069 2524 3128 admiratione
2553 3090 2686 3128 nos-

277 3158 368 3207 tra
394 3148 818 3225 dignissimum.
906 3149 1023 3207 Sed
1050 3150 1124 3208 ad
1154 3150 1412 3208 Verbum
1443 3149 1600 3226 quod
1628 3148 1848 3223 attinet,
1882 3149 2148 3224 quamvis
2177 3149 2487 3207 efficienter
2515 3150 2689 3207 etiam

277 3237 597 3303 concurrat,
642 3237 764 3286 tum
814 3229 874 3286 in
921 3229 1310 3306 praecedaneis
1358 3229 1433 3286 ad
1477 3228 1970 3304 regenerationem
2020 3227 2261 3302 actibuS,
2315 3236 2436 3286 tum
2487 3248 2687 3286 conse-

277 3318 520 3387 quenter
547 3309 606 3366 in
644 3308 770 3385 ipsa
818 3309 1193 3368 conversione
1242 3307 1472 3384 actuali,
1531 3328 1708 3385 quum
1737 3327 1772 3364 a
1799 3306 1913 3365 fide
1957 3307 2229 3384 recipitur
2278 3307 2352 3364 ad
2402 3307 2685 3385 salutem;

277 3399 470 3448 tamen
499 3389 559 3446 in
588 3389 961 3447 conversione
990 3389 1288 3463 habituali,
1333 3409 1463 3466 quse
1491 3408 1593 3464 per
1623 3387 1966 3446 infusionem
2011 3387 2310 3445 habituum
2356 3387 2627 3447 statuitur
2653 3409 2689 3447 a

277 3470 445 3528 nobis
473 3469 597 3527 fieri
618 3490 721 3546 per
758 3469 1051 3547 Spiritum,
1097 3470 1314 3529 nullam
1353 3468 1582 3547 proprie
1626 3467 1989 3526 efficientiam
2032 3467 2270 3542 obtinet,
2315 3487 2422 3526 nec
2450 3475 2569 3526 tam
2599 3477 2688 3528 est

278 3571 352 3609 ex
381 3570 591 3628 genere
635 3570 831 3608 eorum
875 3550 1403 3624 instrumentorum,
1449 3569 1578 3626 quae
1620 3548 1915 3625 attingunt
1954 3547 2144 3625 ipsum
2181 3547 2466 3623 effectum,
2512 3568 2686 3625 quam

276 3651 473 3690 eorum
502 3630 576 3688 ad
604 3651 848 3707 quorum
890 3631 1254 3708 praesentiam
1283 3650 1459 3689 causa
1483 3629 1817 3706 principalis
1845 3638 2129 3705 operatur.
2219 3627 2413 3706 Atque
2442 3628 2524 3687 ita
2556 3629 2685 3705 Spi-

278 3713 423 3769 ritus
471 3710 704 3786 quidem
748 3720 903 3769 recte
945 3710 1156 3770 dicitur
1182 3732 1298 3770 non
1328 3710 1550 3789 operari
1578 3710 1701 3769 sine
1732 3709 1946 3784 Verbo,
1992 3708 2095 3768 sed
2136 3728 2251 3766 non
2294 3729 2397 3786 per
2425 3710 2685 3767 Verbum

276 3798 518 3864 tantum,
533 3809 733 3848 verum
746 3790 1074 3849 immediate
1087 3801 1145 3851 et
1166 3792 1436 3850 distincte
1465 3811 1501 3848 a
1522 3791 1737 3848 Verbo,
1771 3790 1854 3849 Ut
1882 3799 2082 3865 postea
2110 3789 2293 3847 fusius
2330 3789 2684 3866 probabitur.

881 3870 1132 3929 XVIII.
1205 3871 1423 3945 Quarta
1451 3870 1776 3947 Propositio
1802 3891 1815 3927 :
1864 3868 2086 3929 Gratiae
2113 3869 2346 3939 efficacis
2373 3868 2557 3941 ηιοιίο,
2587 3889 2687 3926 nec

802 3949 1043 4023 Physica
1069 3971 1168 4008 nec
1195 3951 1403 4007 Ethica
1433 3950 1676 4024 proprie
1704 3949 1941 4006 dicenda
1969 3957 2062 4022 est,
2098 3949 2200 4005 sed
2236 3949 2686 4022 supernaturales

801 4036 854 4084 et
880 4028 1089 4103 divina,
1133 4049 1257 4105 quae
1296 4038 1594 4104 utramque
1627 4029 1782 4085 illam
1818 4035 1974 4096 ιχίω
2006 4030 2394 4104 quadantenus
2435 4027 2684 4086 includit.

280 4108 412 4166 Non
440 4114 530 4166 est
558 4105 894 4183 simpliciter
933 4109 1191 4184 physica,
1238 4108 1374 4184 quia
1401 4108 1594 4184 agitur
1622 4107 1694 4165 de
1724 4106 1995 4164 facultate
2023 4106 2242 4181 morali,
2281 4127 2410 4184 quae
2441 4126 2682 4182 congru·

276 4197 439 4247 enter
467 4196 686 4246 naturae
715 4206 833 4244 suae
863 4188 1083 4246 moveri
1112 4187 1316 4262 debct3
1348 4208 1454 4246 nec
1484 4186 1819 4264 simpliciter
1849 4186 2072 4259 Ethica,
2104 4186 2270 4263 quasi
2300 4188 2462 4244 Deus
2491 4186 2685 4263 objec-

275 4269 398 4328 tive
428 4269 614 4328 solum
643 4275 859 4344 ageret,
890 4277 947 4326 et
974 4268 1093 4326 leni
1122 4267 1388 4326 suasione
1419 4275 1690 4341 uteretur,
1734 4265 1890 4341 quod
1918 4266 2336 4341 pertendebant
2364 4265 2684 4343 Pelagiani.

284 4349 400 4407 Sed
445 4347 896 4425 supernaturalis
945 4356 1034 4407 est
1082 4356 1141 4407 et
1189 4346 1403 4421 divina,
1456 4367 1585 4423 quae
1635 4345 1992 4406 transcendit
2040 4346 2232 4404 omnia
2278 4347 2404 4404 haec
2454 4367 2684 4423 genera.

283 4428 522 4487 Interim
551 4428 771 4506 aliquid
799 4428 871 4486 de
902 4429 1111 4488 Ethico
1141 4437 1198 4486 et
1229 4428 1482 4505 Physico
1509 4426 1832 4504 participat,
1862 4425 2000 4502 quia
2028 4435 2086 4484 et
2113 4435 2377 4503 potenter
2405 4435 2464 4486 et
2493 4427 2684 4485 suavi-

280 4517 385 4581 ter,
431 4517 593 4584 gratc
622 4518 681 4566 et
708 4509 925 4567 invicte
955 4517 1226 4587 operatur
1272 4509 1521 4586 Spiritus
1549 4507 1625 4570 ad
1653 4506 1835 4565 nostri
1878 4506 2332 4565 conversionem.
2416 4506 2517 4564 Ad
2559 4528 2687 4565 mo-

283 4586 418 4645 dum
453 4588 740 4663 physicum
787 4588 1050 4666 pertinet,
1095 4588 1253 4667 quod.
1296 4590 1458 4647 Deus
1497 4586 1713 4665 Spiritu
1744 4607 1848 4645 suo
1876 4607 1983 4645 nos
2011 4595 2183 4662 creat,
2229 4595 2547 4664 regenerat,
2594 4608 2692 4646 cor

282 4687 551 4726 carneum
580 4667 697 4744 dat,
730 4678 788 4728 et
816 4669 1127 4728 efficienter
1167 4669 1401 4728 habitus
1444 4668 1908 4746 supernaturales
1938 4666 2071 4725 fidei
2101 4675 2159 4726 et
2187 4667 2483 4726 charitatis
2525 4668 2692 4727 nobis

276 3934 469 3985 Quarta
530 3934 711 3990 Propo-

458 3993 585 4036 sitio.
