3221 5200
283 368 501 419 QcAEs‘r.
535 355 691 435 xum]
1125 375 1202 414 m:
1246 376 1474 416 orl-'icio
1503 376 1738 415 CHRISTI
1773 372 2159 414 MEDIATORIO.
2583 359 2698 415 ⁵111

283 513 400 572 dici
428 535 546 572 non
574 524 781 592 potest,
807 515 945 593 quia
972 524 1109 574 tunc
1139 536 1337 575 omnes
1366 528 1424 576 et
1446 516 1664 593 singuli
1693 516 1930 575 indubie
1975 525 2342 576 servarentur
2365 540 2378 591 ;
2429 516 2544 576 Sed
2595 537 2702 577 nec

283 595 588 671 posterius.
638 600 689 654 1.
736 595 884 669 Quia
912 595 1239 673 impetratio
1269 597 1678 671 conditionata,
1725 596 2051 674 impetratio
2100 597 2326 675 proprie
2373 618 2488 655 non
2535 598 2702 672 foret,

286 674 390 731 sed
419 682 640 732 tantum
671 695 826 733 mera
852 675 1206 752 possibilitas
1236 676 1672 753 impetrationiS,
1723 676 1770 734 si
1809 686 2113 753 praestetur
2150 677 2422 735 conditio,
2488 683 2542 736 2.
2589 679 2705 737 Vel

287 754 597 830 acquisivit
625 756 1011 814 conditionem
1042 755 1199 813 illam
1223 757 1506 830 omnibuS,
1538 756 1635 813 vel
1656 756 2001 832 quibusdam
2031 765 2254 815 tantum
2281 780 2294 815 :
2325 758 2373 814 si
2396 758 2707 834 acquisivit

289 835 572 908 omnibus,
605 855 743 912 ergo
773 855 972 894 omnes
1000 835 1214 894 debent
1241 835 1365 893 fieri
1394 836 1597 894 salutis
1625 844 1760 894 actu
1786 837 2109 913 participes,
2135 836 2273 913 quia
2295 837 2428 895 talis
2451 838 2707 895 conditio

291 934 407 973 non
436 916 624 991 potuit
651 916 763 973 nisi
792 916 1055 974 absolute
1084 924 1142 974 et
1171 916 1293 973 sine
1323 915 1652 974 conditione
1680 916 1916 993 acquiri,
1949 926 2006 975 et
2035 917 2116 974 sic
2146 916 2413 975 omnibus
2442 917 2706 992 conferri,

292 1013 425 1053 cum
453 1015 568 1053 non
598 996 767 1054 detur
796 996 1050 1054 conditio
1079 995 1442 1069 conditionis,
1475 995 1619 1054 alias
1636 1014 1729 1053 res
1757 995 1941 1054 abiret
1969 997 2027 1053 in
2077 996 2382 1071 infinitum,
2430 1017 2536 1055 nec
2586 997 2709 1054 ulla

290 1083 486 1153 posset
515 1076 638 1133 dari
669 1075 939 1152 conditi0,
971 1096 1099 1152 quae
1129 1096 1243 1133 non
1273 1074 1621 1133 coincideret
1649 1094 1780 1133 cum
1803 1095 1862 1133 re
1882 1075 2245 1151 acquirenda.
2280 1078 2341 1135 si
2361 1076 2708 1153 quibusdam

293 1164 534 1229 tautum,
570 1156 905 1232 Impetratio
935 1175 1049 1213 non
1078 1164 1167 1214 est
1187 1155 1445 1233 plenaria
1472 1163 1531 1213 et
1579 1154 1884 1230 sufficienS,
1917 1175 2046 1232 quae
2091 1157 2342 1214 maxime
2387 1155 2714 1215 necessaria

294 1235 383 1293 sui
412 1244 573 1311 parte
602 1236 951 1294 destituitur.
1040 1236 1264 1294 Deinde
1294 1255 1444 1293 vana
1473 1235 1580 1293 erit
1609 1243 1667 1293 et
1695 1235 1969 1307 illusoria,
2001 1234 2152 1293 facta
2179 1244 2320 1312 puta
2362 1237 2468 1294 sub
2514 1236 2711 1294 condi·

295 1316 450 1373 tione
479 1335 594 1373 non
623 1315 953 1392 praestabili,
985 1326 1043 1374 et
1070 1335 1364 1392 nunquam
1394 1315 1601 1388 futura,
1633 1322 1691 1374 et
1719 1334 1890 1390 quam
1924 1315 2084 1372 Deus
2112 1334 2227 1372 non
2246 1315 2416 1374 modo
2434 1316 2717 1393 praevidet

297 1403 504 1453 utnon
534 1396 802 1470 futuram,
835 1396 939 1454 sed
967 1416 1139 1473 quam
1190 1396 1432 1473 ipsemet
1480 1414 1594 1453 non
1642 1394 1778 1452 dare
1827 1393 2102 1467 decrevit,
2153 1396 2254 1470 qui
2300 1395 2458 1453 solus
2505 1404 2714 1473 potest.

301 1476 566 1551 Denique
596 1477 680 1534 sic
711 1476 973 1535 Christus
1001 1476 1240 1553 fingitur
1268 1475 1556 1552 duplicem
1586 1475 1856 1533 habuisse
1887 1474 2261 1533 intentionem
2306 1475 2712 1549 satisfaciendi,

300 1555 748 1615 conditionatam
778 1556 962 1633 primo
991 1577 1094 1634 pro
1123 1556 1408 1630 omnibuS,
1441 1555 1649 1613 deinde
1680 1555 2002 1613 absolutam
2031 1574 2137 1631 pro
2168 1555 2403 1629 Electis,
2435 1556 2590 1631 quod
2608 1575 2717 1614 nec

299 1656 373 1694 ex
408 1636 703 1713 Scriptura
730 1656 984 1712 unquam
1013 1637 1243 1714 probari
1272 1635 1498 1714 poterit,
1523 1656 1630 1694 nec
1660 1634 1954 1694 conciliari
1983 1653 2114 1693 cum
2135 1634 2306 1692 unico
2335 1642 2392 1693 et
2415 1636 2716 1714 simplicis-

303 1716 448 1774 simo
480 1716 727 1777 Decreto
755 1717 829 1775 de
859 1727 1043 1775 morte
1074 1717 1305 1775 Christi.

907 1796 1131 1854 XXX.
1177 1797 1417 1868 Octavo,
1452 1795 1565 1852 Pro
1612 1794 1683 1853 iis
1720 1802 1943 1853 tantum
1995 1794 2258 1852 Christus
2303 1802 2564 1852 mortuus
2607 1803 2714 1869 est,

824 1877 1036 1953 quibus
1077 1876 1286 1934 meruit
1329 1876 1591 1949 salutem,
1637 1883 1696 1933 et
1738 1894 1866 1933 cum
1911 1874 2096 1933 salute
2153 1873 2344 1932 media
2399 1875 2592 1932 omnia
2640 1875 2716 1933 ad

827 1957 1071 2014 salutem
1113 1955 1481 2014 obtinendam
1512 1955 1853 2027 necessaria,
1878 1954 2163 2032 praecipue
2201 1954 2372 2012 fidem
2402 1963 2461 2012 et
2488 1955 2717 2032 resipis-

305 2033 569 2108 centiam,
601 2042 659 2092 et
705 2034 982 2112 Spiritum
1017 2036 1293 2095 Sanctum
1322 2035 1622 2111 utriusque
1662 2036 1978 2110 authorem,
2013 2035 2135 2091 sine
2165 2034 2376 2110 quibus
2403 2035 2566 2092 nulla
2595 2035 2720 2094 dari

306 2122 496 2189 potest
527 2114 701 2172 salus·
747 2115 832 2173 At
860 2116 969 2173 hoc
999 2116 1070 2173 de
1115 2115 1383 2174 omnibus
1431 2123 1489 2173 et
1531 2114 1778 2190 singulis
1821 2114 1936 2172 dici
1979 2114 2196 2190 nequit,
2227 2116 2362 2190 quia
2411 2114 2494 2172 sic
2524 2135 2724 2174 omnes

308 2193 544 2251 indubie
559 2203 939 2269 servarentur,
956 2196 1057 2253 sed
1076 2195 1146 2252 dc
1174 2195 1390 2253 Electis
1403 2203 1626 2252 tantum
1645 2217 1658 2252 ε
1680 2195 1856 2270 Ergo,
1882 2193 1990 2251 Sto.
2012 2193 2302 2252 Christum
2321 2204 2511 2253 autem
2536 2215 2723 2253 meru-

314 2273 428 2329 isse
450 2271 621 2330 fidem
653 2274 920 2332 omnibus
949 2284 1129 2332 morte
1161 2295 1281 2348 sua,
1325 2275 1509 2333 multa
1536 2274 1818 2350 probant:
1867 2277 1919 2331 1.
1946 2272 2094 2347 Quia
2135 2274 2346 2332 dicitur
2388 2280 2609 2354 ἇςχηγὶς
2638 2302 2728 2334 και

310 2354 557 2417 mmm&
579 2355 802 2427 miv-ms,
828 2357 970 2412 Dux
994 2364 1045 2412 et
1063 2355 1666 2432 Uonsmnmatorfidei,
1701 2353 1962 2411 Heb.xii.
1982 2358 2038 2427 2,
2061 2352 2197 2411 Aet.
2221 2374 2278 2413 v.
2304 2357 2400 2412 31.
2447 2356 2532 2413 At
2563 2356 2612 2412 si
2640 2364 2728 2414 est

312 2433 520 2491 author
545 2432 698 2509 fidei,
731 2434 902 2493 debet
948 2455 1073 2492 esse
1116 2436 1243 2511 ejus
1290 2434 1621 2511 acquisitor,
1667 2433 1813 2490 nihil
1862 2433 2014 2490 enim
2050 2432 2150 2491 dat
2194 2434 2378 2507 nobis,
2431 2434 2542 2493 nisi
2572 2435 2729 2512 quod

313 2513 518 2571 merito
548 2532 652 2571 suo
680 2514 850 2572 nobis
878 2515 1204 2590 acquisivit.
1290 2519 1345 2572 2.
1392 2514 1540 2588 Quia
1568 2521 1659 2572 est
1686 2533 1860 2571 causa
1887 2513 2180 2571 meritoria
2209 2514 2430 2589 salutis,
2465 2515 2624 2591 Ergo
2673 2524 2732 2574 et

316 2594 570 2674 omnium
600 2594 867 2672 partium,
900 2595 1111 2671 quibus
1142 2595 1298 2653 salus
1336 2603 1562 2653 constat
1592 2617 1605 2669 ;
1654 2594 1739 2653 At
1771 2593 1917 2651 fides
1946 2602 2004 2652 et
2044 2593 2167 2653 vita
2196 2594 2528 2672 spiritualis,
2559 2615 2732 2671 quam

314 2675 375 2732 in
405 2674 574 2732 nobis
603 2685 887 2753 operatur,
941 2684 1030 2734 est
1077 2677 1261 2754 prima
1289 2695 1421 2752 pars
1468 2675 1687 2733 salutis.
1762 2678 1817 2733 3.
1864 2674 2012 2748 Quia
2052 2674 2315 2733 Christus
2344 2683 2433 2734 est
2461 2695 2636 2734 causa
2677 2685 2737 2736 et

316 2754 752 2814 fundamentum
796 2756 1052 2814 omnium
1094 2755 1561 2815 benedictionum
1618 2754 2020 2832 spiritualium,
2054 2755 2204 2831 Eph.
2252 2754 2289 2812 i.
2325 2759 2380 2828 3,
2412 2754 2563 2814 inter
2591 2776 2736 2832 quas

316 2834 502 2910 prima
543 2846 602 2893 et
629 2835 930 2913 potissima
958 2844 1047 2894 est
1091 2836 1254 2895 fides.
1300 2836 1472 2895 Unde
1502 2834 1644 2893 alibi
1673 2835 1884 2893 dicitur
1912 2834 2036 2892 dari
2078 2844 2313 2912 propter
2343 2835 2635 2893 Christum
2675 2836 2737 2893 in

319 2913 507 2989 ipsum
537 2915 787 2989 credere,
821 2924 879 2974 ct
906 2936 1009 2993 pro
1040 2917 1165 2993 ipso
1215 2915 1352 2993 pati,
1387 2915 1538 2972 Phil.
1569 2915 1607 2972 i.
1639 2918 1735 2973 29.
1821 2918 1878 2972 4.
1924 2914 2074 2988 Quia
2101 2923 2167 2972 ut
2200 2915 2462 2973 Christus
2507 2915 2736 2974 mittere

320 2992 488 3050 nobis
532 2993 733 3051 debuit
786 2995 1080 3070 Spiritum,
1115 2996 1209 3053 Ita
1235 3004 1294 3053 et
1336 2995 1536 3053 debuit
1564 3014 1696 3052 eum
1739 2993 1958 3065 meteri,
1990 2994 2144 3052 unde
2174 2995 2514 3071 proponitur
2567 2995 2737 3054 nobis

322 3079 386 3129 ut
431 3071 651 3130 fructus
694 3074 894 3132 mortis
925 3075 1157 3147 Christi,
1189 3075 1330 3133 Joh.
1362 3075 1483 3131 xvi.
1526 3077 1580 3131 7.
1629 3074 1787 3150 Ergo
1831 3082 1889 3130 et
1931 3073 2124 3130 omnia
2166 3074 2318 3131 dona
2364 3075 2521 3151 eju5,'
2546 3085 2604 3133 et
2653 3076 2739 3133 in-

321 3150 521 3228 primis
563 3151 754 3209 fidem.
840 3152 962 3210 Nec
990 3153 1085 3210 hic
1119 3154 1366 3229 Spiritus
1396 3152 1762 3211 sanctificans
1791 3159 1850 3209 et
1891 3152 2198 3210 consolans
2232 3153 2679 3229 distinguendus
2708 3175 2744 3213 a

327 3230 546 3307 Spiritu
586 3231 963 3305 illuminante,
995 3232 1162 3308 quasi
1204 3233 1367 3289 illum
1413 3241 1636 3291 tantum
1667 3231 1954 3304 meruerit,
1987 3251 2103 3289 non
2151 3232 2344 3290 istum.
2391 3233 2532 3291 Cum
2590 3234 2743 3292 enim

324 3311 450 3369 istae
479 3331 678 3370 omnes
727 3312 1089 3388 operationes
1131 3312 1203 3369 ab
1233 3312 1432 3370 eodem
1482 3311 1700 3388 Spiritu
1728 3310 2042 3387 procedant
2085 3311 2185 3387 qui
2215 3312 2526 3389 acquisivit
2573 3314 2743 3372 nobis

328 3391 604 3468 Spiritum
635 3391 915 3449 donorum
944 3392 1262 3467 authorem,
1294 3392 1603 3468 acquisivit
1625 3392 1684 3448 in
1713 3391 1840 3468 ipso
1869 3391 2061 3449 omnia
2103 3393 2231 3470 ejus
2275 3392 2465 3469 dona;
2511 3402 2570 3452 et
2611 3413 2743 3452 cum

324 3472 470 3530 fides
510 3472 585 3531 sit
613 3470 955 3548 principium
984 3481 1043 3531 et
1070 3471 1238 3529 radix
1278 3470 1764 3543 sanctificationis,
1796 3471 1894 3548 qui
1925 3471 2132 3530 meruit
2185 3471 2459 3548 Spiritum
2492 3474 2743 3532 sanctifi-

327 3561 571 3626 cantem,
628 3552 837 3609 meruit
886 3560 944 3610 et
992 3552 1176 3628 ipsam
1226 3551 1396 3608 fidem
1448 3571 1576 3628 quae
1621 3551 1795 3609 corda
1849 3551 2130 3628 purificat.
2217 3555 2274 3611 5.
2320 3554 2583 3612 Christus
2626 3574 2742 3612 non

324 3633 512 3709 potuit
556 3652 683 3690 esse
725 3651 897 3690 verus
939 3639 997 3689 et
1040 3632 1247 3709 plenus
1300 3631 1587 3704 Servator,
1621 3631 1733 3689 nisi
1776 3631 2125 3707 acquirendo
2167 3633 2335 3691 nobis
2378 3634 2571 3706 fidem,
2617 3635 2741 3693 sine

328 3732 442 3788 qua
461 3712 815 3789 impossibile
844 3720 934 3770 est
962 3732 1087 3769 eam
1118 3710 1409 3787 consequi.
1456 3711 1535 3769 Et
1562 3712 1687 3770 haec
1717 3721 1989 3770 constans
2019 3711 2128 3770 fuit
2154 3713 2213 3768 in
2247 3713 2505 3772 Ecclesis
2536 3714 2742 3772 Refor·

329 3792 501 3849 matis
529 3791 806 3867 doctrina,
840 3791 1131 3850 Christum
1160 3811 1276 3848 non
1318 3791 1509 3847 minus
1549 3790 1741 3865 fidem,
1774 3811 1943 3867 quam
1977 3793 2219 3849 salutem
2251 3793 2419 3850 nobis
2447 3793 2742 3868 meruisse,

331 3879 389 3929 et
417 3891 645 3928 causam
677 3891 802 3930 esse
831 3872 1086 3929 omnium
1117 3871 1415 3943 donorum,
1447 3889 1577 3945 quse
1606 3890 1641 3927 a
1671 3869 1844 3927 Patre
1890 3870 2058 3928 nobis
2096 3870 2484 3929 conferuntur.
2573 3871 2745 3931 Unde

331 3951 534 4008 Patres
594 3950 810 4026 Synod.
872 3951 1168 4026 Dordrac.,
1231 3951 1300 4008 In
1355 3949 1640 4026 positione
1689 3969 1841 4007 vcrae
1898 3948 2192 4022 doctrinae,
2252 3951 2359 4008 Th.
2419 3953 2474 4025 8,
2521 3950 2744 4027 dicunt,

335 4033 370 4064 “
395 4029 684 4088 Christum
714 4031 904 4105 fidem,
934 4040 1001 4089 ut
1041 4031 1157 4089 alia
1203 4030 1451 4106 Spiritus
1497 4028 1696 4087 Sancti
1738 4027 1996 4086 salvifica
2024 4028 2175 4085 dona
2203 4038 2386 4087 morte
2417 4049 2521 4088 sua
2549 4030 2742 4106 acqui-

334 4111 598 4185 sivisse,'’
631 4112 707 4168 Et
735 4111 793 4167 in
843 4112 1153 4188 rejectione
1206 4110 1496 4183 Errorum,
1547 4108 1658 4166 Th.
1706 4109 1763 4166 3.
1811 4107 2096 4185 rejiciunt,
2154 4111 2188 4141 “
2213 4109 2348 4183 Eos,
2397 4109 2497 4185 qui
2536 4109 2745 4169 docent

335 4191 625 4250 Christum
655 4211 758 4267 per
786 4211 945 4249 suam
978 4190 1428 4250 satisfactionem
1457 4188 1635 4247 nullis
1663 4196 1819 4247 certo
1861 4188 2138 4246 meruisse
2170 4188 2432 4262 salutem,
2464 4198 2523 4247 et
2549 4189 2743 4264 fidem,

334 4290 450 4346 qua
490 4272 611 4328 haec
656 4271 869 4329 Christi
912 4271 1227 4329 satisfactio
1270 4268 1577 4328 efficaciter
1618 4268 1691 4326 ad
1734 4268 1978 4326 salutem
2021 4267 2356 4345 applicetur,
2390 4269 2491 4326 sed
2522 4278 2745 4327 tantum

338 4349 497 4406 Patri
526 4350 902 4426 acquisivisse
930 4359 1292 4428 potestatem,
1323 4349 1420 4408 vel
1462 4347 1776 4425 plenariam
1812 4348 2168 4406 voluntatem
2200 4348 2271 4406 de
2300 4367 2454 4406 novo
2483 4368 2612 4407 cum
2642 4349 2744 4407 ho·

336 4428 588 4487 minibus
637 4430 864 4506 agendi,
916 4440 975 4489 et
1022 4451 1205 4489 novas
1254 4449 1628 4506 quascunque
1677 4427 1855 4487 vellet
1910 4428 2268 4486 conditiones
2316 4428 2745 4506 praescribendi,

337 4526 577 4582 quarum
607 4510 898 4584 praestatio
939 4530 974 4568 a
1014 4511 1198 4569 libero
1239 4509 1490 4568 hominis
1532 4507 1769 4566 arbitrio
1810 4507 2074 4584 pendeat,
2119 4516 2291 4585 atque
2321 4507 2467 4566 adeo
2495 4508 2620 4566 fieri
2647 4528 2747 4585 po·

339 4586 535 4659 tuisse,
567 4596 630 4644 ut
658 4587 753 4645 vel
781 4608 966 4663 nem0,
997 4592 1094 4650 vel
1136 4610 1336 4649 omnes
1378 4609 1476 4648 eas
1517 4589 1840 4666 implerent.
1927 4588 2010 4645 Hi
2043 4589 2196 4646 enim
2226 4588 2298 4646 de
2321 4597 2504 4647 morte
2535 4581 2748 4648 Christi

341 4666 511 4723 nimis
539 4666 761 4742 abjecte
793 4669 1064 4745 sentiunt,
1097 4679 1157 4729 et
1182 4670 1514 4746 primarium
1545 4669 1674 4746 ejus
1710 4667 1957 4728 fructum
1989 4688 2093 4728 seu
2118 4668 2462 4728 beneficium
2491 4689 2595 4746 per
2622 4688 2748 4729 eam

305 1866 346 1907 8.
358 1861 485 1912 Quia
494 1876 589 1907 non
600 1866 783 1909 meruit

334 1921 560 1966 omnibus
575 1922 719 1967 fidem
740 1938 751 1975 ;
