3221 5200
527 289 644 347 484
1295 307 1483 348 Locus
1514 305 1778 346 nscmvs
1807 303 2093 349 omnus·
2572 292 2831 364 [etms-r.
2870 310 2960 351 vr.

618 444 773 504 XII.
807 444 1074 502 Eandem
1098 447 1413 504 efficaciam
1437 448 1624 504 solide
1645 446 1902 519 probant
1928 445 2075 518 loca,
2102 461 2237 518 quae
2264 441 2656 502 Vocationem
2681 456 2959 507 nostram

533 543 639 598 per
677 523 1028 582 Tracte'onem
1058 526 1373 599 explicant,
1405 533 1473 580 ut
1500 525 1543 581 J
1548 526 1644 581 oh.
1675 525 1753 580 vi.
1783 523 1878 592 44,
1921 521 2108 579 Nemo
2142 532 2321 597 potest
2347 524 2429 577 ad
2470 545 2557 581 me
2601 527 2810 594 venire,
2839 531 2961 586 nisi

538 601 721 659 Pater
751 606 989 660 traxerit
1017 604 1219 678 ipsum.
1307 604 1369 660 Si
1398 604 1532 676 quis
1561 603 1718 658 enim
1748 604 1901 657 hanc
1928 601 2289 658 locutionem
2311 601 2420 657 rite
2443 603 2742 676 expendit,
2772 606 2960 664 facile

538 682 874 755 comperiet,
904 702 1033 739 eam
1064 689 1217 737 stare
1247 700 1365 736 nou
1392 699 1556 753 posse
1574 699 1711 736 eum
1738 679 2025 735 facultate
2047 679 2429 735 dissentiendi
2460 680 2510 736 si
2534 681 2695 737 velis
2781 683 2845 739 N
2848 702 2955 741 am

538 759 634 814 cui
662 761 1020 834 relinquitur
1046 760 1159 816 ista
1182 758 1457 826 facultas,
1487 759 1623 814 duci
1649 758 1893 831 quidem
1921 765 2115 829 potest
2141 757 2274 825 dici,
2300 759 2400 813 sed
2430 776 2549 813 non
2582 760 2755 829 trahi,
2785 765 2958 835 quod

539 837 781 909 quidem
810 840 1058 894 verbum
1088 837 1317 893 nullam
1347 837 1711 893 coactionem
1740 842 1800 891 et
1826 835 2172 891 violentiam
2205 842 2391 904 notat,
2421 835 2564 909 quia
2591 858 2665 895 ex
2707 840 2962 897 nolente

541 915 720 969 homo
741 917 809 972 fit
835 917 1060 986 volens,
1085 916 1185 970 sed
1214 914 1705 971 infallibilitatem
1731 920 1931 969 tamen
1959 920 2207 969 eventus
2227 912 2445 982 innuit,
2470 923 2540 970 ut
2558 917 2662 989 qui
2691 918 2962 974 trahitur

541 1000 824 1065 sequatur
850 992 1197 1062 necessariO,
1228 1000 1287 1049 et
1315 1011 1435 1049 non
1463 992 1649 1066 possit
1677 1009 1798 1047 non
1828 990 2045 1059 venire,
2092 990 2264 1049 Cant.
2308 991 2344 1047 i.
2387 993 2443 1060 4,
2491 995 2683 1049 Tralw
2724 1015 2830 1064 me,
2861 996 2958 1052 in·

539 1069 671 1142 quit
705 1069 952 1142 Sponsa,
985 1082 1038 1127 et
1060 1092 1352 1127 curremus
1375 1081 1593 1145 postte.
1681 1069 1761 1126 Et
1787 1068 1847 1123 in
1878 1067 1989 1123 isto
2018 1072 2166 1137 loco,
2197 1087 2315 1124 ver.
2347 1071 2632 1142 sequenti,
2657 1073 2760 1129 ubi
2778 1075 2962 1130 effec-

538 1155 668 1202 tum
696 1146 865 1204 istius
894 1149 1197 1205 tractionis
1226 1156 1411 1218 notat,
1450 1148 1719 1223 Quisquis
1762 1167 1898 1220 erqo
1925 1147 2145 1202 audivit
2185 1167 2225 1201 a
2253 1144 2441 1204 Patre
2469 1159 2519 1205 et
2558 1151 2761 1209 didicit
2803 1154 2962 1210 venit

537 1224 620 1279 ad
657 1246 778 1282 me:
824 1226 945 1283 Ubi
988 1228 1110 1283 duo
1151 1246 1189 1284 a
1228 1227 1460 1284 Christo
1502 1225 1745 1283 maximi
1790 1225 2076 1281 momenti
2121 1224 2518 1296 insinuantur,
2552 1228 2601 1283 1.
2648 1233 2960 1289 necessitas

532 1305 756 1377 qralioe‚
807 1303 930 1360 sine
978 1323 1100 1377 qua
1147 1305 1485 1379 impossible
1533 1306 1609 1361 sit
1657 1305 1733 1360 ad
1779 1302 2081 1361 Christum
2124 1302 2340 1369 venire,
2384 1304 2463 1361 id.
2513 1308 2767 1377 credere,
2809 1311 2963 1383 quia

538 1400 713 1438 nemo
754 1390 946 1455 potest
988 1382 1189 1438 venire
1233 1382 1345 1438 nisi
1388 1383 1662 1439 trahitur.
1694 1383 1747 1437 2.
1796 1383 2041 1455 ejusdem
2069 1381 2310 1455 efficacia
2352 1389 2412 1436 et
2454 1383 2961 1457 insuperabilitas,

537 1461 681 1533 quia
721 1460 994 1533 quisquis
1042 1459 1300 1516 trahitur
1341 1465 1401 1516 et
1438 1461 1687 1516 docetur
1728 1478 1765 1515 a
1809 1458 1986 1516 Patre
2025 1458 2191 1514 venit
2230 1459 2305 1514 ad
2360 1459 2677 1519 Christum.
2765 1465 2957 1532 Quod

541 1538 804 1610 August.
834 1545 1042 1594 contra
1070 1538 1220 1594 duas
1251 1536 1436 1610 Epist.
1489 1537 1694 1611 Pelag.
1725 1539 1874 1593 bene
1907 1537 2199 1604 observat,
2227 1536 2330 1591 lib.
2365 1536 2417 1605 1,
2445 1557 2571 1612 cap.
2606 1540 2697 1610 19,
2745 1550 2779 1576 ‘⁴
2804 1543 2867 1599 N
2871 1563 2955 1600 on

535 1616 619 1672 ait
663 1616 907 1684 duxerit,
950 1623 1020 1671 ut
1067 1615 1190 1672 illic
1238 1616 1442 1689 aliquo
1485 1618 1665 1671 modo
1717 1615 2118 1688 intelligamus
2181 1617 2511 1686 praecedere
2555 1619 2957 1678 voluntatem.

539 1694 692 1760 Quis
719 1694 991 1762 trahitur,
1020 1694 1067 1750 si
1088 1694 1219 1766 jam
1246 1694 1531 1750 volebat?
1616 1693 1696 1750 Et
1722 1701 1919 1749 tamen
1959 1710 2133 1748 nemo
2163 1691 2327 1749 venit
2353 1693 2466 1750 nisi
2495 1695 2655 1753 velit.
2740 1698 2959 1755 Trahi-

534 1779 637 1828 tur
665 1792 806 1846 ergo
834 1771 997 1827 miris
1019 1771 1212 1828 modis
1243 1780 1310 1828 ut
1337 1772 1498 1840 velit,
1529 1771 1604 1827 ab
1642 1772 1767 1839 illo,
1797 1771 1902 1845 qui
1944 1770 2111 1826 novit
2152 1769 2313 1826 intus
2340 1769 2402 1826 in
2449 1772 2590 1846 ipsis
2635 1776 2957 1834 hominum

536 1851 947 1908 voluntatibus
977 1850 1223 1923 operari,
1266 1868 1386 1906 non
1422 1857 1490 1906 ut
1537 1849 1822 1916 homines
1873 1849 2035 1922 quod
2080 1847 2208 1903 fieri
2252 1865 2374 1903 non
2418 1858 2630 1923 potest,
2676 1856 2959 1913 nolentes

535 1930 795 1997 credant,
827 1930 926 1985 sed
950 1935 1020 1983 ut
1047 1929 1314 1984 volentes
1341 1945 1413 1984 ex
1442 1927 1784 1982 nolentibus
1810 1927 2013 1983 fiant.''

617 2006 812 2063 XIII.
855 2004 1001 2063 Non
1030 2013 1226 2079 potest
1252 2005 1348 2061 hic
1375 2005 1599 2078 reponi,
1632 2012 1666 2037 ‘⁶
1689 2004 1910 2062 Omnes
1948 2003 2192 2077 quidem
2221 2006 2324 2077 qui
2354 2010 2605 2065 credunt
2641 2010 2814 2080 trahi,
2842 2014 2952 2068 sed

532 2101 651 2139 non
684 2085 897 2141 solos‚'’
985 2083 1146 2150 Quia
1174 2084 1353 2139 verba
1380 2084 1506 2156 ipsa
1533 2081 1895 2139 contrarium
1926 2081 2215 2154 probant;
2257 2101 2397 2139 nam
2428 2093 2497 2141 ut
2523 2087 2791 2156 dicendO,
2822 2107 2952 2146 ver.

531 2162 627 2229 44,
659 2162 977 2218 Neminem
1006 2162 1081 2217 ad
1115 2161 1413 2218 Christum
1441 2160 1660 2229 venire,
1684 2159 1795 2215 nisi
1824 2177 2001 2232 quem
2033 2158 2210 2215 Pater
2238 2163 2499 2231 traxerit,
2519 2166 2681 2221 solos
2702 2185 2738 2222 a
2767 2165 2954 2224 Patre

531 2246 750 2297 tractos
768 2240 979 2296 statuit
999 2240 1075 2295 ad
1102 2239 1404 2295 Christum
1427 2238 1647 2307 venire,
1670 2238 1767 2293 Ita
1795 2236 2183 2309 subjiciendO,
2207 2256 2326 2295 ver.
2357 2240 2453 2309 45,
2479 2249 2513 2274 “
2537 2243 2822 2317 Quisquis
2839 2263 2954 2300 au-

528 2318 678 2375 divit
705 2337 740 2374 a
783 2317 957 2374 Patre
986 2325 1045 2373 et
1062 2317 1270 2374 didicit
1296 2317 1459 2372 venit
1486 2317 1562 2372 ad
1590 2317 1744 2385 me‚”
1775 2333 1977 2371 omnes
2005 2323 2221 2372 tractos
2263 2321 2592 2376 necessario
2620 2329 2679 2378 et
2722 2321 2950 2378 infalli-

530 2395 727 2452 biliter
755 2396 955 2452 venire
993 2395 1213 2452 asserit.
1298 2393 1452 2451 Duae
1481 2394 1608 2450 istae
1638 2393 2067 2468 propositiones
2096 2412 2155 2449 se
2192 2403 2406 2451 mutuo
2442 2397 2683 2469 juvant,
2724 2406 2790 2455 ut
2831 2402 2952 2457 soli

529 2480 590 2530 et
631 2491 833 2530 omnes
865 2473 1037 2529 tracti
1080 2472 1353 2529 dicantur
1396 2472 1458 2527 in
1503 2472 1806 2529 Christum
1856 2471 2105 2526 credere.
2158 2470 2303 2528 Non
2353 2475 2602 2533 solidius
2650 2477 2952 2550 reget-itur

531 2558 565 2583 ‘⁴
590 2551 936 2608 tractionem
968 2551 1140 2606 istam
1169 2567 1288 2606 non
1315 2550 1441 2606 fieri
1470 2548 1929 2617 irresistibiliter,
1962 2549 2105 2622 quia
2131 2551 2197 2605 fit
2224 2551 2524 2612 audiendo
2552 2561 2613 2611 et
2638 2555 2947 2626 discend0,

529 2646 788 2701 quorum
811 2634 1090 2684 neutrum
1122 2627 1304 2699 possit
1330 2629 1456 2682 fieri
1484 2629 1665 2683 modo
1693 2627 2101 2683 irresistibili.''
2188 2628 2346 2695 Quia
2367 2631 2487 2687 alia
2513 2640 2601 2689 est
2623 2632 2821 2688 homin
2832 2652 2945 2691 um

527 2704 844 2772 institutiO,
875 2705 992 2760 alia-
1023 2704 1133 2759 Dei
1158 2725 1171 2772 ;
1215 2705 1484 2760 homines
1513 2705 1783 2761 docendo
1812 2722 1935 2760 non
1964 2706 2227 2775 trahunt,
2257 2710 2505 2765 suadere
2543 2710 2758 2783 quippe
2795 2728 2945 2782 pos-

529 2790 670 2839 sunt
698 2783 798 2838 sed
829 2800 946 2837 non
978 2782 1369 2855 persuaderc;
1415 2782 1504 2837 At
1532 2782 1635 2854 qui
1665 2789 1807 2838 sunt
1833 2800 1870 2838 a
1907 2782 2036 2838 Deo
2065 2784 2221 2841 docti
2269 2789 2603 2855 trahuntur,
2630 2787 2692 2842 id
2736 2806 2946 2845 neces-

528 2861 685 2917 sario
713 2868 1064 2933 sequuntur,
1097 2866 1155 2914 et
1184 2859 1487 2929 obediunt,
1519 2860 1662 2933 quia
1688 2878 1806 2914 non
1838 2860 2094 2917 mediate
2122 2869 2355 2919 tantum
2386 2884 2490 2939 per
2514 2864 2799 2934 Verbum,
2831 2869 2943 2923 sed

528 2939 868 2996 immediate
895 2945 955 2995 et
984 2938 1211 2993 interne
1237 2956 1343 3012 per
1361 2937 1650 3012 Spiritum
1677 2938 1982 3008 docentur,
2006 2939 2036 2994 1
2067 2938 2110 2994 J
2115 2941 2210 2995 oh.
2242 2941 2299 2996 ii.
2326 2942 2420 3011 20,
2443 2950 2502 2999 et
2529 2945 2796 3000 docendo
2820 2953 2946 3002 tra·

526 3020 771 3075 huntur.
798 3026 832 3050 ‘⁶
857 3016 1063 3074 Trahit
1092 3035 1199 3073 sua
1216 3034 1514 3090 quemque
1535 3017 1870 3089 voluptaS,”
1891 3015 2088 3088 inquit
2108 3017 2308 3075 Po'eta.
2335 3021 2664 3078 “Trahitur
2682 3022 2940 3092 animus,

523 3104 584 3153 et
599 3098 858 3164 amore,’'
890 3096 1089 3170 inquit
1113 3095 1376 3168 August.
1409 3093 1852 3151 Demonstratio
1863 3111 1983 3149 non
1998 3095 2174 3167 cogit,
2188 3098 2287 3153 scd
2301 3098 2500 3168 trahit,
2513 3106 2573 3155 et
2593 3101 2943 3157 necessitate

524 3175 716 3232 amica
741 3181 1061 3249 permovet.
1108 3173 1270 3230 Deus
1298 3192 1488 3247 quum
1516 3174 1703 3241 docet,
1735 3172 2118 3241 demonstrat,
2146 3174 2209 3230 id
2238 3183 2325 3231 est
2351 3194 2473 3231 non
2514 3179 2697 3234 modo
2725 3180 2944 3237 suadet

524 3260 583 3310 et
620 3260 836 3321 movet,
867 3255 967 3309 sed
998 3253 1311 3325 persuadet
1338 3259 1398 3307 et
1430 3259 1772 3325 permovet:
1815 3250 1995 3305 homo
2026 3268 2160 3306 cum
2190 3271 2227 3308 a
2270 3253 2398 3309 Deo
2427 3254 2617 3324 discit,
2656 3266 2778 3312 non
2806 3257 2943 3331 qui-

525 3332 660 3386 dem
691 3331 925 3385 obtorto
948 3331 1102 3385 collo
1125 3329 1400 3397 trahitur,
1431 3330 1532 3385 sed
1561 3346 1702 3384 vero
1723 3327 1995 3396 vincitur,
2025 3334 2085 3383 et
2113 3329 2349 3386 victrice
2378 3332 2787 3403 delectatione,
2818 3353 2945 3407 qua

525 3407 674 3461 nihil
690 3407 948 3473 suaviuS‚
961 3405 1112 3461 nihil
1130 3406 1439 3474 efficaciuS,
1451 3413 1832 3479 expugnatur
1844 3426 1857 3474 ;
1881 3403 2020 3460 hinc
2032 3423 2236 3465 omnes
2253 3408 2554 3467 auditores
2565 3412 2764 3467 venire
2775 3411 2940 3482 dicit,

526 3484 606 3538 id.
621 3500 740 3537 non
763 3489 998 3537 tantum
1015 3481 1339 3553 potentiam
1358 3483 1629 3538 veniendi
1641 3482 1922 3551 obtinere,
1937 3484 2038 3538 sed
2057 3483 2251 3556 ipsum
2263 3493 2481 3557 actum,
2495 3490 2656 3561 quod
2675 3490 2939 3563 August.

525 3560 676 3615 bene
719 3558 1006 3627 observat,
1036 3558 1136 3613 lib.
1172 3558 1222 3627 1,
1266 3559 1341 3614 de
1373 3559 1513 3616 Gra.
1545 3579 1669 3633 cap.
1705 3560 1795 3629 18,
1828 3568 1861 3592 “
1886 3560 2096 3617 Omnis
2120 3563 2223 3635 qui
2265 3563 2472 3620 didicit
2499 3584 2535 3621 a
2578 3565 2771 3635 Patre,
2814 3586 2939 3624 non

523 3637 717 3693 solum
747 3643 943 3710 potest
970 3635 1187 3704 venire,
1219 3637 1322 3692 sed
1345 3639 1505 3707 venit,
1537 3637 1641 3693 ubi
1661 3637 1788 3710 jam
1818 3645 1878 3694 et
1904 3637 2257 3711 possibilitas
2285 3641 2600 3714 profectus,
2623 3652 2683 3700 et
2723 3645 2941 3701 volun-

522 3716 662 3772 tatis
705 3714 967 3784 affectus,
1011 3720 1072 3770 et
1112 3714 1359 3771 actionis
1405 3717 1648 3772 effectus
1696 3717 1839 3773 est.'’
1953 3715 2041 3772 Ut
2086 3718 2183 3774 hic
2230 3719 2492 3776 suavitas
2537 3739 2774 3778 summa
2800 3741 2941 3779 cum

522 3812 757 3851 summa
784 3794 1038 3850 efficacia
1064 3792 1526 3866 conjungantur,
1568 3793 1677 3849 illa
1705 3795 1946 3867 quidem
1976 3811 2080 3865 per
2120 3797 2461 3867 doctrinam,
2504 3799 2621 3855 ista
2647 3818 2789 3856 vero
2830 3818 2942 3874 per

524 3874 871 3939 tractionem,
902 3872 980 3928 id.
1011 3871 1192 3927 talem
1215 3872 1564 3940 doctrinam,
1585 3890 1719 3945 quae
1744 3872 1819 3928 sit
1850 3891 1989 3930 vera
2017 3885 2297 3944 πυιωάγκη
2316 3894 2448 3949 quae
2477 3878 2785 3934 suadendo
2804 3896 2939 3952 per-

521 3954 735 4009 suadet
751 3958 811 4006 et
837 3950 1020 4007 flectit
1048 3950 1123 4005 ad
1152 3949 1520 4023 obsequium.
1568 3950 1842 4024 Denique
1868 3950 2091 4009 frustra
2117 3954 2378 4023 additur,
2411 3964 2444 3988 “
2473 3955 2536 4011 Si
2559 3954 2796 4011 Tractio
2817 3956 2934 4029 sig-

521 4029 720 4085 nificat
748 4027 1042 4085 actionem
1069 4026 1130 4081 in
1153 4027 1392 4084 homine
1413 4029 1785 4101 productam,
1808 4036 2130 4104 antequam
2158 4032 2357 4087 venire
2398 4033 2584 4107 possit
2624 4034 2699 4089 ad
2733 4033 2934 4090 Chris·

519 4114 669 4175 tum,
691 4107 820 4179 jam
849 4122 1164 4161 conversus
1190 4105 1302 4162 erit
1323 4113 1643 4179 antequam
1666 4106 1863 4163 veniat
1883 4110 1958 4163 ad
1986 4107 2303 4177 Christum,
2329 4110 2407 4167 id.
2433 4129 2749 4168 conversus
2770 4118 2934 4167 ante·

520 4203 699 4257 quam
742 4183 1112 4239 conversus,”
1196 4182 1359 4249 Quid
1401 4184 1558 4240 enim
1588 4182 1783 4239 obstat
1824 4187 2144 4257 quominus
2172 4187 2407 4244 dicatur
2450 4206 2768 4245 conversus
2793 4195 2932 4245 actu

516 4264 729 4335 prim0,
748 4261 809 4316 id
840 4259 1157 4333 regenitus,
1179 4269 1497 4335 antequam
1523 4269 1904 4319 convertatur
1923 4271 2059 4320 actu
2083 4266 2385 4324 secundo?
2429 4266 2564 4322 Imo
2588 4284 2820 4322 necesse
2841 4275 2933 4323 est

517 4347 586 4395 ut
608 4340 772 4395 Deus
798 4337 999 4394 veniat
1025 4340 1100 4394 ad
1129 4356 1239 4393 nos
1261 4348 1581 4412 antequam
1604 4356 1809 4396 eamus
1836 4342 1911 4396 ad
1936 4341 2149 4415 ipsum,
2173 4350 2241 4397 ut
2262 4345 2670 4417 apprehendat
2696 4351 2755 4399 et
2783 4362 2932 4417 prae-

516 4417 718 4472 veniat
738 4433 846 4471 nos
867 4415 1264 4471 misericordia
1285 4434 1410 4485 sua,
1433 4425 1753 4490 antequam
1775 4435 1912 4473 eum
1934 4421 2469 4493 apprehendamus,
2494 4429 2563 4478 ut
2589 4421 2933 4478 inveniatur

516 4510 554 4547 a
582 4510 701 4547 non
720 4493 1134 4564 quaerentibus,
1168 4492 1286 4549 Isa.
1316 4494 1435 4549 htv.
1473 4495 1522 4550 1.
1567 4494 1625 4551 N
1633 4513 1765 4552 emo
1787 4496 1945 4552 euim
1973 4497 2165 4555 fidelis
2192 4507 2298 4567 est,
2338 4499 2448 4557 nisi
2478 4500 2583 4574 qui
2600 4499 2931 4556 misericor-

514 4567 672 4623 diam
703 4587 740 4623 a
763 4569 891 4624 Deo
920 4577 1268 4626 consecutus
1288 4578 1380 4627 est
1404 4572 1610 4628 fidelis
