3221 5200
330 377 553 429 cums-r.
584 361 747 445 ναι]
1152 378 1229 418 nn
1258 378 1492 420 ors-1010
1520 379 1757 420 camsi-1
1788 379 2181 424 usnuromo.
2648 373 2766 430 357

323 523 623 584 oblatione
653 541 783 600 quae
811 520 962 580 facta
983 529 1073 579 est
1100 519 1323 593 ἔφηέκ-αξ,
1355 527 1413 578 et
1430 538 1560 595 quae
1589 519 1649 577 in
1671 519 1938 596 passione
1960 531 2019 580 et
2040 531 2224 582 morte
2248 523 2464 584 Christi
2484 527 2764 606 consistit,

328 620 445 661 non
476 604 548 663 de
578 623 646 661 ea
674 622 804 679 quae
833 601 1104 659 continuo
1134 600 1200 659 fit
1228 601 1286 657 in
1317 599 1496 673 coelis,
1527 619 1635 657 nec
1665 600 1816 657 enim
1846 601 2002 676 quod
2023 603 2097 662 fit
2116 603 2191 660 ad
2211 608 2763 667 consummationem

327 683 526 757 seculi,
558 691 750 758 potest
793 681 908 738 dici
952 680 1073 738 fieri
1104 681 1316 753 seme13
1362 681 1417 736 3.
1452 679 1540 736 De
1570 698 1639 736 ea
1681 698 1870 737 sermo
1918 690 2023 755 est,
2054 681 2114 739 in
2143 702 2257 758 qua
2305 685 2614 745 visibiliter
2661 707 2762 765 ap-

327 763 534 837 paruit,
567 762 723 838 quod
753 761 824 818 de
854 759 1057 818 diebus
1088 759 1290 817 Carnis
1319 777 1437 816 suae
1467 759 1526 816 in
1554 767 1709 816 terra
1736 758 1910 818 debet
1937 760 2201 837 intelligi,
2227 782 2342 821 non
2371 784 2511 824 vero
2533 765 2605 824 de
2634 767 2762 843 ejus

328 860 490 900 mora
518 843 578 899 in
607 841 788 916 coelis,
813 840 872 897 in
901 859 1016 915 qua
1037 858 1189 896 nunc
1210 839 1369 911 latet,
1401 837 1585 895 donec
1615 837 1688 895 ad
1711 838 1996 914 judicium
2025 840 2248 916 redeat;
2293 846 2350 901 4.
2397 844 2511 902 Illa
2539 845 2761 905 oblatio

325 919 688 998 intelligitur,
721 940 850 997 quae
879 917 1217 976 antecedere
1247 916 1447 975 debuit
1476 917 1632 974 illius
1665 917 1991 976 Sessionem
2021 919 2095 977 ad
2124 920 2387 980 dextram
2419 924 2548 999 Dei,
2581 925 2757 1002 siqui·
2814 960 2833 975 .

323 998 458 1057 dem
487 1000 714 1074 dicitur,
749 998 902 1056 Heb.
923 1018 982 1055 x.
1018 1000 1108 1071 12,
1140 1015 1256 1054 una
1277 1016 1380 1073 pro
1408 996 1661 1072 peccatis
1689 996 1883 1055 oblata
1909 999 2149 1057 victima
2169 1001 2499 1061 consedisse
2519 1003 2593 1061 ad
2616 1004 2757 1063 dex-

324 1086 472 1136 tram
505 1080 634 1152 Dei,
665 1078 766 1137 ubi
797 1077 932 1137 Una
959 1076 1176 1134 oblatio
1206 1075 1515 1153 opponitur
1547 1075 1802 1133 Sessioni
1825 1077 1884 1132 in
1912 1088 2269 1155 perpetuum.
2329 1081 2415 1140 At
2443 1084 2492 1141 si
2537 1082 2754 1143 oblatio

324 1157 438 1216 ista
465 1159 806 1217 consisteret
831 1157 892 1214 in
915 1156 1044 1233 jugi
1073 1175 1198 1213 com
1243 1155 1482 1213 aritione
1507 1155 1721 1213 Christi
1739 1175 1842 1232 pro
1863 1156 2048 1231 nobis,
2079 1178 2195 1216 non
2213 1160 2461 1237 amplius
2489 1162 2636 1221 foret
2658 1166 2759 1238 μία

313 1238 491 1312 θνα-ἴα,
525 1237 627 1296 sed
652 1238 811 1295 θυσίη
838 1256 999 1312 aeque
1027 1241 1089 1300 ιίς
1117 1241 1171 1292 τὶ
1229 1235 1393 1299 aaut&
1422 1254 1488 1293 ac
1517 1235 1645 1312 ejus
1676 1235 1873 1294 sessio.
1960 1236 2081 1296 Nec
2109 1247 2306 1314 posset
2333 1240 2447 1299 dici
2477 1241 2589 1300 ista
2636 1262 2753 1302 ses-

324 1319 413 1376 sio
443 1318 606 1394 sequi
634 1318 802 1376 istam
832 1316 1199 1389 oblationem,
1231 1334 1360 1373 cum
1390 1314 1449 1372 in
1478 1333 1546 1372 ea
1573 1314 1935 1390 potissimum
1963 1317 2321 1377 consisteret.

320 1434 353 1479 3
467 1434 803 1479 Sacerdotium
924 1394 1072 1453 VII.
1116 1395 1329 1468 TertiO,
1362 1393 1530 1469 Quod
1563 1393 1957 1453 Sacerdotium
2000 1396 2391 1474 distinguatur
2436 1396 2754 1460 formaliter

354 1466 659 1550 'distinguis
681 1492 807 1550 Reg-
846 1494 881 1532 a
910 1474 1135 1551 Regno,
1166 1493 1271 1532 nec
1300 1474 1579 1532 consistat
1604 1480 1827 1532 tantum
1858 1475 1917 1532 in
1939 1476 2237 1536 voluntate
2281 1477 2536 1554 generali
2584 1481 2753 1538 nobis

378 1563 458 1595 no.
849 1552 1246 1627 subveniendi,
1279 1552 1382 1611 sed
1408 1553 1469 1610 in
1501 1553 1799 1612 voluntate
1828 1554 2064 1630 speciali
2093 1555 2314 1634 Corpus
2336 1557 2617 1616 divinitus
2638 1559 2752 1617 sibi

318 1642 580 1712 aptatum
609 1633 886 1692 offerendi
915 1634 974 1691 in
1004 1633 1346 1692 sacrificium
1375 1653 1478 1709 pro
1506 1633 1759 1709 peccatis
1776 1634 2006 1708 nostris,
2027 1643 2202 1712 patet.
2289 1637 2439 1712 Quia
2458 1636 2596 1696 licet
2616 1639 2747 1697 Mu·

321 1733 435 1772 nus
466 1714 714 1791 Regium
744 1722 802 1772 et
835 1712 1202 1771 Sacerdotale
1232 1712 1293 1770 in
1323 1712 1552 1771 Christo
1570 1712 1753 1771 amice
1783 1713 2113 1790 conspirent
2160 1714 2235 1772 ad
2280 1715 2526 1774 eundem
2572 1717 2747 1776 finem

319 1813 704 1866 communem,
738 1793 978 1851 salutem
1013 1800 1150 1868 puta
1178 1791 1493 1865 hominum,
1524 1792 1918 1850 functionibus
1945 1802 2138 1852 tamen
2193 1794 2581 1871 peculiaribus
2630 1795 2746 1855 dis·

317 1873 681 1954 tinguuntur,
711 1881 776 1931 ut
804 1873 954 1930 inter
979 1872 1243 1929 homines
1271 1870 1543 1928 differunt
1597 1870 1955 1929 thuribulum
2001 1881 2060 1931 et
2109 1883 2414 1951 sceptrum,
2462 1873 2644 1932 infula
2691 1885 2750 1935 et

317 1952 602 2010 diadema.
688 1952 882 2027 Reges
911 1971 946 2008 a
978 1952 1102 2009 Deo
1129 1949 1521 2027 praeficiuntur
1548 1950 1699 2007 inter
1726 1951 1988 2009 homines
2016 1952 2090 2009 ad
2114 1971 2213 2009 eos
2242 1952 2546 2028 regendos,
2580 1962 2745 2013 tuen-

314 2032 439 2106 dos,
472 2039 530 2090 et
557 2033 618 2089 in
646 2031 832 2090 officio
861 2030 1275 2103 continendos3
1325 2029 1438 2088 Sed
1474 2029 1813 2087 Sacerdotes
1841 2049 1944 2106 pro
1965 2031 2295 2090 hominibus
2318 2033 2750 2093 constituuntur

314 2111 469 2189 apud
503 2112 707 2185 Deum,
739 2120 803 2168 ut
831 2111 884 2168 ei
914 2109 1156 2168 offerant
1184 2109 1336 2167 dona
1364 2119 1422 2167 et
1451 2108 1776 2166 oblationes
1805 2129 1908 2185 pro
1937 2111 2207 2186 peccatis,
2234 2110 2388 2170 Heb.
2418 2131 2476 2170 v,
2513 2115 2565 2171 1.
2650 2114 2746 2173 Ita

314 2199 480 2249 actus
508 2190 776 2248 formales
809 2189 1128 2248 Sacerdotii
1159 2188 1373 2247 Christi
1402 2195 1535 2246 sunt
1583 2188 1801 2246 oblatio
1849 2197 1908 2246 et
1957 2189 2308 2265 intercessio,
2360 2190 2551 2268 Regni
2599 2212 2742 2252 vero

313 2270 589 2343 defensio,
621 2270 961 2346 gubernatio
991 2277 1049 2327 et
1075 2268 1340 2326 liberatio
1370 2266 1668 2325 Ecclesiae.
1715 2267 1845 2324 Rex
1874 2268 1996 2344 agit
2024 2269 2083 2326 in
2111 2270 2388 2347 populum
2430 2281 2489 2330 et
2536 2271 2740 2331 adver·

313 2368 414 2408 sus
443 2350 653 2423 hostes,
691 2348 969 2407 Sacerdos
998 2348 1227 2406 nomine
1255 2346 1454 2424 populi
1482 2345 1558 2404 ad
1588 2347 1795 2404 Deum.
1841 2347 2032 2423 Regni
2075 2349 2306 2427 propria
2349 2358 2439 2409 est
2485 2351 2744 2428 potentia

312 2428 389 2486 ad
417 2428 800 2505 protegendos
829 2448 980 2502 suos,
1012 2437 1071 2486 et
1098 2428 1298 2486 hostes
1324 2425 1662 2483 vincendos.
1710 2426 2028 2486 Sacerdotii
2055 2448 2195 2487 vero
2218 2429 2448 2506 justitia
2495 2430 2568 2488 ad
2616 2430 2740 2508 pla·

313 2509 558 2566 candum
587 2509 772 2565 Deum
803 2516 861 2566 ct
891 2507 1036 2585 Legi
1086 2505 1571 2565 satisfaciendum.
1646 2505 1817 2564 Unde
1872 2507 1997 2584 typi
2058 2508 2378 2567 Sacerdotii
2433 2518 2491 2568 et
2547 2509 2741 2587 Regni

310 2587 526 2647 diversi
566 2587 795 2647 fuerunt
823 2588 882 2645 in
915 2586 1249 2647 Sacerdotio
1279 2584 1559 2660 Levitico,
1591 2593 1651 2645 et
1682 2585 1887 2663 Regno
1918 2587 2221 2647 DavidicO.
2246 2588 2551 2666 Perperam
2600 2610 2740 2650 vero

315 2669 713 2728 Sacerdotium
742 2668 1111 2726 constituitur
1137 2676 1360 2726 tantum
1389 2666 1450 2723 in
1478 2666 1779 2725 voluntate
1807 2686 1914 2724 nos
1936 2667 2200 2744 juvandi,
2232 2669 2390 2746 quod
2410 2689 2526 2727 non
2546 2668 2739 2730 minus

309 2758 400 2807 est
431 2748 638 2825 Regni,
670 2768 843 2824 quam
877 2747 1229 2823 Sacerdotii3
1276 2748 1421 2805 Cum
1455 2746 1750 2823 Scriptura
1778 2766 2048 2823 expresse
2078 2748 2224 2806 illud
2252 2758 2429 2825 ponat
2469 2749 2529 2806 in
2577 2749 2738 2809 obla-

313 2828 469 2886 tione
502 2828 770 2903 Corporis
800 2828 906 2901 sui,
941 2827 1094 2885 Heb.
1124 2847 1183 2885 x.
1215 2830 1269 2903 5,
1303 2828 1357 2900 6,
1390 2830 1444 2899 7,
1476 2845 1651 2902 quam
1680 2835 1952 2902 sequatur
1998 2829 2224 2905 proprie
2275 2828 2429 2887 dicta
2484 2828 2739 2906 expiatio

310 2925 439 2982 quse
467 2927 584 2965 non
612 2907 714 2965 fiat
740 2905 912 2964 modo
940 2926 1043 2982 per
1068 2915 1435 2983 peccatorum
1458 2904 1938 2964 condonationem
1969 2906 2235 2967 absoluta
2263 2907 2512 2984 quadam
2545 2917 2738 2985 potes-

310 2993 447 3059 tate,
482 2986 583 3042 sed
605 3005 706 3061 per
734 3004 929 3042 veram
959 2993 1017 3043 et
1043 2985 1329 3061 propriam
1373 2983 1820 3042 satisfactionem
1866 3005 1970 3059 per
2008 2986 2346 3062 sanguinem
2391 2995 2450 3046 et
2492 2997 2735 3048 mortem

316 3064 624 3140 Sponsoris
653 3064 711 3120 in
739 3063 907 3121 terris
937 3064 1163 3120 factam.

912 3141 1096 3199 VIII.
1140 3140 1329 3215 Quum
1363 3142 1577 3198 Paulus
1599 3141 1697 3214 ait,
1730 3141 1884 3200 Heb.
1901 3142 2024 3199 viii.
2043 3145 2100 3216 4,
2135 3143 2434 3217 Christum,
2468 3143 2522 3201 ei
2537 3145 2596 3203 in
2624 3154 2733 3203 ter-

389 3197 734 3300 Ἑῖῗέζὲιῗιω
831 3221 914 3278 ris
942 3229 1093 3294 esset,
1124 3222 1460 3293 nefiaeturum
1491 3221 1712 3295 quidem
1740 3220 2101 3278 Sacerdotem
2128 3224 2473 3280 manentibus
2499 3223 2609 3281 mis
2625 3225 2732 3282 Sa-

832 3301 1157 3372 cerdotibus,
1190 3300 1289 3375 qui
1311 3301 1610 3356 secundum
1642 3300 1849 3375 chem
1877 3303 2029 3358 dona
2057 3302 2312 3375 offerunt,
2345 3301 2399 3360 N
2402 3320 2476 3358 on
2518 3320 2732 3378 negare

304 3380 436 3437 vult
464 3378 726 3436 absolute
757 3378 1046 3438 Christum
1076 3379 1252 3437 fuisse
1286 3377 1653 3436 Sacerdotem
1684 3379 1743 3436 in
1771 3387 1937 3454 terra,
1969 3380 2126 3456 quod
2179 3379 2403 3457 prolixe
2431 3381 2639 3440 asserit
2675 3391 2734 3442 et

304 3458 625 3529 confirmat,
650 3479 774 3535 cap.
799 3459 917 3534 vii„
951 3460 1048 3533 ix„
1074 3469 1132 3518 et
1154 3480 1231 3532 x.,
1253 3458 1354 3516 sed
1375 3458 1484 3516 hoc
1508 3458 1780 3534 intelligit
1804 3463 2104 3518 secundum
2126 3459 2277 3537 quid,
2303 3459 2375 3519 de
2397 3467 2530 3519 actu
2550 3461 2731 3521 altero

308 3539 630 3597 Sacerdotii
658 3539 854 3615 ipsius,
886 3540 1153 3597 nimirum
1197 3538 1270 3596 de
1315 3537 1669 3615 apparitione
1718 3547 1775 3595 et
1822 3538 2231 3598 intercessione
2279 3540 2433 3618 apud
2480 3541 2728 3617 Patrem,

303 3638 434 3694 quae
462 3618 602 3676 alibi
631 3638 802 3695 quam
826 3619 885 3676 in
914 3619 1076 3677 coelis
1104 3618 1227 3675 fieri
1255 3638 1369 3675 non
1399 3618 1601 3695 potuit.
1650 3617 1742 3675 Ita
1770 3618 1879 3677 hoc
1908 3620 1983 3677 ad
2037 3627 2265 3697 tempus
2312 3639 2566 3698 praesens
2614 3641 2729 3699 quo

304 3698 649 3775 loquebatur
682 3699 998 3775 Apostolus
1026 3698 1290 3775 pertinet,
1322 3707 1387 3755 ut
1415 3716 1619 3756 sensus
1643 3697 1733 3772 sit,
1758 3698 1806 3755 si
1830 3718 1982 3757 nunc
2003 3699 2063 3757 in
2081 3700 2250 3758 terris
2272 3709 2426 3758 esset
2444 3700 2725 3776 Christus,

304 3796 421 3834 non
453 3786 646 3852 posset
673 3797 799 3835 esse
832 3777 1130 3852 Saceffloe,
1183 3777 1469 3853 siquidem
1508 3777 1567 3834 in
1616 3777 1818 3836 Veteri
1863 3779 2235 3838 Testamento
2287 3779 2560 3837 Pontifex
2609 3801 2726 3839 non

303 3855 366 3912 in
397 3855 566 3913 Atrio
595 3875 820 3933 semper
845 3857 1116 3931 haerebat,
1150 3857 1252 3914 sed
1281 3855 1590 3932 aliquando
1621 3857 1873 3933 oportuit
1900 3858 2085 3934 ipsum
2128 3857 2354 3934 ingredi
2403 3858 2726 3917 Sacrarium

305 3954 436 3992 cum
466 3935 745 4009 sanguine
770 3958 783 4011 ;
828 3956 961 3993 nam
991 3937 1039 3993 si
1068 3937 1178 3994 hoc
1206 3956 1319 3993 non
1351 3936 1595 4010 fecisset,
1627 3955 1743 3993 non
1773 3955 1971 3994 omnes
2000 3946 2192 4012 partes
2221 3935 2392 3994 officii
2415 3937 2503 3993 sui
2521 3937 2724 4015 imple-

303 4014 503 4072 visset.
593 4014 708 4071 Sed
736 4034 851 4072 non
880 4016 1153 4091 sequitur,
1186 4015 1235 4073 si
1267 4015 1480 4074 Christi
1510 4015 1804 4091 ingressus
1833 4015 1891 4071 in
1920 4015 2129 4073 coelum
2157 4015 2467 4091 requisitus
2515 4015 2624 4074 fuit
2651 4018 2726 4075 ad

300 4094 788 4153 continuationem
818 4095 915 4153 vel
941 4094 1487 4152 consummationem
1518 4094 1699 4170 ipsius
1732 4093 2065 4167 Sacerdotii,
2096 4093 2435 4170 requisitum
2457 4093 2632 4154 fuisse
2651 4096 2726 4154 ad

300 4176 426 4252 ejus
456 4174 923 4233 constitutionem
947 4195 960 4250 ;
995 4174 1121 4231 Imo
1150 4181 1348 4232 contra
1376 4173 1437 4230 in
1464 4174 1673 4230 coelum
1703 4192 1818 4231 non
1847 4172 2050 4230 fuisset
2078 4192 2436 4248 ascensuruS,
2466 4173 2578 4231 nisi
2599 4175 2721 4252 jam

307 4253 588 4313 Sacerdos
632 4254 852 4313 fuisset.

387 4333 505 4390 IX.
553 4333 717 4392 Licet
751 4332 1146 4393 Sacerdotium
1175 4332 1234 4390 in
1264 4341 1415 4391 terra
1437 4331 1711 4408 compleri
1728 4350 1845 4389 non
1873 4331 2141 4407 potuerit,
2175 4332 2306 4389 Non
2346 4332 2613 4407 sequitur
2640 4334 2723 4393 ibi

299 4432 415 4470 non
447 4414 700 4488 potuisse
731 4413 1023 4486 inchoari3
1077 4413 1199 4471 Nec
1228 4432 1357 4488 quae
1386 4410 1675 4489 pertinent
1713 4410 1789 4469 ad
1822 4411 2214 4470 Sacerdotium
2248 4411 2716 4489 continuandum,

302 4491 573 4548 continuo
623 4493 693 4550 ad
745 4495 870 4571 ejus
919 4492 1387 4551 constitutionem
1439 4498 1718 4567 spectant.
1784 4489 1965 4548 Aliud
1986 4501 2075 4550 est
2101 4510 2219 4547 non
2248 4510 2373 4548 esse
2402 4491 2716 4567 perfectum

300 4579 359 4628 et
387 4581 844 4631 consummatum
877 4575 1002 4648 ejus
1037 4571 1429 4629 Sacerdotium
1462 4570 1519 4626 in
1550 4570 1732 4644 terriS,
1759 4570 1914 4646 quod
1937 4570 2323 4643 concedimus,
2370 4570 2551 4628 Aliud
2580 4592 2717 4632 vere

300 4657 358 4707 et
388 4648 634 4725 perfecte
665 4671 778 4708 non
809 4651 986 4709 fuisse
1020 4650 1386 4709 Sacerdotem
1410 4650 1532 4727 jam
1574 4652 1633 4707 in
1684 4659 1853 4723 terra,
1886 4650 2040 4725 quod
2078 4669 2376 4726 negamus.
2465 4650 2591 4708 Imo
2620 4654 2716 4712 vel
