3221 5200
293 360 526 412 Quaesr.
557 340 652 425 11.]
1032 363 1111 402 nn
1141 363 1408 404 masona
1437 364 1512 405 ΕΤ
1542 363 1731 405 s'rA‘rn
1760 364 2011 405 cnmsrr.
2608 351 2725 407 263

293 525 555 584 corpora,
578 504 680 564 sed
703 505 928 563 animos
955 504 1014 564 in
1044 505 1398 583 triumphum
1428 507 1638 566 ducere
1671 508 1796 566 Deo
1826 516 1884 566 et
1907 506 2136 566 Christo
2160 505 2397 582 dignum
2422 508 2722 585 putabant.

297 587 363 646 Si
392 587 515 645 vim
560 585 979 660 adhibuissent,
1034 586 1084 644 si
1128 588 1304 644 armis
1332 595 1432 645 aut
1475 588 1822 664 legionibuS,
1856 590 1903 646 si
1954 587 2110 646 eoede
2150 596 2250 646 aut
2293 587 2575 663 sanguine
2607 589 2721 647 Re-

289 667 572 745 ligionem
622 666 947 725 voluissent
994 666 1252 742 fundare,
1285 669 1575 744 quomodo
1626 669 1904 745 impostor
1948 668 2312 726 Mahumetcs
2354 669 2720 745 tyrannidem

289 767 459 806 suam
488 747 676 806 erexit
708 755 767 805 et
795 756 1118 823 conservat,
1150 767 1268 805 non
1309 748 1518 806 mirum
1545 749 1733 806 videri
1775 749 2027 822 deberet,
2060 749 2111 806 si
2139 747 2262 806 voti
2304 753 2599 825 compotes
2628 759 2718 809 ut-

289 848 523 905 cunque
552 827 689 887 facti
711 826 957 886 fuissent
982 850 996 886 2
1031 828 1147 887 Sed
1177 836 1457 887 armatum
1488 837 1675 888 totum
1697 829 1893 886 orbem
1924 829 1997 887 ab
2021 829 2353 902 inermibus,
2379 838 2436 887 et
2458 829 2718 904 infirmis,

289 909 570 987 nullaque
599 907 858 985 potentia
885 908 981 965 vel
1012 908 1318 967 autoritate
1348 909 1662 983 instructis,
1697 908 1821 967 sola
1848 909 2220 986 persuasione
2244 908 2454 985 subigi,
2491 908 2551 966 id
2580 929 2721 968 vero

198 1022 208 1030 ·
290 998 353 1048 et
383 989 685 1064 Authoris,
718 997 777 1046 et
805 987 1099 1063 doetrinae,
1132 1009 1247 1066 qua
1278 988 1335 1046 id
1364 989 1446 1064 fit,
1478 989 1846 1048 divinitatem
1876 990 2177 1048 manifeste
2208 990 2418 1066 arguit.
2466 989 2718 1049 Diabolo

289 1069 444 1128 enim
465 1069 621 1129 istud
651 1088 797 1145 opus
827 1069 1076 1128 tribuere
1096 1069 1236 1146 quid
1256 1077 1407 1128 esset
1425 1089 1596 1147 quam
1622 1070 1931 1128 Diabolum
1950 1070 2100 1128 velle
2124 1070 2335 1146 proprii
2360 1070 2523 1128 exitii
2554 1079 2716 1130 auto·

288 1170 414 1208 rem
443 1170 587 1223 esse,
620 1158 678 1208 et
706 1150 765 1206 in
796 1149 884 1207 sui
914 1149 1078 1226 regni
1108 1149 1397 1208 excidium
1428 1150 1754 1226 conspirare
1775 1153 1807 1208 Ἡ
1845 1151 1999 1227 quod
2029 1170 2197 1208 nemo
2228 1170 2402 1209 sanus
2431 1151 2662 1210 dixerit.

373 1230 626 1288 XXVI.
673 1228 844 1304 Quod
886 1229 937 1287 si
966 1239 1184 1288 certum
1215 1230 1324 1289 suit
1372 1230 1637 1289 veritatis
1694 1230 1927 1289 Messias
1977 1241 2378 1307 argumentum
2414 1232 2716 1290 Conversio

288 1312 504 1387 mundi,
536 1320 595 1370 et
621 1310 1039 1370 Christianismi
1067 1311 1358 1385 fiendam),
1417 1310 1568 1370 inter
1623 1319 1709 1370 tot
1765 1311 2065 1369 obstacula
2094 1311 2536 1388 intercedentia3
2583 1313 2715 1370 Non

288 1391 485 1449 minus
514 1392 729 1449 clarum
757 1397 848 1448 est
875 1390 1136 1468 ejusdem
1165 1391 1428 1450 veritatis
1457 1391 1871 1467 testimonium,
1903 1393 2031 1469 ejus
2084 1392 2448 1451 Censet-vatio
2478 1401 2536 1451 et
2564 1395 2713 1453 Pro-

279 1473 541 1548 payatiO,
570 1471 708 1531 dum
731 1478 871 1530 atet
901 1471 1127 1546 seculis,
1158 1491 1273 1529 non
1297 1472 1471 1530 modo
1500 1492 1615 1530 non
1646 1472 1872 1532 deletus
1894 1480 1997 1546 est,
2029 1472 2163 1531 licet
2193 1472 2337 1529 nibil
2369 1473 2713 1532 intentatum

287 1552 589 1629 reliquerit
622 1552 800 1612 Satan
830 1559 888 1609 et
919 1551 1177 1611 Mundus
1206 1552 1280 1610 ad
1309 1553 1473 1612 illum
1514 1553 1775 1612 funditus
1804 1552 2197 1625 evertendum,
2231 1553 2333 1610 scd
2362 1554 2549 1630 magis
2578 1574 2712 1612 con-

291 1633 556 1692 firmatus
583 1641 673 1691 est
700 1640 760 1690 et
789 1641 1011 1707 auctus,
1044 1641 1102 1691 et
1131 1633 1364 1692 altiores
1421 1653 1647 1710 semper
1701 1634 1923 1692 radices
1981 1633 2140 1708 egit:
2186 1633 2327 1690 Cum
2361 1644 2553 1690 tamen
2584 1635 2713 1692 alite

291 1713 632 1790 Religiones
660 1720 719 1771 et
752 1712 956 1787 Sectae,
989 1733 1117 1790 quae
1137 1715 1484 1773 authoritate
1520 1714 1872 1791 Principum,
1895 1721 1952 1771 et
1976 1713 2296 1771 subtilitate
2330 1712 2710 1789 Philosopho-

287 1814 436 1868 rum,
468 1792 889 1870 aeeloquentia
918 1793 1223 1852 Oratorum
1271 1794 1759 1866 sustentabantur,
1808 1794 2042 1851 tandem
2090 1792 2206 1850 sint
2234 1792 2483 1849 abolitae.
2570 1793 2713 1866 Quis

289 1894 407 1931 non
428 1874 653 1950 judicet
681 1892 827 1949 opus
855 1893 971 1932 non
1001 1893 1126 1932 esse
1156 1875 1488 1948 humanum,
1538 1873 1643 1932 scd
1671 1874 1930 1932 divinum
1958 1895 1971 1947 3
2017 1883 2189 1948 atque
2239 1870 2383 1929 adeo
2428 1872 2557 1950 ejus
2588 1875 2710 1930 Au-

288 1955 516 2013 thorem
544 1973 748 2013 revera
775 1953 951 2013 fuisse
981 1954 1138 2030 quod
1165 1955 1558 2033 profitebatur,
1592 1954 1883 2012 Christum
1910 1953 2194 2011 Domini?

290 2048 480 2099 Quarta
497 2048 806 2094 Demonstra-
915 2035 1202 2093 XXVII.
1258 2035 1473 2109 Quarta
1505 2034 1934 2093 Demonstratio
1957 2034 2187 2092 ducitur
2213 2032 2288 2090 ab
2309 2033 2585 2090 Absurdis
2605 2057 2624 2089 .·
2659 2035 2711 2092 1.

346 2110 418 2154 ‘³⁰
449 2110 510 2154 ab
531 2110 779 2155 Abssu‘ffl·
828 2113 889 2172 Si
935 2116 1115 2175 Jesus
1160 2135 1276 2173 non
1333 2115 1537 2174 suisset
1583 2116 1864 2189 ChristuS,
1923 2114 2155 2190 qualem
2201 2132 2262 2170 se
2319 2113 2708 2188 profitebatur,

288 2215 584 2273 nunquam
653 2215 947 2272 emergere
1016 2195 1302 2273 potuisset
1356 2196 1484 2272 ejus
1552 2215 1763 2253 nomen
1807 2203 1866 2252 et
1910 2193 2173 2251 doctrina
2213 2193 2365 2252 inter
2409 2193 2601 2269 Reges
2652 2203 2711 2252 et

291 2276 605 2356 PrincipeS,
648 2276 749 2353 qui
794 2274 1074 2334 suffocare
1116 2295 1241 2333 eam
1286 2274 1635 2348 nitebantur,
1682 2274 1785 2333 sed
1827 2274 2053 2351 sepulta
2085 2274 2288 2332 suisset
2330 2274 2458 2350 ejus
2502 2273 2704 2349 gloria,

288 2376 419 2415 eum
447 2355 779 2415 nominibus
808 2355 1070 2431 aliorum,
1102 2355 1201 2432 qui
1234 2355 1709 2414 Pseudo-Christi
1749 2354 1996 2429 fuerunt,
2028 2354 2279 2412 maxime
2311 2375 2441 2412 cum
2471 2374 2578 2412 nee
2605 2374 2706 2432 po-

288 2437 470 2496 tentia
496 2457 564 2495 ae
614 2436 963 2495 authoritate
1002 2436 1221 2511 mundi,
1268 2456 1375 2494 nec
1415 2436 1699 2513 sapientia
1741 2435 1919 2494 seculi
1969 2435 2285 2493 fulciretur.
2332 2441 2385 2492 2.
2435 2435 2496 2493 Si
2527 2435 2707 2494 Jesus

287 2537 404 2575 non
433 2517 542 2577 fuit
570 2516 852 2593 ChristuS‚
884 2516 1140 2576 omnium
1170 2517 1270 2594 qui
1299 2516 1592 2591 vixerunt,
1626 2516 1778 2575 absit
1822 2516 2181 2593 blasphemia
2203 2515 2380 2591 dicte,
2412 2523 2707 2574 contume-

287 2598 633 2658 liosissimus
661 2596 786 2673 fuit,
818 2598 919 2676 qui
947 2598 1119 2659 toties
1147 2619 1217 2658 ea
1245 2598 1318 2659 de
1350 2599 1494 2675 Dee,
1526 2597 1599 2657 de
1632 2618 1711 2673 se,
1753 2597 1825 2659 de
1859 2597 2045 2673 nobis,
2079 2618 2207 2675 quae
2238 2596 2545 2655 falsissima
2576 2606 2710 2657 sunt

288 2681 549 2755 asseruit,
582 2687 640 2737 et
662 2679 997 2756 juramento
1026 2682 1199 2740 etiam
1229 2680 1610 2755 confirmavit,
1643 2700 1759 2757 quo
1787 2679 2088 2739 mendacio
2128 2678 2351 2737 nullum
2390 2678 2579 2755 majus
2608 2690 2710 2739 aut

286 2760 668 2837 periculosius
698 2760 825 2818 dari
852 2770 1061 2838 potest.
1148 2762 1314 2822 Atia
1343 2763 1608 2821 confesso
1639 2770 1745 2836 est,
1775 2761 2089 2820 fatentibus
2112 2759 2252 2837 ipsis
2281 2760 2324 2819 J
2329 2758 2528 2834 udaeis,
2562 2759 2705 2817 Eth-

285 2841 450 2915 nicis,
493 2852 552 2900 et
581 2840 1044 2917 Mahumedanis,
1090 2863 1371 2901 summam
1414 2844 1552 2901 vitae
1595 2842 1901 2920 puritatem
1946 2842 2310 2918 conjunctam
2355 2860 2487 2899 cum
2530 2840 2706 2898 animi

286 2919 619 2994 integritate
648 2919 709 2975 in
737 2939 806 2977 eo
844 2919 1094 2996 fulsisse,
1127 2942 1255 2997 quae
1285 2923 1544 2999 ejusdem
1594 2922 1978 3000 suspicionem
2029 2921 2199 2997 plane
2227 2921 2457 2979 tollunt.
2523 2924 2578 2979 3.
2644 2920 2705 2979 Si

285 2999 327 3054 ,J
334 3017 468 3054 esus
497 3015 614 3054 non
642 2996 752 3054 fuit
776 2999 991 3055 missus
1020 3020 1054 3056 a
1084 3001 1228 3074 Dee,
1264 3002 1424 3059 Deus
1475 3002 1675 3076 gloriae
1705 3022 1823 3059 suae
1870 3001 2086 3058 vindex
2116 3001 2447 3074 acerrimus,
2478 3001 2575 3058 vel
2603 3021 2706 3076 per

291 3075 638 3150 Prophetam
667 3073 778 3132 hoc
800 3076 1182 3152 praedixisset,
1213 3088 1280 3136 ut
1300 3100 1335 3135 a
1362 3080 1466 3137 tali
1493 3080 1812 3153 impostura
1830 3080 2095 3135 homines
2124 3087 2411 3152 caverent,
2439 3079 2534 3136 vel
2565 3080 2702 3137 Pro-

283 3154 477 3234 phetis
506 3152 774 3214 excitatis
803 3156 1177 3231 coarguisset,
1208 3157 1302 3214 vel
1323 3157 1495 3215 rebus
1516 3156 1661 3232 ipsis
1681 3165 1740 3215 et
1760 3166 2082 3233 temporum
2121 3157 2367 3214 decursu
2413 3176 2701 3215 common·

280 3244 539 3315 strasset,
572 3233 730 3312 quod
759 3234 990 3294 dicebat
1018 3235 1323 3311 Gamaliel,
1355 3237 1423 3293 Si
1448 3256 1587 3311 opus
1614 3257 1727 3294 non
1755 3244 1835 3293 est
1854 3257 1893 3293 a
1921 3238 2066 3309 De0,
2100 3238 2434 3293 destruetur.
2493 3234 2578 3293 At
2607 3256 2694 3294 sc-

281 3317 546 3377 eulorum
589 3317 854 3393 decursu,
898 3335 1016 3374 non
1056 3315 1231 3376 modo
1273 3336 1390 3374 non
1433 3316 1693 3375 extincta
1734 3324 1823 3375 est
1864 3325 1922 3375 et
1964 3315 2156 3373 deleta
2197 3314 2323 3392 ejus
2372 3315 2540 3391 fama,
2601 3316 2703 3374 sed

282 3399 468 3458 crevit
496 3406 555 3459 et
582 3404 766 3457 totum
815 3397 1012 3457 orbem
1057 3397 1305 3475 replevit
1359 3397 1488 3476 ejus
1516 3395 1796 3472 doctrina,
1847 3406 1913 3456 ut
1942 3416 1973 3455 e
2003 3395 2160 3455 fonte
2199 3395 2503 3473 prosiliens
2531 3417 2700 3473 aqua,

281 3478 426 3538 rivis
455 3477 898 3555 confluentibus,
921 3499 1051 3556 quae
1079 3487 1214 3538 ante
1242 3479 1393 3539 talos
1413 3486 1640 3539 tantum
1667 3477 2052 3557 pertingebat,
2074 3477 2148 3535 ad
2178 3496 2370 3555 genua
2398 3477 2697 3556 attollitur,

279 3568 341 3619 et
367 3569 569 3638 pectus
598 3566 884 3637 caputque
907 3560 1071 3638 tegit.

345 3655 526 3702 Fontes
544 3656 680 3702 Solu·
844 3641 1166 3700 XXVIII.
1211 3641 1399 3717 Quum
1431 3640 1697 3700 Christus
1734 3640 1816 3699 ait
1845 3661 1905 3700 se
1934 3659 2051 3699 non
2088 3639 2317 3698 venisse
2340 3660 2537 3717 pacem
2567 3641 2697 3702 mit-

409 3716 618 3763 tionum.
762 3728 883 3780 tere
921 3722 981 3780 in
1009 3730 1237 3796 terram,
1282 3722 1384 3780 scd
1419 3721 1697 3799 gladium,
1731 3721 1943 3781 Matth.
1972 3742 2032 3780 x,
2064 3723 2160 3795 34,
2197 3722 2414 3779 Sensus
2450 3741 2567 3779 non
2609 3731 2699 3781 est

283 3801 577 3861 Christum
594 3802 716 3863 fore
735 3822 966 3862 causam
985 3801 1126 3861 belli
1146 3802 1487 3861 efficientem
1506 3822 1607 3879 per
1625 3821 1703 3877 se,
1722 3801 1824 3860 sed
1844 3822 1946 3880 per
1963 3801 2230 3859 accidens
2248 3810 2481 3877 propter
2496 3801 2698 3860 mundi

277 3882 574 3953 malitiam,
596 3884 697 3960 qui
718 3903 834 3947 non
852 3883 1041 3941 ferens
1060 3882 1445 3958 Evangelium
1469 3882 1719 3942 debebat
1736 3882 1820 3940 illi
1842 3882 2125 3956 resistere,
2152 3890 2210 3939 et
2238 3881 2391 3940 bella
2418 3881 2698 3941 adversus

277 3963 407 4039 ejus
433 3963 787 4040 professores
808 3964 1081 4022 excitare.
1167 3962 1334 4037 Quod
1365 3982 1477 4020 non
1526 3962 1836 4040 opponitur
1886 3962 2042 4036 Paci,
2073 3981 2246 4037 quam
2278 3961 2526 4018 Messias
2556 3961 2695 4019 alla-

278 4052 444 4101 tnms
471 4043 581 4104 fuit
608 4044 669 4102 in
691 4044 968 4104 mundum
993 4063 1070 4102 ex
1093 4042 1356 4102 Oraculis
1388 4043 1766 4121 Propheticis‚
1800 4044 1915 4101 Isa.
1946 4043 2005 4101 ii.
2038 4045 2092 4116 4,
2126 4050 2185 4099 et
2214 4040 2295 4101 xi.
2327 4044 2381 4115 6,
2408 4045 2462 4116 7,
2512 4041 2694 4101 Mich.

277 4123 358 4182 iv.
389 4126 426 4183 3
451 4145 465 4198 3
515 4127 566 4182 1.
597 4125 735 4202 quia
760 4146 879 4204 pax
905 4144 1024 4182 non
1054 4132 1144 4183 est
1163 4123 1472 4199 mundana,
1505 4123 1608 4183 sed
1637 4124 1885 4202 mystica
1912 4131 1971 4182 et
1998 4121 2283 4189 coelestis:
2329 4125 2385 4180 2.
2414 4141 2532 4179 non
2561 4142 2693 4180 cum

273 4204 494 4262 mundo
522 4204 845 4282 impiorum,
877 4213 936 4264 et
958 4204 1175 4263 semine
1203 4204 1517 4282 Serpentis,
1549 4224 1683 4263 cum
1710 4224 1827 4282 quo
1855 4203 2072 4263 bellum
2096 4199 2337 4261 ἄσπονδον
2354 4201 2527 4260 debet
2543 4221 2687 4277 esse,

279 4283 430 4343 Gen.
463 4284 543 4344 iii.
579 4289 670 4360 15,
697 4288 799 4346 sed
828 4306 959 4346 eum
989 4285 1258 4362 fidelibus
1279 4285 1433 4344 inter
1459 4305 1537 4361 se,
1626 4285 1688 4344 ui
1715 4285 1920 4363 positis
1966 4283 2115 4343 odiis
2161 4291 2220 4342 ct
2247 4282 2563 4341 inimicitiis
2592 4282 2690 4341 de·

276 4363 528 4424 buerunt
553 4365 616 4423 in
639 4367 868 4427 Christo
895 4366 1256 4426 reconciliari
1283 4374 1342 4425 et
1378 4386 1556 4426 unum
1628 4366 1711 4424 eri
1735 4388 1749 4441 3
1794 4369 1851 4424 3.
1876 4365 1925 4424 si
1954 4365 2108 4423 bella
2145 4364 2296 4423 inter
2335 4362 2692 4423 Christianos

276 4444 564 4520 videntur,
595 4448 707 4506 hoc
728 4468 845 4506 non
873 4448 1054 4506 oritur
1095 4468 1168 4506 ex
1193 4446 1455 4506 doctrina
1477 4446 1708 4521 Christi,
1742 4445 1845 4504 sed
1873 4466 1946 4505 ex
1975 4445 2120 4504 vitio
2142 4444 2459 4503 hominum.

357 4524 618 4586 XXIX.
665 4528 994 4588 Destructio
1025 4527 1395 4602 Idololatriae,
1420 4547 1549 4604 quae
1577 4525 1909 4605 praedicitur
1928 4526 2122 4586 futura
2148 4534 2404 4602 tempore
2433 4524 2685 4598 Messias,

274 4624 392 4663 non
414 4605 616 4667 debuit
642 4607 767 4667 fieri
787 4629 903 4669 uno
946 4616 1255 4683 momento,
1304 4606 1408 4668 sed
1434 4607 1731 4685 paulatim,
1791 4615 1849 4665 et
1894 4627 1999 4685 per
2044 4606 2238 4665 varios
2267 4605 2500 4683 gradus,
2531 4607 2689 4683 quod

272 4686 450 4745 etiam
477 4688 790 4766 contigisse
821 4690 1107 4749 cernimus
1132 4711 1145 4747 ε
1193 4692 1246 4778 ¹»-
1277 4689 1415 4767 quia
1444 4688 1676 4767 Religio
1727 4688 1941 4747 Christi
1985 4695 2180 4765 aperte
2229 4706 2297 4746 ae
2326 4707 2399 4747 ex
2428 4686 2687 4766 professo
