3221 5200
269 349 500 399 Quaesr.
529 328 664 411 xv.]
1238 314 1242 317 ’
1267 345 1348 386 ns
1377 347 1529 387 Laos
1560 347 1680 388 nm.
2597 336 2675 392 89

271 491 429 548 sesso
455 498 546 548 est
572 485 728 565 apud
755 505 973 562 omnes,
1017 493 1078 544 et
1103 486 1360 563 quotidie
1401 486 1468 546 fit
1507 506 1613 565 per
1638 487 1824 546 Verbi
1860 487 2344 565 praedicationem,
2389 497 2447 547 et
2479 490 2680 548 Sacra·-

273 579 599 628 mentorum
621 566 1206 640 administrationem3
1256 566 1373 625 Sed
1399 566 1500 624 An
1528 566 1604 625 ad
1632 567 1990 643 singulorum
2014 568 2241 626 illorum
2272 569 2680 628 beneficiorum

275 659 335 708 et
361 648 771 727 mysteriorum
791 645 1244 705 recordationem
1273 654 1334 704 et
1354 647 1653 704 solennem
1674 666 1742 705 ac
1769 647 2058 723 publicam
2084 649 2680 706 commemorationem

275 729 420 787 certi
448 727 684 804 quidam
709 727 851 785 Dies
878 725 1027 801 festi,
1051 726 1178 783 Deo
1200 725 1366 800 sacri,
1390 727 1689 785 annuatim
1716 735 2093 803 recurrentes,
2118 747 2154 785 a
2176 727 2518 786 Christianis
2535 748 2677 805 quo·

275 808 473 866 tannis
501 804 974 865 celebrandi'sint
997 826 1011 881 ;
1058 804 1228 878 Quod
1253 824 1551 880 negamus.

360 886 485 944 III.
527 886 662 944 Non
689 885 980 962 quaeritur,
1013 883 1113 940 An
1143 882 1545 942 Anniversarii
1573 883 1700 943 dies
1727 884 1910 961 deligi
1949 885 2190 962 possint,
2222 885 2434 962 quibus
2465 886 2681 945 Christi

272 966 374 1024 vel
401 966 456 1022 N
459 964 711 1039 ativitas,
756 964 853 1022 vel
882 962 1272 1037 Circumcisio‚
1316 962 1414 1021 vel
1457 963 1678 1038 Passio,
1722 964 1818 1022 vel
1862 963 2166 1038 Ascensio,
2211 975 2269 1024 et
2312 965 2522 1023 similia
2563 967 2679 1024 Re-

272 1044 627 1120 demptionis
655 1043 932 1120 mysteria
971 1049 1505 1117 commemorentur,
1548 1044 1647 1101 vel
1674 1042 1849 1102 etiam
1877 1044 2089 1120 quibus
2117 1044 2394 1101 memoria
2422 1045 2677 1121 singula-

270 1123 356 1181 ris
387 1123 632 1199 alicujus
659 1121 924 1180 beneficii
952 1120 1230 1179 celebrari
1258 1120 1423 1179 solet.
1509 1122 1642 1180 Hoc
1671 1122 1825 1180 enim
1854 1122 2178 1182 Orthodoxi
2200 1123 2453 1192 libertati
2477 1124 2679 1182 Eccle-

273 1203 381 1260 siae
407 1201 673 1259 relictum
695 1221 822 1259 esse
845 1208 1114 1275 censent;
1149 1199 1320 1262 Unde
1343 1200 1443 1258 alii
1471 1200 1596 1259 dies
1625 1201 1906 1277 quosdam
1934 1203 2038 1260 tali
2060 1201 2363 1261 festivitati
2381 1201 2677 1280 deputant,

274 1300 397 1339 non
425 1301 502 1339 ex
528 1279 870 1338 necessitate
896 1279 1051 1353 fidei,
1084 1278 1187 1337 sed
1207 1299 1285 1337 ex
1309 1279 1631 1356 prudentiae
1660 1279 1901 1338 consilio
1929 1280 2006 1339 ad
2031 1282 2304 1358 pietatem
2334 1291 2392 1340 et
2420 1282 2679 1341 devotio·

275 1380 416 1418 nem
444 1359 633 1435 magis
672 1358 1037 1417 excitandam
1062 1380 1076 1433 ς
1122 1358 1221 1416 alii
1248 1378 1388 1415 vero
1428 1378 1534 1435 pro
1562 1380 1667 1418 sua
1708 1360 1973 1419 libertate
2016 1361 2201 1418 solum
2231 1361 2385 1419 diem
2416 1362 2679 1419 Domini-

275 1459 414 1499 cum
439 1438 707 1513 retinent,
751 1446 811 1496 et
836 1438 898 1495 in
925 1457 994 1496 eo
1036 1438 1204 1496 statis
1244 1438 1599 1514 temporibus
1640 1439 1973 1498 memoriam
2015 1440 2420 1517 mysteriorum
2464 1441 2679 1500 Christi

278 1518 594 1593 celebrant,
646 1516 802 1594 apud
848 1536 996 1594 quos
1035 1524 1228 1576 tamen
1270 1519 1544 1592 ejusmodi
1579 1539 1774 1577 rerum
1814 1520 2161 1578 dissonantia
2209 1541 2321 1578 non
2364 1521 2508 1578 tollit
2532 1521 2686 1599 fidei

279 1598 722 1671 consonantiam,
768 1604 834 1654 ut
860 1596 996 1654 olim
1039 1596 1111 1654 de
1152 1597 1195 1655 J
1198 1597 1392 1673 ejunio
1433 1597 1706 1658 monebat
1747 1597 2135 1675 Augustinus.
2223 1599 2340 1657 Sed
2381 1602 2675 1677 quaeritur,

280 1679 385 1736 An
415 1677 558 1734 Dies
586 1676 822 1753 quidam
850 1675 967 1734 sint
1008 1676 1321 1733 sanctiores
1349 1684 1408 1734 et
1449 1677 1788 1736 sacratiores
1816 1679 1963 1753 aliis,
2008 1686 2068 1736 et
2102 1697 2236 1754 pars
2264 1678 2527 1755 quaedam
2557 1679 2679 1737 cul-

274 1767 376 1816 tus
404 1755 606 1830 divini,
638 1755 740 1832 qui
781 1754 1058 1814 celebrari
1099 1754 1347 1814 debeant
1388 1755 1496 1813 sub
1537 1757 1759 1815 ratione
1800 1757 2077 1833 mysterii,
2109 1765 2168 1814 et
2193 1776 2310 1814 non
2338 1764 2563 1814 tantum
2589 1776 2681 1814 ra-

271 1837 435 1896 tione
462 1834 679 1893 ordinis
702 1843 761 1893 et
785 1834 1003 1911 politiae
1028 1833 1468 1909 Ecclesiasticus,
1494 1843 1559 1893 ut
1585 1835 1876 1912 pertendit
1898 1838 2193 1908 Bellarm„
2218 1834 2291 1893 de
2313 1835 2472 1893 cultu
2499 1836 2678 1893 Sanc-

274 1924 488 1990 torum,
539 1914 640 1971 lib.
670 1913 752 1971 iii.
783 1933 906 1991 cap.
941 1915 1033 1988 10,
1063 1921 1124 1971 et
1151 1913 1413 1972 doctrina
1460 1922 1549 1972 est
1590 1923 1651 1973 ct
1691 1915 1888 1991 praxis
1935 1914 2167 1992 publica
2198 1913 2470 1990 Papatus.
2556 1915 2681 1973 Nos

278 2014 421 2053 vero
449 2012 732 2069 negamus
760 1993 884 2051 dies
912 1992 1044 2051 illos
1071 2012 1175 2069 per
1201 2012 1263 2051 se
1292 1993 1606 2052 sanctiores
1636 1994 1767 2052 aliis
1794 2013 1939 2069 esse,
1971 1993 2073 2053 sed
2102 2012 2300 2052 omnes
2328 2013 2456 2051 esse
2492 2013 2678 2070 pareS,

276 2085 340 2133 et
368 2074 419 2131 si
447 2093 564 2149 qua
590 2072 866 2131 sanctitas
894 2072 1011 2130 illis
1037 2071 1325 2147 tribuitur,
1369 2091 1487 2129 non
1515 2092 1642 2131 esse
1671 2073 1947 2149 temporis
1976 2082 2034 2132 et
2062 2072 2194 2145 diei,
2241 2072 2345 2130 sed
2372 2072 2563 2130 cultus
2592 2072 2679 2130 di-

275 2153 423 2228 vini,
454 2159 628 2228 atque
656 2151 738 2210 ita
765 2151 1226 2209 observationem
1254 2170 1450 2209 eorum
1480 2152 1634 2228 apud
1662 2171 1762 2211 eos
1791 2153 1893 2228 qui
1937 2172 2064 2211 eam
2100 2152 2365 2226 retinent,
2398 2170 2525 2209 esse
2553 2161 2680 2209 tan-

275 2241 402 2291 tum
445 2232 596 2308 juris
624 2230 862 2307 positivi
902 2239 960 2289 et
987 2250 1062 2288 ex
1090 2229 1498 2289 constitutione
1542 2230 1969 2306 Ecclesiastica,
2014 2249 2133 2288 non
2159 2250 2298 2289 vero
2336 2230 2680 2290 necessitate

318 2331 464 2369 raece
505 2310 552 2368 ti
580 2310 785 2369 dmm.

275 2332 318 2389 P
365 2331 503 2448 IV.P
523 2389 737 2463 Prim0,
782 2387 930 2463 Quia
958 2388 1105 2447 festa
1129 2385 1358 2465 proprie
1386 2386 1558 2464 dicta,
1630 2407 1720 2447 uoe
1751 2396 1884 2448 sunt
1912 2389 1984 2448 de
2010 2388 2353 2447 necessitate
2381 2387 2534 2464 fidei,
2579 2389 2679 2446 ob-

278 2468 527 2546 ligantis
551 2488 657 2545 per
685 2487 764 2542 se,
809 2476 867 2525 et
894 2468 1003 2526 sub
1031 2468 1251 2526 ratione
1279 2468 1556 2543 mysterii,
1643 2468 1816 2527 ebent
1842 2468 2042 2527 Verbo
2085 2469 2197 2525 Dei
2225 2467 2502 2542 mandari,
2547 2468 2683 2543 quia

291 2550 418 2607 Deo
448 2547 557 2607 soli
590 2548 694 2625 jus
721 2548 993 2625 competit
1019 2547 1240 2606 cultum
1267 2565 1436 2606 suum
1475 2547 1903 2625 praescribendi,
1947 2547 2049 2625 qui
2076 2547 2221 2605 nihil
2248 2547 2310 2605 in
2337 2546 2536 2606 Verbo
2578 2566 2685 2605 suo

287 2628 484 2686 omisit
510 2647 586 2685 ex
612 2627 686 2685 iis
713 2646 843 2703 quse
872 2627 1149 2685 Ecclesiae
1178 2647 1297 2686 suae
1324 2628 1650 2686 necessaria
1668 2628 1974 2704 judicavit.
2063 2627 2178 2686 Sed
2206 2628 2346 2685 talia
2373 2627 2520 2685 festa
2547 2646 2681 2684 nus·

287 2708 446 2785 piam
494 2727 530 2763 a
558 2705 789 2764 Christo
829 2706 927 2764 vel
956 2705 1257 2783 Apostolis
1285 2706 1384 2764 vel
1425 2706 1691 2766 instituta
1731 2708 1829 2765 vel
1855 2707 2145 2766 celebrata
2183 2707 2475 2782 leguntur.
2560 2706 2684 2764 Nec

287 2786 382 2845 hic
412 2784 650 2845 obtendi
689 2792 881 2861 potest
907 2784 1167 2843 Traditio
1193 2785 1440 2865 ἄγραφος,
1486 2807 1617 2845 cum
1645 2786 1841 2845 nullus
1866 2788 2032 2846 locus
2072 2786 2184 2862 ipsi
2212 2785 2337 2844 dari
2376 2785 2562 2863 possit
2588 2784 2687 2843 vel

288 2865 499 2925 debeat
526 2864 586 2921 in
614 2864 787 2922 rebus
809 2864 949 2922 fidei
976 2864 1074 2923 vel
1100 2884 1340 2941 morum,
1371 2876 1438 2925 ut
1465 2885 1569 2925 suo
1596 2866 1727 2924 loco
1756 2865 2208 2925 demonstratum
2238 2872 2342 2923 est.
2398 2863 2682 2938 SecundO,

291 2945 442 3020 Quia
467 2944 579 3002 hoc
605 2943 833 3002 revehit
858 2943 1285 3003 distinctionem
1326 2944 1549 3003 dierum
1578 2944 1812 3003 Veteris
1847 2943 2206 3003 Testamenti
2247 2943 2581 3020 abrogatam
2625 2944 2685 2999 in

291 3024 480 3098 Novo,
513 3031 572 3082 et
599 3023 929 3081 damnatam
956 3042 992 3080 a
1021 3023 1221 3097 Paulo,
1256 3024 1424 3081 Rom.
1453 3024 1575 3080 xiv.
1608 3025 1663 3097 5,
1696 3026 1751 3096 6,
1784 3023 1976 3082 Galat.
2006 3024 2085 3081 iv.
2120 3024 2211 3094 10,
2246 3023 2467 3080 Coloss.
2498 3023 2555 3080 ii.
2591 3024 2685 3097 16,

292 3104 409 3162 imo
437 3111 497 3162 et
524 3110 785 3161 veterum
828 3102 1207 3161 Ethnicorum
1250 3101 1716 3178 superstitionem
1758 3109 1817 3159 et
1848 3100 2245 3158 Idololatriam
2289 3100 2397 3158 sub
2426 3100 2557 3158 aliis
2584 3120 2685 3157 no-

293 3182 546 3240 minibus
574 3189 633 3239 et
660 3180 920 3259 specioso
949 3181 1189 3240 obtentu
1216 3180 1277 3238 in
1306 3179 1628 3238 Ecclesiam
1656 3178 1895 3237 inducit.
2691 3204 2694 3206 ’

373 3262 449 3320 V.
493 3261 706 3336 Tertio,
753 3260 901 3335 Quia
928 3260 1174 3318 Veteres
1201 3260 1468 3333 fatentur,
1500 3258 1647 3316 festa
1674 3277 1781 3316 nec
1810 3277 1885 3315 ex
1914 3256 2145 3331 Christi,
2189 3274 2297 3314 nec
2326 3274 2402 3314 ex
2431 3254 2686 3331 Aposto-

291 3343 482 3400 lorum
525 3340 902 3414 institutione,
950 3339 1053 3398 sed
1095 3358 1200 3417 pro
1241 3339 1520 3397 arbitratu
1561 3345 1622 3395 et
1665 3335 2077 3396 consuetudine
2122 3335 2427 3395 observata
2470 3334 2687 3395 fuisse:

293 3422 456 3479 locus
502 3419 748 3495 insignis
796 3427 885 3477 est
930 3419 1183 3478 Socratis
1226 3418 1326 3476 lib.
1357 3438 1414 3477 v.
1448 3417 1605 3476 Hist.
1636 3415 1862 3475 Ecclcs.
1906 3436 2029 3493 cap.
2060 3419 2155 3490 22,
2202 3414 2305 3475 ubi
2345 3415 2587 3491 loquens
2616 3413 2688 3472 de

295 3498 538 3558 dissidio
567 3498 944 3557 Orientalium
986 3507 1045 3557 et
1073 3498 1527 3559 occidentalium
1556 3496 1710 3555 circa
1736 3496 2197 3555 observationem
2226 3494 2544 3569 Paschatis,
2589 3493 2690 3570 qui

297 3581 406 3638 fuit
430 3578 653 3656 primus
681 3577 807 3636 dies
851 3577 1034 3637 festus
1073 3578 1135 3635 in
1183 3577 1448 3636 Ecclesia
1489 3576 1817 3636 Christiana
1862 3576 2156 3635 observari
2199 3583 2439 3652 coeptus,
2484 3582 2687 3632 exacte

290 3659 449 3732 dicit,
498 3660 533 3691 “
563 3657 686 3725 Nec
715 3656 1047 3734 Apostolos,
1078 3677 1265 3734 neque
1296 3656 1620 3733 Evangelia
1667 3656 1792 3733 ipsa
1823 3656 2034 3733 jugum
2080 3655 2376 3714 servitutis
2423 3654 2515 3711 his
2556 3673 2688 3730 quae

293 3739 369 3797 ad
397 3736 611 3795 Christi
653 3736 972 3795 doctrinam
999 3737 1281 3796 accedunt
1308 3736 1666 3813 imposuisse,
1711 3735 1816 3794 sed
1840 3735 2051 3794 festum
2095 3733 2415 3807 PaschatiS,
2461 3732 2688 3807 aliaque

250 3827 263 3841 ⁸
294 3819 533 3893 festa&
558 3815 891 3891 ιῦγνυμοσῦνὶἷ
914 3820 1007 3873 τῶν
1034 3817 1406 3896 ιῦιςγιτηθὶντυν
1432 3819 1586 3892 reposit
1610 3813 1895 3888 κατέλιπον,
1939 3815 2121 3872 libero
2164 3822 2222 3871 et
2263 3830 2429 3888 aequo
2464 3810 2688 3886 judicio

293 3882 542 3970 illorum,
574 3896 675 3973 qui
703 3896 762 3952 in
789 3880 907 3953 illis
934 3896 1139 3955 diebus
1165 3896 1445 3954 beneficia
1472 3902 1826 3969 acceperant,
1858 3892 2158 3969 reliquisse
2180 3889 2545 3961 recolenda,’'
2577 3886 2685 3945 &Q

294 3977 372 4035 Et
418 3984 621 4053 postea
647 3974 849 4033 addit:
893 3976 929 4008 “
959 3976 1162 4053 Neque
1203 3975 1490 4049 Servator,
1533 3992 1722 4050 neque
1766 3971 2036 4048 Apostoli
2075 3970 2222 4029 illud
2263 3967 2687 4027 observandum

295 4056 422 4133 lege
451 4055 646 4131 aliqua
672 4056 1126 4131 praecepemnt,''
1156 4052 1264 4113 ἀεὶ.
1350 4056 1386 4088 “
1416 4055 1566 4112 Nam
1595 4051 1956 4129 Apostolis,''
1987 4049 2238 4126 subjicit,
2273 4050 2309 4080 ‘⁴
2330 4046 2686 4123 propositum

296 4135 403 4193 fuit
429 4154 547 4192 non
576 4133 648 4192 de
677 4134 840 4193 festis
881 4133 1087 4193 diebus
1115 4133 1473 4193 celebrandis
1513 4132 1676 4208 leges
1704 4130 1868 4204 ferre,
1914 4128 2016 4186 sed
2057 4126 2289 4206 pietatis
2317 4134 2377 4183 et
2414 4133 2569 4183 recte
2596 4124 2683 4181 vi-

295 4214 469 4272 vendi
496 4213 777 4272 rationem
805 4213 973 4272 nobis
998 4214 1427 4292 praescribere,’'
1456 4210 1616 4289 quod
1641 4209 1850 4287 repetit
1878 4208 2157 4285 Niceph0.
2189 4205 2491 4278 Callixtus,
2526 4203 2683 4262 Hist.

298 4293 521 4352 Eccles.
549 4293 590 4350 l.
621 4293 724 4351 xii.
753 4314 804 4352 c.
836 4297 931 4352 32.

371 4373 485 4432 VI.
529 4372 765 4448 Quart0,
811 4372 960 4446 Quia
987 4372 1133 4431 festa
1159 4372 1272 4431 ista
1296 4370 1360 4428 in
1387 4370 1613 4447 Papatu
1654 4364 1990 4445 perniciosis
2032 4360 2534 4442 superstitionibus
2562 4380 2684 4421 sca·

293 4459 432 4528 tent,
477 4451 617 4511 dum
645 4453 863 4511 faciunt
889 4452 1066 4510 festos
1096 4452 1220 4510 dies
1259 4470 1365 4527 per
1391 4469 1452 4509 se
1495 4447 1808 4507 sanctiores
1837 4445 2075 4518 caeteris,
2119 4445 2319 4501 fovent
2359 4441 2684 4518 opinionem

297 4533 484 4609 operis
511 4532 749 4610 operati,
780 4530 1063 4608 affingunt
1089 4531 1161 4589 iis
1189 4530 1391 4589 merita
1417 4537 1476 4588 et
1516 4535 1880 4604 peccatorum
1929 4523 2304 4600 expiationeS,
2350 4529 2686 4580 consecrant

296 4630 393 4669 eos
425 4612 672 4688 Sanctis,
703 4612 961 4687 adeoque
989 4630 1089 4669 eos
1115 4610 1299 4670 latriae
1328 4609 1488 4668 cultu
1517 4606 1789 4681 afficiunt,
1810 4623 1959 4681 cum,
1982 4612 2128 4663 teste
2154 4601 2447 4677 Durando,
2478 4600 2578 4659 lib.
2603 4600 2682 4660 iv.
