<?xml version="1.0" encoding="UTF-8"?>
<!DOCTYPE html PUBLIC "-//W3C//DTD XHTML 1.0 Transitional//EN"
    "http://www.w3.org/TR/xhtml1/DTD/xhtml1-transitional.dtd">
<html xmlns="http://www.w3.org/1999/xhtml" xml:lang="en" lang="en">
 <head>
  <title>
</title>
<meta http-equiv="Content-Type" content="text/html;charset=utf-8" />
  <meta name='ocr-system' content='tesseract 3.04.00' />
  <meta name='ocr-capabilities' content='ocr_page ocr_carea ocr_par ocr_line ocrx_word'/>
</head>
<body>
  <div class='ocr_page' id='page_1' title='image "./institutiotheol01turrgoog_0516.png"; bbox 0 0 3221 5200; ppageno 0'>
   <div class='ocr_carea' id='block_1_1' title="bbox 482 259 2941 349">
    <p class='ocr_par' dir='ltr' id='par_1_1' title="bbox 482 259 2941 349">
     <span class='ocr_line' id='line_1_1' title="bbox 482 259 2941 349; baseline -0 -21"><span class='ocrx_word' id='word_1_1' title='bbox 482 272 597 330; x_wconf 79' lang='lat'>438</span> <span class='ocrx_word' id='word_1_2' title='bbox 1327 288 1508 327; x_wconf 74' lang='lat' dir='ltr'>Locus</span> <span class='ocrx_word' id='word_1_3' title='bbox 1539 287 1797 326; x_wconf 73' lang='lat' dir='ltr'>naeuius</span> <span class='ocrx_word' id='word_1_4' title='bbox 1827 259 2101 335; x_wconf 69' lang='lat' dir='ltr'>oi&#39;l&#39;xrrs.</span> <span class='ocrx_word' id='word_1_5' title='bbox 2529 268 2809 349; x_wconf 77' lang='lat' dir='ltr'>[QUAEs‘r.</span> <span class='ocrx_word' id='word_1_6' title='bbox 2847 288 2941 328; x_wconf 73' lang='lat' dir='ltr'>vx.</span> 
     </span>
    </p>
   </div>
   <div class='ocr_carea' id='block_1_2' title="bbox 485 427 2937 4655">
    <p class='ocr_par' dir='ltr' id='par_1_2' title="bbox 485 427 2937 1063">
     <span class='ocr_line' id='line_1_2' title="bbox 487 427 2937 504; baseline -0 -16"><span class='ocrx_word' id='word_1_7' title='bbox 487 430 662 490; x_wconf 85' lang='lat' dir='ltr'>etiam</span> <span class='ocrx_word' id='word_1_8' title='bbox 726 429 923 487; x_wconf 87' lang='lat' dir='ltr'>datum</span> <span class='ocrx_word' id='word_1_9' title='bbox 982 428 1090 487; x_wconf 92' lang='lat' dir='ltr'>fuit</span> <span class='ocrx_word' id='word_1_10' title='bbox 1122 437 1174 482; x_wconf 69' lang='grc' dir='ltr'>τὸ</span> <span class='ocrx_word' id='word_1_11' title='bbox 1208 448 1376 504; x_wconf 85' lang='lat' dir='ltr'>posse</span> <span class='ocrx_word' id='word_1_12' title='bbox 1428 437 1596 503; x_wconf 87' lang='lat' dir='ltr'>stare,</span> <span class='ocrx_word' id='word_1_13' title='bbox 1645 437 1708 487; x_wconf 89' lang='lat' dir='ltr'>ut</span> <span class='ocrx_word' id='word_1_14' title='bbox 1738 427 1906 485; x_wconf 89' lang='lat' dir='ltr'>nobis</span> <span class='ocrx_word' id='word_1_15' title='bbox 1951 427 2122 486; x_wconf 86' lang='lat' dir='ltr'>datur</span> <span class='ocrx_word' id='word_1_16' title='bbox 2157 438 2209 482; x_wconf 62' lang='grc' dir='ltr'>τὸ</span> <span class='ocrx_word' id='word_1_17' title='bbox 2242 448 2411 504; x_wconf 88' lang='lat' dir='ltr'>posse</span> <span class='ocrx_word' id='word_1_18' title='bbox 2455 428 2737 503; x_wconf 88' lang='lat' dir='ltr'>credere;</span> <span class='ocrx_word' id='word_1_19' title='bbox 2790 430 2937 487; x_wconf 87' lang='lat' dir='ltr'>Non</span> 
     </span>
     <span class='ocr_line' id='line_1_3' title="bbox 488 509 2932 586; baseline 0 -18"><span class='ocrx_word' id='word_1_20' title='bbox 488 529 630 586; x_wconf 85' lang='lat' dir='ltr'>ergo</span> <span class='ocrx_word' id='word_1_21' title='bbox 672 510 862 585; x_wconf 91' lang='lat' dir='ltr'>potior</span> <span class='ocrx_word' id='word_1_22' title='bbox 902 510 1010 567; x_wconf 88' lang='lat' dir='ltr'>erit</span> <span class='ocrx_word' id='word_1_23' title='bbox 1053 509 1307 566; x_wconf 87' lang='lat' dir='ltr'>conditio</span> <span class='ocrx_word' id='word_1_24' title='bbox 1351 516 1546 566; x_wconf 77' lang='lat' dir='ltr'>nostra</span> <span class='ocrx_word' id='word_1_25' title='bbox 1588 509 1696 566; x_wconf 89' lang='lat' dir='ltr'>sub</span> <span class='ocrx_word' id='word_1_26' title='bbox 1741 509 1942 582; x_wconf 82' lang='lat' dir='ltr'>gratia,</span> <span class='ocrx_word' id='word_1_27' title='bbox 1989 518 2140 566; x_wconf 80' lang='lat' dir='ltr'>sorte</span> <span class='ocrx_word' id='word_1_28' title='bbox 2182 509 2364 585; x_wconf 87' lang='lat' dir='ltr'>ipsius</span> <span class='ocrx_word' id='word_1_29' title='bbox 2392 509 2453 565; x_wconf 89' lang='lat' dir='ltr'>in</span> <span class='ocrx_word' id='word_1_30' title='bbox 2495 519 2747 584; x_wconf 85' lang='lat' dir='ltr'>natura;</span> <span class='ocrx_word' id='word_1_31' title='bbox 2800 511 2932 568; x_wconf 80' lang='lat' dir='ltr'>Nec</span> 
     </span>
     <span class='ocr_line' id='line_1_4' title="bbox 485 588 2935 664; baseline 0 -17"><span class='ocrx_word' id='word_1_32' title='bbox 485 590 676 647; x_wconf 87' lang='lat' dir='ltr'>minus</span> <span class='ocrx_word' id='word_1_33' title='bbox 706 589 958 647; x_wconf 78' lang='lat' dir='ltr'>obnoxia</span> <span class='ocrx_word' id='word_1_34' title='bbox 1000 589 1158 647; x_wconf 89' lang='lat' dir='ltr'>casui</span> <span class='ocrx_word' id='word_1_35' title='bbox 1181 596 1238 647; x_wconf 89' lang='lat' dir='ltr'>et</span> <span class='ocrx_word' id='word_1_36' title='bbox 1266 588 1655 647; x_wconf 81' lang='lat' dir='ltr'>mutabilitati.</span> <span class='ocrx_word' id='word_1_37' title='bbox 1742 589 1885 645; x_wconf 84' lang='lat' dir='ltr'>Cum</span> <span class='ocrx_word' id='word_1_38' title='bbox 1929 598 2122 646; x_wconf 87' lang='lat' dir='ltr'>tamen</span> <span class='ocrx_word' id='word_1_39' title='bbox 2152 597 2376 646; x_wconf 86' lang='lat' dir='ltr'>constet</span> <span class='ocrx_word' id='word_1_40' title='bbox 2403 609 2681 664; x_wconf 85' lang='lat' dir='ltr'>magnum</span> <span class='ocrx_word' id='word_1_41' title='bbox 2714 589 2935 647; x_wconf 83' lang='lat' dir='ltr'>discri-</span> 
     </span>
     <span class='ocr_line' id='line_1_5' title="bbox 487 667 2937 746; baseline -0 -19"><span class='ocrx_word' id='word_1_42' title='bbox 487 689 619 727; x_wconf 88' lang='lat' dir='ltr'>men</span> <span class='ocrx_word' id='word_1_43' title='bbox 649 689 775 727; x_wconf 87' lang='lat' dir='ltr'>esse</span> <span class='ocrx_word' id='word_1_44' title='bbox 824 670 972 727; x_wconf 89' lang='lat' dir='ltr'>inter</span> <span class='ocrx_word' id='word_1_45' title='bbox 999 679 1260 727; x_wconf 88' lang='lat' dir='ltr'>naturam</span> <span class='ocrx_word' id='word_1_46' title='bbox 1283 677 1341 725; x_wconf 91' lang='lat' dir='ltr'>et</span> <span class='ocrx_word' id='word_1_47' title='bbox 1368 669 1631 744; x_wconf 79' lang='lat' dir='ltr'>gratiam,</span> <span class='ocrx_word' id='word_1_48' title='bbox 1663 667 1822 725; x_wconf 90' lang='lat' dir='ltr'>illam</span> <span class='ocrx_word' id='word_1_49' title='bbox 1853 687 2077 743; x_wconf 84' lang='lat' dir='ltr'>semper</span> <span class='ocrx_word' id='word_1_50' title='bbox 2104 669 2455 741; x_wconf 82' lang='lat' dir='ltr'><strong>mutabilem,</strong></span> <span class='ocrx_word' id='word_1_51' title='bbox 2489 670 2659 726; x_wconf 88' lang='lat' dir='ltr'>istam</span> <span class='ocrx_word' id='word_1_52' title='bbox 2690 688 2937 746; x_wconf 83' lang='lat' dir='ltr'><strong>semper</strong></span> 
     </span>
     <span class='ocr_line' id='line_1_6' title="bbox 488 748 2933 822; baseline -0 -15"><span class='ocrx_word' id='word_1_53' title='bbox 488 758 700 807; x_wconf 87' lang='lat' dir='ltr'>certam</span> <span class='ocrx_word' id='word_1_54' title='bbox 732 758 789 807; x_wconf 88' lang='lat' dir='ltr'>et</span> <span class='ocrx_word' id='word_1_55' title='bbox 817 749 1249 820; x_wconf 80' lang='lat' dir='ltr'>immutabilem,</span> <span class='ocrx_word' id='word_1_56' title='bbox 1281 748 1416 822; x_wconf 88' lang='lat' dir='ltr'>quia</span> <span class='ocrx_word' id='word_1_57' title='bbox 1444 748 1504 804; x_wconf 89' lang='lat' dir='ltr'>in</span> <span class='ocrx_word' id='word_1_58' title='bbox 1531 768 1600 805; x_wconf 89' lang='lat' dir='ltr'>ea</span> <span class='ocrx_word' id='word_1_59' title='bbox 1630 749 1800 805; x_wconf 88' lang='lat' dir='ltr'>homo</span> <span class='ocrx_word' id='word_1_60' title='bbox 1842 748 2077 806; x_wconf 82' lang='lat' dir='ltr'>relictus</span> <span class='ocrx_word' id='word_1_61' title='bbox 2125 748 2233 806; x_wconf 85' lang='lat' dir='ltr'>fuit</span> <span class='ocrx_word' id='word_1_62' title='bbox 2273 748 2331 804; x_wconf 91' lang='lat' dir='ltr'>in</span> <span class='ocrx_word' id='word_1_63' title='bbox 2377 768 2551 804; x_wconf 88' lang='lat' dir='ltr'>mauu</span> <span class='ocrx_word' id='word_1_64' title='bbox 2579 749 2837 822; x_wconf 86' lang='lat' dir='ltr'>consilii,</span> <span class='ocrx_word' id='word_1_65' title='bbox 2874 750 2933 806; x_wconf 90' lang='lat' dir='ltr'>in</span> 
     </span>
     <span class='ocr_line' id='line_1_7' title="bbox 491 827 2933 903; baseline 0 -17"><span class='ocrx_word' id='word_1_66' title='bbox 491 830 597 887; x_wconf 87' lang='lat' dir='ltr'>hac</span> <span class='ocrx_word' id='word_1_67' title='bbox 627 849 765 886; x_wconf 86' lang='lat' dir='ltr'>vero</span> <span class='ocrx_word' id='word_1_68' title='bbox 809 829 1128 887; x_wconf 79' lang='lat' dir='ltr'>custoditur</span> <span class='ocrx_word' id='word_1_69' title='bbox 1157 829 1368 885; x_wconf 89' lang='lat' dir='ltr'>virtute</span> <span class='ocrx_word' id='word_1_70' title='bbox 1403 827 1528 884; x_wconf 83' lang='lat' dir='ltr'>Dei.</span> <span class='ocrx_word' id='word_1_71' title='bbox 1618 829 1738 885; x_wconf 85' lang='lat' dir='ltr'>Nec</span> <span class='ocrx_word' id='word_1_72' title='bbox 1767 836 1989 885; x_wconf 88' lang='lat' dir='ltr'>tantum</span> <span class='ocrx_word' id='word_1_73' title='bbox 2020 829 2193 886; x_wconf 89' lang='lat' dir='ltr'>habet</span> <span class='ocrx_word' id='word_1_74' title='bbox 2222 849 2256 885; x_wconf 87' lang='lat' dir='ltr'>a</span> <span class='ocrx_word' id='word_1_75' title='bbox 2283 829 2406 885; x_wconf 93' lang='lat' dir='ltr'>Deo</span> <span class='ocrx_word' id='word_1_76' title='bbox 2427 829 2780 903; x_wconf 61' lang='lat' dir='ltr'>adjutorium</span> <span class='ocrx_word' id='word_1_77' title='bbox 2804 831 2933 887; x_wconf 77' lang='lat' dir='ltr'>sine</span> 
     </span>
     <span class='ocr_line' id='line_1_8' title="bbox 493 906 2927 985; baseline 0 -19"><span class='ocrx_word' id='word_1_78' title='bbox 493 930 601 985; x_wconf 84' lang='lat' dir='ltr'>quo</span> <span class='ocrx_word' id='word_1_79' title='bbox 631 930 757 983; x_wconf 83' lang='lat' dir='ltr'>non,</span> <span class='ocrx_word' id='word_1_80' title='bbox 808 909 883 967; x_wconf 86' lang='lat' dir='ltr'>id.</span> <span class='ocrx_word' id='word_1_81' title='bbox 931 907 1244 984; x_wconf 89' lang='lat' dir='ltr'>potentiam</span> <span class='ocrx_word' id='word_1_82' title='bbox 1293 906 1438 963; x_wconf 89' lang='lat' dir='ltr'>bene</span> <span class='ocrx_word' id='word_1_83' title='bbox 1469 907 1697 983; x_wconf 85' lang='lat' dir='ltr'>agendi,</span> <span class='ocrx_word' id='word_1_84' title='bbox 1730 908 1830 965; x_wconf 89' lang='lat' dir='ltr'>sed</span> <span class='ocrx_word' id='word_1_85' title='bbox 1880 917 1937 965; x_wconf 88' lang='lat' dir='ltr'>ct</span> <span class='ocrx_word' id='word_1_86' title='bbox 1965 910 2305 984; x_wconf 82' lang='lat' dir='ltr'>adjutorium</span> <span class='ocrx_word' id='word_1_87' title='bbox 2336 928 2462 984; x_wconf 82' lang='lat' dir='ltr'>qu0,</span> <span class='ocrx_word' id='word_1_88' title='bbox 2496 908 2554 965; x_wconf 88' lang='lat' dir='ltr'>id</span> <span class='ocrx_word' id='word_1_89' title='bbox 2584 919 2689 981; x_wconf 87' lang='lat' dir='ltr'>est,</span> <span class='ocrx_word' id='word_1_90' title='bbox 2726 908 2927 985; x_wconf 86' lang='lat' dir='ltr'>ipsum</span> 
     </span>
     <span class='ocr_line' id='line_1_9' title="bbox 492 987 1368 1063; baseline -0.003 -17"><span class='ocrx_word' id='word_1_91' title='bbox 492 997 683 1046; x_wconf 87' lang='lat' dir='ltr'>actum</span> <span class='ocrx_word' id='word_1_92' title='bbox 713 997 771 1046; x_wconf 94' lang='lat' dir='ltr'>et</span> <span class='ocrx_word' id='word_1_93' title='bbox 799 988 948 1045; x_wconf 91' lang='lat' dir='ltr'>velle</span> <span class='ocrx_word' id='word_1_94' title='bbox 978 987 1133 1062; x_wconf 88' lang='lat' dir='ltr'>quod</span> <span class='ocrx_word' id='word_1_95' title='bbox 1162 995 1368 1063; x_wconf 88' lang='lat' dir='ltr'>potest.</span> 
     </span>
    </p>

    <p class='ocr_par' dir='ltr' id='par_1_3' title="bbox 493 1066 2930 2501">
     <span class='ocr_line' id='line_1_10' title="bbox 576 1066 2928 1144; baseline 0.001 -20"><span class='ocrx_word' id='word_1_96' title='bbox 576 1068 800 1124; x_wconf 89' lang='lat' dir='ltr'>XXII.</span> <span class='ocrx_word' id='word_1_97' title='bbox 847 1071 901 1123; x_wconf 84' lang='lat'>5.</span> <span class='ocrx_word' id='word_1_98' title='bbox 939 1068 1033 1123; x_wconf 82' lang='lat' dir='ltr'>Sic</span> <span class='ocrx_word' id='word_1_99' title='bbox 1067 1067 1225 1124; x_wconf 92' lang='lat' dir='ltr'>Deus</span> <span class='ocrx_word' id='word_1_100' title='bbox 1253 1086 1367 1122; x_wconf 90' lang='lat' dir='ltr'>non</span> <span class='ocrx_word' id='word_1_101' title='bbox 1419 1066 1705 1125; x_wconf 88' lang='lat' dir='ltr'>efficacius</span> <span class='ocrx_word' id='word_1_102' title='bbox 1745 1066 2073 1144; x_wconf 88' lang='lat' dir='ltr'>operabitur</span> <span class='ocrx_word' id='word_1_103' title='bbox 2101 1066 2159 1122; x_wconf 90' lang='lat' dir='ltr'>in</span> <span class='ocrx_word' id='word_1_104' title='bbox 2189 1067 2480 1125; x_wconf 88' lang='lat' dir='ltr'>hominum</span> <span class='ocrx_word' id='word_1_105' title='bbox 2513 1068 2928 1140; x_wconf 77' lang='lat' dir='ltr'>conversione,</span> 
     </span>
     <span class='ocr_line' id='line_1_11' title="bbox 495 1146 2927 1223; baseline 0 -19"><span class='ocrx_word' id='word_1_106' title='bbox 495 1167 667 1223; x_wconf 87' lang='lat' dir='ltr'>quam</span> <span class='ocrx_word' id='word_1_107' title='bbox 719 1147 894 1205; x_wconf 86' lang='lat' dir='ltr'>Satan</span> <span class='ocrx_word' id='word_1_108' title='bbox 940 1157 1207 1222; x_wconf 83' lang='lat' dir='ltr'>operatur</span> <span class='ocrx_word' id='word_1_109' title='bbox 1251 1146 1308 1202; x_wconf 89' lang='lat' dir='ltr'>in</span> <span class='ocrx_word' id='word_1_110' title='bbox 1341 1147 1635 1204; x_wconf 86' lang='lat' dir='ltr'>hominum</span> <span class='ocrx_word' id='word_1_111' title='bbox 1667 1147 2018 1219; x_wconf 86' lang='lat' dir='ltr'>seductione,</span> <span class='ocrx_word' id='word_1_112' title='bbox 2051 1147 2187 1221; x_wconf 87' lang='lat' dir='ltr'>quia</span> <span class='ocrx_word' id='word_1_113' title='bbox 2220 1147 2397 1204; x_wconf 88' lang='lat' dir='ltr'>Satan</span> <span class='ocrx_word' id='word_1_114' title='bbox 2426 1148 2597 1205; x_wconf 88' lang='lat' dir='ltr'>etiam</span> <span class='ocrx_word' id='word_1_115' title='bbox 2629 1148 2927 1205; x_wconf 84' lang='lat' dir='ltr'>suasioni·</span> 
     </span>
     <span class='ocr_line' id='line_1_12' title="bbox 493 1226 2929 1302; baseline 0 -18"><span class='ocrx_word' id='word_1_116' title='bbox 493 1228 621 1300; x_wconf 78' lang='lat' dir='ltr'>bna,</span> <span class='ocrx_word' id='word_1_117' title='bbox 653 1226 1090 1299; x_wconf 77' lang='lat' dir='ltr'>hortationibuS,</span> <span class='ocrx_word' id='word_1_118' title='bbox 1122 1226 1435 1302; x_wconf 77' lang='lat' dir='ltr'>promissi5‚</span> <span class='ocrx_word' id='word_1_119' title='bbox 1467 1227 1640 1283; x_wconf 89' lang='lat' dir='ltr'>minis</span> <span class='ocrx_word' id='word_1_120' title='bbox 1668 1227 1864 1300; x_wconf 86' lang='lat' dir='ltr'>utitur,</span> <span class='ocrx_word' id='word_1_121' title='bbox 1896 1226 1970 1283; x_wconf 92' lang='lat' dir='ltr'>ad</span> <span class='ocrx_word' id='word_1_122' title='bbox 2011 1227 2422 1302; x_wconf 84' lang='lat' dir='ltr'>pervertendos</span> <span class='ocrx_word' id='word_1_123' title='bbox 2450 1227 2733 1284; x_wconf 75' lang='lat' dir='ltr'>homines,</span> <span class='ocrx_word' id='word_1_124' title='bbox 2796 1228 2929 1286; x_wconf 80' lang='lat' dir='ltr'>Nec</span> 
     </span>
     <span class='ocr_line' id='line_1_13' title="bbox 495 1306 2930 1383; baseline 0.001 -21"><span class='ocrx_word' id='word_1_125' title='bbox 495 1306 843 1363; x_wconf 79' lang='lat' dir='ltr'>discriminis</span> <span class='ocrx_word' id='word_1_126' title='bbox 892 1306 1037 1363; x_wconf 88' lang='lat' dir='ltr'>ratio</span> <span class='ocrx_word' id='word_1_127' title='bbox 1087 1307 1144 1362; x_wconf 90' lang='lat' dir='ltr'>in</span> <span class='ocrx_word' id='word_1_128' title='bbox 1192 1325 1260 1363; x_wconf 94' lang='lat' dir='ltr'>eo</span> <span class='ocrx_word' id='word_1_129' title='bbox 1305 1315 1494 1381; x_wconf 88' lang='lat' dir='ltr'>potest</span> <span class='ocrx_word' id='word_1_130' title='bbox 1542 1327 1687 1379; x_wconf 87' lang='lat' dir='ltr'>esse,</span> <span class='ocrx_word' id='word_1_131' title='bbox 1720 1306 1875 1382; x_wconf 92' lang='lat' dir='ltr'>quod</span> <span class='ocrx_word' id='word_1_132' title='bbox 1926 1306 2083 1363; x_wconf 90' lang='lat' dir='ltr'>Deus</span> <span class='ocrx_word' id='word_1_133' title='bbox 2113 1315 2324 1363; x_wconf 81' lang='lat' dir='ltr'>aeterna</span> <span class='ocrx_word' id='word_1_134' title='bbox 2353 1315 2410 1364; x_wconf 91' lang='lat' dir='ltr'>et</span> <span class='ocrx_word' id='word_1_135' title='bbox 2455 1307 2930 1383; x_wconf 74' lang='lat' dir='ltr'>incorruptibilia</span> 
     </span>
     <span class='ocr_line' id='line_1_14' title="bbox 496 1385 2929 1463; baseline 0.001 -20"><span class='ocrx_word' id='word_1_136' title='bbox 496 1386 648 1443; x_wconf 90' lang='lat' dir='ltr'>bona</span> <span class='ocrx_word' id='word_1_137' title='bbox 677 1386 974 1462; x_wconf 89' lang='lat' dir='ltr'>promittit,</span> <span class='ocrx_word' id='word_1_138' title='bbox 1012 1386 1188 1442; x_wconf 85' lang='lat' dir='ltr'>Satan</span> <span class='ocrx_word' id='word_1_139' title='bbox 1216 1405 1354 1442; x_wconf 89' lang='lat' dir='ltr'>vero</span> <span class='ocrx_word' id='word_1_140' title='bbox 1385 1393 1606 1443; x_wconf 89' lang='lat' dir='ltr'>tantum</span> <span class='ocrx_word' id='word_1_141' title='bbox 1638 1386 1975 1463; x_wconf 89' lang='lat' dir='ltr'>temporalia</span> <span class='ocrx_word' id='word_1_142' title='bbox 2015 1397 2075 1444; x_wconf 87' lang='lat' dir='ltr'>et</span> <span class='ocrx_word' id='word_1_143' title='bbox 2103 1385 2511 1462; x_wconf 83' lang='lat' dir='ltr'>corruptibilia.</span> <span class='ocrx_word' id='word_1_144' title='bbox 2598 1386 2751 1460; x_wconf 83' lang='lat' dir='ltr'>Quia</span> <span class='ocrx_word' id='word_1_145' title='bbox 2780 1386 2929 1446; x_wconf 87' lang='lat' dir='ltr'>licet</span> 
     </span>
     <span class='ocr_line' id='line_1_15' title="bbox 497 1464 2929 1542; baseline 0.001 -20"><span class='ocrx_word' id='word_1_146' title='bbox 497 1466 641 1522; x_wconf 89' lang='lat' dir='ltr'>falsa</span> <span class='ocrx_word' id='word_1_147' title='bbox 690 1466 804 1525; x_wconf 87' lang='lat' dir='ltr'>sint</span> <span class='ocrx_word' id='word_1_148' title='bbox 832 1474 889 1524; x_wconf 92' lang='lat' dir='ltr'>et</span> <span class='ocrx_word' id='word_1_149' title='bbox 919 1464 1135 1522; x_wconf 88' lang='lat' dir='ltr'>caduca</span> <span class='ocrx_word' id='word_1_150' title='bbox 1183 1465 1337 1522; x_wconf 89' lang='lat' dir='ltr'>bona</span> <span class='ocrx_word' id='word_1_151' title='bbox 1384 1485 1511 1541; x_wconf 81' lang='lat' dir='ltr'>quae</span> <span class='ocrx_word' id='word_1_152' title='bbox 1557 1467 1855 1542; x_wconf 89' lang='lat' dir='ltr'>promittit,</span> <span class='ocrx_word' id='word_1_153' title='bbox 1904 1485 1972 1523; x_wconf 87' lang='lat' dir='ltr'>ea</span> <span class='ocrx_word' id='word_1_154' title='bbox 2013 1475 2206 1523; x_wconf 87' lang='lat' dir='ltr'>tamen</span> <span class='ocrx_word' id='word_1_155' title='bbox 2254 1465 2491 1523; x_wconf 83' lang='lat' dir='ltr'>exhibet</span> <span class='ocrx_word' id='word_1_156' title='bbox 2538 1477 2604 1524; x_wconf 91' lang='lat' dir='ltr'>ut</span> <span class='ocrx_word' id='word_1_157' title='bbox 2660 1486 2803 1523; x_wconf 85' lang='lat' dir='ltr'>vera</span> <span class='ocrx_word' id='word_1_158' title='bbox 2862 1480 2929 1525; x_wconf 84' lang='lat' dir='ltr'>et</span> 
     </span>
     <span class='ocr_line' id='line_1_16' title="bbox 499 1544 2930 1623; baseline 0.001 -21"><span class='ocrx_word' id='word_1_159' title='bbox 499 1554 728 1618; x_wconf 68' lang='lat' dir='ltr'>aeterna,</span> <span class='ocrx_word' id='word_1_160' title='bbox 777 1566 906 1623; x_wconf 80' lang='lat' dir='ltr'>quae</span> <span class='ocrx_word' id='word_1_161' title='bbox 955 1544 1284 1603; x_wconf 79' lang='lat' dir='ltr'>felicitatem</span> <span class='ocrx_word' id='word_1_162' title='bbox 1331 1544 1579 1603; x_wconf 89' lang='lat' dir='ltr'>hominis</span> <span class='ocrx_word' id='word_1_163' title='bbox 1634 1546 1955 1617; x_wconf 78' lang='lat' dir='ltr'>absolvant,</span> <span class='ocrx_word' id='word_1_164' title='bbox 1987 1554 2050 1603; x_wconf 92' lang='lat' dir='ltr'>ut</span> <span class='ocrx_word' id='word_1_165' title='bbox 2100 1565 2274 1622; x_wconf 90' lang='lat' dir='ltr'>quum</span> <span class='ocrx_word' id='word_1_166' title='bbox 2305 1545 2685 1620; x_wconf 82' lang='lat' dir='ltr'>pollicebatur</span> <span class='ocrx_word' id='word_1_167' title='bbox 2710 1546 2930 1622; x_wconf 83' lang='lat' dir='ltr'>primis</span> 
     </span>
     <span class='ocr_line' id='line_1_17' title="bbox 497 1625 2924 1702; baseline 0.001 -22"><span class='ocrx_word' id='word_1_168' title='bbox 497 1625 828 1702; x_wconf 85' lang='lat' dir='ltr'>parentibus</span> <span class='ocrx_word' id='word_1_169' title='bbox 859 1625 977 1683; x_wconf 91' lang='lat' dir='ltr'>fore</span> <span class='ocrx_word' id='word_1_170' title='bbox 1026 1644 1125 1682; x_wconf 88' lang='lat' dir='ltr'>eos</span> <span class='ocrx_word' id='word_1_171' title='bbox 1156 1625 1304 1682; x_wconf 90' lang='lat' dir='ltr'>sicut</span> <span class='ocrx_word' id='word_1_172' title='bbox 1335 1625 1508 1682; x_wconf 87' lang='lat' dir='ltr'>Deos.</span> <span class='ocrx_word' id='word_1_173' title='bbox 1597 1625 1821 1683; x_wconf 88' lang='lat' dir='ltr'>Deinde</span> <span class='ocrx_word' id='word_1_174' title='bbox 1851 1625 2271 1700; x_wconf 84' lang='lat' dir='ltr'>qualiacunque</span> <span class='ocrx_word' id='word_1_175' title='bbox 2303 1625 2455 1681; x_wconf 89' lang='lat' dir='ltr'>bona</span> <span class='ocrx_word' id='word_1_176' title='bbox 2482 1625 2924 1700; x_wconf 76' lang='lat' dir='ltr'>promittantur,</span> 
     </span>
     <span class='ocr_line' id='line_1_18' title="bbox 508 1703 2927 1782; baseline 0 -20"><span class='ocrx_word' id='word_1_177' title='bbox 508 1705 670 1762; x_wconf 84' lang='lat' dir='ltr'>Idem</span> <span class='ocrx_word' id='word_1_178' title='bbox 697 1725 920 1782; x_wconf 85' lang='lat' dir='ltr'>semper</span> <span class='ocrx_word' id='word_1_179' title='bbox 947 1714 1140 1762; x_wconf 87' lang='lat' dir='ltr'>manet</span> <span class='ocrx_word' id='word_1_180' title='bbox 1166 1704 1374 1761; x_wconf 88' lang='lat' dir='ltr'>modus</span> <span class='ocrx_word' id='word_1_181' title='bbox 1402 1703 1646 1762; x_wconf 89' lang='lat' dir='ltr'>actionis</span> <span class='ocrx_word' id='word_1_182' title='bbox 1675 1725 1803 1762; x_wconf 89' lang='lat' dir='ltr'>cum</span> <span class='ocrx_word' id='word_1_183' title='bbox 1839 1705 1979 1774; x_wconf 85' lang='lat' dir='ltr'>Deo,</span> <span class='ocrx_word' id='word_1_184' title='bbox 2013 1706 2060 1761; x_wconf 89' lang='lat' dir='ltr'>si</span> <span class='ocrx_word' id='word_1_185' title='bbox 2090 1725 2206 1762; x_wconf 88' lang='lat' dir='ltr'>non</span> <span class='ocrx_word' id='word_1_186' title='bbox 2233 1704 2347 1761; x_wconf 88' lang='lat' dir='ltr'>alio</span> <span class='ocrx_word' id='word_1_187' title='bbox 2375 1704 2548 1763; x_wconf 89' lang='lat' dir='ltr'>modo</span> <span class='ocrx_word' id='word_1_188' title='bbox 2577 1724 2749 1780; x_wconf 88' lang='lat' dir='ltr'>quam</span> <span class='ocrx_word' id='word_1_189' title='bbox 2782 1725 2927 1763; x_wconf 81' lang='lat' dir='ltr'>sua-</span> 
     </span>
     <span class='ocr_line' id='line_1_19' title="bbox 499 1784 2921 1862; baseline 0 -20"><span class='ocrx_word' id='word_1_190' title='bbox 499 1787 625 1842; x_wconf 84' lang='lat' dir='ltr'>sivo</span> <span class='ocrx_word' id='word_1_191' title='bbox 656 1795 712 1843; x_wconf 90' lang='lat' dir='ltr'>et</span> <span class='ocrx_word' id='word_1_192' title='bbox 742 1785 1032 1844; x_wconf 87' lang='lat' dir='ltr'>resistibili</span> <span class='ocrx_word' id='word_1_193' title='bbox 1063 1785 1201 1860; x_wconf 88' lang='lat' dir='ltr'>agit.</span> <span class='ocrx_word' id='word_1_194' title='bbox 1287 1784 1409 1842; x_wconf 88' lang='lat' dir='ltr'>Nec</span> <span class='ocrx_word' id='word_1_195' title='bbox 1428 1785 1475 1840; x_wconf 86' lang='lat' dir='ltr'>si</span> <span class='ocrx_word' id='word_1_196' title='bbox 1510 1786 1686 1842; x_wconf 87' lang='lat' dir='ltr'>Satan</span> <span class='ocrx_word' id='word_1_197' title='bbox 1716 1784 2099 1842; x_wconf 83' lang='lat' dir='ltr'>resistibiliter</span> <span class='ocrx_word' id='word_1_198' title='bbox 2119 1784 2346 1860; x_wconf 86' lang='lat' dir='ltr'>agendo</span> <span class='ocrx_word' id='word_1_199' title='bbox 2365 1784 2538 1862; x_wconf 87' lang='lat' dir='ltr'>longe</span> <span class='ocrx_word' id='word_1_200' title='bbox 2556 1786 2751 1860; x_wconf 89' lang='lat' dir='ltr'>plures</span> <span class='ocrx_word' id='word_1_201' title='bbox 2781 1806 2921 1862; x_wconf 88' lang='lat' dir='ltr'>per-</span> 
     </span>
     <span class='ocr_line' id='line_1_20' title="bbox 497 1863 2924 1942; baseline 0.001 -21"><span class='ocrx_word' id='word_1_202' title='bbox 497 1866 688 1939; x_wconf 90' lang='lat' dir='ltr'>vertit,</span> <span class='ocrx_word' id='word_1_203' title='bbox 722 1866 979 1942; x_wconf 86' lang='lat' dir='ltr'>sequitur</span> <span class='ocrx_word' id='word_1_204' title='bbox 1013 1866 1196 1922; x_wconf 90' lang='lat' dir='ltr'>Deum</span> <span class='ocrx_word' id='word_1_205' title='bbox 1227 1864 1398 1921; x_wconf 89' lang='lat' dir='ltr'>etiam</span> <span class='ocrx_word' id='word_1_206' title='bbox 1428 1864 1864 1922; x_wconf 88' lang='lat' dir='ltr'>irresistibiliter</span> <span class='ocrx_word' id='word_1_207' title='bbox 1890 1873 2154 1940; x_wconf 88' lang='lat' dir='ltr'>agentem</span> <span class='ocrx_word' id='word_1_208' title='bbox 2185 1883 2299 1920; x_wconf 92' lang='lat' dir='ltr'>non</span> <span class='ocrx_word' id='word_1_209' title='bbox 2329 1863 2534 1922; x_wconf 87' lang='lat' dir='ltr'>fortius</span> <span class='ocrx_word' id='word_1_210' title='bbox 2561 1865 2688 1940; x_wconf 90' lang='lat' dir='ltr'>ipso</span> <span class='ocrx_word' id='word_1_211' title='bbox 2716 1884 2924 1941; x_wconf 84' lang='lat' dir='ltr'>agere.</span> 
     </span>
     <span class='ocr_line' id='line_1_21' title="bbox 499 1943 2923 2021; baseline 0.001 -19"><span class='ocrx_word' id='word_1_212' title='bbox 499 1944 647 2018; x_wconf 86' lang='lat' dir='ltr'>Quia</span> <span class='ocrx_word' id='word_1_213' title='bbox 680 1946 814 2002; x_wconf 82' lang='lat' dir='ltr'>Alia</span> <span class='ocrx_word' id='word_1_214' title='bbox 844 1946 988 2002; x_wconf 89' lang='lat' dir='ltr'>ratio</span> <span class='ocrx_word' id='word_1_215' title='bbox 1018 1954 1105 2002; x_wconf 87' lang='lat' dir='ltr'>est</span> <span class='ocrx_word' id='word_1_216' title='bbox 1133 1944 1369 2020; x_wconf 88' lang='lat' dir='ltr'>peccati,</span> <span class='ocrx_word' id='word_1_217' title='bbox 1417 1944 1476 2000; x_wconf 91' lang='lat' dir='ltr'>in</span> <span class='ocrx_word' id='word_1_218' title='bbox 1499 1963 1615 2019; x_wconf 90' lang='lat' dir='ltr'>quo</span> <span class='ocrx_word' id='word_1_219' title='bbox 1640 1945 1811 2001; x_wconf 92' lang='lat' dir='ltr'>homo</span> <span class='ocrx_word' id='word_1_220' title='bbox 1848 1944 2020 2019; x_wconf 89' lang='lat' dir='ltr'>jacet,</span> <span class='ocrx_word' id='word_1_221' title='bbox 2053 1953 2111 2001; x_wconf 90' lang='lat' dir='ltr'>et</span> <span class='ocrx_word' id='word_1_222' title='bbox 2139 1943 2213 2001; x_wconf 90' lang='lat' dir='ltr'>ad</span> <span class='ocrx_word' id='word_1_223' title='bbox 2241 1944 2397 2019; x_wconf 86' lang='lat' dir='ltr'>quod</span> <span class='ocrx_word' id='word_1_224' title='bbox 2424 1944 2923 2021; x_wconf 80' lang='lat' dir='ltr'>propensissimus</span> 
     </span>
     <span class='ocr_line' id='line_1_22' title="bbox 498 2023 2923 2101; baseline 0 -19"><span class='ocrx_word' id='word_1_225' title='bbox 498 2034 585 2082; x_wconf 87' lang='lat' dir='ltr'>est</span> <span class='ocrx_word' id='word_1_226' title='bbox 614 2035 818 2083; x_wconf 86' lang='lat' dir='ltr'>natura</span> <span class='ocrx_word' id='word_1_227' title='bbox 846 2045 965 2099; x_wconf 88' lang='lat' dir='ltr'>sua,</span> <span class='ocrx_word' id='word_1_228' title='bbox 998 2025 1167 2082; x_wconf 88' lang='lat' dir='ltr'>etiam</span> <span class='ocrx_word' id='word_1_229' title='bbox 1213 2024 1334 2080; x_wconf 89' lang='lat' dir='ltr'>sine</span> <span class='ocrx_word' id='word_1_230' title='bbox 1380 2023 1629 2100; x_wconf 89' lang='lat' dir='ltr'>impulsu</span> <span class='ocrx_word' id='word_1_231' title='bbox 1664 2024 1889 2081; x_wconf 63' lang='lat' dir='ltr'>Satanae</span> <span class='ocrx_word' id='word_1_232' title='bbox 1920 2045 1934 2096; x_wconf 80' lang='lat'>3</span> <span class='ocrx_word' id='word_1_233' title='bbox 1980 2024 2118 2081; x_wconf 88' lang='lat' dir='ltr'>Alia</span> <span class='ocrx_word' id='word_1_234' title='bbox 2161 2024 2498 2098; x_wconf 83' lang='lat' dir='ltr'>sanctitatis,</span> <span class='ocrx_word' id='word_1_235' title='bbox 2530 2044 2565 2080; x_wconf 88' lang='lat' dir='ltr'>a</span> <span class='ocrx_word' id='word_1_236' title='bbox 2592 2044 2707 2101; x_wconf 87' lang='lat' dir='ltr'>qua</span> <span class='ocrx_word' id='word_1_237' title='bbox 2734 2025 2923 2084; x_wconf 85' lang='lat' dir='ltr'>homo</span> 
     </span>
     <span class='ocr_line' id='line_1_23' title="bbox 496 2103 2922 2182; baseline -0 -19"><span class='ocrx_word' id='word_1_238' title='bbox 496 2115 763 2182; x_wconf 88' lang='lat' dir='ltr'>peccator</span> <span class='ocrx_word' id='word_1_239' title='bbox 791 2106 871 2163; x_wconf 85' lang='lat' dir='ltr'>ita</span> <span class='ocrx_word' id='word_1_240' title='bbox 899 2113 987 2163; x_wconf 89' lang='lat' dir='ltr'>est</span> <span class='ocrx_word' id='word_1_241' title='bbox 1015 2123 1269 2176; x_wconf 83' lang='lat' dir='ltr'>aversuS,</span> <span class='ocrx_word' id='word_1_242' title='bbox 1301 2112 1366 2160; x_wconf 90' lang='lat' dir='ltr'>ut</span> <span class='ocrx_word' id='word_1_243' title='bbox 1393 2103 1466 2160; x_wconf 89' lang='lat' dir='ltr'>ad</span> <span class='ocrx_word' id='word_1_244' title='bbox 1495 2123 1620 2160; x_wconf 89' lang='lat' dir='ltr'>eam</span> <span class='ocrx_word' id='word_1_245' title='bbox 1652 2103 1846 2161; x_wconf 87' lang='lat' dir='ltr'>reduci</span> <span class='ocrx_word' id='word_1_246' title='bbox 1875 2123 1988 2160; x_wconf 90' lang='lat' dir='ltr'>non</span> <span class='ocrx_word' id='word_1_247' title='bbox 2018 2103 2200 2179; x_wconf 89' lang='lat' dir='ltr'>possit</span> <span class='ocrx_word' id='word_1_248' title='bbox 2220 2103 2332 2160; x_wconf 88' lang='lat' dir='ltr'>nisi</span> <span class='ocrx_word' id='word_1_249' title='bbox 2362 2104 2418 2159; x_wconf 91' lang='lat' dir='ltr'>vi</span> <span class='ocrx_word' id='word_1_250' title='bbox 2449 2104 2698 2179; x_wconf 86' lang='lat' dir='ltr'>quadam</span> <span class='ocrx_word' id='word_1_251' title='bbox 2727 2106 2922 2162; x_wconf 88' lang='lat' dir='ltr'>omni·</span> 
     </span>
     <span class='ocr_line' id='line_1_24' title="bbox 498 2183 2920 2260; baseline 0 -18"><span class='ocrx_word' id='word_1_252' title='bbox 498 2193 748 2260; x_wconf 89' lang='lat' dir='ltr'>potente.</span> <span class='ocrx_word' id='word_1_253' title='bbox 834 2185 1112 2258; x_wconf 88' lang='lat' dir='ltr'>Quamvis</span> <span class='ocrx_word' id='word_1_254' title='bbox 1142 2203 1278 2240; x_wconf 90' lang='lat' dir='ltr'>vero</span> <span class='ocrx_word' id='word_1_255' title='bbox 1309 2184 1479 2259; x_wconf 85' lang='lat' dir='ltr'>longe</span> <span class='ocrx_word' id='word_1_256' title='bbox 1508 2184 1807 2260; x_wconf 87' lang='lat' dir='ltr'>pauciores</span> <span class='ocrx_word' id='word_1_257' title='bbox 1836 2183 1950 2240; x_wconf 87' lang='lat' dir='ltr'>sint</span> <span class='ocrx_word' id='word_1_258' title='bbox 1979 2183 2063 2239; x_wconf 85' lang='lat' dir='ltr'>illi</span> <span class='ocrx_word' id='word_1_259' title='bbox 2086 2183 2182 2258; x_wconf 90' lang='lat' dir='ltr'>qui</span> <span class='ocrx_word' id='word_1_260' title='bbox 2213 2202 2339 2239; x_wconf 87' lang='lat' dir='ltr'>eam</span> <span class='ocrx_word' id='word_1_261' title='bbox 2370 2184 2640 2256; x_wconf 86' lang='lat' dir='ltr'>sentiunt,</span> <span class='ocrx_word' id='word_1_262' title='bbox 2672 2204 2792 2259; x_wconf 82' lang='lat' dir='ltr'>prae</span> <span class='ocrx_word' id='word_1_263' title='bbox 2826 2205 2920 2242; x_wconf 86' lang='lat' dir='ltr'>re·</span> 
     </span>
     <span class='ocr_line' id='line_1_25' title="bbox 497 2262 2925 2340; baseline 0 -19"><span class='ocrx_word' id='word_1_264' title='bbox 497 2264 710 2340; x_wconf 80' lang='lat' dir='ltr'>probiS,</span> <span class='ocrx_word' id='word_1_265' title='bbox 759 2286 872 2322; x_wconf 87' lang='lat' dir='ltr'>non</span> <span class='ocrx_word' id='word_1_266' title='bbox 904 2265 1032 2322; x_wconf 87' lang='lat' dir='ltr'>ideo</span> <span class='ocrx_word' id='word_1_267' title='bbox 1078 2265 1253 2322; x_wconf 85' lang='lat' dir='ltr'>Satan</span> <span class='ocrx_word' id='word_1_268' title='bbox 1303 2264 1432 2339; x_wconf 88' lang='lat' dir='ltr'>plus</span> <span class='ocrx_word' id='word_1_269' title='bbox 1465 2264 1589 2321; x_wconf 91' lang='lat' dir='ltr'>Deo</span> <span class='ocrx_word' id='word_1_270' title='bbox 1620 2262 1810 2320; x_wconf 89' lang='lat' dir='ltr'>valere</span> <span class='ocrx_word' id='word_1_271' title='bbox 1834 2262 2111 2320; x_wconf 86' lang='lat' dir='ltr'>dicendus</span> <span class='ocrx_word' id='word_1_272' title='bbox 2141 2270 2244 2334; x_wconf 88' lang='lat' dir='ltr'>est,</span> <span class='ocrx_word' id='word_1_273' title='bbox 2282 2262 2418 2338; x_wconf 88' lang='lat' dir='ltr'>quia</span> <span class='ocrx_word' id='word_1_274' title='bbox 2446 2264 2555 2320; x_wconf 88' lang='lat' dir='ltr'>hoc</span> <span class='ocrx_word' id='word_1_275' title='bbox 2584 2283 2698 2319; x_wconf 90' lang='lat' dir='ltr'>non</span> <span class='ocrx_word' id='word_1_276' title='bbox 2729 2265 2925 2322; x_wconf 85' lang='lat' dir='ltr'>oritur</span> 
     </span>
     <span class='ocr_line' id='line_1_26' title="bbox 498 2342 2921 2422; baseline -0 -20"><span class='ocrx_word' id='word_1_277' title='bbox 498 2364 572 2402; x_wconf 84' lang='lat' dir='ltr'>ex</span> <span class='ocrx_word' id='word_1_278' title='bbox 604 2345 955 2422; x_wconf 87' lang='lat' dir='ltr'>impotentia,</span> <span class='ocrx_word' id='word_1_279' title='bbox 988 2343 1089 2401; x_wconf 89' lang='lat' dir='ltr'>sed</span> <span class='ocrx_word' id='word_1_280' title='bbox 1118 2364 1192 2401; x_wconf 86' lang='lat' dir='ltr'>ex</span> <span class='ocrx_word' id='word_1_281' title='bbox 1222 2343 1501 2416; x_wconf 85' lang='lat' dir='ltr'>libertate,</span> <span class='ocrx_word' id='word_1_282' title='bbox 1540 2344 1715 2420; x_wconf 85' lang='lat' dir='ltr'>juxta</span> <span class='ocrx_word' id='word_1_283' title='bbox 1742 2362 1912 2418; x_wconf 90' lang='lat' dir='ltr'>quam</span> <span class='ocrx_word' id='word_1_284' title='bbox 1942 2342 2248 2400; x_wconf 86' lang='lat' dir='ltr'>efficaciam</span> <span class='ocrx_word' id='word_1_285' title='bbox 2281 2342 2448 2400; x_wconf 87' lang='lat' dir='ltr'>istam</span> <span class='ocrx_word' id='word_1_286' title='bbox 2480 2343 2679 2419; x_wconf 83' lang='lat' dir='ltr'>gratiae</span> <span class='ocrx_word' id='word_1_287' title='bbox 2703 2364 2826 2401; x_wconf 80' lang='lat' dir='ltr'>suae</span> <span class='ocrx_word' id='word_1_288' title='bbox 2858 2346 2921 2401; x_wconf 89' lang='lat' dir='ltr'>in</span> 
     </span>
     <span class='ocr_line' id='line_1_27' title="bbox 496 2423 2786 2501; baseline 0 -21"><span class='ocrx_word' id='word_1_289' title='bbox 496 2423 622 2482; x_wconf 89' lang='lat' dir='ltr'>istis</span> <span class='ocrx_word' id='word_1_290' title='bbox 651 2424 849 2501; x_wconf 88' lang='lat' dir='ltr'>paucis</span> <span class='ocrx_word' id='word_1_291' title='bbox 878 2432 1099 2482; x_wconf 88' lang='lat' dir='ltr'>tantum</span> <span class='ocrx_word' id='word_1_292' title='bbox 1129 2444 1360 2482; x_wconf 85' lang='lat' dir='ltr'>exerere</span> <span class='ocrx_word' id='word_1_293' title='bbox 1391 2423 1662 2481; x_wconf 89' lang='lat' dir='ltr'>decrevit.</span> <span class='ocrx_word' id='word_1_294' title='bbox 2782 2445 2786 2448; x_wconf 70' lang='grc'>’</span> 
     </span>
    </p>

    <p class='ocr_par' dir='ltr' id='par_1_4' title="bbox 494 2502 2913 3856">
     <span class='ocr_line' id='line_1_28' title="bbox 1105 2502 2913 2579; baseline 0.001 -19"><span class='ocrx_word' id='word_1_295' title='bbox 1105 2504 1363 2560; x_wconf 89' lang='lat' dir='ltr'>XXIII.</span> <span class='ocrx_word' id='word_1_296' title='bbox 1410 2502 1592 2560; x_wconf 90' lang='lat' dir='ltr'>Aliud</span> <span class='ocrx_word' id='word_1_297' title='bbox 1622 2511 1711 2561; x_wconf 90' lang='lat' dir='ltr'>est</span> <span class='ocrx_word' id='word_1_298' title='bbox 1758 2503 2020 2561; x_wconf 86' lang='lat' dir='ltr'>resistere</span> <span class='ocrx_word' id='word_1_299' title='bbox 2054 2503 2293 2579; x_wconf 85' lang='lat' dir='ltr'>Spiritui</span> <span class='ocrx_word' id='word_1_300' title='bbox 2339 2503 2551 2561; x_wconf 88' lang='lat' dir='ltr'>Sancto</span> <span class='ocrx_word' id='word_1_301' title='bbox 2580 2512 2820 2562; x_wconf 83' lang='lat' dir='ltr'>externe</span> <span class='ocrx_word' id='word_1_302' title='bbox 2854 2503 2913 2561; x_wconf 92' lang='lat' dir='ltr'>in</span> 
     </span>
     <span class='ocr_line' id='line_1_29' title="bbox 1025 2582 2913 2660; baseline 0.001 -20"><span class='ocrx_word' id='word_1_303' title='bbox 1025 2583 1221 2642; x_wconf 89' lang='lat' dir='ltr'>Verbo</span> <span class='ocrx_word' id='word_1_304' title='bbox 1251 2583 1572 2659; x_wconf 87' lang='lat' dir='ltr'>imperanti,</span> <span class='ocrx_word' id='word_1_305' title='bbox 1606 2582 1789 2641; x_wconf 90' lang='lat' dir='ltr'>Aliud</span> <span class='ocrx_word' id='word_1_306' title='bbox 1818 2604 1955 2641; x_wconf 89' lang='lat' dir='ltr'>vero</span> <span class='ocrx_word' id='word_1_307' title='bbox 1998 2583 2051 2641; x_wconf 90' lang='lat' dir='ltr'>ei</span> <span class='ocrx_word' id='word_1_308' title='bbox 2093 2584 2357 2641; x_wconf 87' lang='lat' dir='ltr'>resistere</span> <span class='ocrx_word' id='word_1_309' title='bbox 2385 2583 2443 2640; x_wconf 90' lang='lat' dir='ltr'>in</span> <span class='ocrx_word' id='word_1_310' title='bbox 2474 2583 2644 2642; x_wconf 87' lang='lat' dir='ltr'>corde</span> <span class='ocrx_word' id='word_1_311' title='bbox 2667 2604 2913 2660; x_wconf 85' lang='lat' dir='ltr'>operan-</span> 
     </span>
     <span class='ocr_line' id='line_1_30' title="bbox 1024 2661 2910 2738; baseline 0.001 -18"><span class='ocrx_word' id='word_1_312' title='bbox 1024 2664 1084 2720; x_wconf 89' lang='lat' dir='ltr'>ti.</span> <span class='ocrx_word' id='word_1_313' title='bbox 1132 2661 1316 2719; x_wconf 87' lang='lat' dir='ltr'>Aliud</span> <span class='ocrx_word' id='word_1_314' title='bbox 1339 2662 1602 2720; x_wconf 89' lang='lat' dir='ltr'>resistere</span> <span class='ocrx_word' id='word_1_315' title='bbox 1631 2663 1865 2738; x_wconf 87' lang='lat' dir='ltr'>Spiritui</span> <span class='ocrx_word' id='word_1_316' title='bbox 1890 2664 2257 2722; x_wconf 86' lang='lat' dir='ltr'>convincenti</span> <span class='ocrx_word' id='word_1_317' title='bbox 2279 2674 2337 2721; x_wconf 89' lang='lat' dir='ltr'>et</span> <span class='ocrx_word' id='word_1_318' title='bbox 2359 2665 2641 2722; x_wconf 87' lang='lat' dir='ltr'>coercenti</span> <span class='ocrx_word' id='word_1_319' title='bbox 2661 2674 2910 2737; x_wconf 87' lang='lat' dir='ltr'>tantum,</span> 
     </span>
     <span class='ocr_line' id='line_1_31' title="bbox 501 2740 2909 2819; baseline 0 -18"><span class='ocrx_word' id='word_1_320' title='bbox 501 2743 684 2801; x_wconf 82' lang='lat' dir='ltr'>Aliud</span> <span class='ocrx_word' id='word_1_321' title='bbox 716 2742 796 2798; x_wconf 91' lang='lat' dir='ltr'>illi</span> <span class='ocrx_word' id='word_1_322' title='bbox 828 2741 998 2799; x_wconf 86' lang='lat' dir='ltr'>etiam</span> <span class='ocrx_word' id='word_1_323' title='bbox 1030 2740 1385 2799; x_wconf 84' lang='lat' dir='ltr'>convertenti</span> <span class='ocrx_word' id='word_1_324' title='bbox 1415 2750 1473 2798; x_wconf 89' lang='lat' dir='ltr'>et</span> <span class='ocrx_word' id='word_1_325' title='bbox 1501 2743 1819 2800; x_wconf 86' lang='lat' dir='ltr'>renovanti.</span> <span class='ocrx_word' id='word_1_326' title='bbox 1903 2741 1944 2799; x_wconf 88' lang='lat' dir='ltr'><strong>J</strong></span> <span class='ocrx_word' id='word_1_327' title='bbox 1951 2743 2098 2801; x_wconf 82' lang='lat' dir='ltr'>udaei</span> <span class='ocrx_word' id='word_1_328' title='bbox 2148 2743 2379 2819; x_wconf 89' lang='lat' dir='ltr'>quidem</span> <span class='ocrx_word' id='word_1_329' title='bbox 2427 2743 2695 2801; x_wconf 88' lang='lat' dir='ltr'>dicuntur</span> <span class='ocrx_word' id='word_1_330' title='bbox 2738 2745 2909 2802; x_wconf 87' lang='lat' dir='ltr'>resti·</span> 
     </span>
     <span class='ocr_line' id='line_1_32' title="bbox 495 2820 2911 2899; baseline -0 -17"><span class='ocrx_word' id='word_1_331' title='bbox 495 2825 634 2883; x_wconf 89' lang='lat' dir='ltr'>tisse</span> <span class='ocrx_word' id='word_1_332' title='bbox 670 2820 905 2898; x_wconf 89' lang='lat' dir='ltr'>Spiritui</span> <span class='ocrx_word' id='word_1_333' title='bbox 934 2820 1011 2896; x_wconf 63' lang='lat' dir='ltr'>S„</span> <span class='ocrx_word' id='word_1_334' title='bbox 1046 2821 1179 2878; x_wconf 85' lang='lat' dir='ltr'>Act.</span> <span class='ocrx_word' id='word_1_335' title='bbox 1204 2821 1302 2878; x_wconf 90' lang='lat' dir='ltr'>vii.</span> <span class='ocrx_word' id='word_1_336' title='bbox 1334 2823 1429 2894; x_wconf 84' lang='lat'>51,</span> <span class='ocrx_word' id='word_1_337' title='bbox 1460 2821 1644 2897; x_wconf 86' lang='lat' dir='ltr'>primo</span> <span class='ocrx_word' id='word_1_338' title='bbox 1686 2821 1857 2878; x_wconf 91' lang='lat' dir='ltr'>modo</span> <span class='ocrx_word' id='word_1_339' title='bbox 1883 2845 1896 2880; x_wconf 91' lang='lat'>:</span> <span class='ocrx_word' id='word_1_340' title='bbox 1926 2842 2042 2880; x_wconf 91' lang='lat' dir='ltr'>non</span> <span class='ocrx_word' id='word_1_341' title='bbox 2073 2823 2341 2881; x_wconf 80' lang='lat' dir='ltr'>secundo,</span> <span class='ocrx_word' id='word_1_342' title='bbox 2408 2822 2575 2896; x_wconf 91' lang='lat' dir='ltr'>Quod</span> <span class='ocrx_word' id='word_1_343' title='bbox 2597 2833 2755 2899; x_wconf 88' lang='lat' dir='ltr'>patet</span> <span class='ocrx_word' id='word_1_344' title='bbox 2783 2833 2911 2881; x_wconf 89' lang='lat' dir='ltr'>tum</span> 
     </span>
     <span class='ocr_line' id='line_1_33' title="bbox 496 2900 2907 2979; baseline -0 -17"><span class='ocrx_word' id='word_1_345' title='bbox 496 2925 572 2962; x_wconf 84' lang='lat' dir='ltr'>ex</span> <span class='ocrx_word' id='word_1_346' title='bbox 603 2902 794 2960; x_wconf 90' lang='lat' dir='ltr'>verbis</span> <span class='ocrx_word' id='word_1_347' title='bbox 824 2900 1212 2977; x_wconf 87' lang='lat' dir='ltr'>sequentibus,</span> <span class='ocrx_word' id='word_1_348' title='bbox 1262 2904 1296 2932; x_wconf 86' lang='lat'>“</span> <span class='ocrx_word' id='word_1_349' title='bbox 1321 2900 1501 2973; x_wconf 87' lang='lat' dir='ltr'>Quem</span> <span class='ocrx_word' id='word_1_350' title='bbox 1551 2902 1965 2978; x_wconf 87' lang='lat' dir='ltr'>Prophetarum</span> <span class='ocrx_word' id='word_1_351' title='bbox 1995 2923 2109 2960; x_wconf 90' lang='lat' dir='ltr'>non</span> <span class='ocrx_word' id='word_1_352' title='bbox 2140 2913 2274 2961; x_wconf 83' lang='lat' dir='ltr'>sunt</span> <span class='ocrx_word' id='word_1_353' title='bbox 2301 2904 2605 2979; x_wconf 89' lang='lat' dir='ltr'>persecuti,</span> <span class='ocrx_word' id='word_1_354' title='bbox 2646 2912 2704 2961; x_wconf 89' lang='lat' dir='ltr'>et</span> <span class='ocrx_word' id='word_1_355' title='bbox 2752 2905 2907 2961; x_wconf 87' lang='lat' dir='ltr'>occi-</span> 
     </span>
     <span class='ocr_line' id='line_1_34' title="bbox 498 2981 2905 3059; baseline -0.001 -17"><span class='ocrx_word' id='word_1_356' title='bbox 498 2985 706 3042; x_wconf 89' lang='lat' dir='ltr'>derunt</span> <span class='ocrx_word' id='word_1_357' title='bbox 729 3002 844 3054; x_wconf 68' lang='grc' dir='ltr'>θοε,</span> <span class='ocrx_word' id='word_1_358' title='bbox 871 2982 969 3058; x_wconf 91' lang='lat' dir='ltr'>qui</span> <span class='ocrx_word' id='word_1_359' title='bbox 1009 2982 1148 3058; x_wconf 87' lang='lat' dir='ltr'>ipsis</span> <span class='ocrx_word' id='word_1_360' title='bbox 1170 2981 1639 3057; x_wconf 79' lang='lat' dir='ltr'>praenunciabant</span> <span class='ocrx_word' id='word_1_361' title='bbox 1676 2981 1987 3040; x_wconf 88' lang='lat' dir='ltr'>adventum</span> <span class='ocrx_word' id='word_1_362' title='bbox 2020 2983 2186 3040; x_wconf 87' lang='lat' dir='ltr'>istius</span> <span class='ocrx_word' id='word_1_363' title='bbox 2222 2982 2366 3059; x_wconf 87' lang='lat' dir='ltr'>justi</span> <span class='ocrx_word' id='word_1_364' title='bbox 2384 2984 2449 3039; x_wconf 80' lang='lat'>?”</span> <span class='ocrx_word' id='word_1_365' title='bbox 2502 2992 2623 3040; x_wconf 91' lang='lat' dir='ltr'>tum</span> <span class='ocrx_word' id='word_1_366' title='bbox 2664 3003 2738 3040; x_wconf 84' lang='lat' dir='ltr'>ex</span> <span class='ocrx_word' id='word_1_367' title='bbox 2772 2983 2905 3041; x_wconf 86' lang='lat' dir='ltr'>Ste-</span> 
     </span>
     <span class='ocr_line' id='line_1_35' title="bbox 497 3061 2908 3143; baseline -0.001 -20"><span class='ocrx_word' id='word_1_368' title='bbox 497 3066 670 3143; x_wconf 87' lang='lat' dir='ltr'>phani</span> <span class='ocrx_word' id='word_1_369' title='bbox 695 3063 977 3139; x_wconf 81' lang='lat' dir='ltr'>exempIO,</span> <span class='ocrx_word' id='word_1_370' title='bbox 1003 3062 1346 3121; x_wconf 86' lang='lat' dir='ltr'>resistebant</span> <span class='ocrx_word' id='word_1_371' title='bbox 1383 3062 1531 3120; x_wconf 90' lang='lat' dir='ltr'>enim</span> <span class='ocrx_word' id='word_1_372' title='bbox 1582 3061 1818 3138; x_wconf 89' lang='lat' dir='ltr'>Spiritui</span> <span class='ocrx_word' id='word_1_373' title='bbox 1855 3065 2065 3120; x_wconf 84' lang='lat' dir='ltr'>Sancto</span> <span class='ocrx_word' id='word_1_374' title='bbox 2108 3083 2209 3139; x_wconf 89' lang='lat' dir='ltr'>per</span> <span class='ocrx_word' id='word_1_375' title='bbox 2242 3063 2596 3138; x_wconf 87' lang='lat' dir='ltr'>Stephanum</span> <span class='ocrx_word' id='word_1_376' title='bbox 2626 3062 2908 3138; x_wconf 86' lang='lat' dir='ltr'>loquenti,</span> 
     </span>
     <span class='ocr_line' id='line_1_36' title="bbox 497 3142 2906 3222; baseline -0.002 -19"><span class='ocrx_word' id='word_1_377' title='bbox 497 3146 631 3222; x_wconf 87' lang='lat' dir='ltr'>quia</span> <span class='ocrx_word' id='word_1_378' title='bbox 655 3144 893 3203; x_wconf 87' lang='lat' dir='ltr'>verbum</span> <span class='ocrx_word' id='word_1_379' title='bbox 918 3144 1042 3220; x_wconf 89' lang='lat' dir='ltr'>ejus</span> <span class='ocrx_word' id='word_1_380' title='bbox 1071 3142 1371 3201; x_wconf 88' lang='lat' dir='ltr'>admittere</span> <span class='ocrx_word' id='word_1_381' title='bbox 1394 3142 1667 3200; x_wconf 86' lang='lat' dir='ltr'>nolebant</span> <span class='ocrx_word' id='word_1_382' title='bbox 1691 3164 1703 3217; x_wconf 90' lang='lat'>;</span> <span class='ocrx_word' id='word_1_383' title='bbox 1737 3142 1851 3199; x_wconf 90' lang='lat' dir='ltr'>imo</span> <span class='ocrx_word' id='word_1_384' title='bbox 1880 3142 2124 3200; x_wconf 84' lang='lat' dir='ltr'>ferarum</span> <span class='ocrx_word' id='word_1_385' title='bbox 2174 3162 2329 3200; x_wconf 90' lang='lat' dir='ltr'>more</span> <span class='ocrx_word' id='word_1_386' title='bbox 2350 3142 2411 3198; x_wconf 92' lang='lat' dir='ltr'>in</span> <span class='ocrx_word' id='word_1_387' title='bbox 2429 3162 2559 3199; x_wconf 90' lang='lat' dir='ltr'>eum</span> <span class='ocrx_word' id='word_1_388' title='bbox 2592 3142 2906 3217; x_wconf 89' lang='lat' dir='ltr'>irruebant,</span> 
     </span>
     <span class='ocr_line' id='line_1_37' title="bbox 495 3222 2905 3302; baseline -0 -21"><span class='ocrx_word' id='word_1_389' title='bbox 495 3247 622 3302; x_wconf 68' lang='lat' dir='ltr'>quae</span> <span class='ocrx_word' id='word_1_390' title='bbox 653 3227 744 3283; x_wconf 89' lang='lat' dir='ltr'>vis</span> <span class='ocrx_word' id='word_1_391' title='bbox 773 3234 860 3283; x_wconf 92' lang='lat' dir='ltr'>est</span> <span class='ocrx_word' id='word_1_392' title='bbox 889 3224 1052 3282; x_wconf 88' lang='lat' dir='ltr'>verbi</span> <span class='ocrx_word' id='word_1_393' title='bbox 1080 3227 1383 3280; x_wconf 47' lang='lat' dir='ltr'>amaria-mn.</span> <span class='ocrx_word' id='word_1_394' title='bbox 1471 3222 1699 3280; x_wconf 88' lang='lat' dir='ltr'>Dicitur</span> <span class='ocrx_word' id='word_1_395' title='bbox 1726 3222 1975 3298; x_wconf 88' lang='lat' dir='ltr'>quidem,</span> <span class='ocrx_word' id='word_1_396' title='bbox 2023 3222 2158 3280; x_wconf 90' lang='lat' dir='ltr'>Act.</span> <span class='ocrx_word' id='word_1_397' title='bbox 2216 3222 2293 3279; x_wconf 92' lang='lat' dir='ltr'>vi.</span> <span class='ocrx_word' id='word_1_398' title='bbox 2357 3224 2447 3292; x_wconf 84' lang='lat'>10,</span> <span class='ocrx_word' id='word_1_399' title='bbox 2505 3225 2594 3296; x_wconf 86' lang='lat' dir='ltr'>ll,</span> <span class='ocrx_word' id='word_1_400' title='bbox 2643 3241 2742 3280; x_wconf 89' lang='lat' dir='ltr'>eos</span> <span class='ocrx_word' id='word_1_401' title='bbox 2784 3242 2905 3280; x_wconf 91' lang='lat' dir='ltr'>non</span> 
     </span>
     <span class='ocr_line' id='line_1_38' title="bbox 496 3301 2910 3382; baseline -0.001 -19"><span class='ocrx_word' id='word_1_402' title='bbox 496 3307 750 3382; x_wconf 83' lang='lat' dir='ltr'>potuisse</span> <span class='ocrx_word' id='word_1_403' title='bbox 780 3305 1045 3362; x_wconf 88' lang='lat' dir='ltr'>resistere</span> <span class='ocrx_word' id='word_1_404' title='bbox 1076 3303 1386 3378; x_wconf 86' lang='lat' dir='ltr'>sapientiae,</span> <span class='ocrx_word' id='word_1_405' title='bbox 1420 3312 1476 3360; x_wconf 90' lang='lat' dir='ltr'>et</span> <span class='ocrx_word' id='word_1_406' title='bbox 1510 3302 1747 3378; x_wconf 84' lang='lat' dir='ltr'>Spiritui</span> <span class='ocrx_word' id='word_1_407' title='bbox 1776 3321 1891 3378; x_wconf 91' lang='lat' dir='ltr'>quo</span> <span class='ocrx_word' id='word_1_408' title='bbox 1935 3302 2293 3377; x_wconf 87' lang='lat' dir='ltr'>loquebatur,</span> <span class='ocrx_word' id='word_1_409' title='bbox 2340 3301 2444 3359; x_wconf 90' lang='lat' dir='ltr'>sed</span> <span class='ocrx_word' id='word_1_410' title='bbox 2471 3311 2608 3359; x_wconf 90' lang='lat' dir='ltr'>tunc</span> <span class='ocrx_word' id='word_1_411' title='bbox 2637 3301 2910 3361; x_wconf 83' lang='lat' dir='ltr'>resistere</span> 
     </span>
     <span class='ocr_line' id='line_1_39' title="bbox 495 3381 2910 3459; baseline 0 -18"><span class='ocrx_word' id='word_1_412' title='bbox 495 3405 607 3442; x_wconf 90' lang='lat' dir='ltr'>non</span> <span class='ocrx_word' id='word_1_413' title='bbox 642 3384 927 3458; x_wconf 86' lang='lat' dir='ltr'>significat</span> <span class='ocrx_word' id='word_1_414' title='bbox 955 3383 1179 3459; x_wconf 87' lang='lat' dir='ltr'>proprie</span> <span class='ocrx_word' id='word_1_415' title='bbox 1209 3381 1499 3438; x_wconf 83' lang='lat' dir='ltr'>adversari</span> <span class='ocrx_word' id='word_1_416' title='bbox 1532 3402 1631 3439; x_wconf 78' lang='lat' dir='ltr'>seu</span> <span class='ocrx_word' id='word_1_417' title='bbox 1673 3382 1967 3455; x_wconf 89' lang='lat' dir='ltr'>obsistere,</span> <span class='ocrx_word' id='word_1_418' title='bbox 2001 3381 2101 3439; x_wconf 88' lang='lat' dir='ltr'>sed</span> <span class='ocrx_word' id='word_1_419' title='bbox 2132 3401 2397 3457; x_wconf 87' lang='lat' dir='ltr'>superare</span> <span class='ocrx_word' id='word_1_420' title='bbox 2429 3400 2529 3439; x_wconf 86' lang='lat' dir='ltr'>seu</span> <span class='ocrx_word' id='word_1_421' title='bbox 2560 3382 2807 3453; x_wconf 84' lang='lat' dir='ltr'>vincere,</span> <span class='ocrx_word' id='word_1_422' title='bbox 2838 3394 2910 3441; x_wconf 86' lang='lat' dir='ltr'>ut</span> 
     </span>
     <span class='ocr_line' id='line_1_40' title="bbox 499 3460 2903 3539; baseline -0 -19"><span class='ocrx_word' id='word_1_423' title='bbox 499 3463 641 3519; x_wconf 91' lang='lat' dir='ltr'>Luc.</span> <span class='ocrx_word' id='word_1_424' title='bbox 672 3462 794 3517; x_wconf 84' lang='lat' dir='ltr'>xxi.</span> <span class='ocrx_word' id='word_1_425' title='bbox 832 3463 922 3517; x_wconf 91' lang='lat'>15.</span> <span class='ocrx_word' id='word_1_426' title='bbox 1010 3461 1173 3517; x_wconf 88' lang='lat' dir='ltr'>Licet</span> <span class='ocrx_word' id='word_1_427' title='bbox 1221 3480 1358 3516; x_wconf 88' lang='lat' dir='ltr'>vero</span> <span class='ocrx_word' id='word_1_428' title='bbox 1404 3460 1599 3518; x_wconf 70' lang='lat' dir='ltr'>Jurlaei</span> <span class='ocrx_word' id='word_1_429' title='bbox 1644 3462 1737 3519; x_wconf 88' lang='lat' dir='ltr'>isti</span> <span class='ocrx_word' id='word_1_430' title='bbox 1789 3462 1848 3518; x_wconf 91' lang='lat' dir='ltr'>vi</span> <span class='ocrx_word' id='word_1_431' title='bbox 1897 3461 2158 3519; x_wconf 86' lang='lat' dir='ltr'>veritatis</span> <span class='ocrx_word' id='word_1_432' title='bbox 2201 3482 2235 3517; x_wconf 92' lang='lat' dir='ltr'>a</span> <span class='ocrx_word' id='word_1_433' title='bbox 2267 3461 2558 3537; x_wconf 88' lang='lat' dir='ltr'>Stephano</span> <span class='ocrx_word' id='word_1_434' title='bbox 2589 3480 2690 3538; x_wconf 88' lang='lat' dir='ltr'>per</span> <span class='ocrx_word' id='word_1_435' title='bbox 2721 3461 2903 3539; x_wconf 85' lang='lat' dir='ltr'>Spiri-</span> 
     </span>
     <span class='ocr_line' id='line_1_41' title="bbox 494 3537 2904 3617; baseline -0.001 -17"><span class='ocrx_word' id='word_1_436' title='bbox 494 3552 617 3600; x_wconf 91' lang='lat' dir='ltr'>tum</span> <span class='ocrx_word' id='word_1_437' title='bbox 652 3540 924 3597; x_wconf 89' lang='lat' dir='ltr'>Sanctum</span> <span class='ocrx_word' id='word_1_438' title='bbox 952 3538 1220 3613; x_wconf 91' lang='lat' dir='ltr'>loquente</span> <span class='ocrx_word' id='word_1_439' title='bbox 1251 3537 1462 3595; x_wconf 89' lang='lat' dir='ltr'>fuerint</span> <span class='ocrx_word' id='word_1_440' title='bbox 1516 3541 1783 3615; x_wconf 89' lang='lat' dir='ltr'>convicti,</span> <span class='ocrx_word' id='word_1_441' title='bbox 1844 3542 1973 3598; x_wconf 92' lang='lat' dir='ltr'>Non</span> <span class='ocrx_word' id='word_1_442' title='bbox 2003 3542 2261 3616; x_wconf 87' lang='lat' dir='ltr'>sequitur</span> <span class='ocrx_word' id='word_1_443' title='bbox 2306 3541 2581 3617; x_wconf 89' lang='lat' dir='ltr'>Spiritum</span> <span class='ocrx_word' id='word_1_444' title='bbox 2610 3560 2735 3598; x_wconf 88' lang='lat' dir='ltr'>eam</span> <span class='ocrx_word' id='word_1_445' title='bbox 2779 3562 2904 3599; x_wconf 90' lang='lat' dir='ltr'>om·</span> 
     </span>
     <span class='ocr_line' id='line_1_42' title="bbox 494 3617 2908 3696; baseline 0 -18"><span class='ocrx_word' id='word_1_446' title='bbox 494 3639 624 3678; x_wconf 90' lang='lat' dir='ltr'>nem</span> <span class='ocrx_word' id='word_1_447' title='bbox 676 3618 1009 3676; x_wconf 83' lang='lat' dir='ltr'>adhibuisse</span> <span class='ocrx_word' id='word_1_448' title='bbox 1055 3617 1316 3693; x_wconf 86' lang='lat' dir='ltr'>gratiam,</span> <span class='ocrx_word' id='word_1_449' title='bbox 1348 3637 1476 3693; x_wconf 81' lang='lat' dir='ltr'>quae</span> <span class='ocrx_word' id='word_1_450' title='bbox 1505 3619 1576 3675; x_wconf 89' lang='lat' dir='ltr'>ad</span> <span class='ocrx_word' id='word_1_451' title='bbox 1608 3621 2037 3679; x_wconf 89' lang='lat' dir='ltr'>conversionem</span> <span class='ocrx_word' id='word_1_452' title='bbox 2083 3629 2203 3678; x_wconf 89' lang='lat' dir='ltr'>erat</span> <span class='ocrx_word' id='word_1_453' title='bbox 2246 3620 2584 3692; x_wconf 87' lang='lat' dir='ltr'>necessaria,</span> <span class='ocrx_word' id='word_1_454' title='bbox 2631 3621 2767 3696; x_wconf 86' lang='lat' dir='ltr'>quia</span> <span class='ocrx_word' id='word_1_455' title='bbox 2816 3642 2908 3679; x_wconf 88' lang='lat' dir='ltr'>re-</span> 
     </span>
     <span class='ocr_line' id='line_1_43' title="bbox 495 3696 2903 3777; baseline 0 -20"><span class='ocrx_word' id='word_1_456' title='bbox 495 3700 831 3777; x_wconf 87' lang='lat' dir='ltr'>quirebatur</span> <span class='ocrx_word' id='word_1_457' title='bbox 859 3707 1132 3774; x_wconf 78' lang='lat' dir='ltr'>praeterea</span> <span class='ocrx_word' id='word_1_458' title='bbox 1170 3696 1360 3754; x_wconf 87' lang='lat' dir='ltr'>cordis</span> <span class='ocrx_word' id='word_1_459' title='bbox 1390 3717 1489 3754; x_wconf 86' lang='lat' dir='ltr'>seu</span> <span class='ocrx_word' id='word_1_460' title='bbox 1519 3699 1723 3756; x_wconf 86' lang='lat' dir='ltr'>animae</span> <span class='ocrx_word' id='word_1_461' title='bbox 1756 3700 2130 3775; x_wconf 81' lang='lat' dir='ltr'>circumcisiO,</span> <span class='ocrx_word' id='word_1_462' title='bbox 2162 3720 2277 3776; x_wconf 89' lang='lat' dir='ltr'>qua</span> <span class='ocrx_word' id='word_1_463' title='bbox 2305 3700 2554 3758; x_wconf 86' lang='lat' dir='ltr'>caruisse</span> <span class='ocrx_word' id='word_1_464' title='bbox 2584 3699 2677 3757; x_wconf 89' lang='lat' dir='ltr'>hic</span> <span class='ocrx_word' id='word_1_465' title='bbox 2700 3700 2903 3759; x_wconf 88' lang='lat' dir='ltr'>dicun-</span> 
     </span>
     <span class='ocr_line' id='line_1_44' title="bbox 495 3777 2472 3856; baseline -0.001 -17"><span class='ocrx_word' id='word_1_466' title='bbox 495 3790 605 3856; x_wconf 85' lang='lat' dir='ltr'>tur,</span> <span class='ocrx_word' id='word_1_467' title='bbox 639 3801 757 3839; x_wconf 88' lang='lat' dir='ltr'>ver.</span> <span class='ocrx_word' id='word_1_468' title='bbox 793 3783 886 3853; x_wconf 80' lang='lat'>51,</span> <span class='ocrx_word' id='word_1_469' title='bbox 921 3798 1035 3836; x_wconf 91' lang='lat' dir='ltr'>non</span> <span class='ocrx_word' id='word_1_470' title='bbox 1063 3777 1253 3835; x_wconf 88' lang='lat' dir='ltr'>minus</span> <span class='ocrx_word' id='word_1_471' title='bbox 1281 3797 1451 3853; x_wconf 87' lang='lat' dir='ltr'>quam</span> <span class='ocrx_word' id='word_1_472' title='bbox 1484 3778 1684 3836; x_wconf 87' lang='lat' dir='ltr'>Patres</span> <span class='ocrx_word' id='word_1_473' title='bbox 1715 3780 1985 3856; x_wconf 89' lang='lat' dir='ltr'>ipsorum,</span> <span class='ocrx_word' id='word_1_474' title='bbox 2013 3781 2185 3837; x_wconf 91' lang='lat' dir='ltr'>Deut.</span> <span class='ocrx_word' id='word_1_475' title='bbox 2217 3781 2381 3837; x_wconf 84' lang='lat' dir='ltr'>xxix.</span> <span class='ocrx_word' id='word_1_476' title='bbox 2417 3784 2472 3837; x_wconf 85' lang='lat'>4.</span> 
     </span>
    </p>

    <p class='ocr_par' dir='ltr' id='par_1_5' title="bbox 493 3858 2906 4655">
     <span class='ocr_line' id='line_1_45' title="bbox 575 3858 2906 3934; baseline -0.001 -15"><span class='ocrx_word' id='word_1_477' title='bbox 575 3861 823 3920; x_wconf 84' lang='lat' dir='ltr'>XXIV.</span> <span class='ocrx_word' id='word_1_478' title='bbox 870 3858 1147 3934; x_wconf 88' lang='lat' dir='ltr'>Quamvis</span> <span class='ocrx_word' id='word_1_479' title='bbox 1177 3878 1314 3916; x_wconf 85' lang='lat' dir='ltr'>vero</span> <span class='ocrx_word' id='word_1_480' title='bbox 1348 3858 1594 3934; x_wconf 87' lang='lat' dir='ltr'>Spiritus</span> <span class='ocrx_word' id='word_1_481' title='bbox 1629 3860 1872 3918; x_wconf 82' lang='lat' dir='ltr'>Sanctus</span> <span class='ocrx_word' id='word_1_482' title='bbox 1900 3880 2013 3917; x_wconf 93' lang='lat' dir='ltr'>non</span> <span class='ocrx_word' id='word_1_483' title='bbox 2045 3859 2412 3929; x_wconf 88' lang='lat' dir='ltr'>decrevisset,</span> <span class='ocrx_word' id='word_1_484' title='bbox 2445 3880 2549 3916; x_wconf 89' lang='lat' dir='ltr'>nec</span> <span class='ocrx_word' id='word_1_485' title='bbox 2582 3858 2906 3918; x_wconf 87' lang='lat' dir='ltr'>intenderet</span> 
     </span>
     <span class='ocr_line' id='line_1_46' title="bbox 493 3938 2902 4015; baseline -0.002 -15"><span class='ocrx_word' id='word_1_486' title='bbox 493 3964 592 4001; x_wconf 88' lang='lat' dir='ltr'>eos</span> <span class='ocrx_word' id='word_1_487' title='bbox 615 3949 986 4012; x_wconf 88' lang='lat' dir='ltr'>convertere;</span> <span class='ocrx_word' id='word_1_488' title='bbox 1032 3959 1147 3996; x_wconf 92' lang='lat' dir='ltr'>non</span> <span class='ocrx_word' id='word_1_489' title='bbox 1191 3938 1382 3996; x_wconf 89' lang='lat' dir='ltr'>minus</span> <span class='ocrx_word' id='word_1_490' title='bbox 1427 3948 1618 3997; x_wconf 87' lang='lat' dir='ltr'>tamen</span> <span class='ocrx_word' id='word_1_491' title='bbox 1663 3939 1778 3997; x_wconf 91' lang='lat' dir='ltr'>dici</span> <span class='ocrx_word' id='word_1_492' title='bbox 1826 3950 2066 4015; x_wconf 87' lang='lat' dir='ltr'>possunt</span> <span class='ocrx_word' id='word_1_493' title='bbox 2099 3940 2337 4015; x_wconf 87' lang='lat' dir='ltr'>Spiritui</span> <span class='ocrx_word' id='word_1_494' title='bbox 2370 3940 2429 3997; x_wconf 83' lang='lat' dir='ltr'>S.</span> <span class='ocrx_word' id='word_1_495' title='bbox 2458 3940 2754 4011; x_wconf 84' lang='lat' dir='ltr'>restitisse,</span> <span class='ocrx_word' id='word_1_496' title='bbox 2786 3958 2902 3995; x_wconf 89' lang='lat' dir='ltr'>non</span> 
     </span>
     <span class='ocr_line' id='line_1_47' title="bbox 493 4018 2903 4100; baseline -0.002 -21"><span class='ocrx_word' id='word_1_497' title='bbox 493 4023 725 4100; x_wconf 86' lang='lat' dir='ltr'>quidem</span> <span class='ocrx_word' id='word_1_498' title='bbox 757 4020 1188 4079; x_wconf 87' lang='lat' dir='ltr'>conversionem</span> <span class='ocrx_word' id='word_1_499' title='bbox 1214 4019 1549 4092; x_wconf 90' lang='lat' dir='ltr'>intendenti,</span> <span class='ocrx_word' id='word_1_500' title='bbox 1576 4019 1679 4077; x_wconf 90' lang='lat' dir='ltr'>sed</span> <span class='ocrx_word' id='word_1_501' title='bbox 1709 4020 1955 4077; x_wconf 86' lang='lat' dir='ltr'>officium</span> <span class='ocrx_word' id='word_1_502' title='bbox 1986 4019 2395 4095; x_wconf 71' lang='lat' dir='ltr'>praescribenti,</span> <span class='ocrx_word' id='word_1_503' title='bbox 2428 4028 2485 4077; x_wconf 88' lang='lat' dir='ltr'>et</span> <span class='ocrx_word' id='word_1_504' title='bbox 2514 4019 2667 4075; x_wconf 85' lang='lat' dir='ltr'>viam</span> <span class='ocrx_word' id='word_1_505' title='bbox 2699 4018 2903 4076; x_wconf 85' lang='lat' dir='ltr'>salutis</span> 
     </span>
     <span class='ocr_line' id='line_1_48' title="bbox 495 4097 2901 4174; baseline -0.004 -12"><span class='ocrx_word' id='word_1_506' title='bbox 495 4102 837 4171; x_wconf 88' lang='lat' dir='ltr'>ostendenti,</span> <span class='ocrx_word' id='word_1_507' title='bbox 869 4121 935 4157; x_wconf 89' lang='lat' dir='ltr'>ac</span> <span class='ocrx_word' id='word_1_508' title='bbox 965 4108 1203 4158; x_wconf 84' lang='lat' dir='ltr'>externa</span> <span class='ocrx_word' id='word_1_509' title='bbox 1231 4100 1422 4156; x_wconf 90' lang='lat' dir='ltr'>omnia</span> <span class='ocrx_word' id='word_1_510' title='bbox 1450 4099 1640 4156; x_wconf 86' lang='lat' dir='ltr'>media</span> <span class='ocrx_word' id='word_1_511' title='bbox 1661 4099 1972 4170; x_wconf 86' lang='lat' dir='ltr'>adhibenti,</span> <span class='ocrx_word' id='word_1_512' title='bbox 2005 4119 2134 4174; x_wconf 85' lang='lat' dir='ltr'>quae</span> <span class='ocrx_word' id='word_1_513' title='bbox 2163 4099 2484 4157; x_wconf 85' lang='lat' dir='ltr'>necessaria</span> <span class='ocrx_word' id='word_1_514' title='bbox 2524 4109 2689 4156; x_wconf 87' lang='lat' dir='ltr'>erant</span> <span class='ocrx_word' id='word_1_515' title='bbox 2714 4098 2788 4154; x_wconf 86' lang='lat' dir='ltr'>ad</span> <span class='ocrx_word' id='word_1_516' title='bbox 2816 4097 2901 4174; x_wconf 86' lang='lat' dir='ltr'>ip-</span> 
     </span>
     <span class='ocr_line' id='line_1_49' title="bbox 494 4177 2902 4254; baseline -0.003 -14"><span class='ocrx_word' id='word_1_517' title='bbox 494 4202 686 4240; x_wconf 88' lang='lat' dir='ltr'>sorum</span> <span class='ocrx_word' id='word_1_518' title='bbox 729 4179 1182 4240; x_wconf 87' lang='lat' dir='ltr'>conversionem.</span> <span class='ocrx_word' id='word_1_519' title='bbox 1269 4179 1640 4237; x_wconf 87' lang='lat' dir='ltr'>Resistebant</span> <span class='ocrx_word' id='word_1_520' title='bbox 1688 4198 1827 4253; x_wconf 84' lang='lat' dir='ltr'>ergo</span> <span class='ocrx_word' id='word_1_521' title='bbox 1870 4179 2152 4237; x_wconf 87' lang='lat' dir='ltr'>voluntati</span> <span class='ocrx_word' id='word_1_522' title='bbox 2195 4179 2483 4253; x_wconf 72' lang='lat' dir='ltr'>revelatae,</span> <span class='ocrx_word' id='word_1_523' title='bbox 2529 4198 2658 4254; x_wconf 84' lang='lat' dir='ltr'>quae</span> <span class='ocrx_word' id='word_1_524' title='bbox 2699 4177 2902 4253; x_wconf 85' lang='lat' dir='ltr'>regula</span> 
     </span>
     <span class='ocr_line' id='line_1_50' title="bbox 494 4258 2898 4335; baseline -0.002 -15"><span class='ocrx_word' id='word_1_525' title='bbox 494 4271 583 4321; x_wconf 85' lang='lat' dir='ltr'>est</span> <span class='ocrx_word' id='word_1_526' title='bbox 625 4261 812 4334; x_wconf 85' lang='lat' dir='ltr'>officii,</span> <span class='ocrx_word' id='word_1_527' title='bbox 859 4280 972 4316; x_wconf 90' lang='lat' dir='ltr'>non</span> <span class='ocrx_word' id='word_1_528' title='bbox 1015 4278 1255 4329; x_wconf 60' lang='lat' dir='ltr'>arcanae,</span> <span class='ocrx_word' id='word_1_529' title='bbox 1300 4278 1429 4334; x_wconf 83' lang='lat' dir='ltr'>quae</span> <span class='ocrx_word' id='word_1_530' title='bbox 1472 4268 1715 4317; x_wconf 87' lang='lat' dir='ltr'>eventus</span> <span class='ocrx_word' id='word_1_531' title='bbox 1758 4258 2028 4316; x_wconf 88' lang='lat' dir='ltr'>decernit.</span> <span class='ocrx_word' id='word_1_532' title='bbox 2117 4259 2237 4317; x_wconf 86' lang='lat' dir='ltr'>Nec</span> <span class='ocrx_word' id='word_1_533' title='bbox 2267 4259 2314 4316; x_wconf 91' lang='lat' dir='ltr'>si</span> <span class='ocrx_word' id='word_1_534' title='bbox 2345 4279 2459 4316; x_wconf 91' lang='lat' dir='ltr'>non</span> <span class='ocrx_word' id='word_1_535' title='bbox 2487 4268 2752 4335; x_wconf 88' lang='lat' dir='ltr'>poterant</span> <span class='ocrx_word' id='word_1_536' title='bbox 2779 4277 2898 4315; x_wconf 83' lang='lat' dir='ltr'>cre·</span> 
     </span>
     <span class='ocr_line' id='line_1_51' title="bbox 495 4337 2896 4415; baseline -0.002 -17"><span class='ocrx_word' id='word_1_537' title='bbox 495 4340 629 4398; x_wconf 88' lang='lat' dir='ltr'>dere</span> <span class='ocrx_word' id='word_1_538' title='bbox 674 4341 798 4399; x_wconf 87' lang='lat' dir='ltr'>sine</span> <span class='ocrx_word' id='word_1_539' title='bbox 842 4337 1076 4415; x_wconf 83' lang='lat' dir='ltr'>speciali</span> <span class='ocrx_word' id='word_1_540' title='bbox 1121 4338 1306 4412; x_wconf 85' lang='lat' dir='ltr'>gratia</span> <span class='ocrx_word' id='word_1_541' title='bbox 1352 4339 1598 4415; x_wconf 85' lang='lat' dir='ltr'>Spiritus</span> <span class='ocrx_word' id='word_1_542' title='bbox 1646 4337 1841 4397; x_wconf 86' lang='lat' dir='ltr'>Sancti</span> <span class='ocrx_word' id='word_1_543' title='bbox 1884 4357 2011 4413; x_wconf 76' lang='lat' dir='ltr'>quae</span> <span class='ocrx_word' id='word_1_544' title='bbox 2055 4339 2170 4396; x_wconf 89' lang='lat' dir='ltr'>illis</span> <span class='ocrx_word' id='word_1_545' title='bbox 2213 4338 2496 4415; x_wconf 86' lang='lat' dir='ltr'>denegata</span> <span class='ocrx_word' id='word_1_546' title='bbox 2537 4347 2675 4410; x_wconf 88' lang='lat' dir='ltr'>erat,</span> <span class='ocrx_word' id='word_1_547' title='bbox 2709 4337 2896 4413; x_wconf 88' lang='lat' dir='ltr'>sequi-</span> 
     </span>
     <span class='ocr_line' id='line_1_52' title="bbox 496 4416 2895 4494; baseline -0.002 -17"><span class='ocrx_word' id='word_1_548' title='bbox 496 4430 605 4490; x_wconf 90' lang='lat' dir='ltr'>tur,</span> <span class='ocrx_word' id='word_1_549' title='bbox 657 4422 840 4477; x_wconf 86' lang='lat' dir='ltr'>Deum</span> <span class='ocrx_word' id='word_1_550' title='bbox 885 4439 1001 4476; x_wconf 85' lang='lat' dir='ltr'>non</span> <span class='ocrx_word' id='word_1_551' title='bbox 1045 4437 1214 4493; x_wconf 88' lang='lat' dir='ltr'>posse</span> <span class='ocrx_word' id='word_1_552' title='bbox 1249 4418 1406 4493; x_wconf 88' lang='lat' dir='ltr'>juste</span> <span class='ocrx_word' id='word_1_553' title='bbox 1450 4419 1721 4494; x_wconf 87' lang='lat' dir='ltr'>conqueri</span> <span class='ocrx_word' id='word_1_554' title='bbox 1752 4417 1823 4475; x_wconf 88' lang='lat' dir='ltr'>de</span> <span class='ocrx_word' id='word_1_555' title='bbox 1854 4437 2049 4475; x_wconf 86' lang='lat' dir='ltr'>eorum</span> <span class='ocrx_word' id='word_1_556' title='bbox 2093 4419 2471 4477; x_wconf 87' lang='lat' dir='ltr'>contumacia.</span> <span class='ocrx_word' id='word_1_557' title='bbox 2522 4422 2570 4475; x_wconf 92' lang='lat' dir='ltr'>l.</span> <span class='ocrx_word' id='word_1_558' title='bbox 2603 4416 2751 4490; x_wconf 87' lang='lat' dir='ltr'>Quia</span> <span class='ocrx_word' id='word_1_559' title='bbox 2792 4436 2895 4493; x_wconf 91' lang='lat' dir='ltr'>po·</span> 
     </span>
     <span class='ocr_line' id='line_1_53' title="bbox 495 4496 2897 4574; baseline -0.001 -18"><span class='ocrx_word' id='word_1_560' title='bbox 495 4508 682 4556; x_wconf 86' lang='lat' dir='ltr'>terant</span> <span class='ocrx_word' id='word_1_561' title='bbox 745 4519 850 4556; x_wconf 88' lang='lat' dir='ltr'>nec</span> <span class='ocrx_word' id='word_1_562' title='bbox 892 4498 1065 4555; x_wconf 87' lang='lat' dir='ltr'>talem</span> <span class='ocrx_word' id='word_1_563' title='bbox 1106 4516 1213 4554; x_wconf 89' lang='lat' dir='ltr'>nec</span> <span class='ocrx_word' id='word_1_564' title='bbox 1276 4506 1490 4554; x_wconf 87' lang='lat' dir='ltr'>tantam</span> <span class='ocrx_word' id='word_1_565' title='bbox 1556 4496 1937 4556; x_wconf 87' lang='lat' dir='ltr'>resistentiam</span> <span class='ocrx_word' id='word_1_566' title='bbox 1968 4518 2253 4574; x_wconf 87' lang='lat' dir='ltr'>opponere</span> <span class='ocrx_word' id='word_1_567' title='bbox 2302 4498 2539 4574; x_wconf 84' lang='lat' dir='ltr'>Spiritui</span> <span class='ocrx_word' id='word_1_568' title='bbox 2584 4498 2795 4555; x_wconf 86' lang='lat' dir='ltr'>Sancto</span> <span class='ocrx_word' id='word_1_569' title='bbox 2838 4497 2897 4553; x_wconf 90' lang='lat' dir='ltr'>in</span> 
     </span>
     <span class='ocr_line' id='line_1_54' title="bbox 499 4576 2895 4655; baseline -0.002 -19"><span class='ocrx_word' id='word_1_570' title='bbox 499 4577 804 4655; x_wconf 82' lang='lat' dir='ltr'>Prophetis</span> <span class='ocrx_word' id='word_1_571' title='bbox 847 4576 1121 4653; x_wconf 88' lang='lat' dir='ltr'>loquenti,</span> <span class='ocrx_word' id='word_1_572' title='bbox 1168 4577 1394 4653; x_wconf 82' lang='lat' dir='ltr'>qualem</span> <span class='ocrx_word' id='word_1_573' title='bbox 1426 4587 1482 4634; x_wconf 87' lang='lat' dir='ltr'>et</span> <span class='ocrx_word' id='word_1_574' title='bbox 1525 4588 1796 4654; x_wconf 86' lang='lat' dir='ltr'>quantam</span> <span class='ocrx_word' id='word_1_575' title='bbox 1829 4588 2237 4654; x_wconf 88' lang='lat' dir='ltr'>opposuerunt.</span> <span class='ocrx_word' id='word_1_576' title='bbox 2283 4582 2337 4634; x_wconf 79' lang='lat'>2.</span> <span class='ocrx_word' id='word_1_577' title='bbox 2372 4578 2520 4651; x_wconf 88' lang='lat' dir='ltr'>Quia</span> <span class='ocrx_word' id='word_1_578' title='bbox 2550 4576 2895 4634; x_wconf 85' lang='lat' dir='ltr'>tenebantur</span> 
     </span>
    </p>
   </div>
   <div class='ocr_carea' id='block_1_3' title="bbox 555 2560 906 2663">
    <p class='ocr_par' dir='ltr' id='par_1_6' title="bbox 555 2560 906 2663">
     <span class='ocr_line' id='line_1_55' title="bbox 555 2560 906 2607; baseline -0.009 0"><span class='ocrx_word' id='word_1_579' title='bbox 555 2563 606 2607; x_wconf 73' lang='lat' dir='ltr'>F«</span> <span class='ocrx_word' id='word_1_580' title='bbox 627 2566 737 2604; x_wconf 82' lang='lat' dir='ltr'>ntes</span> <span class='ocrx_word' id='word_1_581' title='bbox 769 2560 906 2605; x_wconf 87' lang='lat' dir='ltr'>Solu-</span> 
     </span>
     <span class='ocr_line' id='line_1_56' title="bbox 633 2621 838 2663; baseline -0.005 0"><span class='ocrx_word' id='word_1_582' title='bbox 633 2621 838 2663; x_wconf 80' lang='lat' dir='ltr'>tionum.</span> 
     </span>
    </p>
   </div>
  </div>
 </body>
</html>
