3221 5200
328 319 551 369 Qum.
582 298 786 381 nna]
1343 317 1422 358 nn
1451 318 1604 360 neon
1634 318 1754 358 nal.
2624 304 2737 362 135

930 459 1156 519 XXII.
1203 459 1275 516 In
1330 479 1569 518 censum
1627 460 2009 519 Personarum
2067 479 2357 520 sacrarum
2412 460 2735 522 reseruntur

847 539 1024 598 etiam
1062 539 1335 614 Naziroei,
1387 539 1526 599 licet
1565 560 1731 599 sacra
1770 559 1887 598 non
1928 540 2295 618 attingerent,
2339 561 2583 618 quorum
2632 542 2731 601 alii

324 619 500 696 υοιὲυί,
530 619 605 678 de
634 619 846 696 quibus
875 620 1049 679 Num.
1079 620 1178 694 vi.,
1210 619 1310 677 alii
1336 619 1475 694 nati,
1506 628 1566 679 et
1593 620 1874 680 divinitus
1907 620 2187 699 imperati,
2234 630 2297 681 ut
2330 621 2589 697 Samson,
2626 621 2729 681 Sa-

322 699 491 775 muel,
522 699 565 759 J
570 700 666 759 oh.
690 700 985 776 Baptista3
1028 719 1276 777 quorum
1302 699 1608 777 peculiaris
1637 701 2016 759 sanctimonia
2042 701 2353 778 perfectam
2385 701 2595 760 Christi
2624 721 2728 780 pu·

323 779 568 855 ritatem,
614 779 714 856 qui
755 800 929 839 verus
970 780 1081 838 Dei
1120 803 1210 840 *ma
1253 779 1379 855 fuit,
1425 781 1879 840 antonomastice
1921 782 2072 856 talis,
2117 782 2190 841 ab
2219 781 2348 839 aliis
2381 783 2724 862 ἄφορα-μένος,

319 859 661 918 adumbrare
688 859 907 935 debuit,
938 860 999 918 in
1027 880 1143 937 quo
1171 879 1308 918 vere
1326 859 1776 938 deprehenditur
1792 861 1928 920 etin
1955 862 2249 939 mysterio,
2280 862 2436 938 quod
2463 863 2523 919 iu
2554 864 2726 922 Nazi-

321 939 449 997 raeis
476 939 671 1016 quoad
712 940 938 998 literam
979 940 1332 1015 occurrebat,
1378 940 1662 1018 siquidem
1705 941 1778 999 ab
1812 942 2080 1001 omnibus
2121 941 2388 1001 sordibus
2428 941 2726 1018 abstinuit,

320 1038 450 1095 quae
477 1028 745 1096 poterant
773 1020 1138 1079 sanctitatem
1167 1020 1295 1097 ejus
1335 1019 1810 1096 perfectissimam
1838 1021 2088 1098 inficere,
2134 1042 2252 1081 non
2279 1021 2728 1084 communicavit

318 1099 592 1176 operibus
618 1100 862 1158 mortuis
889 1101 1130 1178 peccati,
1162 1109 1221 1159 et
1247 1099 1371 1159 vita
1397 1100 1526 1178 ejus
1557 1110 1898 1178 perpetuum
1927 1102 2039 1161 fuit
2066 1102 2394 1161 sobrietatis
2422 1110 2481 1159 et
2508 1109 2725 1179 tempe-

315 1179 519 1237 rantiae
548 1187 608 1237 et
635 1180 889 1238 omnium
918 1180 1161 1239 aliarum
1188 1179 1470 1239 virtutum
1497 1182 1811 1258 exemplar.
1896 1182 1974 1240 Et
2014 1183 2239 1240 muneri
2272 1202 2378 1241 suo
2406 1189 2567 1241 tanto
2595 1201 2728 1242 cum

314 1259 441 1318 zelo
468 1259 750 1335 incubuit,
783 1270 849 1320 ut
873 1259 1193 1338 praetulerit
1219 1259 1367 1318 illud
1394 1259 1662 1318 omnibus
1691 1261 1985 1321 affinitatis
2012 1261 2233 1321 officiis.

923 1340 1183 1397 XXIII.
1225 1342 1342 1398 Res
1360 1360 1541 1398 sacrae
1561 1350 1741 1416 erant,
1766 1362 1896 1418 quae
1915 1342 2171 1419 profanis
2198 1341 2400 1401 usibus
2422 1350 2724 1420 exemptae,

842 1439 910 1478 ac
927 1420 1126 1478 Verbo
1150 1420 1261 1478 Dei
1290 1419 1678 1494 sanctificatae,
1702 1422 1880 1480 sacris
1898 1422 2101 1489 usibus
2122 1421 2575 1498 destinabantur,
2596 1443 2726 1500 quae

842 1509 1007 1559 erant
1032 1500 1320 1575 Danao-ia,
1350 1500 1450 1558 vel
1474 1501 1788 1580 Sacrzficia.
1853 1502 1966 1560 Illa
1987 1511 2151 1561 erant
2184 1502 2506 1562 oblationes
2534 1523 2725 1561 rerum

311 1575 776 1652 inanimatamm,
807 1599 938 1656 quae
957 1599 1033 1638 ex
1053 1590 1206 1638 terra
1232 1588 1382 1639 natae
1411 1580 1634 1638 homini
1653 1582 1750 1640 vel
1776 1581 2111 1641 alimentum
2139 1582 2215 1641 ad
2241 1583 2441 1657 vitam,
2465 1583 2559 1641 vel
2590 1603 2724 1642 con-

311 1654 637 1715 dimentum
658 1657 735 1715 ad
754 1659 1120 1736 hilaritatem,
1144 1660 1240 1718 vel
1262 1659 1743 1720 medicamentum
1767 1661 1843 1720 ad
1864 1662 2167 1721 sanitatem
2191 1662 2722 1722 subministrabant.

314 1735 412 1793 Ex
433 1736 620 1813 primo
638 1757 848 1814 genere
870 1741 1036 1817 panis
1057 1749 1116 1799 et
1133 1740 1350 1815 vinum,
1370 1761 1447 1799 ex
1468 1741 1651 1799 altero
1671 1741 1862 1800 oleum
1885 1750 1944 1801 et
1965 1742 2067 1816 sal,
2087 1762 2163 1800 ex
2186 1742 2354 1800 tertio
2371 1742 2505 1800 thus
2520 1741 2723 1799 offere-

313 1815 503 1890 batur,
524 1818 736 1894 quibus
754 1830 875 1879 tum
896 1820 1111 1879 Christi
1132 1820 1193 1877 in
1210 1840 1316 1878 nos
1333 1821 1614 1879 beneficia
1629 1830 1689 1880 et
1713 1821 1961 1898 Spiritus
1976 1821 2323 1880 charismata
2338 1821 2724 1896 designaban-

310 1904 426 1971 tur,
450 1906 576 1954 tum
603 1907 863 1959 nostrum
884 1920 1024 1977 erga
1047 1901 1237 1958 Deum
1266 1899 1515 1959 officium
1536 1909 1595 1959 et
1618 1902 1769 1976 grati
1790 1903 1966 1960 animi
1987 1900 2333 1976 testificatio,
2361 1900 2537 1958 Mala.
2562 1900 2600 1959 i.
2628 1904 2721 1960 11.

917 1980 1169 2039 XXIV.
1211 1981 1508 2059 Sacrg’ficia
1534 1981 1897 2058 potissimum
1925 1982 2040 2041 huc
2066 1980 2371 2058 pertinent,
2403 1999 2532 2056 quae
2561 1999 2721 2057 mag-

835 2079 970 2117 nam
996 2070 1220 2137 partem
1250 2061 1427 2137 Legis
1449 2061 1863 2120 caeremoniffls
1883 2061 2119 2121 faciunt.
2205 2061 2337 2118 Non
2365 2059 2521 2136 quod
2554 2069 2725 2120 antea

307 2132 528 2194 fuerint
565 2135 764 2196 liberae
804 2141 1211 2216 usurpationiS,
1249 2160 1378 2216 quae
1420 2141 1713 2217 potuerint
1751 2142 1846 2199 vel
1875 2141 2065 2200 offerri
2092 2141 2190 2199 vel
2223 2160 2339 2198 non
2373 2138 2561 2198 offerri
2598 2140 2722 2208 sine

305 2214 496 2273 debiti
532 2216 724 2276 cultus
765 2220 1052 2296 neglectu,
1083 2228 1148 2279 ut
1186 2219 1420 2296 quidam
1460 2220 1711 2296 vellent3
1752 2223 2087 2299 praescripta
2113 2221 2266 2280 enim
2293 2241 2330 2278 a
2360 2220 2486 2278 Deo
2524 2219 2719 2296 fuisse,

309 2294 513 2354 velex
542 2315 613 2354 eo
651 2299 792 2358 satis
831 2319 1116 2377 superque
1154 2299 1464 2376 colligitur,
1506 2300 1665 2376 quod
1694 2301 1848 2360 Abel
1863 2303 1989 2381 fide
2022 2302 2278 2360 obtulisse
2307 2300 2532 2376 dicitur,
2566 2300 2721 2358 Heb.

307 2374 394 2432 xi.
436 2379 493 2450 4,
537 2376 684 2436 fides
735 2388 927 2439 autem
979 2380 1184 2439 nititur
1224 2380 1423 2439 Verbo
1467 2379 1596 2454 Dei,
1651 2389 1710 2439 et
1761 2382 1918 2457 quod
1960 2384 2117 2439 Deus
2169 2380 2534 2440 testimonium
2579 2380 2720 2438 dici-

307 2463 406 2514 tur
447 2456 810 2532 perhibuisse
857 2461 986 2519 istis
1034 2459 1346 2535 sacrificiis,
1397 2459 1480 2518 ita
1515 2460 1782 2519 testando
1826 2482 1897 2520 ea
1930 2461 2041 2520 sibi
2081 2470 2249 2538 grata
2293 2480 2452 2519 esse:
2536 2459 2623 2518 At
2663 2459 2723 2518 in

306 2536 548 2612 negotio
586 2539 883 2618 religionis
919 2540 1064 2597 nihil
1109 2540 1221 2618 ipsi
1267 2541 1475 2619 placet,
1515 2540 1631 2598 nisi
1672 2541 1828 2618 quod
1865 2542 1988 2621 ipse
2018 2542 2213 2621 jussit,
2254 2548 2312 2600 et
2347 2539 2537 2598 omnis
2571 2542 2721 2598 ἔθιλι-

305 2618 532 2697 οςηαιία
559 2618 881 2698 damnatur,
907 2622 1030 2680 Col.
1053 2621 1111 2679 ii.
1132 2625 1230 2680 23.
1319 2621 1437 2680 Sed
1463 2622 1675 2682 clarius
1703 2632 1762 2682 et
1789 2624 2082 2683 solennius
2108 2631 2387 2682 renovata
2415 2630 2504 2680 est
2525 2643 2723 2681 eorum

306 2698 599 2757 institutio
625 2720 729 2777 per
757 2702 1002 2761 Mosem.
1084 2702 1380 2781 Sacrificia
1413 2711 1606 2761 autem
1635 2713 1799 2763 erant
1824 2704 2074 2763 victimae
2102 2723 2293 2762 rerum
2320 2702 2719 2778 animatamm‚

306 2797 347 2835 a
375 2777 534 2836 fideli
561 2781 851 2857 exhibitae,
883 2792 942 2841 et
968 2802 1072 2860 per
1102 2781 1472 2841 Sacerdotem
1504 2784 1632 2842 Deo
1660 2784 1885 2858 oblatae,
1924 2786 2099 2863 juxta
2127 2785 2271 2843 ritus
2312 2783 2388 2843 ab
2421 2782 2548 2860 ipso
2576 2801 2721 2860 prae-

307 2859 596 2936 scriptos;
650 2881 891 2938 quarum
929 2861 1232 2939 integritas
1271 2870 1330 2921 et
1366 2865 1650 2943 ὅλαληςίκ,
1695 2873 1761 2923 ut
1801 2865 2090 2924 Christum
2130 2884 2345 2942 agnum
2388 2862 2723 2921 immacula-

305 2946 437 2996 tum
479 2940 859 3017 significabat,
904 2951 963 3001 et
1004 2962 1244 3020 scopum
1284 2944 1653 3019 perfectionis
1694 2944 1769 3001 ad
1803 2964 1975 3020 quem
2009 2945 2069 3002 in
2102 2945 2211 3002 hac
2250 2944 2373 3002 vita
2407 2943 2718 3001 collinean-

307 3017 453 3075 dum
480 3029 587 3095 est,
630 3022 713 3079 ita
747 3022 964 3081 oblatio
1013 3042 1209 3081 earum
1242 3022 1456 3080 Christi
1490 3023 1676 3098 primo
1716 3023 2059 3082 sacrificium
2095 3044 2197 3100 pro
2236 3023 2405 3081 nobis
2441 3022 2716 3098 oblatum,

303 3098 520 3157 deinde
561 3110 817 3160 nostram
860 3103 1034 3161 etiam
1078 3104 1281 3173 λογιιὲυ
1330 3105 1562 3181 λατςιίιν
1612 3101 1972 3179 designabat.
2058 3103 2276 3160 Eorum
2325 3100 2456 3159 duae
2498 3100 2721 3177 species

303 3180 613 3257 praecipuae
654 3190 833 3241 erant.
917 3182 1056 3241 Alia
1090 3183 1243 3241 enim
1278 3194 1441 3238 erant
1473 3183 1731 3238 Iu'lastica
1764 3201 1867 3239 seu
1899 3180 2293 3258 propitiatoria
2326 3200 2431 3257 pro
2466 3180 2720 3255 peccatis

304 3261 649 3336 commissis,
681 3282 809 3339 quae
839 3262 1182 3321 sacrificium
1210 3260 1594 3338 expiatorium
1626 3260 1836 3319 Christi
1866 3279 1970 3336 pro
1999 3259 2167 3317 nobis
2195 3260 2257 3317 in
2285 3278 2452 3318 cruce
2480 3264 2544 3323 εἰς
2571 3260 2719 3334 zeph,

302 3337 505 3406 abach.
534 3341 791 3401 oblatum
818 3342 895 3401 ad
922 3341 1310 3419 expiationem
1331 3348 1696 3417 peccatorum
1727 3348 2072 3414 nostrorum,
2105 3339 2318 3416 Ephes.
2343 3360 2400 3398 v.
2426 3343 2480 3413 2,
2506 3349 2565 3397 et
2585 3359 2718 3398 nos·

302 3422 382 3479 tri
409 3434 470 3480 et
497 3422 752 3498 corporis
770 3431 828 3481 et
843 3423 1020 3480 animi
1038 3421 1526 3480 consecrationem
1543 3419 1605 3477 in
1625 3420 1853 3478 Christo
1874 3419 2033 3478 Patri
2050 3419 2259 3478 factam
2277 3419 2718 3495 adumbrabant,

304 3500 479 3560 Rom.
534 3502 639 3561 xii.
678 3506 707 3560 1
736 3524 751 3578 3
797 3503 936 3561 Alia
968 3502 1367 3560 Eucharistica
1407 3520 1510 3578 pro
1552 3499 1847 3558 beneficiis
1887 3500 1985 3559 vel
2026 3500 2268 3577 speratis
2308 3500 2406 3559 vel
2444 3500 2714 3577 acceptiS,

299 3598 436 3657 quse
466 3590 632 3640 erant
657 3582 785 3660 typi
814 3582 1196 3661 spiritualium
1225 3601 1460 3658 precum
1489 3588 1548 3639 et
1584 3580 1822 3639 laudum
1853 3580 2260 3640 sacrificiorum
2301 3582 2427 3639 Deo
2456 3581 2717 3657 quotidie

299 3660 746 3738 offerendorum,
767 3671 827 3721 et
842 3662 1235 3722 beneficentiae
1263 3681 1403 3738 erga
1428 3660 1758 3738 proximum
1786 3660 2140 3736 exercendas,
2165 3661 2317 3720 Heb.
2341 3660 2464 3719 xiii.
2500 3663 2591 3736 15,
2621 3664 2715 3720 16.

389 3740 608 3798 XXV.
651 3743 1003 3822 Sacrificium
1029 3741 1340 3819 aliquando
1370 3743 1481 3799 lale
1509 3740 1756 3800 sumitur
1782 3761 1886 3817 pro
1907 3741 2167 3818 qualibet
2192 3741 2415 3799 actione
2444 3740 2720 3816 religiosa

301 3838 340 3877 a
365 3820 493 3878 Deo
514 3820 796 3897 instituta,
826 3831 892 3882 ut
912 3824 966 3882 ei
986 3831 1184 3881 nostra
1204 3820 1511 3880 offeramus
1539 3820 1615 3878 ad
1643 3820 1825 3897 ipsius
1843 3820 2104 3897 gloriam,
2136 3830 2195 3880 et
2216 3828 2413 3878 sancta
2441 3820 2718 3878 societate

302 3899 393 3958 illi
422 3901 638 3960 arctius
671 3903 1023 3978 copulemur.
1108 3903 1188 3960 Et
1215 3921 1283 3960 eo
1319 3920 1493 3959 sensu
1519 3899 1710 3977 potuit
1736 3900 1927 3958 locum
1962 3900 2174 3957 habere
2208 3899 2379 3957 etiam
2413 3905 2547 3956 ante
2582 3917 2716 3974 pec·

303 3988 517 4054 catum,
550 3990 609 4040 et
635 3981 768 4040 finis
795 3982 904 4041 fuit
931 3981 1228 4057 testandae,
1265 3979 1660 4057 obsignandas,
1705 3978 2132 4053 conservandae,
2164 3988 2223 4038 et
2249 3977 2531 4054 augendae
2559 3997 2715 4035 com-

301 4061 599 4120 munionis
627 4081 760 4120 eum
791 4064 935 4138 Deo,
979 4061 1210 4119 homine
1245 4060 1462 4137 gratias
1496 4068 1724 4137 agente,
1768 4066 2006 4135 accepta
2032 4058 2225 4116 omnia
2251 4056 2487 4131 serente,
2523 4065 2583 4115 et
2612 4076 2719 4116 sua

302 4141 502 4199 omnia
528 4151 973 4219 repraesentante
1003 4149 1061 4200 et
1095 4141 1332 4200 sistente
1363 4141 1490 4199 Deo
1524 4139 1600 4197 ad
1629 4139 1781 4216 grati
1813 4138 1989 4197 animi
2015 4137 2423 4212 testimonium,
2455 4145 2515 4194 et
2541 4135 2717 4195 bene-

304 4220 568 4280 ficiorum
596 4222 809 4298 quibus
837 4223 1026 4281 adhuc
1054 4230 1186 4297 eget
1214 4220 1699 4279 consecutionem.
1787 4217 1904 4277 Sed
1942 4218 2129 4276 stricte
2161 4224 2323 4275 notat
2364 4215 2715 4275 oblationem
2762 4244 2767 4249 ·

302 4312 366 4361 et
401 4301 809 4361 mactationem
846 4302 1098 4361 victimae
1135 4300 1211 4358 ad
1237 4299 1460 4377 peccati
1494 4298 1889 4375 expiationem
1921 4317 2024 4375 per
2056 4297 2181 4374 ejus
2213 4297 2618 4371 κίμωχνσίω
2659 4306 2718 4356 et

306 4389 590 4456 mortem;
637 4381 716 4440 Et
748 4383 830 4440 ita
869 4390 1001 4459 post
1040 4390 1341 4458 peccatum
1383 4387 1607 4438 tantum
1640 4378 1833 4436 locum
1872 4376 2085 4435 habere
2113 4377 2318 4453 potuit.
2403 4377 2552 4450 Quia
2585 4396 2718 4435 cum

307 4461 460 4519 mala
487 4462 673 4538 culpae
703 4469 761 4520 et
797 4481 1001 4539 poenae,
1045 4481 1148 4539 per
1184 4467 1485 4537 peccatum
1522 4458 1771 4531 invecta,
1814 4456 2140 4516 amolienda
2165 4464 2375 4530 essent,
2417 4464 2476 4514 et
2502 4455 2656 4515 bona
2682 4478 2719 4517 a

303 4540 519 4615 quibus
555 4541 730 4599 homo
758 4541 1054 4601 exciderat
1091 4538 1470 4620 procuranda,
1501 4557 1604 4616 per
1637 4536 1882 4615 justitias
1909 4535 2123 4595 divinas
2161 4535 2629 4614 satisfactionem,
2660 4544 2719 4596 et

308 4619 407 4678 irae
436 4619 620 4700 ipsius
647 4621 1048 4701 placationem,
1083 4619 1410 4682 necessario
1444 4617 1746 4696 sanguinis
1773 4616 1941 4697 fusio,
1984 4624 2043 4677 et
2075 4636 2231 4678 mors
2257 4617 2509 4680 victimae
2536 4617 2597 4675 in
2626 4637 2716 4677 sa-

446 505 679 552 Naziraei.

404 1404 503 1450 Res
535 1418 700 1451 sacras.

440 1462 672 1507 Donatia-

415 2021 680 2068 Sacriflcia.
697 2077 706 2083 .
