3221 5200
533 351 652 408 370
1232 363 1414 404 Locus
1444 361 1703 403 oremus
1733 362 2022 410 omarus.
2595 342 2854 425 [QUAEsr.
2886 363 2955 402 x.

534 527 707 585 quam
736 504 965 583 injuria,
997 504 1099 563 sed
1127 514 1191 563 ut
1211 506 1407 563 Judex
1453 513 1509 563 et
1530 506 1743 563 Rector
1789 504 2080 580 Universi,
2133 504 2208 562 ad
2251 523 2424 580 quem
2467 504 2653 562 solum
2701 503 2962 580 pertinet

535 608 721 666 poenae
746 585 999 659 inflictio,
1025 586 1123 643 vel
1150 605 1184 642 a
1204 604 1375 662 poena
1402 584 1685 660 liberatiO,
1711 585 1848 661 quia
1864 592 1927 642 ut
1946 593 2269 660 agnoscunt
2287 603 2487 642 omnes
2514 584 2557 643 J
2561 582 2957 657 urisconsulti,

538 670 649 725 hoc
672 674 897 725 tantum
926 673 1013 723 est
1037 665 1287 742 supremi
1330 665 1710 741 Magistratus
1750 674 1808 723 et
1834 690 1917 730 της
1969 662 2297 746 &nemenio-„5
2327 665 2556 737 ἔξουσίας.
2603 664 2769 722 Licet
2800 663 2960 721 enim

540 747 802 807 Creditor
829 746 1012 823 possit
1040 745 1298 804 debitum
1320 742 1603 820 repetere,
1625 753 1682 803 et
1712 745 1856 803 Pars
1886 744 2102 804 offensa
2123 747 2224 823 jus
2251 746 2461 803 habeat
2481 743 2812 822 postulandi
2841 763 2967 801 res-

538 827 884 900 titutionem,
917 833 975 884 et
1003 825 1198 883 damni
1227 826 1750 901 compensationem
1775 848 1789 902 ;
1836 825 1921 883 At
1942 834 2286 902 potestatem
2307 824 2572 901 cogendi,
2603 825 2698 882 vel
2725 843 2963 901 poenam

544 907 824 982 sumendi,
856 926 1025 964 nemo
1055 905 1167 963 nisi
1196 904 1414 978 Judex,
1446 905 1545 981 qui
1574 915 1663 964 est
1706 906 1765 962 in
1809 906 2158 964 authoritate
2205 906 2568 964 constitutus.
2655 903 2822 978 Quod
2851 904 2963 961 rite

542 989 637 1047 hic
665 987 977 1046 tenendum
1007 993 1209 1044 contra
1230 984 1637 1060 AdversariOS,
1658 1005 1900 1061 quorum
1930 986 2041 1043 hoc
2060 996 2149 1045 est
2177 990 2364 1066 πςῧτον
2394 983 2592 1059 ψεῦδος,
2646 985 2964 1042 Peccatum

542 1078 610 1127 ut
632 1068 879 1144 simplex
909 1065 1184 1140 debitum,
1217 1075 1274 1124 et
1305 1066 1494 1123 Deum
1523 1075 1588 1124 ut
1616 1085 1836 1123 merum
1868 1065 2219 1124 Creditorem
2263 1086 2389 1124 esse
2418 1067 2513 1124 hic
2563 1063 2962 1142 spectandum,

545 1148 644 1224 qui
674 1166 778 1224 pro
800 1144 1035 1204 arbitrio
1064 1146 1250 1222 possit
1277 1146 1375 1203 vel
1401 1165 1633 1221 poenam
1661 1145 1914 1221 exigere,
1946 1146 2042 1204 vel
2071 1147 2358 1205 remittere
2389 1145 2512 1204 sine
2553 1144 2963 1203 satisfactione.

549 1229 694 1286 Cum
724 1235 943 1285 certum
972 1226 1049 1284 sit
1075 1225 1170 1284 hic
1193 1226 1381 1283 Deum
1405 1226 1642 1284 induere
1664 1225 1830 1298 σχέσιν
1858 1227 1900 1284 J
1905 1225 2090 1284 udicis
2119 1235 2176 1284 et
2207 1226 2472 1285 Rectoris
2492 1225 2717 1300 Mundi,
2741 1224 2841 1300 qui
2863 1224 2966 1299 jus

547 1306 877 1384 Majestatis
900 1306 1161 1379 sustinet,
1194 1313 1252 1364 et
1281 1324 1341 1363 se
1373 1305 1686 1364 Custodem
1715 1314 1773 1365 et
1795 1306 2104 1364 Vindicem
2145 1306 2369 1383 Legum
2406 1305 2743 1383 profitetur3
2789 1312 2965 1379 atque

549 1387 694 1446 adeo
724 1388 838 1446 Jus
860 1386 1034 1444 habet
1063 1406 1180 1443 non
1202 1385 1407 1443 crediti
1437 1393 1679 1460 tantum,
1712 1395 1813 1444 aut
1843 1387 2115 1461 Dominii,
2148 1406 2263 1463 quo
2291 1386 2474 1463 possit
2501 1386 2587 1444 uti
2615 1386 2714 1443 vel
2739 1404 2856 1442 non
2879 1383 2967 1441 uti

549 1488 654 1546 pro
682 1467 873 1534 libitu,
903 1465 1006 1524 scd
1025 1467 1137 1524 Jus
1162 1466 1489 1542 ReyiminiS,
1523 1475 1580 1524 et
1608 1486 1811 1542 poenae,
1844 1466 2001 1543 quod
2029 1476 2117 1525 est
2134 1467 2392 1525 naturale
2415 1475 2473 1524 et
2495 1463 2967 1542 indispensabile.

632 1547 716 1605 X.
762 1547 982 1605 Verum
1015 1547 1110 1604 hic
1137 1565 1335 1604 rursus
1364 1566 1540 1621 paena
1568 1546 1710 1621 ipsa,
1743 1566 1915 1621 quam
1943 1546 1985 1604 J
1990 1546 2146 1605 udex
2194 1546 2395 1624 exigit,
2438 1544 2848 1623 distinguenda
2877 1552 2970 1602 est

549 1635 814 1687 accurate
843 1647 877 1684 a
896 1646 1081 1701 poenoe
1107 1629 1272 1684 modo
1300 1633 1358 1684 et
1378 1626 1821 1701 circumstantiis,
1841 1645 1948 1684 nec
1965 1626 2118 1684 enim
2141 1627 2341 1685 eadem
2364 1633 2453 1684 est
2471 1626 2772 1702 utriusque
2799 1624 2967 1681 ratio.

552 1708 702 1767 Nam
731 1706 889 1785 quod
907 1726 1137 1783 poenam
1166 1706 1351 1782 ipsam
1380 1714 1603 1782 spectat
1631 1707 1691 1763 in
1714 1726 1941 1782 genere,
1973 1707 2015 1765 J
2018 1727 2087 1765 us
2120 1707 2229 1765 Dei
2284 1707 2392 1765 hac
2420 1706 2480 1763 in
2501 1714 2662 1783 parte
2691 1705 2861 1782 plane
2882 1712 2973 1761 est

551 1786 1019 1865 indispensabile,
1050 1786 1351 1845 fundatum
1398 1786 1613 1863 quippe
1657 1787 1717 1843 in
1772 1785 1900 1863 ipsa
1933 1786 2163 1863 justitia
2206 1787 2334 1844 Dei.
2424 1786 2542 1845 Sed
2565 1785 2758 1862 quoad
2781 1804 2970 1861 poenae

550 1869 721 1928 istius
741 1867 977 1926 modum
1014 1874 1075 1926 et
1118 1867 1594 1942 circumstantiae,
1646 1874 1712 1925 ut
1756 1867 2024 1943 exigatur
2051 1888 2085 1924 a
2113 1867 2217 1925 tali
2243 1887 2504 1943 persona,
2537 1874 2596 1925 et
2642 1865 2746 1924 tali
2773 1864 2966 1936 mod0,

552 1969 668 2007 non
691 1957 780 2008 est
807 1947 1019 2026 pariter
1041 1946 1191 2023 juris
1219 1946 1515 2022 naturalis,
1548 1946 1653 2005 sed
1672 1946 1908 2023 positivi
1930 1955 1988 2005 et
2008 1948 2193 2022 liberi,
2226 1955 2416 2025 potest
2444 1947 2596 2005 enim
2618 1946 2714 2003 hic
2743 1946 2973 2003 ἔπιακιῶι

552 2029 816 2107 quaedam
839 2048 915 2086 ex
946 2027 1058 2085 Dei
1087 2026 1494 2104 sapientissimi
1537 2026 1796 2086 bonitate
1838 2026 2082 2103 admitti,
2115 2028 2209 2085 vel
2254 2036 2520 2104 respectu
2557 2026 2820 2102 temporis
2866 2044 2972 2102 per

552 2109 887 2168 dilationem
914 2127 1118 2184 poenae,
1163 2107 1260 2164 vel
1303 2115 1567 2184 respectu
1603 2109 1892 2182 graduum
1919 2127 2022 2184 per
2068 2107 2506 2184 mitigationem,
2564 2108 2662 2165 vel
2705 2114 2972 2183 respectu

543 2208 926 2265 personarum
952 2207 1055 2264 per
1083 2186 1567 2246 substitutionem.
1615 2186 1779 2247 Licet
1797 2187 1947 2245 enim
1970 2207 2215 2265 persona
2236 2208 2481 2264 peccans
2499 2187 2732 2244 omnino
2753 2204 2970 2243 merea·

552 2278 648 2328 tur
675 2288 921 2347 poenam,
943 2276 1001 2326 et
1017 2268 1175 2344 juste
1203 2267 1392 2344 puniri
1422 2267 1624 2344 possit,
1654 2287 1770 2325 non
1800 2275 1888 2326 est
1915 2276 2106 2326 tamen
2152 2268 2234 2326 ita
2261 2268 2650 2326 necessarium
2695 2276 2753 2325 et
2789 2265 2971 2323 indis-

552 2348 866 2427 pensabile,
892 2351 1032 2424 quin
1061 2348 1232 2406 certis
1262 2347 1607 2423 quibusdam
1630 2347 1907 2424 gravibus
1950 2347 2020 2406 de
2051 2348 2241 2406 causis
2284 2349 2471 2425 possit
2517 2346 2818 2406 translatio
2847 2345 2974 2404 fieri

555 2449 741 2506 poenae
764 2429 824 2486 in
853 2426 1098 2486 Vadem.
1183 2428 1261 2485 Et
1289 2427 1398 2486 hoc
1429 2448 1602 2487 sensu
1631 2427 1842 2486 dicitur
1867 2447 1902 2485 a
1929 2428 2244 2504 Theologis
2286 2448 2514 2505 poenam
2550 2428 2706 2486 omni
2733 2433 2974 2504 peccato

558 2509 1009 2585 impersonaliter
1060 2506 1436 2583 infligendam
1491 2527 1619 2566 esse
1668 2508 1990 2567 necessario
2015 2530 2028 2584 ;
2075 2508 2178 2566 sed
2198 2528 2314 2567 non
2363 2508 2557 2567 statim
2592 2505 2976 2584 personaliter·

560 2589 716 2648 omni
743 2587 1066 2666 peccatori;
1139 2585 1423 2663 siquidem
1455 2586 1617 2646 Deus
1647 2587 1923 2665 singulari
1949 2589 2136 2667 gratia
2161 2589 2472 2648 nonnullos
2498 2595 2689 2666 potest
2719 2588 2976 2648 eximere

560 2670 634 2727 ab
653 2688 737 2741 ea,
770 2666 1082 2726 substituto
1111 2666 1172 2723 in
1190 2686 1388 2724 eorum
1408 2667 1598 2726 locum
1631 2668 1818 2727 Vade.

646 2748 765 2805 XI.
813 2747 944 2804 Hoc
972 2765 1111 2803 vero
1139 2754 1206 2804 ut
1227 2746 1583 2823 concipiatur
1608 2749 1820 2824 exequi
1847 2768 2016 2826 posse
2042 2750 2248 2824 Deum,
2275 2748 2622 2827 spectandus
2651 2757 2755 2823 est,
2775 2767 2893 2806 non
2911 2755 2979 2807 ut

562 2829 605 2888 J
608 2827 764 2886 udex
794 2825 1027 2884 inferior
1075 2834 1133 2885 et
1162 2825 1526 2884 subalternus
1558 2827 1665 2884 sub
1710 2828 1867 2904 Lege
1897 2831 2261 2904 constitutus,
2294 2831 2395 2907 qui
2442 2829 2515 2887 de
2559 2829 2736 2906 Legis
2783 2829 2978 2904 rigore

564 2907 895 2985 dispensare
923 2925 1039 2963 non
1067 2912 1265 2982 posset
1290 2926 1519 2982 poenam
1550 2907 1609 2964 in
1639 2907 1814 2966 alium
1852 2910 2268 2968 transferendo.
2354 2910 2472 2969 Sed
2498 2918 2563 2968 ut
2591 2909 2633 2967 J
2637 2909 2793 2967 udex
2823 2928 2977 2966 sum-

565 3008 695 3046 mus
718 2996 775 3046 et
804 2985 1135 3060 aima-ciocum,
1167 2987 1265 3064 qui
1300 2996 1365 3046 ut
1386 2987 1632 3063 justitiae
1663 3008 1782 3046 suae
1829 2989 1960 3048 vult
1994 2989 2258 3048 satisfieri
2295 3011 2399 3067 per
2444 2988 2668 3066 peccati
2701 3008 2974 3065 poenam3

566 3070 658 3127 Ita
678 3088 783 3146 pro
829 3088 1052 3126 summa
1081 3088 1185 3127 sua
1223 3068 1505 3144 sapientia
1552 3077 1610 3128 et
1637 3067 2047 3145 misericordia,
2087 3070 2274 3147 potuit
2303 3070 2375 3129 de
2403 3066 2752 3151 αἱκςιζοδικωᾈ
2803 3068 2982 3146 Legis

563 3150 822 3209 relaxare
851 3148 1158 3208 eximendo
1185 3157 1516 3226 peccatores
1544 3170 1579 3207 a
1606 3168 1778 3225 poena
1801 3149 2011 3223 debita,
2043 3160 2101 3209 et
2129 3150 2524 3209 transferendo
2547 3170 2674 3210 eam
2701 3150 2763 3207 in
2795 3149 2979 3225 Spow

564 3250 768 3288 sorem.
857 3230 1055 3306 Atque
1084 3229 1218 3287 hinc
1247 3238 1422 3306 patet,
1457 3229 1700 3287 Cuinam
1757 3229 2071 3290 satisfactio
2118 3230 2231 3290 ista
2268 3230 2523 3307 persolvi
2568 3230 2848 3304 debuerit,
2884 3228 2980 3285 An

568 3310 816 3368 Diabolo
840 3308 1137 3381 detinenti,
1153 3319 1218 3368 ut
1241 3309 1545 3368 cavillatur
1567 3309 1829 3383 SocinuS,
1847 3308 1946 3367 An
1964 3331 2102 3369 vero
2117 3312 2243 3369 Deo
2256 3331 2521 3388 supremo
2543 3311 2587 3370 J
2592 3310 2746 3368 udici
2767 3313 2794 3367 P
2837 3310 2979 3367 Cum

565 3390 718 3448 enim
766 3389 1048 3446 Diabolus
1090 3390 1183 3446 hic
1259 3391 1334 3446 sit
1389 3397 1610 3447 tantum
1661 3390 1928 3449 Minister
1958 3390 2085 3464 Dei,
2117 3400 2175 3449 et
2218 3391 2520 3468 praefectus
2576 3390 2852 3460 Carceris,
2884 3388 2983 3466 qui

565 3469 786 3526 nullam
812 3467 923 3524 nisi
952 3488 1029 3524 ex
1060 3468 1169 3525 Dei
1184 3469 1343 3543 justo
1364 3468 1587 3545 judicio
1617 3477 1957 3545 potestatem
1987 3471 2162 3529 habet
2190 3471 2250 3528 in
2290 3479 2637 3548 peccatoreS,
2670 3469 2984 3529 satisfactio

568 3547 678 3623 ipsi
708 3546 968 3622 praestari
1012 3566 1128 3604 non
1175 3546 1391 3621 debuit,
1445 3547 1546 3605 sed
1594 3549 1720 3607 Deo
1776 3549 1993 3624 Judici,
2041 3550 2142 3627 qui
2178 3551 2448 3628 primario
2493 3560 2551 3610 et
2595 3550 2987 3628 principaliter

569 3645 675 3684 nos
702 3624 1036 3688 detinebat.
1142 3626 1315 3684 Adde
1371 3627 1527 3703 quod
1571 3648 1868 3706 perperam
1923 3630 2018 3689 hic
2065 3632 2404 3708 supponitur
2451 3631 2507 3688 in
2555 3650 2853 3708 poenarum
2901 3630 2984 3686 la-

566 3706 723 3765 tione
753 3704 1002 3763 dandam
1031 3724 1158 3764 esse
1184 3725 1485 3782 personam
1515 3708 1768 3784 aliquam
1807 3710 1899 3768 cui
1929 3711 2138 3769 solutio
2182 3711 2389 3770 debeat
2415 3711 2557 3786 fieri,
2589 3718 2655 3770 ut
2702 3710 2762 3767 in
2792 3709 2986 3768 debito

568 3785 898 3864 pecuniario
926 3795 1258 3844 numeratur
1284 3787 1527 3864 pecunia
1582 3789 1850 3849 creditori
1874 3792 2078 3864 3⁴Cum
2109 3791 2353 3850 sufficiat
2380 3792 2423 3851 J
2426 3791 2654 3850 udicern
2711 3810 2854 3864 esse,
2886 3788 2988 3866 qui

568 3887 769 3944 poenas
817 3866 1016 3943 exigat
1037 3865 1113 3924 ad
1161 3867 1529 3944 Majestatem
1615 3868 1839 3946 Legum
1869 3880 2076 3929 sartam
2102 3879 2313 3930 tectam
2342 3871 2813 3930 conservandam.

654 3946 807 4005 XII.
833 3947 1066 4021 Quarto,
1089 3948 1344 4006 Persona
1372 3948 1498 4024 ipsa
1518 3969 1643 4025 quoe
1658 3951 1930 4023 satzsfacit
1950 3951 2043 4009 hic
2065 3959 2154 4010 est
2172 3952 2539 4010 attendenda.
2592 3952 2740 4008 Nam
2765 3961 2829 4009 ut
2850 3968 2986 4026 pec-

571 4036 702 4086 cata
743 4027 1036 4086 habebant
1082 4028 1363 4086 rationem
1410 4028 1607 4103 debiti,
1657 4029 1988 4104 inimicitiae,
2021 4039 2079 4090 et
2108 4031 2380 4105 criminis,
2412 4041 2470 4090 et
2501 4032 2662 4089 Deus
2693 4051 2754 4089 se
2781 4029 2990 4088 habuit

570 4116 637 4165 ut
667 4105 945 4179 Creditor,
980 4107 1122 4165 Pars
1151 4107 1384 4182 offensa,
1418 4118 1476 4166 et
1516 4108 1763 4184 Judex3
1812 4110 1904 4168 Ita
1947 4111 2210 4170 Christus
2259 4112 2461 4170 debuit
2509 4111 2792 4187 triplicem
2841 4111 2990 4168 rela-

570 4188 790 4247 tionem
821 4186 1095 4246 induere:
1139 4189 1457 4263 Sponsor-2⁹3,
1489 4189 1589 4265 qui
1617 4209 1721 4266 pro
1750 4189 1917 4248 nobis
1947 4190 2205 4250 debitum
2235 4193 2518 4267 solveret3
2563 4192 2904 4249 Mediator-is
2931 4197 2993 4248 et

570 4272 879 4348 ὑμνοποιοῦ,
913 4266 1013 4342 qui
1034 4267 1364 4327 inimicitias
1393 4269 1637 4343 tolleret,
1664 4276 1721 4327 et
1754 4269 1940 4328 Deum
1971 4271 2138 4329 nobis
2161 4272 2531 4347 conciliaret;
2576 4279 2635 4330 et
2663 4271 2991 4330 Sacerdoti-3

572 4356 625 4406 et
677 4348 927 4420 victimae,
986 4345 1087 4422 qui
1130 4367 1190 4405 se
1231 4349 1360 4406 loco
1402 4357 1598 4407 nostro
1643 4347 2016 4408 substitueret
2057 4351 2133 4408 ad
2187 4352 2636 4410 satisfactionem
2678 4351 2989 4427 poenalem.

573 4429 798 4485 Rursus
827 4434 892 4484 ut
922 4424 1253 4501 satisfactiO,
1285 4448 1413 4504 quae
1442 4449 1477 4485 a
1505 4430 1547 4487 J
1551 4429 1751 4487 ustitia
1782 4429 1893 4487 Dei
1921 4431 2279 4508 exigebatur,
2326 4431 2441 4490 duo
2473 4430 2759 4509 praecipue
2789 4439 2989 4508 postu·

571 4507 745 4580 labat,
784 4509 835 4562 1.
870 4505 953 4564 Ut
982 4506 1054 4563 ab
1077 4505 1277 4564 eadem
1307 4517 1511 4566 natura
1531 4528 1661 4584 quae
1689 4520 2030 4585 peccaverat
2071 4512 2513 4587 persolveretur,
2556 4516 2612 4569 2.
2647 4511 2730 4570 Ut
2772 4511 2993 4569 valoris

572 4595 765 4643 tamen
788 4593 846 4643 et
875 4585 1042 4661 pretii
1071 4585 1281 4643 infiniti
1308 4596 1460 4645 esset
1482 4588 1557 4645 ad
1579 4588 1922 4647 demeritum
1944 4590 2231 4649 infinitum
2261 4592 2485 4669 peccati
2511 4591 2834 4650 tollendum
2858 4613 2873 4649 t
2919 4591 2992 4648 In

574 4664 801 4722 Christo
844 4664 973 4722 duae
1014 4673 1233 4722 naturae
1274 4668 1612 4726 necessariae
1655 4668 1885 4728 fuerunt
1913 4670 1987 4727 ad
2030 4671 2480 4731 satisfactionem
2523 4671 2990 4750 persolvendam,
