3221 5200
251 376 478 424 QuAEsr.
511 353 670 435 mm]
1160 373 1237 411 m:
1280 371 1620 411 voc-Ariona
1666 370 1737 411 nr
1782 370 1937 410 rins.
2542 351 2653 409 511

255 515 458 590 Quoad
503 514 736 573 Fideles
778 513 1011 572 Veteris
1040 512 1413 586 Testamenti,
1445 511 1589 570 fides
1633 531 1849 585 eorum,
1898 511 2038 570 licet
2093 510 2413 585 obscurius,
2465 510 2670 571 habuit

254 597 427 653 etiam
469 615 571 672 pro
615 595 843 671 objecto
894 594 1181 652 Christum
1215 604 1272 652 ct
1312 592 1721 669 promissiones
1749 591 1951 667 gratiae
1980 592 2039 647 in
2068 591 2210 667 ipso,
2243 600 2306 648 ut
2340 600 2565 650 constat
2594 612 2669 649 ex

255 676 394 733 Joh.
426 675 547 732 viii.
579 677 674 748 56,
730 674 869 731 Luc.
915 694 975 731 x.
1021 678 1116 749 24,
1151 674 1284 732 Act.
1316 693 1375 729 x.
1429 675 1524 746 43,
1576 671 1730 730 Heb.
1762 671 1862 745 xi.,
1893 675 1920 728 1
1958 671 2080 729 Pet.
2112 670 2152 727 i.
2186 672 2276 743 10,
2315 674 2405 728 11.
2465 671 2543 728 Et
2571 672 2668 729 vel

260 755 384 813 sola
412 754 671 812 clausula
722 755 768 810 F
772 753 982 811 oederis
1030 755 1140 811 hoc
1184 753 1418 825 evincit,
1461 772 1589 828 quae
1633 772 1749 809 non
1791 751 1978 827 potuit
2019 751 2093 808 ab
2136 749 2276 826 ipsis
2317 770 2420 826 per
2463 750 2668 808 Fidem

257 835 451 911 recipi,
483 835 623 911 quin
668 835 724 891 in
759 834 1033 890 Messiam
1062 833 1234 891 etiam
1278 831 1591 904 crederent,
1633 832 1694 888 in
1744 849 1857 906 quo
1908 830 2181 889 fundatur
2235 830 2381 888 illud
2431 829 2478 885 F
2483 829 2665 903 oeduS,

256 922 315 973 et
357 916 417 971 in
445 934 559 991 quo
590 935 789 971 omnes
817 913 1227 989 promissiones
1259 912 1369 969 Dei
1399 919 1533 969 sunt
1564 912 1753 969 Etiam
1785 920 1843 969 et
1873 911 2081 985 Amen,
2114 915 2148 968 2
2184 910 2313 968 Cor.
2338 911 2376 967 i.
2407 910 2505 967 20.

1119 1229 1128 1236 ⁶
1174 1149 1562 1225 QUAEsTm
1606 1149 1797 1207 xm.

260 1312 352 1370 An
366 1314 569 1386 forma
598 1311 768 1369 Fidei
775 1311 1133 1389 justificantis
1159 1310 1232 1367 sit
1262 1309 1547 1379 Chariten,
1592 1311 1679 1367 vel
1712 1308 2035 1369 Obedientia
2076 1308 2488 1366 Mandatorum
2510 1309 2626 1366 Dei
2644 1311 2673 1366 ,1

967 1390 1115 1467 Neg.
1147 1398 1348 1448 contra
1381 1389 1609 1447 Pontifi.
1642 1397 1700 1446 et
1733 1387 1945 1446 Sociui.

865 1550 914 1607 Ι.
962 1549 1196 1624 Duplex
1224 1548 1318 1606 hic
1349 1548 1604 1622 Quaestio
1650 1556 1934 1622 movetur,
1993 1550 2042 1604 1.
2076 1546 2289 1604 Contra
2319 1523 2673 1621 PontificiOS,

262 1611 741 1714 Dffig¹ssgmffgffgiu⁰
784 1629 884 1705 qui
915 1628 1264 1687 Charitatem
1293 1628 1501 1686 volunt
1527 1647 1654 1685 esse
1675 1628 1914 1685 formam
1945 1626 2097 1684 fidei.
2130 1630 2186 1684 2.
2208 1626 2422 1684 Contra
2454 1627 2675 1684 Socini-

681 1704 692 1714 “
784 1728 942 1782 anos,
975 1709 1072 1784 qui
1104 1709 1342 1765 formam
1370 1708 1498 1785 ejus
1528 1707 1886 1765 constituunt
1933 1707 1993 1762 in
2016 1705 2342 1764 obedientia
2372 1705 2671 1764 Mandato·

263 1807 389 1845 rum
421 1787 565 1863 Dei;
597 1787 668 1845 de
698 1788 909 1865 quibus
939 1788 1208 1846 distincte
1237 1787 1544 1864 agendum.

868 1867 951 1925 ΙΙ.
998 1866 1303 1940 Pontificii,
1334 1875 1400 1926 ut
1427 1864 1600 1924 fidem
1631 1866 1688 1922 in
1740 1886 1800 1924 se
1846 1865 2264 1924 consideratam
2313 1885 2429 1922 non
2463 1865 2676 1942 justifi-

295 1926 336 1970 Ῑ·
378 1926 714 2030 Οῑὲἓϋξοω·
787 1967 914 2004 care
945 1947 1258 2019 obtineant,
1293 1946 1395 2004 sed
1421 1954 1603 2003 totam
1632 1946 1752 2002 vim
1772 1945 2133 2022 justificandi
2161 1965 2195 2002 a
2242 1945 2519 2003 charitate
2549 1965 2674 2002 mu·

787 2026 954 2099 tuari,
986 2025 1157 2083 fidem
1189 2026 1579 2083 distinxerunt
1600 2026 1659 2083 in
1673 2029 2012 2101 formatam,
2044 2033 2102 2082 et
2123 2025 2435 2100 informem.
2479 2027 2672 2098 Infor-

269 2105 372 2160 mis
400 2102 610 2161 dicitur
638 2104 769 2178 illis,
803 2125 931 2182 quae
961 2125 996 2162 a
1024 2106 1300 2164 charitate
1331 2106 1595 2182 sejuncta
1637 2115 1740 2179 est,
1757 2108 2020 2180 formata
2068 2124 2222 2177 vem,
2276 2124 2404 2180 quse
2434 2124 2468 2161 a
2496 2105 2679 2162 chari·

263 2190 380 2240 tate
409 2191 682 2258 tanquam
710 2184 893 2242 forma
920 2185 1228 2261 perficitur,
1274 2185 1430 2262 quod
1476 2205 1713 2261 operose
1763 2184 2068 2242 adstruunt
2123 2184 2462 2242 Scholastici
2492 2184 2551 2240 in
2595 2185 2674 2242 iii.

269 2263 430 2320 Sent.
464 2264 536 2320 D.
569 2266 665 2321 23.
753 2264 851 2321 Illi
880 2265 1113 2341 quidem
1143 2265 1331 2322 inesse
1363 2264 1567 2321 volunt
1595 2263 1871 2341 quicquid
1901 2263 2122 2321 creditu
2151 2263 2536 2321 necessarium
2566 2273 2671 2339 est,

266 2341 370 2400 sed
398 2342 731 2400 charitatem
763 2343 972 2402 debere
1001 2344 1085 2401 illi
1115 2344 1317 2402 adesse
1346 2352 1405 2401 et
1433 2364 1561 2400 cum
1592 2343 1693 2401 illa
1722 2363 2059 2402 concurrere
2089 2342 2163 2400 ad
2210 2343 2392 2400 nostri
2422 2343 2679 2401 vivifica-

265 2422 480 2480 tionem
511 2431 568 2479 et
589 2423 1061 2498 justificationem
1093 2443 1283 2482 coram
1316 2424 1460 2481 Deo·
1546 2423 1696 2497 Quia
1737 2443 1875 2481 vero
1923 2423 2202 2480 videbant
2250 2423 2461 2499 opponi
2491 2442 2678 2498 posse,

263 2500 438 2559 fidem
466 2502 677 2560 habere
709 2523 872 2560 suam
900 2504 1182 2561 internam
1212 2503 1469 2577 formam,
1500 2523 1604 2579 per
1649 2522 1821 2579 quam
1871 2503 2269 2576 constituatur,
2322 2512 2380 2560 et
2429 2502 2504 2560 sit
2544 2523 2685 2561 vera

266 2580 428 2655 fides,
462 2590 520 2640 et
548 2582 621 2640 ab
650 2582 780 2642 aliis
802 2583 1208 2660 distinguatur,
1254 2584 1498 2660 ideoque
1547 2604 1582 2641 a
1631 2583 1908 2642 charitate
1938 2603 2065 2659 quae
2097 2583 2171 2641 sit
2199 2581 2471 2641 distincta
2498 2582 2685 2642 virtus

267 2662 340 2719 ab
396 2663 537 2738 ipsa,
591 2682 706 2721 non
756 2684 924 2740 posse
974 2664 1266 2722 informari
1291 2686 1305 2739 3
1349 2662 1702 2740 respondent
1747 2664 2083 2722 charitatem
2126 2683 2239 2720 non
2271 2682 2396 2721 esse
2442 2661 2685 2721 formam

268 2743 634 2801 essentialem
656 2743 825 2819 fidei;
871 2744 974 2802 sed
995 2745 1263 2821 quoniam
1288 2743 1694 2821 perfectionem
1724 2743 1973 2821 aliquam
2004 2742 2166 2801 addit
2193 2742 2343 2817 fidei,
2388 2744 2686 2820 metapho-

266 2820 383 2878 rice
413 2822 524 2879 dici
556 2843 724 2897 posse
754 2824 992 2882 formam
1023 2825 1097 2882 ob
1143 2824 1469 2900 analogiam
1506 2823 1583 2880 ad
1625 2823 1868 2882 formam
1911 2824 2137 2900 proprie
2161 2823 2390 2896 dictam,
2422 2842 2550 2899 quae
2583 2843 2686 2880 suo

265 2899 438 2957 modo
468 2901 791 2976 subjectum
821 2904 1094 2979 perficiat,
1125 2913 1190 2961 ut
1217 2903 1473 2979 loquitur
1502 2903 1720 2978 Grego.
1766 2902 1837 2959 de
1887 2902 2095 2960 Valen.
2139 2902 2303 2959 Tom.
2336 2902 2414 2959 iii.
2446 2902 2592 2978 disp.
2631 2906 2683 2959 1.

274 2977 343 3051 Q.
373 2982 444 3051 4;
493 2980 607 3037 Vel
636 2989 701 3038 ut
731 2981 1043 3038 Durandus
1072 2983 1310 3057 exponit
1339 2982 1398 3038 in
1430 2981 1558 3037 Lib.
1595 2982 1747 3053 Sem,
1782 2981 2118 3038 charitatem
2148 3001 2263 3038 non
2293 3000 2418 3038 esse
2449 2980 2688 3037 formam

267 3056 403 3114 fidei
433 3058 748 3117 secundum
778 3080 890 3116 esse
938 3070 1159 3117 naturae
1178 3085 1202 3131 ,·
1246 3061 1361 3115 imo
1409 3078 1578 3135 posse
1631 3059 1880 3135 separari
1927 3079 1961 3114 a
1989 3059 2100 3116 fide
2126 3080 2139 3132 ;
2186 3059 2289 3115 sed
2329 3060 2519 3133 quoad
2569 3080 2683 3117 esse

276 3138 640 3210 meritorium,
664 3147 948 3213 quatenus
966 3148 1218 3195 meretur
1243 3138 1423 3194 vitam
1455 3146 1761 3211 aeternam,
1795 3137 1928 3212 quia
1957 3145 2120 3194 actus
2149 3136 2285 3193 fidei
2307 3154 2420 3193 non
2451 3146 2539 3194 est
2568 3157 2686 3195 me·

269 3216 520 3291 ritoriuS,
554 3217 663 3274 nisi
693 3225 977 3293 quatenus
1006 3217 1320 3292 imperatur
1346 3236 1380 3272 a
1408 3215 1703 3290 charitate,
1737 3216 1859 3273 sine
1888 3235 2002 3291 qua
2040 3235 2155 3272 non
2184 3215 2358 3272 habet
2407 3216 2686 3274 rationem

267 3296 473 3369 meriti,
505 3306 564 3355 et
592 3317 694 3373 per
720 3316 893 3372 quam
921 3297 1094 3353 homo
1123 3305 1211 3353 est
1238 3304 1438 3371 gratus
1468 3295 1614 3353 Deo,

353 3376 471 3434 ΙΙΙ.
521 3376 636 3434 Sed
666 3377 788 3433 haec
818 3376 1011 3452 opinio
1041 3374 1592 3452 duplici‘falsissimo
1623 3374 1825 3432 nititur
1844 3373 2237 3432 fundamentO.
2301 3373 2557 3432 Primum
2577 3384 2683 3450 est,

270 3453 394 3513 dari
423 3456 674 3532 aliquam
698 3475 895 3513 veram
923 3455 1096 3513 fidem
1127 3455 1424 3512 informem
1448 3476 1462 3512 ε
1535 3454 1681 3512 Cum
1711 3453 1860 3511 enim
1892 3454 2075 3511 forma
2102 3453 2200 3511 det
2228 3474 2353 3511 esse
2383 3454 2481 3529 rei,
2513 3454 2687 3513 fidem

265 3533 390 3592 dari
419 3535 718 3593 informem
748 3546 837 3593 est
864 3543 1134 3590 Aeaea-am.
1218 3534 1484 3592 Alterum
1515 3542 1602 3591 est
1632 3534 1702 3593 de
1721 3534 1924 3592 merito
1947 3533 2112 3592 Fidei
2135 3542 2192 3591 et
2211 3534 2478 3611 Operum,
2499 3545 2565 3593 ut
2583 3555 2686 3594 suo

268 3615 400 3673 loco
429 3614 931 3673 demonstrabitur.
994 3614 1136 3672 Ideo
1165 3623 1437 3690 tanquam
1465 3613 1613 3672 salsa
1631 3622 1698 3672 ·et
1726 3614 1976 3671 absurda
2004 3614 2206 3672 merito
2235 3614 2505 3691 rejicitur.
2568 3615 2689 3673 Nec

269 3703 460 3771 potest
483 3695 805 3753 confirmari
834 3694 1070 3768 exloc0,
1105 3694 1235 3752 Gal.
1268 3714 1325 3752 v.
1358 3696 1412 3767 6,
1444 3693 1544 3751 ubi
1571 3693 1718 3752 fides
1746 3693 1957 3753 dicitur
1984 3694 2058 3751 ab
2090 3694 2391 3770 Apostolo,
2423 3700 2473 3749 δι’
2492 3705 2686 3763 hydrus

273 3782 566 3845 augy-uptun,
588 3795 700 3848 per
721 3775 1047 3832 cha-ritatem
1077 3776 1293 3847 efficax,
1326 3773 1461 3849 quia
1486 3774 1598 3831 hoc
1627 3794 1743 3831 non
1762 3774 1989 3849 passive
2016 3782 2105 3831 est
2147 3773 2603 3848 intelligendum,
2624 3781 2691 3830 ut

272 3852 491 3910 vellent
520 3852 876 3925 Adversarii,
907 3862 972 3910 ut
1000 3852 1144 3909 fides
1172 3852 1396 3910 dicatur
1424 3852 1586 3910 reddi
1606 3873 1847 3929 operosa
1863 3872 1966 3928 per
1994 3852 2347 3924 charitatem,
2369 3851 2534 3926 quasi
2562 3852 2688 3907 uni-

275 3949 500 3988 versam
533 3950 693 3987 suam
722 3932 1032 3989 efficaciam
1061 3940 1355 3989 mutuetur
1375 3951 1408 3988 a
1436 3932 1732 4006 charitate,
1763 3932 1899 4007 quia
1928 3950 2053 3987 eam
2082 3930 2273 4006 potius
2293 3929 2538 4006 largitur
2565 3929 2695 3987 aliis

276 4019 342 4075 ut
364 4029 558 4067 earum
583 4028 757 4067 causa
778 4018 836 4067 et
857 4009 1041 4085 radiX,
1067 4030 1237 4086 quam
1268 4011 1477 4068 abillis
1500 4012 1718 4088 recipit,
1745 4009 1847 4067 sed
1875 4011 2065 4081 active,
2090 4017 2156 4066 ut
2179 4029 2327 4084 saepe
2352 4009 2488 4066 alibi
2514 4009 2689 4066 sumi-

274 4099 370 4147 tur
397 4089 638 4147 verbum
669 4099 944 4162 ingysraeeaa,
982 4089 1146 4147 Rom.
1171 4089 1270 4147 vii.
1292 4093 1345 4163 5,
1379 4094 1414 4147 2
1437 4091 1565 4148 Cor.
1591 4091 1628 4148 i.
1655 4092 1707 4163 6,
1731 4098 1787 4147 et
1812 4089 1888 4146 iv.
1914 4092 2004 4163 12,
2032 4088 2154 4145 Col.
2178 4088 2215 4146 i.
2241 4092 2336 4161 29,
2361 4088 2404 4147 J
2408 4108 2492 4146 ac.
2512 4107 2570 4145 v.
2596 4091 2686 4163 16,

275 4179 558 4245 quatenus
588 4178 677 4227 est
706 4167 851 4225 illud
878 4167 1035 4242 quod
1064 4189 1098 4225 a
1116 4168 1227 4227 fide
1251 4168 1587 4244 producitur
1604 4179 1668 4227 ut
1686 4168 1980 4241 terminuS,
2012 4187 2128 4225 non
2150 4167 2307 4244 quod
2327 4167 2592 4244 producit
2621 4167 2684 4224 fi-

227 4305 237 4313 ,
275 4248 406 4306 dem
437 4256 501 4306 ut
529 4247 890 4324 principium,
922 4246 1000 4304 id.
1032 4248 1189 4323 quod
1216 4258 1347 4326 post
1376 4268 1436 4306 se
1466 4249 1643 4306 trahit
1672 4245 2026 4321 charitatem,
2058 4258 2115 4306 et
2144 4248 2202 4304 in
2225 4267 2340 4323 qua
2367 4247 2685 4323 producen-

277 4326 353 4383 da
382 4347 506 4385 sese
536 4328 722 4385 exerit
750 4335 808 4384 et
836 4326 1181 4386 manifestat.
1266 4327 1465 4404 Atque
1495 4328 1577 4385 ita
1604 4325 1825 4384 Paulus
1853 4327 1981 4384 vult
2009 4327 2249 4402 probare
2278 4346 2394 4384 non
2424 4327 2689 4403 quamvis

276 4405 450 4463 fidem
477 4407 538 4462 in
568 4406 796 4463 Christo
825 4405 1036 4480 valere,
1069 4406 1172 4464 sed
1201 4407 1383 4464 solam
1412 4426 1605 4464 veram
1633 4413 1691 4463 et
1738 4406 1951 4478 vivam,
2000 4425 2127 4482 quae
2178 4415 2413 4464 actuosa
2455 4415 2543 4464 cst
2589 4426 2693 4482 per

280 4484 614 4543 charitatem
645 4495 703 4542 et
730 4485 883 4543 bona
911 4505 1084 4562 opera
1107 4507 1123 4561 ;
1153 4496 1218 4544 ut
1245 4487 1500 4545 actiones
1529 4485 1826 4544 charitatis
1854 4506 1889 4543 a
1915 4483 2028 4543 fide
2059 4486 2173 4543 sint
2201 4486 2542 4561 imperative,
2574 4505 2689 4543 non

279 4564 522 4622 elicitive.

360 4642 476 4701 IV.
524 4643 654 4701 Non
683 4643 891 4702 melius
919 4644 1205 4703 sententia
1250 4643 1734 4703 Adversariorum
1782 4645 2058 4722 probatur
2105 4665 2181 4702 ex
2222 4645 2353 4703 Jac.
2375 4645 2436 4704 ii.
2467 4646 2562 4720 26,
2595 4644 2696 4703 ubi
