3221 5200
548 331 626 386 '10
1475 340 1658 381 Locus
1687 338 2048 381 usnscmus.
2549 314 2801 397 [Quasr.
2833 335 2973 384 xm.

554 521 595 572 P
626 525 638 537 ·
798 523 875 573 Qu
920 519 1015 567 atio
1156 481 1266 541 IV.
1311 482 1444 539 Duo
1493 480 1781 559 praecipue
1830 479 1984 539 circa
2021 476 2380 537 Sabbathum
2429 483 2785 552 quaeruntur,
2836 494 2973 551 quae

597 538 1032 641 rciffzrigineaeSab:
1070 563 1179 621 hac
1201 561 1519 638 quaestione
1549 562 1946 620 continentur:
1991 557 2162 617 Prius
2190 556 2263 615 de
2291 556 2477 633 prima
2504 555 2726 632 origine
2751 574 2854 613 seu
2880 555 2973 612 in·

613 641 770 686 bathi.
965 653 969 659 “
1075 642 1371 701 stitutione
1418 641 1737 716 Sabbathi3
1785 638 2081 698 Posterius
2109 637 2182 696 de
2210 637 2340 713 ejus
2367 645 2575 695 natura
2601 644 2659 694 et
2707 655 2837 726 usu,
2865 655 2973 694 seu

556 726 725 804 quale
743 725 820 784 sit
836 725 962 803 ejus
977 731 1344 802 praeceptum,
1364 720 1466 780 An
1487 720 1720 796 morale,
1742 719 1843 779 An
1865 716 2289 792 caeremoniale3
2319 715 2476 793 quod
2492 724 2800 792 utrumque
2821 724 2976 773 mter

441 846 462 861 .
554 807 884 883 Theologos
910 805 972 861 in
998 801 1447 862 controversiam
1476 802 1739 876 vertitur,
1769 807 1827 859 et
1867 818 2080 876 magno
2121 797 2441 856 animorum
2483 802 2629 854 aestu
2656 795 2973 854 etiamnum

555 886 728 945 hodie
756 885 1027 961 agitatur.
1112 882 1235 940 Nos
1261 881 1356 940 hic
1382 881 1599 958 paucis,
1633 881 1796 940 salvo
1825 879 2143 939 doctiorum
2167 876 2407 954 judicie,
2435 874 2580 953 quid
2607 874 2973 934 sentiendum

556 964 1019 1025 nobis·videatur
1044 961 1383 1040 aperiemus.

1159 1041 1236 1099 V.
1281 1038 1486 1115 Quoad
1531 1039 1709 1118 prius,
1758 1040 1890 1097 Non
1933 1037 2212 1114 quaeritur
2252 1035 2326 1095 de
2356 1033 2620 1094 Authore
2653 1033 2976 1094 Sabbathi:

1081 1121 1321 1179 Constat
1349 1120 1502 1179 enim
1530 1120 1681 1179 inter
1708 1138 1908 1178 omnes
1935 1118 2010 1176 ad
2040 1117 2230 1175 Deum
2259 1116 2446 1174 solum
2487 1116 2615 1192 ejus
2654 1113 2976 1172 institutio·

1079 1220 1212 1259 nem
1241 1200 1596 1259 referendam
1625 1219 1781 1258 esse:
1821 1198 1926 1257 sed
1952 1198 2024 1255 de
2052 1197 2225 1274 hujus
2253 1194 2632 1254 institutionis
2658 1193 2977 1271 primordio

560 1287 620 1339 et
639 1278 860 1355 origine
885 1302 900 1354 3
945 1277 1044 1338 An
1072 1280 1415 1339 arcessenda
1455 1279 1532 1340 sit
1570 1279 1647 1338 ab
1673 1279 1816 1356 ipsis
1843 1276 2043 1337 mundi
2073 1275 2475 1350 incunabulis;
2520 1273 2621 1332 An
2647 1293 2785 1332 vero
2827 1272 2977 1331 refe·

560 1358 742 1418 renda
767 1360 997 1418 demum
1026 1359 1102 1418 ad
1132 1360 1308 1436 Legis
1335 1359 1855 1436 promulgationem
1885 1359 1947 1416 in
1973 1364 2168 1416 monte
2201 1357 2383 1414 Sinai.
2470 1353 2711 1412 Plurimi
2749 1372 2825 1410 ex
2856 1353 2977 1411 Re·

562 1438 822 1497 formatis
868 1439 1115 1514 priorem
1144 1439 1487 1498 sententiam
1525 1439 1964 1516 amplectuntur,
2009 1454 2251 1513 quorum
2290 1434 2618 1511 catalogum
2645 1432 2780 1492 vide
2822 1433 2985 1509 apud

564 1515 872 1592 Walaeum,
897 1525 956 1575 et
986 1518 1299 1594 Rivetum;
1344 1518 1470 1576 Alii
1508 1518 1773 1577 nonnulli
1812 1516 2187 1595 posteriorem
2217 1522 2551 1592 sequuntur.
2640 1513 2806 1572 Licet
2838 1532 2985 1572 vero

564 1596 685 1656 suis
713 1605 956 1673 utraque
1002 1617 1119 1656 non
1158 1597 1592 1658 contemnendis
1638 1596 1956 1657 rationibus
1984 1596 2217 1671 nitatur,
2261 1614 2369 1653 nec
2398 1594 2695 1652 dissensus
2744 1593 2819 1651 sit
2846 1591 2981 1649 fun-

563 1676 942 1752 damentalis;
986 1677 1268 1737 veriorem
1312 1686 1507 1737 tamen
1533 1686 1593 1737 et
1625 1678 1933 1754 Scripturae
1960 1676 2156 1735 verbis
2184 1673 2708 1733 convenientiorem
2751 1671 2983 1749 judica-

562 1776 691 1816 mus
718 1757 978 1834 primam,
1009 1757 1087 1816 ad
1112 1778 1286 1835 quam
1312 1759 1485 1817 etiam
1514 1757 1857 1832 accedimus,
1887 1756 1981 1815 his
2006 1755 2371 1846 potissimum
2398 1753 2523 1811 nixi
2550 1751 2927 1829 argumentis.

566 1872 1052 1978 petatem:
1092 1837 1963 1976 ...Xiznissmsszssffissssusst
1981 1835 2432 1974 4:353}ssss
2443 1840 2613 1972 <1¹1²ss3
2648 1831 2984 1988 ἒέΡὲἓῗῖἒξ

625 1991 886 2094 &hez-⁰⁰5}
916 1991 959 2037 1·
972 1993 1050 2038 Β*
1093 1996 1307 2055 Genes.
1338 1997 1397 2054 ii.
1428 1999 1483 2071 3,
1518 1999 1554 2029 “
1584 1997 1664 2054 Et
1691 1995 1991 2055 benedixit
2025 1996 2186 2053 Deus
2214 1993 2331 2052 diei
2373 1992 2634 2069 septimo,
2679 1999 2740 2050 et
2766 1991 2981 2050 sancti-

673 2064 749 2095 ⁰¹¹'
769 2063 821 2093 ¹¹·
1088 2075 1293 2134 ficavit
1331 2075 1538 2152 ipsum,
1585 2095 1715 2134 cum
1757 2075 1818 2133 in
1860 2095 1930 2134 eo
1970 2075 2289 2151 quievisset
2327 2072 2403 2131 ab
2444 2072 2603 2131 omni
2643 2089 2814 2147 opere
2854 2091 2983 2145 sun,

566 2154 724 2233 quod
752 2163 1048 2214 creaverat
1078 2155 1299 2232 Deus,''
1330 2174 1460 2232 quae
1488 2154 1671 2214 verba
1698 2155 1942 2218 clariora
1968 2154 2255 2228 videntur,
2286 2172 2461 2230 quam
2488 2159 2554 2210 ut
2593 2151 2819 2229 possint
2860 2151 2986 2209 ulla

566 2235 935 2293 distinctione
963 2234 1024 2292 in
1054 2236 1397 2294 contrariam
1427 2236 1772 2295 sententiam
1810 2233 2045 2294 inflecti.
2130 2234 2279 2291 Nam
2307 2252 2425 2291 non
2451 2239 2644 2309 potest
2670 2230 2788 2288 dici
2817 2231 2984 2292 Deua

566 2313 934 2373 benedixisse
964 2314 1079 2373 diei
1109 2316 1371 2392 septimo,
1403 2323 1461 2375 et
1488 2315 1653 2375 illum
1691 2314 2096 2387 sanctificasse,
2127 2313 2242 2371 nisi
2280 2331 2385 2390 per
2428 2310 2709 2371 Sabbathi
2751 2309 2983 2368 institu-

566 2395 818 2468 tionem
860 2413 979 2452 non
1006 2394 1185 2453 alium
1213 2396 1367 2454 enim
1395 2395 1454 2453 in
1483 2394 1656 2455 finem
1686 2404 1775 2454 est
1800 2394 2140 2454 benedictus
2177 2392 2277 2451 ille
2306 2392 2447 2467 dies,
2479 2389 2591 2448 nisi
2619 2399 2685 2450 ut
2716 2389 2828 2449 Dei
2856 2391 2980 2448 cul·

566 2475 653 2535 tui
676 2481 1107 2532 consecraretur
1135 2473 1194 2532 in
1223 2475 1558 2533 memoriam
1585 2475 1799 2552 quietis
1826 2474 2039 2532 divinae
2073 2473 2147 2533 ab
2176 2470 2605 2549 operationibus
2633 2469 2942 2528 creationis
2966 2492 2984 2545 ς

568 2553 781 2613 dicitur
808 2573 948 2630 ergo
979 2554 1140 2612 Deus
1184 2553 1550 2613 benedixisse
1600 2562 1660 2614 et
1708 2553 2115 2629 sanctificasse,
2162 2552 2300 2629 quia
2347 2548 2759 2611 sanctificando
2805 2549 2984 2609 bene·

569 2633 736 2706 dixit,
769 2652 803 2690 a
830 2632 1070 2709 profano
1098 2639 1158 2690 et
1185 2633 1474 2691 communi
1502 2653 1614 2692 usu
1649 2633 2026 2710 segregando,
2057 2642 2116 2692 et
2156 2632 2356 2691 divino
2399 2631 2581 2691 cultui
2622 2629 2984 2704 dedicand03

567 2721 634 2770 ut
661 2710 934 2787 deinceps
962 2711 1035 2769 ab
1064 2711 1395 2771 hominibus
1434 2712 1888 2772 sanctificaretur
1926 2732 2031 2790 per
2068 2712 2349 2772 exercitia
2388 2711 2624 2789 publica
2662 2710 2894 2788 pietatis
2921 2719 2988 2769 et

571 2791 867 2850 solennem
898 2788 1011 2848 Dei
1037 2791 1274 2849 cultum.

652 2869 800 2929 VII.
832 2868 1231 2947 Nequicquam
1262 2869 1585 2948 Excipitur,
1618 2873 1670 2931 1.
1703 2872 1850 2931 Haec
1871 2870 1985 2930 dici
2013 2892 2116 2949 per
2142 2871 2434 2949 prolepsin
2455 2890 2490 2928 a
2512 2871 2697 2945 Mose,
2726 2876 2794 2930 ut
2819 2889 2984 2927 man-

571 2948 691 3008 dati
721 2949 1050 3009 ostenderet
1076 2950 1407 3026 oequitatem,
1437 2970 1554 3009 non
1582 2952 1795 3010 initium
1809 2976 1833 3024 ;
1870 2959 1937 3011 ut
1966 2952 2127 3011 Deus
2154 2952 2378 3010 dicatur
2405 2951 2558 3010 hunc
2586 2950 2739 3008 diem
2770 2949 2984 3007 sancti-

574 3029 796 3104 ficasse,
827 3050 943 3088 non
972 3029 1205 3107 quando
1234 3031 1485 3090 cessavit
1525 3031 1599 3090 ab
1629 3031 1900 3109 operibus
1941 3031 2077 3105 suis,
2123 3031 2227 3090 sed.
2267 3030 2499 3108 quando
2540 3049 2751 3088 manna
2800 3028 2982 3102 dedit,

572 3111 670 3169 vel
699 3109 931 3188 quando
958 3131 1062 3188 per
1092 3111 1318 3169 Mosem
1346 3111 1538 3189 legem
1566 3112 1719 3171 tulit.
1807 3113 1982 3189 Resp.
2018 3111 2135 3171 Sed
2160 3111 2298 3170 licet
2330 3109 2627 3188 Scriptura
2651 3116 2849 3170 utatur
2876 3108 2984 3166 ali·

573 3190 804 3267 quando
833 3191 1102 3268 prolepsi,
1133 3211 1426 3269 nunquam
1469 3212 1538 3251 eo
1566 3191 1989 3251 deveniendum
2031 3199 2135 3266 est,
2180 3190 2293 3249 nisi
2334 3199 2578 3267 cogente
2619 3188 2984 3248 necessitate.

575 3270 661 3329 At
688 3271 784 3330 hic
812 3271 975 3329 nulla
1002 3272 1315 3330 necessitas
1345 3272 1608 3344 occurrit,
1635 3291 1763 3349 quae
1791 3271 2100 3349 prolepsim
2131 3270 2385 3345 suadeat,
2418 3278 2478 3329 et
2504 3269 2701 3329 multae
2728 3267 2985 3327 rationes

576 3349 810 3409 obstant
836 3350 1145 3426 quominus
1173 3349 1400 3407 admitti
1428 3351 1654 3409 debeat.
1741 3352 1953 3426 Primo,
1984 3351 2122 3427 quia
2147 3358 2215 3409 ut
2248 3351 2409 3408 Deus
2437 3348 2729 3426 quievisse
2769 3347 2987 3406 dicitur

575 3429 649 3485 ab
677 3429 946 3503 operibus
975 3428 1095 3485 suis
1122 3427 1233 3485 hoc
1261 3427 1354 3485 die
1382 3430 1627 3505 septimo
1654 3430 1882 3507 proprie
1910 3439 1969 3489 et
1994 3429 2284 3504 historice,
2313 3449 2429 3488 non
2459 3428 2791 3506 proleptice,
2820 3427 2903 3484 ita
2923 3435 2986 3487 et

574 3505 942 3564 benedixisse
970 3513 1028 3563 et
1057 3506 1443 3566 sanctificasse
1473 3507 1665 3583 illum,
1698 3530 1812 3567 uno
1841 3510 1994 3568 enim
2022 3517 2218 3568 tenore
2240 3510 2352 3569 ista
2378 3517 2792 3587 proponuntur,
2823 3515 2882 3565 et
2909 3506 2985 3567 de

576 3583 779 3643 eodem
808 3583 902 3642 die
941 3585 1184 3661 septimo
1226 3586 1530 3646 creationis
1571 3587 1787 3647 debent
1828 3589 2093 3666 intelligi,
2137 3608 2254 3648 non
2302 3589 2373 3647 de
2422 3589 2536 3646 alio
2586 3587 2776 3662 simili,
2825 3587 2987 3663 quod

576 3663 751 3723 etiam
777 3672 941 3723 notat
969 3664 1246 3723 articulus
1281 3686 1318 3723 π
1346 3666 1835 3728 demonstrativus
1863 3677 1952 3727 ter
1990 3669 2286 3746 repetitus.
2374 3668 2658 3741 Secundo,
2704 3666 2841 3743 quia
2879 3685 2983 3744 po·

578 3744 688 3802 sita
715 3744 965 3821 prolepsi
993 3762 1197 3803 sensus
1226 3745 1532 3805 verborum
1563 3748 1748 3807 Mosis
1775 3749 1901 3824 erit,
1936 3748 2097 3807 Deus
2124 3756 2257 3825 post
2296 3768 2402 3807 sex
2429 3747 2653 3806 dierum
2682 3765 2828 3823 opus
2854 3765 2986 3822 per·

574 3832 767 3883 actum
796 3824 1018 3900 quievit
1065 3824 1159 3884 die
1188 3826 1448 3903 septimo,
1497 3826 1641 3885 Ideo
1678 3837 1811 3905 post
1853 3847 2035 3887 annos
2077 3827 2170 3886 bis
2216 3826 2375 3886 mille
2422 3827 2877 3904 quadringentos
2924 3833 2986 3885 et

574 3904 997 3982 quinquaginta
1022 3912 1141 3964 tres
1168 3905 1467 3965 benedixit
1495 3907 1671 3966 simili
1699 3908 1831 3983 diei,
1856 3917 1914 3967 et
1942 3927 2072 3967 eum
2095 3907 2171 3965 ad
2190 3927 2330 3967 usus
2352 3926 2547 3966 sacros
2569 3904 2982 3980 sanctificavit3

577 3983 735 4061 quod
761 4004 934 4061 quam
973 3984 1178 4044 durum
1221 3986 1298 4045 sit
1338 3994 1398 4045 et
1443 3996 1706 4047 coactum
1749 4008 1916 4047 nemo
1958 4007 2075 4045 non
2102 3987 2281 4045 videt.
2364 3986 2578 4061 Terti0,
2608 3985 2770 4044 nulla
2798 3985 2988 4042 solida

577 4065 723 4124 ratio
752 4063 939 4123 afferri
984 4073 1191 4141 potest,
1223 4086 1326 4125 cur
1354 4066 1552 4126 Moses
1579 4066 1830 4127 voluerit
1858 4067 1917 4125 in
1945 4066 2192 4143 simfflici
2220 4067 2474 4126 historiae
2504 4085 2607 4125 seu
2632 4083 2823 4124 rerum
2852 4084 2985 4141 ges·

574 4152 781 4219 tarum,
812 4143 904 4202 bis
941 4144 1098 4202 mille
1143 4145 1309 4204 annis
1357 4154 1666 4223 antequam
1710 4146 2024 4223 extiterint,
2075 4146 2417 4219 narratione,
2465 4144 2687 4222 aliquid
2730 4144 2984 4203 inserere

577 4224 734 4302 quod
763 4243 867 4284 suo
896 4231 1151 4300 tempore
1180 4224 1411 4283 demum
1439 4225 1656 4285 factum
1684 4234 1843 4301 erat3
1890 4227 2033 4285 Cum
2062 4235 2258 4302 aperte
2284 4225 2548 4284 tenderet
2574 4224 2650 4283 ad
2682 4223 2984 4283 historiam

578 4324 750 4380 quam
792 4303 1029 4363 texebat
1057 4304 1474 4362 obscurandam
1501 4306 1696 4383 potius
1723 4325 1898 4383 quam
1924 4305 2346 4384 explicandam,
2384 4305 2547 4365 nullo
2575 4304 2774 4363 addito
2814 4303 2986 4363 istius

578 4382 861 4459 prolepsis
887 4383 983 4442 vel
1012 4383 1250 4442 minimo
1275 4383 1510 4444 indicio.

661 4462 841 4520 VIII.
887 4467 942 4521 2.
975 4463 1182 4540 Excip.
1216 4463 1744 4523 Sanctificationem
1773 4472 1832 4524 et
1858 4464 2318 4524 benedictionem
2347 4464 2516 4524 istam
2546 4461 2983 4539 intelligendam

578 4559 706 4598 esse
734 4541 954 4600 ratione
982 4542 1319 4602 intentionis
1346 4551 1405 4602 et
1441 4543 1860 4616 destinationis,
1904 4563 2020 4602 non
2062 4543 2282 4604 ratione
2327 4544 2703 4604 executionis.
2789 4543 2862 4601 R.
2895 4542 2986 4601 Eo

579 4618 751 4677 modo
780 4619 990 4679 dicitur
1017 4620 1385 4683 benedixisse
1412 4622 1544 4698 diei,
1576 4644 1693 4701 quo
1720 4623 1781 4681 in
1809 4624 1912 4683 illo
1938 4621 2196 4701 quievit:
2238 4632 2299 4685 at
2339 4644 2456 4683 non
2495 4623 2719 4701 quievit
2759 4630 2986 4683 tantum

617 1106 787 1152 Status
809 1102 977 1152 Quaes-

706 1162 872 1208 tionis.
