3221 5200
314 387 539 436 Qufflzsr.
570 366 691 447 111.]
1154 384 1232 424 m:
1266 383 1599 423 vocxrroxs
1631 384 1704 423 m*
1737 383 1889 424 rins.
2615 368 2732 424 453

310 549 482 587 nemo
510 528 708 586 venire
737 528 919 604 possit
960 526 1034 585 ad
1064 525 1373 599 Christum,
1405 526 1518 582 nisi
1550 525 1723 583 Pater
1750 525 1990 583 traxerit
2021 525 2224 600 ipsum,
2257 534 2315 584 et
2342 545 2511 584 nemo
2541 525 2728 583 traha-

308 619 422 680 tur,
454 611 595 685 quin
623 609 835 682 veniat,
868 608 1004 685 qnia
1051 606 1313 683 quisquis
1352 606 1577 663 audivit
1604 626 1661 662 a·
1680 606 1867 678 Patre,
1901 614 1958 662 et
1979 605 2198 676 didicit,
2232 606 2392 664 venit
2420 605 2494 662 ad
2525 605 2729 682 ipsum,

310 700 377 746 ut
396 688 610 747 ibidem
632 688 864 746 additur
887 711 900 746 :
922 689 1162 746 Constat
1184 706 1298 744 non
1317 706 1516 743 omnes
1540 686 1689 743 trahi
1713 706 1746 742 a
1769 686 1955 757 Patre,
1977 686 2112 761 quia
2134 705 2248 742 non
2272 706 2471 743 omnes
2492 686 2732 744 veniunt

308 769 387 826 ad
418 768 726 843 Christum,
759 778 816 826 et
844 788 946 845 per
974 786 1331 843 consequens
1361 786 1475 823 non
1505 766 1743 823 concedi
1773 765 1913 841 ipsis
1943 764 2188 842 gratiam
2231 765 2626 823 sufficientem.

920 848 1110 905 XIX.
1156 845 1340 903 Aliud
1369 854 1456 903 est
1486 845 1744 903 sufficere
1764 845 1839 902 ad
1858 844 2279 903 convictionem
2299 845 2356 902 in
2381 845 2581 903 ordine
2611 865 2728 902 me·

368 915 549 985 ‘'⁰⁰5⁶‘'
596 913 735 958 Solu·
837 927 1061 985 diorum
1105 935 1491 998 externorum,
1526 925 1709 982 Aliud
1751 925 1824 982 ad
1869 925 2302 982 conversionem
2333 925 2390 982 in
2421 925 2618 983 ordine
2643 926 2729 981 in-

444 978 649 1017 nonum.
836 1016 1147 1066 ternorum.
1179 1006 1376 1063 Verba
1400 1005 1514 1062 Isa.
1538 1024 1663 1080 cap.
1685 1025 1739 1061 v.
1765 1008 1820 1079 4,
1846 1004 2047 1079 “Quid
2061 1004 2380 1063 faciendum
2406 1014 2528 1062 erat
2545 1005 2729 1062 vineae

307 1108 473 1162 meae,
490 1088 646 1165 quod
658 1108 773 1145 non
788 1087 1017 1145 fecerim
1031 1087 1095 1145 ?”
1110 1086 1181 1144 de
1200 1085 1385 1162 prima
1407 1084 1747 1142 sufficientia
1764 1096 1961 1160 agunt,
1983 1102 2100 1141 non
2123 1084 2195 1142 de
2218 1085 2498 1159 secunda3
2521 1085 2643 1143 scil.
2657 1085 2728 1143 de

308 1170 503 1226 mediis
530 1169 790 1241 externis,
823 1176 881 1226 et
909 1166 1142 1243 quidem
1172 1185 1300 1241 quae
1330 1164 1701 1222 conferuntur
1729 1185 1842 1222 non
1888 1164 2171 1237 omnibus,
2222 1164 2323 1222 scd
2354 1174 2575 1223 tantum
2606 1167 2727 1224 Vo-

309 1250 453 1306 catis
482 1249 541 1305 in
574 1249 852 1321 Ecclesia,
886 1267 1000 1304 non
1029 1266 1166 1303 vero
1208 1245 1279 1302 de
1313 1244 1551 1302 internis
1577 1267 1590 1304 :
1636 1244 1772 1321 quia
1801 1265 1861 1301 se
1885 1244 2105 1302 confert
2137 1244 2403 1317 vinitori,
2435 1245 2534 1321 qui
2565 1248 2727 1321 plan·

309 1337 394 1387 tat
443 1328 671 1386 vineam
722 1327 781 1384 in
830 1328 954 1384 solo
1000 1326 1179 1397 uberi,
1232 1324 1444 1382 fossam
1483 1324 1878 1397 circumducit,
1913 1344 2103 1400 sepem
2133 1325 2455 1401 praetendit,
2487 1327 2724 1401 praelum

309 1417 369 1466 et
438 1408 639 1467 turrim
711 1407 897 1480 struit,
955 1406 1052 1481 id.,
1125 1405 1321 1463 Verbo
1397 1404 1638 1480 plantat,
1710 1404 2005 1462 beneficiis
2075 1405 2305 1479 excolit,
2378 1414 2436 1463 et
2503 1415 2723 1481 protec-

306 1488 465 1547 tione
508 1487 706 1565 cingit,
752 1497 811 1545 et
872 1487 1010 1544 facit
1051 1506 1118 1543 ea
1176 1485 1385 1558 omnia,
1431 1504 1559 1561 quae
1603 1504 1638 1541 a
1680 1484 1881 1542 sedulo
1927 1483 2190 1542 Vinitore
2234 1485 2618 1561 requiruntur,
2664 1496 2729 1546 ut

308 1568 481 1627 vinea
497 1568 680 1626 bonos
699 1567 918 1626 fructus
938 1566 1110 1624 ferret
1134 1588 1148 1624 :
1183 1565 1298 1624 Sed
1317 1564 1387 1622 de
1408 1565 1774 1641 vegetatione
1795 1574 1851 1622 et
1874 1564 2037 1623 vitali
2063 1563 2285 1621 influxu
2315 1585 2427 1621 non
2451 1566 2723 1642 loquitur,
2767 1632 2774 1639 ‚

306 1649 411 1724 qui
455 1649 889 1706 conversionem
940 1645 1315 1704 certissimam
1367 1656 1497 1720 post
1536 1665 1596 1702 se
1644 1645 1933 1702 traxisset.
2035 1649 2089 1701 2.
2118 1644 2312 1702 Verba
2345 1645 2595 1703 Ilebraea
2652 1666 2724 1701 w:

309 1734 497 1787 πτὼξ
514 1747 628 1784 non
639 1727 917 1785 vertenda
930 1734 1079 1799 sunt,
1094 1726 1233 1801 quid
1247 1728 1398 1782 ultra
1405 1727 1608 1799 facere
1612 1726 1778 1800 potui
1784 1750 1807 1797 ;
1821 1724 2104 1800 siquidem
2123 1725 2280 1780 Deus
2294 1725 2526 1781 omnino
2541 1725 2724 1782 facere

307 1806 496 1880 potuit
513 1807 732 1883 aliquid
743 1808 999 1879 ulterius,
1017 1807 1238 1863 interne
1257 1825 1356 1863 cor
1376 1804 1661 1862 flectendo
1680 1815 1737 1862 et
1751 1804 2108 1877 renovand03
2135 1803 2237 1860 sed
2250 1805 2725 1877 qm'clsczciendum

289 1886 427 1959 ficit,
444 1887 535 1943 vel
551 1889 893 1963 quidsacere
915 1886 1078 1943 debui
1086 1887 1240 1960 quod
1248 1905 1358 1941 non
1359 1885 1616 1958 fecerim,
1632 1883 1790 1958 quod
1802 1884 1875 1940 ab
1889 1884 2105 1959 optimo
2121 1883 2398 1959 Agricola
2411 1884 2724 1940 desiderari

305 1966 533 2039 possit?
556 1966 632 2023 id.
659 1968 717 2023 in
740 1967 938 2024 ordine
953 1965 1269 2021 mediorum
1289 1972 1676 2037 externorum,
1699 1983 1826 2039 quae
1846 1971 2188 2040 praetextum
2213 1983 2438 2019 omnem
2463 1963 2725 2023 adimunt

303 2047 721 2120 peccatoribuS,
736 2066 853 2103 non
865 2044 1055 2121 quoad
1068 2044 1474 2119 dispositiones
1487 2042 1757 2116 internas,
1772 2063 1917 2118 quas
1935 2044 2106 2100 homo
2121 2042 2293 2100 debet
2303 2042 2503 2100 afferre
2518 2042 2587 2100 de
2601 2063 2722 2113 suo,

303 2144 412 2181 nec
441 2133 668 2184 tenetur
699 2126 859 2183 Deus
901 2124 1141 2181 amissas
1180 2122 1428 2180 hominis
1477 2122 1648 2197 culpa
1689 2122 2005 2179 restituere.
2091 2122 2204 2179 Vel
2245 2122 2532 2198 significat
2582 2124 2725 2181 nihil

306 2202 631 2262 faciendum
663 2204 813 2262 ultra
842 2213 1056 2261 restare
1086 2212 1217 2279 post
1245 2202 1435 2259 media
1465 2202 1564 2258 illa
1582 2202 1863 2259 inutiliter
1884 2201 2160 2275 adhibita,
2192 2222 2363 2278 quam
2394 2211 2458 2260 ut
2496 2204 2722 2260 exscin-

302 2281 408 2340 dat
435 2302 579 2357 eam,
610 2293 677 2341 ut
705 2283 883 2355 addit,
916 2302 1034 2339 ver.
1067 2286 1123 2339 5.
1184 2284 1237 2340 3.
1271 2282 1613 2355 Expectaeio
1641 2301 1770 2357 quse
1799 2281 1894 2338 hic
1923 2281 2194 2339 tribuitur
2225 2283 2350 2339 Deo
2373 2282 2721 2357 humanitus,

305 2360 685 2437 intelligenda
712 2372 801 2421 est
828 2371 1105 2436 Sua-ends,
1138 2382 1254 2419 non
1281 2360 1356 2418 ad
1384 2360 1802 2437 designandam
1831 2361 2218 2419 infirmitatem
2259 2364 2634 2437 expectantiS,
2668 2375 2726 2422 ct

303 2441 769 2500 incertitudinem
799 2452 1059 2515 eventuS,
1092 2441 1194 2499 sed
1224 2451 1288 2500 ut
1315 2449 1477 2499 notat
1504 2450 1728 2498 tantum
1780 2441 2139 2499 exactionem
2169 2441 2356 2515 officii,
2390 2451 2447 2501 et
2502 2443 2723 2519 patien-

304 2522 445 2579 tiam
474 2543 541 2580 ac
569 2523 1067 2599 longanimitatem
1102 2522 1226 2595 Dei,
1252 2521 1351 2598 qui
1382 2521 1588 2579 tolerat
1621 2530 1998 2597 peccatorem,
2022 2520 2212 2578 dando
2233 2521 2318 2578 illi
2347 2531 2573 2598 tempus
2600 2543 2719 2600 poe-

303 2603 578 2679 nitentiae,
630 2624 736 2662 nec
766 2604 960 2663 statim
988 2603 1249 2660 adhibita
1291 2602 1477 2660 securi
1507 2602 1760 2660 sterilem
1792 2603 2053 2660 arborem
2083 2602 2388 2675 exscindit,
2423 2603 2564 2661 Luc.
2596 2605 2719 2662 xiii.

305 2687 361 2741 7.
448 2684 613 2742 Licet
641 2705 778 2742 vero
807 2704 921 2742 non
953 2704 1179 2742 omnem
1204 2683 1447 2759 gratiam
1477 2682 1696 2739 homini
1736 2682 2125 2741 convertendo
2168 2683 2546 2740 necessariam
2586 2705 2714 2742 con·

300 2765 558 2840 cesserit,
590 2765 727 2841 quia
765 2764 840 2822 ad
868 2764 1013 2822 illud
1043 2784 1156 2821 non
1204 2763 1542 2837 tenebatur;
1587 2771 1743 2820 reete
1786 2771 1975 2820 tamen
2008 2761 2195 2839 potuit
2222 2773 2526 2839 expectare
2555 2784 2719 2838 uvas,

302 2852 362 2901 et
394 2846 553 2920 juste
583 2845 873 2921 conqueri,
907 2845 978 2903 de
1024 2865 1140 2902 non
1169 2844 1425 2921 praestito
1476 2842 1700 2917 officio;
1746 2843 1882 2918 qnia
1916 2843 2158 2918 aequitas
2188 2842 2358 2900 officii
2388 2865 2460 2901 ex
2506 2844 2719 2902 benefi-

299 2923 408 2979 ciis
440 2925 550 2982 Dei
597 2935 799 3000 sponte
849 2923 1082 2983 fluebat.
1169 2924 1291 2981 Nec
1333 2922 1576 2981 ecclesia
1631 2922 1946 2980 Israelitica
1975 2922 2242 2998 praestitit
2271 2943 2339 2980 ea
2369 2924 2561 2980 omnia
2590 2945 2718 3000 quae

300 3010 526 3077 poterat
572 3004 680 3060 hac
732 3003 791 3060 in
819 3014 997 3080 parte,
1030 3015 1088 3061 et
1114 3022 1243 3079 quae
1273 3013 1438 3060 extra
1468 3011 1678 3060 statum
1704 3004 1903 3076 gratiae
1947 3004 2019 3058 ab
2049 3003 2278 3059 homine
2308 3004 2567 3078 praestari
2590 3025 2720 3081 pos-

299 3090 452 3153 sunt,
484 3089 551 3140 ut
581 3082 867 3139 abstinere
897 3102 931 3138 a
960 3082 1324 3157 gravioribus
1352 3081 1621 3156 peecatiS,
1654 3091 1710 3138 et
1740 3081 1811 3137 de
1843 3081 1957 3138 illis
1987 3081 2198 3152 dolere,
2230 3083 2399 3156 quale
2429 3083 2570 3157 quid
2620 3085 2718 3142 tri·

300 3160 496 3218 buitur
542 3161 684 3237 ipsis
731 3160 1024 3219 Ninivitis.
1110 3161 1241 3217 Non
1271 3179 1405 3232 ergo
1435 3159 1647 3216 dicitur
1671 3168 2027 3236 expectasse,
2072 3162 2236 3235 quasi
2267 3160 2502 3218 delusus
2552 3162 2723 3221 fuerit

298 3260 402 3317 spe
432 3260 553 3314 sua,
600 3241 736 3316 quia
781 3249 1053 3298 eventum
1102 3259 1218 3296 non
1247 3239 1434 3315 potuit
1472 3238 1756 3314 ignorare.
1803 3239 1904 3296 sed
1934 3248 1999 3296 ut
2026 3240 2284 3316 gravitas
2303 3241 2523 3317 peccati
2552 3241 2720 3304 istius

301 3320 588 3388 innuatur,
621 3331 679 3378 et
711 3320 941 3397 justitia
969 3338 1155 3396 poenae
1178 3318 1391 3396 populo
1412 3317 1761 3395 infligendae.

381 3401 536 3458 XX.
583 3401 772 3476 Quum
819 3400 1030 3458 dicitur
1074 3402 1110 3431 “
1134 3399 1396 3457 Christus
1425 3406 1576 3456 stare
1605 3398 1681 3456 ad
1725 3398 1953 3472 ostium,
1986 3407 2045 3457 et
2081 3399 2369 3476 pulsare,’'
2417 3400 2603 3478 Apoc.
2635 3402 2715 3461 iii.

299 3483 394 3554 20,
428 3501 542 3538 non
565 3489 756 3557 potest
784 3480 981 3558 colligi
1004 3479 1244 3558 gratiam
1278 3478 1653 3537 sufficientem
1684 3479 1950 3537 omnibus
1979 3479 2121 3537 dari.
2211 3483 2262 3538 1.
2308 3480 2455 3555 Quia
2484 3481 2564 3539 ibi
2595 3483 2716 3559 agi·

298 3571 393 3618 tur
420 3561 491 3619 de
526 3562 651 3638 jam
681 3561 938 3636 Vocatis,
972 3560 1069 3638 qui
1096 3560 1151 3616 in
1186 3559 1447 3618 Ecclesia
1476 3569 1796 3635 versantur,
1828 3580 1944 3617 non
1974 3559 2044 3618 de
2077 3560 2390 3619 Vocandis.
2449 3566 2503 3619 2.
2534 3563 2717 3621 Statio

295 3641 412 3714 illa,
446 3650 504 3700 et
521 3643 788 3717 pulsatio,
822 3662 937 3699 non
965 3641 1137 3699 modo
1161 3640 1428 3716 designat
1456 3640 1710 3699 internas
1737 3640 2018 3714 notionc3‚
2052 3640 2154 3699 sed
2183 3640 2254 3698 ad
2285 3651 2554 3700 externas
2583 3643 2715 3701 hor-

298 3722 547 3779 tationes
587 3722 732 3780 bene
778 3721 1036 3796 refertur,
1090 3741 1219 3797 quae
1266 3721 1411 3778 fiunt
1456 3721 1664 3797 partim
1706 3741 1809 3797 per
1850 3721 2129 3792 Verbum,
2160 3721 2367 3796 partim
2411 3742 2511 3799 per
2539 3722 2712 3780 afflic-

294 3799 500 3872 tiones,
553 3800 625 3858 de
668 3802 876 3876 quibus
926 3802 1154 3859 locutus
1199 3801 1399 3873 fuerat,
1443 3821 1561 3858 ver.
1609 3801 1975 3876 praecedenti.
2084 3800 2286 3858 Pulsat
2308 3821 2445 3877 ergo
2469 3802 2711 3860 diversi·

295 3878 465 3935 mode
495 3878 668 3936 corda
700 3880 1030 3937 Electorum
1061 3888 1119 3937 et
1160 3880 1574 3956 Reproborum,
1612 3880 1723 3937 Illa
1765 3888 2000 3937 externe
2032 3888 2090 3937 et
2138 3878 2377 3952 interne,
2429 3880 2624 3939 Verbo
2653 3891 2712 3940 et

300 3957 536 4033 Spiritu,
569 3966 649 4031 ut,
681 3958 965 4032 pulsando
1010 3959 1348 4034 imperative
1390 3978 1492 4034 per
1520 3959 1796 4032 Verbum,
1846 3959 2066 4034 aperiat
2088 3957 2259 4016 ctiam
2289 3958 2388 4015 illa
2417 3961 2711 4035 operative

294 4057 396 4113 per
446 4037 739 4113 Spiritum,
794 4046 857 4095 ut
885 4037 1074 4094 visum
1126 4038 1181 4093 in
1229 4036 1399 4094 corde
1452 4037 1655 4113 Lydiae
1682 4060 1695 4095 ε
1743 4038 1865 4096 Ista
1907 4057 2046 4095 vero
2092 4045 2315 4094 tantum
2344 4047 2578 4097 externe
2609 4060 2711 4115 per

297 4117 573 4187 Verbum,
607 4125 671 4174 ut
719 4116 1049 4192 intelligant
1093 4115 1342 4173 officium
1392 4116 1668 4191 debitum,
1701 4116 2040 4175 beneficium
2093 4117 2457 4192 promissum,
2487 4121 2706 4195 peccati

291 4198 384 4255 sui
414 4198 777 4274 gravitatem,
810 4205 867 4254 et
895 4216 1079 4272 poenae
1100 4195 1404 4273 justitiam,
1438 4196 1485 4253 si
1516 4216 1717 4253 vocem
1752 4196 1861 4254 Dei
1891 4196 2270 4272 neglexerint.
2357 4198 2479 4256 Nec
2508 4200 2708 4257 absur-

291 4278 429 4334 dum
479 4286 568 4336 est
617 4278 802 4335 Deum
847 4276 1093 4352 pulsare,
1142 4274 1249 4333 etsi
1294 4274 1447 4332 norit
1489 4276 1780 4334 hominem
1831 4296 1945 4333 non
1995 4285 2340 4352 aperturum,
2391 4278 2528 4354 quia
2591 4299 2705 4337 non

287 4356 503 4415 desinit
537 4357 696 4434 juste
739 4357 1029 4415 hominem
1072 4374 1303 4414 monere
1354 4353 1524 4414 officii
1566 4356 1674 4431 sui,
1721 4365 1778 4414 et
1838 4355 2112 4414 rebellem
2155 4358 2529 4417 contumaciae
2571 4379 2705 4418 con-

291 4456 543 4494 vmcere.

372 4515 562 4574 XXI.
609 4516 886 4590 Quamvis
915 4517 1176 4575 homines
1226 4516 1345 4574 suis
1383 4516 1606 4574 viribus
1636 4516 1832 4574 venire
1861 4537 1978 4573 non
2007 4516 2245 4593 possint,
2277 4537 2382 4575 nec
2415 4518 2575 4576 Deus
2603 4539 2703 4595 po-

290 4596 526 4652 tentiam
578 4597 849 4655 veniendi
898 4597 1015 4655 illis
1042 4598 1310 4674 praebeat,
1342 4598 1478 4673 quia
1506 4597 1581 4653 ad
1624 4597 1684 4653 id
1726 4617 1839 4653 non
1889 4606 2132 4670 tenetur,
2179 4597 2308 4654 Non
2339 4607 2529 4655 tamen
2561 4598 2704 4658 frus-

288 4682 487 4733 tranea
509 4684 596 4732 est
613 4677 855 4752 vocatio,
880 4678 1014 4752 quia
1028 4677 1287 4736 vocando
1313 4677 1548 4735 Electos
1561 4676 1634 4735 ad
1648 4698 1709 4735 se
1722 4678 1896 4735 trahit
1911 4687 1972 4735 ut
1987 4677 2237 4751 veniant,
2257 4678 2554 4756 Reprobos
2569 4700 2707 4741 vero
