3221 5200
326 384 549 433 QUAEs‘r.
583 367 672 448 X.]
1021 384 1098 422 DE
1128 384 1358 425 orrlclo
1386 385 1623 426 CHRISTI
1653 385 2040 426 MEDIATORIO.
2625 377 2741 435 373

320 528 662 604 supponitur
705 526 903 603 gratiS,
935 526 1092 602 quod
1139 527 1496 602 probandum
1536 528 1661 603 fuit,
1715 528 1839 587 dari
1885 527 2060 586 ullam
2112 528 2283 586 talem
2330 529 2734 612 conditionem,

318 609 412 665 vel
437 609 686 680 tacitam,
719 607 816 664 vel
849 626 1197 682 expressam.
1269 608 1395 665 Iino
1424 629 1555 667 cum
1594 629 1708 667 non
1739 608 1852 666 alia
1879 607 2060 684 possit
2089 627 2213 666 esse
2243 608 2393 666 actio
2423 613 2736 674 sanctionis

317 687 541 763 legalis,
568 708 739 763 quam
767 687 917 761 legis
947 686 1142 762 ipsiuS,
1175 707 1304 744 cum
1327 688 1424 746 lex
1456 689 1579 766 ipsa
1601 689 1677 747 sit
1691 689 1840 765 juris
1862 687 2139 746 naturalis
2168 696 2225 745 et
2247 688 2730 771 indispensabilis,

322 777 385 825 ut
415 788 519 823 suo
544 768 670 825 loco
709 768 1011 843 probatum
1036 775 1139 839 est,
1176 767 1251 824 Et
1281 768 1460 843 ipsam
1506 769 1860 827 sanctionem
1892 767 2303 826 immutabilem
2335 788 2459 828 esse
2490 783 2733 848 oportet.

320 847 373 903 N
377 868 441 904 ec
473 848 565 905 hic
593 846 1010 904 confundendae
1034 848 1479 906 comminationes
1492 850 1876 923 particulares
1898 856 1955 906 et
1977 849 2335 924 oeconomicoe,
2358 869 2455 908 scu
2477 862 2730 928 paternae

317 940 375 985 et
393 928 762 1002 evangelicas,
787 947 916 1002 quie
941 946 1041 1002 per
1063 926 1407 1003 peculiarem
1430 928 1917 1005 dispensationem
1939 927 2358 987 denunciantur
2379 930 2726 1011 hominibus,

316 1006 391 1063 ad
440 1027 540 1065 eos
589 1006 947 1064 revocandos
989 1005 1064 1062 ad
1091 1006 1503 1081 poenitentiam,
1555 1030 1684 1084 quae
1714 1008 1901 1085 posita
1928 1007 2266 1084 poenitentia
2295 1013 2551 1070 revocari
2598 1034 2728 1090 pos-

316 1096 468 1161 sunt,
510 1087 700 1163 qualis
746 1086 1038 1163 proposita
1087 1085 1196 1145 fuit
1246 1087 1528 1160 Ezechiae,
1566 1089 1679 1146 Isa.
1712 1087 1980 1161 xxxviii„
2013 1098 2069 1145 et
2102 1088 2394 1162 Ninivitis,
2440 1092 2579 1151 Jon.
2625 1096 2724 1171 iii.,

315 1187 447 1224 cum
475 1167 987 1225 comminationibus
1013 1167 1402 1241 Judicialibus,
1436 1177 1494 1226 et
1523 1169 1759 1226 immota
1801 1168 1950 1245 legis
1996 1168 2305 1243 sanctione,
2337 1190 2465 1245 quae
2515 1173 2573 1230 in
2604 1174 2729 1251 ipsa

319 1248 429 1304 Dei
458 1258 663 1305 natura
682 1246 969 1320 fundatur,
1002 1256 1060 1304 et
1088 1246 1179 1303 cui
1210 1247 1505 1304 hominum
1535 1248 1888 1307 conscientia
1915 1247 2313 1324 adstipulatur.

922 1327 1075 1384 XX.
1134 1327 1367 1401 Quarto,
1400 1329 1703 1403 Evanqelii
1716 1328 2081 1403 praeconium,
2114 1328 2268 1403 quod
2301 1330 2639 1392 Mediatoris
2669 1345 2727 1394 et

842 1406 1148 1483 Sponsoris
1176 1416 1415 1465 mortem
1447 1418 1742 1466 cruentam
1770 1417 1829 1466 et
1856 1408 2039 1466 diram
2068 1428 2170 1484 pro
2201 1410 2367 1469 nobis
2395 1412 2550 1487 passi
2580 1434 2724 1473 nun-

838 1486 967 1560 ciat,
998 1486 1161 1544 Idem
1210 1486 1509 1546 confirmat
1557 1488 1902 1546 solidissime
1952 1487 2026 1544 ab
2075 1499 2265 1546 eventu
2315 1510 2350 1547 a
2399 1494 2719 1567 posteriori.

315 1564 460 1622 Cum
490 1564 641 1621 enim
675 1566 834 1624 Deus
863 1567 1017 1625 entia
1040 1566 1161 1624 sine
1191 1568 1531 1625 necessitate
1571 1589 1689 1626 non
1717 1568 2075 1644 multiplicet,
2109 1588 2212 1625 nec
2243 1570 2532 1645 patiantur
2561 1574 2722 1632 boni·

313 1652 402 1701 tas
445 1653 502 1702 et
546 1645 826 1721 sapientia
868 1647 1008 1722 ejrm,
1055 1656 1120 1704 ut
1161 1647 1461 1705 credamus
1492 1646 1740 1721 Patrem,
1775 1648 2302 1706 innocentissimum
2334 1658 2390 1708 et
2420 1651 2723 1712 dilectissi-

311 1744 469 1782 mum
491 1725 702 1782 Filium
726 1726 1136 1784 crudelissimae
1156 1737 1213 1785 et
1235 1727 1795 1802 ignominiosissimae
1818 1728 1986 1785 morti
2008 1748 2293 1803 exponere
2318 1730 2573 1789 voluisse
2593 1735 2723 1791 abs-

310 1824 421 1880 que
451 1805 794 1880 gravissima
821 1807 1068 1881 quadam
1108 1816 1166 1864 et
1194 1807 1630 1884 indispensabili
1654 1808 1992 1865 necessitate
2016 1830 2030 1882 ;
2079 1808 2198 1865 Nec
2230 1807 2347 1865 ulla
2366 1812 2724 1873 necessitatis

311 1885 456 1943 ratio
500 1885 816 1960 excogitari
860 1895 917 1943 et
958 1886 1119 1944 reddi
1150 1887 1333 1963 possit
1361 1896 1477 1945 tam
1508 1887 1754 1945 insolitae
1811 1887 2273 1963 dispensationis,
2319 1898 2526 1964 praetcr
2554 1892 2720 1950 satis·

310 1964 635 2036 factionem,
667 1986 794 2041 quae
846 1987 948 2041 pro
993 1966 1161 2023 nobis
1209 1966 1513 2041 pendenda
1560 1967 1669 2024 suit
1717 1967 1960 2043 justitiae
1991 1987 2146 2041 suae3
2208 1967 2391 2026 Nemo
2419 1989 2534 2027 non
2565 1972 2725 2031 videt

312 2065 438 2103 eam
468 2045 746 2102 absolutae
792 2047 1173 2103 necessariam
1219 2046 1411 2104 fuisse.
1502 2046 1635 2104 Scio
1682 2047 1775 2104 hio
1824 2046 2013 2105 afferri
2072 2047 2145 2104 ab
2191 2047 2535 2107 adversariis
2581 2051 2724 2109 alias

311 2133 428 2183 tam
459 2124 597 2182 dirae
621 2126 821 2183 mortis
851 2146 1070 2198 causas,
1102 2124 1377 2184 doctrinae
1407 2126 1913 2200 confirmationem,
1946 2137 2004 2184 et
2026 2127 2302 2184 virtutum
2333 2129 2519 2186 omnis
2548 2151 2723 2205 gene-

310 2206 406 2278 ris,
440 2214 497 2262 et
520 2206 813 2264 charitatis
843 2205 1122 2281 imprimis
1145 2216 1203 2264 et
1221 2206 1556 2264 constantiae
1575 2206 1858 2283 exempla.
1928 2206 2043 2263 Sed
2066 2226 2193 2264 cum
2219 2206 2536 2266 doctrinam
2561 2231 2723 2269 suam

309 2286 486 2343 variis
516 2286 805 2342 miraculis
834 2286 1244 2360 confirmasset,
1276 2296 1334 2343 et
1361 2306 1463 2361 per
1489 2295 1670 2344 totam
1702 2286 1881 2343 vitam
1910 2286 2251 2361 multiplicia
2278 2287 2556 2346 virtutum
2588 2290 2721 2348 ista·

307 2386 434 2424 rum
477 2366 742 2441 exempla
784 2365 1055 2440 dedisset,
1100 2366 1230 2442 quis
1272 2365 1331 2422 in
1372 2365 1628 2424 animum
1672 2365 1962 2423 induxerit
1994 2366 2181 2423 Deum
2210 2386 2278 2423 ea
2306 2387 2421 2424 una
2449 2368 2521 2426 de
2551 2390 2725 2428 causa

318 2446 694 2522 Unigenitum
728 2446 938 2502 Filium
985 2455 1071 2504 tot
1112 2445 1254 2503 diris
1297 2445 1647 2503 cruciatibus
1677 2445 2074 2522 expositurum
2118 2445 2293 2503 fuisse
2322 2450 2350 2503 ?
2407 2449 2566 2524 Ergo
2609 2450 2723 2507 alia

312 2526 509 2604 procul
540 2525 714 2583 dubio
745 2546 919 2583 causa
948 2526 1183 2584 subesse
1228 2525 1427 2583 debuit
1469 2524 1637 2583 istius
1672 2525 2134 2603 dispensationis,
2169 2526 2435 2584 nimirum
2464 2529 2722 2587 Justitiae

311 2608 492 2684 ipsius
522 2608 684 2680 ratio,
713 2608 803 2664 cui
836 2606 1101 2665 satisfieri
1131 2606 1347 2681 debuit,
1380 2607 1537 2684 quod
1570 2607 1784 2665 Paulus
1812 2616 2073 2679 testatur,
2109 2608 2276 2664 Rom.
2302 2607 2380 2666 iii.
2414 2612 2508 2680 25,
2544 2631 2721 2686 quum

310 2689 407 2759 ait,
463 2688 752 2745 Christum
802 2688 1176 2746 constitutum
1228 2687 1403 2745 fuisse
1434 2707 1468 2744 a
1509 2688 1635 2744 Deo
1679 2687 1736 2744 in
1779 2687 2236 2764 propitiatorium
2320 2693 2381 2753 αἱς
2420 2686 2599 2761 ἵνδιιξιν
2639 2697 2722 2756 τῆς

307 2764 606 2832 δικαιοσύνης
634 2771 787 2826 αὑτοῦ
814 2768 887 2825 ad
910 2769 1343 2826 declarationem
1371 2769 1610 2842 justitiae
1637 2788 1768 2841 suae,
1801 2788 1930 2844 quae
1962 2767 2180 2825 scilicet
2209 2777 2325 2824 tam
2357 2770 2465 2827 fuit
2493 2771 2722 2828 inexor-

310 2849 496 2920 abilis,
521 2859 583 2906 ut
606 2869 720 2905 non
752 2869 919 2924 passa
950 2849 1025 2906 sit
1051 2856 1289 2924 peccata
1316 2849 1483 2906 nobis
1513 2848 1727 2906 remitti
1757 2848 1870 2905 nisi
1898 2848 2227 2906 interventu
2255 2850 2457 2907 mortis
2488 2851 2721 2909 Christi.

394 2929 580 2984 XXI.
632 2928 854 2985 Rursus
898 2928 946 2984 si
980 2927 1138 2985 Deus
1182 2928 1305 2985 solo
1349 2928 1526 2985 verbo
1556 2929 1745 3004 potuit
1773 2937 1831 2985 et
1859 2927 2044 2984 voluit
2067 2936 2300 3002 peccata
2329 2929 2498 2986 nobis
2528 2931 2719 2989 remit-

308 3015 428 3064 tere
472 3007 593 3063 sine
636 3007 811 3063 ullius
854 3006 1261 3065 satisfactionis
1304 3007 1650 3078 interventu,
1684 3007 1794 3080 Qui
1837 3007 1901 3063 fit
1930 3007 2084 3082 quod
2119 3007 2333 3064 Paulus
2356 3009 2721 3084 justificatio-

310 3106 443 3143 nem
482 3095 735 3144 nostram
765 3096 822 3143 et
851 3086 1093 3143 salutem
1125 3086 1294 3143 toties
1323 3086 1591 3160 sanguini
1623 3085 1833 3142 Christi
1857 3085 1966 3142 fert
1995 3094 2288 3161 acceptam
2319 3109 2333 3157 ;
2386 3108 2562 3163 quum
2592 3109 2721 3164 pro·

308 3165 505 3223 fitetur
552 3185 658 3222 nos
691 3166 1002 3243 justificari
1032 3185 1144 3239 per
1172 3165 1602 3239 redemptionem
1633 3183 1757 3238 quae
1785 3173 1864 3220 est
1891 3164 1947 3220 in
1976 3166 2093 3237 ejus
2119 3166 2405 3239 sanquine,
2439 3167 2607 3225 Rom.
2638 3169 2720 3226 iii.

310 3250 405 3320 24,
451 3247 575 3303 Nos
622 3245 1050 3320 redemptionem
1082 3245 1283 3301 habere
1312 3248 1367 3301 in
1396 3246 1511 3318 ejus
1558 3243 1843 3317 sanquine,
1878 3243 2098 3300 scilicet
2124 3244 2497 3302 remissionem
2517 3266 2720 3321 pecca-

310 3337 510 3398 torum,
542 3326 689 3401 Eph.
713 3326 750 3384 i.
776 3329 829 3398 7,
856 3335 907 3383 et
928 3327 1081 3382 Eum
1103 3324 1485 3381 reconciliasse
1512 3323 1701 3380 omnia
1729 3325 1857 3380 Deo
1875 3342 1989 3398 per
2009 3324 2333 3398 sanquinem
2359 3324 2573 3398 Crucis,
2596 3327 2720 3385 Col.

310 3407 347 3465 i.
380 3410 496 3465 20?
554 3406 711 3463 Nihil
741 3407 893 3464 enim
916 3425 1060 3482 opus
1079 3413 1202 3463 erat
1231 3404 1570 3480 sanguinem
1600 3404 1725 3480 ejus
1754 3411 2054 3480 propterea
2082 3401 2261 3478 fundi,
2294 3403 2342 3461 si
2371 3405 2480 3462 hoc
2508 3405 2720 3481 pende-

308 3488 409 3546 bat
430 3508 464 3544 a
498 3487 621 3545 sola
647 3486 755 3544 Dei
785 3489 1098 3544 voluntate.
1187 3484 1278 3542 Ita
1328 3503 1627 3561 perperam
1663 3483 1957 3560 apostolus
1986 3482 2156 3541 toties
2192 3484 2452 3560 exegerit
2468 3485 2530 3541 in
2552 3485 2719 3562 epist.

307 3567 383 3626 ad
416 3568 696 3626 Ilebraeos
720 3567 1059 3643 sanguinem
1088 3574 1382 3623 taurorum
1411 3573 1469 3623 et
1497 3564 1803 3639 hircorum,
1838 3563 1895 3621 id
1925 3572 2029 3637 est,
2063 3563 2341 3622 sacrificia
2368 3564 2580 3641 legalia
2609 3567 2717 3625 tol-

304 3648 421 3705 lere
451 3669 567 3705 non
596 3647 850 3724 potuisse
874 3655 1125 3722 peccata,
1159 3645 1236 3703 id.
1268 3654 1486 3703 reatum
1506 3644 1753 3719 abolere,
1780 3651 1837 3702 et
1859 3644 2085 3701 veniam
2105 3644 2379 3714 obtinere,
2413 3645 2515 3704 sed
2538 3646 2717 3705 solam

308 3728 672 3786 Oblationem
705 3727 935 3800 Christi,
968 3728 1016 3784 si
1059 3726 1292 3783 omnino
1335 3725 1529 3802 aliqua
1575 3725 1917 3801 purgatione
1958 3744 2102 3801 opus
2131 3744 2246 3781 non
2275 3724 2399 3799 suit,
2432 3734 2489 3783 et
2520 3726 2568 3784 si
2598 3728 2720 3785 sola

305 3807 645 3882 poenitentia
686 3807 872 3882 potuit
901 3807 1158 3863 sufficere
1188 3805 1261 3862 ad
1291 3815 1511 3862 reatum
1541 3804 1858 3862 tollendum
1891 3804 2013 3861 sine
2042 3803 2162 3862 ullo
2192 3805 2472 3862 sacrificio
2498 3808 2526 3862 P
2570 3807 2717 3863 Nam

305 3885 461 3962 quod
511 3885 670 3942 nullo
716 3886 883 3960 plane
930 3885 1208 3942 sacrificio
1238 3884 1405 3942 facile
1435 3884 1560 3942 tolli
1589 3884 1793 3960 potuit,
1849 3884 1963 3941 Cur
1992 3903 2106 3940 non
2153 3884 2402 3959 potuerit
2430 3883 2557 3941 tolli
2587 3906 2717 3942 san·

304 3966 480 4043 guine
530 3963 891 4021 victimarum
922 3964 1198 4039 legalium
1226 3966 1254 4019 P
1331 3964 1409 4020 Et
1437 3963 1484 4020 si
1516 3962 1640 4020 sola
1672 3963 1780 4019 Dei
1809 3962 2079 4019 voluntas
2107 3962 2201 4019 hic
2233 3962 2570 4036 intercessit,
2604 3965 2719 4022 Cur

304 4046 521 4104 Paulus
571 4064 697 4101 cam
727 4062 839 4099 non
870 4043 1119 4117 attingit,
1154 4041 1256 4098 sed
1284 4040 1357 4098 ad
1387 4049 1648 4098 naturam
1679 4041 1857 4116 ipsius
1886 4041 1969 4097 rei
1997 4041 2265 4115 assurgit,
2297 4061 2473 4117 quum
2503 4042 2584 4101 ait
2613 4043 2715 4100 im-

298 4126 574 4205 possibile
604 4143 729 4182 esse
760 4121 1099 4198 sanguinem
1128 4129 1421 4178 taurorum
1451 4120 1650 4178 tollere
1674 4128 1944 4196 peccata3
1990 4119 2258 4178 nimirum
2287 4121 2422 4196 quia
2444 4129 2559 4179 tam
2581 4122 2715 4180 abo-

303 4206 593 4265 minabilis
648 4212 706 4261 et
740 4204 862 4260 Deo
912 4222 1091 4259 exosa
1138 4220 1230 4257 res
1278 4209 1367 4258 est
1411 4209 1727 4276 peccatum,
1773 4207 1836 4257 ut
1865 4198 1992 4273 ejus
2021 4198 2181 4256 labes
2210 4199 2368 4257 nullo
2397 4201 2508 4258 nisi
2539 4200 2719 4279 ipsius

312 4288 446 4345 Filii
480 4286 591 4344 Dei
621 4283 901 4360 sanguine
931 4281 1047 4340 elui
1075 4280 1342 4357 potuerit.

610 4421 621 4431 ,
722 4422 731 4432 ,
925 4361 1150 4420 XXII.
1196 4360 1428 4434 Quint0,
1459 4358 1519 4416 Si
1549 4357 1696 4416 nihil
1724 4377 1959 4416 necesse
1990 4356 2098 4418 suit
2129 4358 2418 4417 Christum
2449 4361 2612 4435 mori,
2656 4370 2722 4421 ut

306 4421 350 4465 5.
366 4422 647 4524 ξξῗθᾞῗέξὶξ
654 4422 798 4524 Ἐῗζιθ
840 4444 883 4503 J
889 4442 1098 4501 ustitiae
1130 4441 1450 4512 satisfieret,
1482 4438 1823 4513 magnitudo
1859 4437 2153 4496 charitatis
2203 4439 2375 4512 illius,
2418 4460 2520 4516 per
2546 4462 2718 4517 quam

776 4513 788 4531 '
834 4524 984 4581 Filio
1035 4543 1139 4581 suo
1189 4542 1304 4579 non
1332 4521 1604 4598 pepercit,
1652 4528 1718 4576 ut
1747 4540 1875 4576 eum
1911 4538 2012 4594 pro
2043 4518 2208 4577 nobis
2246 4519 2513 4596 traderet,
2546 4542 2719 4598 quam

306 4611 603 4680 tantopere
660 4603 1022 4662 commendat
1064 4602 1399 4680 ApostoluS,
1449 4602 1616 4658 Rom.
1659 4620 1714 4656 ν.
1746 4609 1803 4658 et
1832 4599 1970 4673 viii„
2025 4619 2138 4656 non
2182 4619 2380 4675 parum
2426 4601 2721 4661 videretur

306 4684 507 4742 minui.
614 4684 763 4741 Nam
800 4684 848 4742 si
890 4684 1115 4742 nullum
1154 4703 1189 4740 a
1238 4692 1398 4759 parte
1455 4679 1715 4739 ‚Iustitiae
1745 4679 2080 4738 occurrebat
2129 4680 2490 4739 obstaculum
2548 4683 2721 4741 saluti

313 1386 359 1435 4,
418 1388 499 1431 Ab
544 1387 793 1443 Evangelii

414 1446 666 1489 Praecouio
686 1460 697 1498 ς
