3221 5200
508 297 627 360 550
1355 313 1536 354 Locus
1567 311 1824 352 oscines
1852 310 2123 358 Qum'rus.
2469 297 2740 374 [QuAEs'r.
2789 317 2966 356 xvrr.

521 459 610 517 De
639 456 766 516 istis
795 475 933 513 vero
963 462 1052 513 est
1078 454 1358 528 absoluta,
1395 456 1429 486 “
1455 454 1643 513 Petite
1665 462 1723 513 et
1745 452 1976 511 dabitur
2003 453 2188 528 vobis,
2235 454 2528 531 Quicquid
2555 456 2867 532 petieritis
2896 458 2965 516 in

518 537 749 595 nomine
777 555 905 593 meo
933 534 1198 608 faciam,’'
1233 534 1441 592 Matth.
1472 533 1572 591 vii.
1603 533 1647 592 J
1651 533 1743 590 oh.
1775 532 1895 590 xiv.
1983 531 2305 609 Apostolus
2343 544 2538 594 autem
2574 536 2717 593 tulit
2746 537 2965 614 repul·

519 636 642 676 sam
687 615 824 674 boni
868 615 1196 691 corporalis,
1246 633 1364 672 non
1407 611 1739 690 spiritualis.
1827 613 2066 671 Frustra
2093 613 2340 688 additur,
2386 615 2481 671 Ex
2511 614 2639 691 ipsa
2670 618 2963 676 oratione

518 695 734 772 colligi,
778 714 885 754 nos
914 694 985 753 de
1027 693 1214 770 gratia
1251 702 1309 750 et
1350 693 1534 751 salute
1580 712 1697 750 non
1742 711 1868 750 esse
1913 701 2118 763 certos,
2165 693 2302 769 quia
2345 712 2513 752 nemo
2559 713 2742 752 sanus
2787 695 2960 754 illud

518 776 663 853 petit
710 774 867 852 quod
913 773 1187 850 possidet.
1273 772 1420 830 Nam
1457 771 1564 830 etsi
1591 771 1991 849 possideamus
2039 772 2281 830 salutem
2310 793 2413 849 per
2441 792 2618 849 spem,
2669 774 2959 833 nondum

519 865 713 915 tamen
740 854 933 933 quoad
959 872 1079 911 rem
1108 859 1167 909 et
1192 851 1444 928 perfecte
1472 871 1595 909 eam
1626 850 2005 929 possidemus,
2054 850 2225 910 Unde
2268 852 2449 910 oratio
2489 852 2834 927 intervenit,
2888 865 2961 913 ut

520 936 872 1012 praecipuum
900 932 975 989 ad
1012 951 1138 990 cam
1180 931 1643 1008 consequendam
1692 930 1963 989 medium.
2049 931 2171 989 Nec
2199 931 2250 989 si
2278 931 2727 990 circumstantiae
2781 954 2959 1009 quae·

520 1014 653 1073 dam
684 1015 742 1071 in
772 1011 1026 1072 oratione
1055 1009 1351 1086 neglectae,
1398 1030 1599 1087 preces
1643 1029 2054 1086 nonnunquam
2098 1010 2299 1069 inanes
2337 1010 2601 1084 reddunt,
2654 1013 2959 1072 continuo

521 1094 744 1152 tollitur
770 1110 963 1150 earum
994 1090 1179 1147 omnis
1208 1090 1510 1149 certitudo.
1574 1089 1724 1164 Quia
1748 1090 2042 1166 loquimur
2067 1089 2139 1147 de
2166 1090 2431 1166 precibus
2459 1091 2566 1148 rite
2594 1090 2788 1164 factis,
2821 1112 2957 1151 non

522 1172 766 1245 vitiosis,
812 1171 889 1229 Et
918 1169 1200 1228 certitudo
1229 1190 1344 1227 non
1393 1169 1596 1228 nititur
1623 1189 1854 1246 precum
1897 1168 2263 1245 perfectione,
2307 1169 2411 1228 sed
2449 1170 2639 1228 cordis
2677 1170 2954 1246 affectu;

524 1251 686 1309 Deus
714 1250 866 1309 enim
894 1269 1009 1307 non
1038 1249 1272 1325 respicit
1299 1249 1516 1308 orantis
1543 1249 1829 1322 meritum,
1875 1249 1980 1307 sed
2017 1249 2421 1308 sinceritatem.
2506 1249 2672 1307 Idem
2724 1251 2953 1309 confir·

523 1339 713 1389 matur
740 1350 814 1388 ex
844 1329 1156 1405 gratiarmn
1179 1329 1519 1402 actionibuS‚
1552 1348 1697 1405 quas
1724 1328 1926 1386 fideles
1954 1337 2222 1387 tenentur
2248 1336 2518 1406 praestare
2546 1328 2622 1387 ob
2650 1329 2958 1389 beneficia

521 1410 543 1467 i
585 1409 665 1468 sis
692 1410 753 1467 in
783 1408 1011 1467 Christo
1053 1408 1278 1480 collata,
1323 1408 1718 1467 remissionem
1760 1416 1900 1484 puta
1938 1416 2303 1484 peccatorum
2330 1416 2390 1467 et
2416 1409 2955 1485 regenerationem,

583 1510 652 1564 c.,
685 1489 808 1548 Col.
835 1490 875 1547 i.
911 1491 1002 1562 12,
1039 1489 1150 1563 133
1196 1490 1225 1545 1
1262 1488 1386 1547 Pet.
1417 1488 1475 1547 ii.
1508 1490 1564 1546 9.
1667 1487 1808 1562 Quis
1853 1487 2007 1546 enim
2051 1496 2434 1564 congruenter
2475 1496 2669 1565 potest
2715 1491 2958 1565 gratias

524 1568 652 1629 Deo
680 1589 852 1646 agere
880 1588 983 1645 pro
1025 1566 1305 1626 beneficio
1332 1568 1453 1640 illo,
1496 1566 1651 1644 quod
1681 1587 1755 1625 an
1784 1575 2005 1644 spectet
2031 1566 2106 1625 ad
2133 1567 2341 1644 ipsum,
2372 1576 2437 1626 ut
2465 1568 2593 1645 ejus
2636 1568 2714 1625 sit
2761 1571 2957 1646 parti-

522 1669 674 1727 ceps,
705 1650 933 1727 ignorat
960 1654 1019 1706 et
1046 1646 1321 1706 dubitat?
1376 1648 1525 1705 Nam
1547 1647 1649 1723 qui
1671 1647 1888 1723 gratias
1922 1648 2046 1723 agit
2073 1645 2145 1705 de
2175 1667 2243 1705 eo
2271 1647 2427 1723 quod
2447 1647 2701 1706 incertus
2723 1659 2838 1722 est,
2873 1669 2957 1708 an

520 1729 632 1807 ipsi
650 1730 925 1788 donatum
943 1727 1019 1787 sit
1036 1746 1233 1801 necne,
1255 1726 1495 1786 illudere
1512 1726 1707 1804 potius
1724 1725 1970 1800 videtur,
1992 1747 2164 1802 quam
2182 1735 2410 1803 gratum
2432 1727 2687 1785 animum
2710 1731 2952 1788 testari.

551 1863 580 1908 5
742 1864 765 1908 f
853 1864 924 1908 tib
1130 1806 1356 1865 XXII.
1402 1808 1458 1865 5.
1500 1809 1605 1864 Ex
1637 1806 1922 1881 fiuctibus
1958 1806 2204 1882 Spiritus
2232 1816 2287 1864 et
2302 1807 2463 1885 fidet.
2548 1807 2699 1880 Quia
2753 1811 2795 1840 “
2809 1809 2953 1885 jus-

583 1865 879 1979 “affl
925 1875 987 1907 ”⁸
1052 1965 1415 2024 m
1446 1905 1648 2024 {32:33³
1665 1885 2464 2024 2352r2312212121usszffgz
2697 1891 2852 2025 ἕως
2885 1900 2955 2026 ε’

525 2049 621 2110 22.
690 2046 915 2120 Petrus,
951 2047 1042 2118 1⁶,
1074 2044 1111 2103 i.
1144 2046 1198 2119 8,
1225 2044 1366 2103 dicit
1397 1987 1664 2103 “Pfideles
1691 2044 1952 2103 exultare
1993 1986 2196 2103 la'ztffia
2236 1984 2952 2122 ineffabiffgg’glorioae'„

523 2145 696 2203 quam
728 2126 944 2184 Paulus
972 2123 1053 2182 ait
1081 2143 1350 2201 superare
1378 2144 1605 2183 omnem
1650 2123 2055 2200 cognitionem,
2102 2123 2255 2182 Phil.
2285 2124 2365 2181 iv.
2448 2124 2491 2184 J
2495 2144 2588 2182 am
2615 2145 2746 2201 quae
2800 2146 2983 2202 pax,-

524 2204 681 2282 quod
709 2205 986 2282 gaudium
1015 2203 1240 2279 concipi
1267 2212 1459 2281 potest
1485 2205 1546 2262 in
1574 2203 1664 2279 iis,
1697 2203 1798 2281 qui
1825 2203 2092 2262 nesciunt
2119 2224 2194 2262 an
2225 2204 2415 2261 Deum
2443 2204 2697 2262 habeant
2723 2203 2951 2264 iratum

523 2293 583 2344 et
636 2285 679 2345 J
683 2285 911 2344 udicem
954 2282 1259 2357 infensum,
1316 2304 1390 2341 an
1435 2304 1573 2343 vero
1623 2292 1909 2360 pacatum,
1972 2290 2038 2342 ut
2083 2282 2514 2342 misericordem
2564 2280 2820 2357 Patrem,
2865 2305 2952 2344 an

524 2365 640 2424 sint
668 2365 728 2422 in
758 2373 912 2423 statu
961 2362 1181 2438 salutis,
1214 2382 1289 2420 an
1315 2383 1454 2422 vero
1497 2371 1726 2422 aeternae
1755 2362 2178 2438 damnationis;
2222 2371 2283 2421 et
2329 2363 2431 2438 qui
2458 2362 2824 2421 dubitatione
2862 2374 2952 2430 >et

523 2443 842 2503 diffidentia
888 2450 1163 2520 perpetua
1212 2452 1503 2519 anguntur
1529 2446 1558 2501 P
1618 2441 1791 2502 Unde
1820 2442 1981 2500 nasci
2007 2450 2198 2518 potest
2235 2441 2544 2501 ineffabilis
2573 2442 2674 2500 illa
2710 2443 2945 2518 laetitia,

523 2523 638 2582 nisi
666 2542 740 2582 ex
768 2524 971 2582 intimo
1000 2530 1058 2580 et
1085 2521 1287 2579 vivido
1316 2542 1489 2582 sensu
1518 2521 1705 2580 divini
1724 2541 1864 2599 erga
1891 2540 1953 2580 se
1982 2521 2210 2597 amoriS,
2242 2531 2301 2582 et
2328 2530 2484 2581 certa
2510 2521 2724 2581 fiducia
2748 2522 2945 2582 beati-

523 2602 741 2661 tudinis
769 2612 829 2662 et
855 2604 1055 2679 gloriae
1084 2609 1311 2659 aeternae
1331 2604 1360 2659 P

521 2718 553 2766 6
596 2721 678 2766 Ab
710 2696 971 2765 Absurdis.
1090 2679 1348 2738 XXIII.
1369 2680 1426 2737 6.
1448 2677 1981 2758 AbAbsurdis,quae
1994 2682 2335 2741 sententiam
2348 2680 2945 2742 Adversariorumse-

555 2753 565 2765 '
1006 2766 1278 2833 quuntur.
1339 2757 1618 2817 Doctrina
1629 2759 1701 2817 de
1712 2759 2031 2820 diffidentia
2052 2769 2109 2819 et
2124 2760 2527 2820 incertitudine
2544 2762 2733 2820 Deum
2745 2763 2948 2840 arguit

523 2833 826 2909 mendacii,
856 2839 885 2892 1
910 2835 953 2895 J
957 2837 1050 2895 oh.
1074 2856 1131 2895 v,
1160 2840 1250 2913 10,
1266 2837 1468 2915 abjicit
1487 2838 1879 2897 testimonium
1905 2840 2153 2917 Spiritus
2174 2840 2389 2915 Sancti,
2405 2849 2628 2916 pugnat
2645 2861 2775 2900 cum
2795 2862 2948 2918 pace

526 2915 892 2974 conscientiae
912 2924 970 2975 et
988 2917 1201 2995 gaudio
1224 2918 1490 2996 Spiritus,
1511 2917 1669 2995 quod
1679 2927 1767 2977 est
1784 2920 2077 2996 proprium
2093 2940 2363 2979 verorum
2384 2920 2662 2995 fidelium,
2693 2921 2946 2997 impedit

523 3015 718 3055 veram
749 2995 1192 3073 invocationem,
1216 3018 1345 3075 quae
1375 2998 1548 3057 debet
1568 3018 1696 3057 esse
1724 3018 1856 3058 cum
1888 2999 2020 3074 fide,
2068 3006 2127 3057 et
2164 2999 2240 3058 ad
2268 2999 2726 3075 desperationem
2756 2999 2943 3061 ducit.

525 3075 673 3134 Nam
696 3076 797 3154 qui
814 3097 1108 3154 nunquam
1130 3088 1321 3138 certus
1342 3087 1431 3137 est
1453 3078 1524 3137 de
1543 3079 1731 3156 gratia
1751 3078 1878 3152 Dei,
1903 3098 2019 3136 non
2039 3078 2231 3154 habet,
2255 3087 2459 3137 exorta
2479 3080 2815 3152 tentatione,
2838 3080 2947 3139 ubi

520 3155 727 3233 pedem
768 3158 928 3234 figat,
974 3166 1033 3218 et
1075 3179 1191 3236 quo
1247 3158 1558 3235 confugiat,
1606 3167 1673 3218 ut
1726 3158 2041 3217 sauciatam
2096 3158 2255 3235 liget,
2312 3158 2410 3216 vel
2450 3159 2823 3235 languentem
2878 3168 2943 3219 et

523 3234 807 3311 dejectam
835 3237 1022 3314 erigat
1068 3238 1495 3298 conscientiam.
1581 3239 1762 3315 Cujus
1805 3236 2210 3296 documentum
2260 3238 2617 3297 luculentum
2658 3238 2944 3298 exhibent

523 3315 748 3373 miserae
776 3316 892 3374 illae
921 3318 1285 3377 conscientiae
1315 3319 1423 3379 sub
1450 3317 1757 3394 tyrannide
1787 3316 2093 3376 Pontificia
2119 3325 2432 3394 gementes,
2464 3337 2594 3376 cum
2632 3317 2709 3375 ad
2734 3318 2942 3379 mortis

525 3391 720 3451 fauces
749 3393 1061 3454 deventum
1090 3405 1210 3472 est3
1242 3417 1386 3475 quas
1414 3397 1616 3456 videas
1644 3396 2052 3455 tremebundas
2080 3405 2138 3455 et
2166 3398 2370 3457 anxias
2394 3406 2672 3474 perpetuo
2699 3397 2940 3472 haerere,

524 3470 670 3527 nihil
719 3470 999 3531 habentes
1053 3474 1114 3531 in
1161 3494 1276 3551 quo
1326 3476 1660 3551 consistant,
1713 3475 1847 3535 dum
1902 3476 2327 3536 dubitationum
2382 3484 2441 3535 et
2489 3476 2941 3554 trepidationum

527 3547 798 3608 fluctibus
820 3550 1071 3626 jactatae,
1105 3553 1179 3611 ad
1204 3554 1365 3630 pacis
1392 3561 1452 3612 et
1469 3555 1905 3632 tranquillitatis
1922 3564 2152 3633 portum
2176 3576 2472 3635 nunquam
2491 3556 2779 3633 appellere
2798 3575 2936 3632 pos-

527 3636 679 3704 sunt,
711 3628 815 3688 sed
853 3630 917 3688 in
959 3631 1178 3708 Euripo
1220 3633 1604 3694 tentationum
1644 3635 1853 3694 misere
1893 3644 2153 3713 pereunt.
2219 3635 2716 3711 Quemadmodum
2771 3655 2934 3710 vero,

525 3718 683 3770 certa
708 3712 995 3787 peccatori
1024 3711 1084 3771 in
1113 3711 1235 3772 vita
1263 3720 1321 3772 et
1347 3723 1530 3773 morte
1560 3715 1952 3774 consolatione
1993 3715 2305 3793 proposita,
2338 3716 2693 3776 subvertitur
2719 3715 2937 3775 abacus

526 3810 562 3849 a
591 3790 929 3868 Collybistis
959 3792 1424 3853 Romanensibus
1468 3794 1529 3851 in
1563 3793 1804 3871 Templo
1836 3793 1947 3853 Dei
1992 3804 2256 3872 erectus;
2303 3796 2398 3855 Ita
2441 3795 2644 3854 eadem
2672 3794 2932 3853 consola·

525 3871 682 3930 tione
711 3890 914 3930 eversa
940 3873 1200 3950 erigitur,
1225 3882 1284 3934 et
1303 3874 1439 3933 hinc
1459 3874 1577 3933 itur
1592 3892 1628 3931 a
1650 3874 2001 3933 conscientia
2028 3876 2275 3935 tremula
2295 3883 2354 3934 et
2373 3875 2684 3934 vacillante
2711 3874 2787 3933 ad
2812 3874 2934 3933 cul·

525 3958 620 4009 tus
663 3960 1026 4028 spontaneos,
1071 3962 1130 4012 et
1158 3953 1660 4033 Indulgentiarum
1687 3961 2023 4013 mercatum.
2107 3955 2236 4013 Imo
2263 3954 2399 4014 hinc
2427 3954 2612 4032 spolia
2638 3954 2846 4031 opima,
2876 3960 2936 4014 et

526 4049 800 4106 magnum
831 4030 998 4091 Clero
1036 4032 1292 4093 Romano
1334 4032 1757 4112 compendium,
1788 4033 1926 4092 dum
1967 4034 2027 4090 in
2062 4043 2320 4093 extremo
2349 4054 2534 4112 agone
2583 4032 2934 4111 trepidantes

526 4110 733 4168 animae
761 4112 1079 4189 vectigales
1125 4114 1272 4174 fiunt
1297 4113 1678 4190 institoribus,
1726 4113 2168 4173 extrudentibus
2194 4114 2380 4192 pictas
2427 4112 2831 4190 suffragiorum
2877 4120 2935 4170 et

526 4190 860 4249 meritorum
887 4211 1125 4267 merces,
1164 4201 1223 4251 et
1250 4213 1401 4252 vana
1443 4214 1520 4253 ex
1562 4192 1844 4253 sacrificio
1887 4194 2187 4253 Missatico
2235 4193 2550 4271 refrigeria,
2582 4191 2933 4270 imaginariis

529 4267 860 4345 Purgatorii
886 4269 1132 4331 flammis
1160 4272 1258 4331 vel
1283 4273 1621 4351 mitigandis
1647 4273 1745 4332 vel
1772 4272 2122 4332 redimendis
2150 4274 2454 4333 destinata.

1131 4351 1382 4411 XXIV.
1429 4352 1567 4411 Alia
1594 4362 1684 4412 est
1712 4352 1997 4412 certitudo
2024 4353 2291 4431 perfectae
2312 4352 2557 4431 justitiae
2584 4350 2932 4424 inhaerentis,

579 4399 960 4505 Foztggugolu-
1050 4430 1189 4490 Alia
1217 4432 1501 4491 certitudo
1528 4433 1665 4492 fidei
1694 4441 1752 4492 et
1780 4433 1981 4509 gratiae
2013 4453 2115 4493 seu
2135 4431 2619 4493 reconciliationis
2647 4451 2779 4493 cum
2809 4430 2934 4491 Deo

1046 4531 1150 4587 per
1177 4510 1486 4588 Christum,
1533 4521 1593 4572 et
1640 4512 1992 4572 remissionis
2035 4521 2418 4591 peccatorum.
2494 4510 2681 4571 Aliud
2709 4509 2937 4588 propria

521 4584 751 4660 justitia
777 4584 1178 4666 intumescere,
1193 4590 1376 4652 Aliud
1399 4592 1665 4669 gratuitas
1694 4592 2175 4654 reconciliationis
2186 4591 2539 4654 conscientia
2557 4590 2726 4669 erigi.
2750 4589 2935 4649 Priori
