3221 5200
274 366 502 415 eumer.
534 345 671 428 v11.]
1298 369 1377 410 ns
1406 370 1559 412 Laus
1588 371 1710 412 nm.
2614 362 2688 418 41

272 530 772 636 ⁶·„.¹31¹:.¹:}³⁶¹m‘331”.2
812 505 2249 671 ffiffizffisssszfflffimfflffiffl
2264 513 2701 660 ssssssssssizfflt

342 656 520 694 mento.
813 667 1234 728 Intercesseres
1261 671 1444 730 nostri
1482 671 1638 750 apud
1667 673 1874 747 Deum,
1919 673 2020 750 qui
2061 694 2177 733 non
2217 676 2486 753 precibus
2526 680 2700 738 modo

282 743 424 816 suis,
454 743 557 803 sed
576 753 636 804 et
661 745 886 807 meritis
906 748 1187 808 beneficia
1207 751 1546 828 temporalia
1573 761 1633 812 et
1661 752 1982 829 spiritualia
2008 754 2177 815 nobis
2195 755 2510 833 obtineant,
2536 756 2695 834 quod

283 842 415 883 cum
440 823 815 884 falsissimum
855 826 947 902 sit,
992 835 1052 886 et
1092 830 1737 891 contumeliosissimum
1780 832 2027 909 Christe,
2072 843 2138 894 ut
2179 836 2284 893 suo
2326 836 2455 895 loco
2498 858 2699 898 sumus

276 903 745 980 demonstraturi,
785 905 997 966 falsum
1026 926 1152 966 esse
1181 918 1240 968 et
1267 908 1550 986 fictitium,
1581 912 1858 1005 quicquid
1887 913 1973 971 illi
2001 915 2430 991 superstruitur,
2461 936 2697 978 necesse

272 992 385 1043 est.
468 983 744 1043 Alterum
771 996 878 1061 est,
913 987 1281 1048 Canom'zatio
1309 1009 1412 1049 seu
1441 990 1797 1068 Apotheosis
1829 993 2188 1068 Sanctorum,
2219 1014 2335 1071 qua
2380 996 2579 1056 Sancti
2619 999 2694 1057 ab

280 1062 548 1121 Ecclesia
574 1063 889 1125 invocandi
914 1086 951 1125 a
979 1068 1147 1127 Rom.
1180 1069 1463 1129 Pontifice
1491 1071 1667 1130 certis
1695 1072 2069 1146 caeremoniis,
2099 1092 2203 1150 per
2249 1094 2483 1134 auream
2512 1078 2690 1154 potis-

279 1143 491 1203 simum
521 1144 738 1202 scalam
764 1145 827 1203 in
853 1147 1064 1206 coelum
1093 1147 1241 1207 illati
1289 1148 1657 1211 declarantur
1682 1152 1847 1226 tales,
1880 1152 1981 1230 qui
2021 1153 2134 1211 coli
2176 1162 2236 1213 et
2284 1154 2544 1215 invocari
2592 1157 2690 1218 de·

277 1222 471 1282 beant.
526 1222 645 1281 Sed
671 1226 783 1284 hoc
810 1225 1051 1304 impium
1074 1230 1330 1294 θυι-κίεις
1359 1240 1766 1308 commentum,
1787 1251 1902 1308 quo
1929 1233 2218 1292 terrestris
2244 1234 2571 1313 homuncio,
2592 1238 2695 1315 qui

275 1301 352 1360 de
380 1322 488 1361 sua
516 1303 701 1363 salute
730 1315 924 1365 certus
951 1326 1067 1366 non
1094 1318 1200 1385 est,
1231 1309 1360 1369 vult
1396 1310 1469 1370 de
1498 1311 1687 1371 aliena
1713 1313 2111 1389 pronunciare,
2140 1322 2200 1373 et
2227 1316 2545 1375 coelestium
2590 1317 2692 1376 bo-

277 1401 486 1441 norum
515 1402 578 1442 se
606 1383 964 1444 diribitorem
992 1389 1271 1467 sam-ilege
1299 1390 1669 1466 constituere,
1693 1411 1912 1452 merum
1953 1403 2044 1453 est
2071 1393 2310 1471 impurus
2332 1395 2695 1457 Gentilitatis

272 1471 340 1521 et
367 1463 793 1539 superstitionis
820 1465 862 1525 J
866 1466 1089 1527 udaicoe
1118 1468 1553 1547 imitamentum,
1585 1472 1743 1549 quod
1780 1491 1886 1531 nec
1915 1471 1974 1530 in
2008 1474 2319 1551 Scriptura,
2350 1493 2457 1535 nec
2497 1476 2560 1535 in
2599 1477 2698 1555 pia

279 1542 625 1619 antiquitate
654 1543 1091 1606 fundamentum
1119 1548 1303 1608 ullum
1331 1550 1524 1627 habet,
1555 1561 1621 1610 ut
1643 1551 1872 1628 jamdiu
1900 1552 2029 1610 Viri
2075 1553 2249 1612 Docti
2289 1555 2689 1633 observarunt,

277 1630 339 1680 et
366 1621 550 1681 solide
593 1623 1076 1687 demonstrarunt.
1161 1628 1315 1689 Vide
1355 1632 1532 1690 Joan.
1571 1633 1888 1705 Prideauae,
1923 1632 2053 1691 Pra.
2088 1636 2180 1707 13,
2212 1644 2271 1694 et
2310 1637 2573 1711 Hospini.
2618 1636 2690 1696 de

282 1700 443 1779 Orig.
476 1703 636 1762 Fest.
666 1724 792 1781 cap.
821 1708 878 1764 6.
964 1707 1054 1766 Ne
1074 1708 1199 1786 jam
1228 1708 1488 1769 dicamus
1520 1710 1766 1771 Sanctos
1793 1711 2008 1771 multos
2045 1711 2281 1773 fictitios
2310 1715 2438 1789 coli,
2464 1716 2566 1792 qui
2592 1717 2690 1775 vel

276 1798 577 1860 nunquam
604 1785 938 1860 extiterunt,
969 1787 1068 1846 vel
1093 1788 1195 1865 qui
1222 1789 1367 1847 nihil
1394 1790 1586 1850 minus
1615 1799 1751 1850 sunt
1777 1810 1950 1868 quam
1978 1792 2150 1853 beati.

887 1867 1104 1926 XVII.
1149 1868 1348 1943 Sexte,
1375 1870 1525 1945 Quia
1550 1870 1753 1948 ignota
1779 1871 1890 1930 fuit
1910 1870 2268 1948 Apostolicae
2296 1872 2595 1948 Ecclesiae,
2626 1885 2687 1935 et

806 1946 1008 2024 primis
1050 1948 1471 2009 Christianismi
1513 1951 1724 2010 seculis
1758 1951 2099 2011 Sanctorum
2127 1952 2436 2012 invocatio.
2520 1955 2691 2014 Patet

808 2047 884 2085 ex
912 2027 1258 2087 testimoniis
1285 2030 1809 2090 vetustissimorum
1849 2031 2105 2107 Patrum,
2146 2031 2188 2091 J
2191 2033 2387 2107 ustini,
2420 2034 2596 2111 Apol.
2626 2034 2687 2093 ii.

279 2109 319 2140 ‘⁸
349 2106 601 2166 Proinde
629 2126 737 2166 nos
763 2106 952 2166 solum
984 2108 1172 2166 Deum
1199 2108 1524 2184 adoramus,
1554 2119 1615 2170 et
1641 2111 1811 2169 vobis
1838 2111 1900 2168 in
1927 2111 2100 2170 rebus
2127 2112 2258 2170 aliis
2295 2113 2416 2171 laeti
2443 2112 2686 2171 inservi-

274 2207 408 2246 mus
427 2189 484 2262 ;''
547 2187 917 2264 Smyrnensis
960 2187 1256 2262 Ecclesiae,
1287 2208 1417 2265 quae
1458 2198 1638 2265 negat
1694 2192 1729 2224 “
1776 2210 1838 2248 se
1887 2209 2216 2267 quenquam
2264 2191 2441 2250 alium
2497 2192 2688 2252 colere

276 2265 1232 2406 gfflgvsswffitssffitfflg
1254 2268 1514 2421 0123ss
1522 2271 1726 2405 »ἳέἐῖ
1760 2268 1986 2406 {¹333
2016 2269 2118 2407 ¹2²1·
2147 2288 2286 2408 sa·
2317 2272 2498 2410 {²01⁴
2522 2272 2686 2412 33¹2}ss

279 2426 464 2503 Apol.
496 2444 546 2484 c.
574 2367 781 2485 xvii.p2
810 2426 978 2500 Quod
1006 2366 1309 2500 colimusss'
1339 2427 1546 2503 inquit,
1580 2429 1618 2460 ‘⁴
1648 2427 1810 2486 Deus
1836 2447 1987 2486 unus
2015 2430 2162 2503 est,''
2193 2369 2318 2487 &ei
2374 2431 2685 2508 Epiphanii

274 2507 484 2565 hares.
516 2508 609 2580 69,
644 2509 678 2541 “
708 2507 923 2565 Sancta
951 2505 1063 2565 Dei
1093 2505 1360 2574 Ecclesia
1385 2515 1706 2565 creaturam
1733 2526 1851 2565 non
1877 2507 2079 2568 adorat
2097 2510 2154 2583 ;'’
2205 2509 2533 2585 Athanasii,
2564 2529 2684 2570 ora.

271 2589 332 2663 3,
363 2594 520 2646 cont.
551 2585 707 2646 Arri.
749 2588 785 2621 “
814 2586 1091 2647 Creatura
1118 2594 1437 2646 creaturam
1464 2606 1583 2645 non
1609 2587 1828 2663 adorat,
1860 2587 2040 2647 solius
2071 2588 2338 2648 Numinis
2365 2598 2454 2651 est
2482 2590 2683 2651 adora·

272 2668 384 2726 ri.''
443 2667 718 2744 Gregorii
746 2667 1002 2744 Nysseni
1029 2666 1104 2724 ad
1134 2666 1359 2726 Placill.
1385 2689 1401 2726 ε
1434 2668 1470 2699 “
1497 2667 1599 2744 qui
1627 2677 1948 2727 creaturam
1975 2667 2193 2746 adorat,
2223 2670 2362 2730 lieet
2381 2670 2555 2730 faciat
2581 2691 2684 2730 no-

268 2747 428 2806 mine
458 2747 694 2821 Christi,
722 2757 814 2806 est
840 2746 1161 2819 idololatra,
1193 2765 1403 2805 nomen
1432 2746 1647 2806 Christi
1688 2747 1845 2807 idolo
1887 2749 2247 2825 imponens.''
2331 2750 2388 2809 N
2389 2751 2686 2810 azianzeni

272 2836 419 2886 orat.
453 2830 548 2900 14,
579 2827 653 2885 de
685 2826 835 2885 Pace
860 2848 875 2887 ε
922 2829 959 2860 “
984 2823 1100 2901 μηδ’
1128 2827 1476 2906 {engeis-unc,
1509 2825 1627 2902 μηδ’
1662 2827 1987 2902 ὕει-κίρνης,
2018 2849 2205 2906 neque
2235 2830 2680 2907 supercolentes,

270 2926 460 2983 neque
489 2906 894 2982 subcolentes3
939 2905 1208 2965 Alterum
1235 2906 1388 2966 enim
1415 2907 1541 2965 fieri
1579 2925 1697 2966 non
1738 2916 1946 2986 potest,
1991 2909 2260 2968 Alterum
2301 2910 2581 2969 nefarium
2626 2920 2685 2969 et

268 2986 576 3062 impium.''
664 2986 908 3045 Sanctus
934 2993 1124 3044 autem
1153 2985 1226 3044 iis
1253 3005 1361 3044 nec
1389 2987 1578 3046 cultos
1604 3006 1713 3045 nec
1740 2988 2040 3047 invocatos
2066 3008 2194 3047 esse
2221 2998 2359 3048 tunc
2386 2989 2679 3067 temporis,

266 3066 450 3125 variis
477 3067 837 3143 argumentis
885 3063 1111 3124 ostendi
1148 3073 1380 3142 possetz
1426 3066 1512 3124 Ut
1550 3066 1708 3142 quod
1747 3066 1910 3125 nulla
1948 3068 2164 3126 mentio
2206 3077 2469 3127 occurrat
2510 3070 2680 3126 Tem·

268 3144 517 3222 plorum,
550 3145 863 3219 Altarium,
898 3144 1404 3217 Simulachrorum,
1437 3145 1763 3219 Festorum,
1796 3146 2113 3219 Donorum,
2144 3144 2273 3216 ὅπα,
2307 3145 2478 3204 Divis
2524 3147 2680 3204 diea-

269 3233 480 3300 torum,
512 3233 580 3284 ut
606 3225 822 3302 passim
850 3224 1081 3284 videtur
1119 3223 1276 3301 apud
1317 3223 1744 3297 Adversarios;
1805 3223 1974 3296 Quod
2016 3223 2078 3280 in
2123 3223 2357 3300 publico
2403 3225 2682 3283 Ecclesiae

273 3305 453 3379 cultu,
493 3305 597 3363 uni
640 3303 863 3380 solique
907 3304 1033 3363 Deo
1074 3305 1325 3380 hymnos
1366 3302 1716 3377 cecinerint3
1777 3301 1947 3375 Quod
1993 3301 2055 3359 in
2102 3302 2449 3379 explicando
2495 3304 2682 3380 prime

269 3393 580 3461 praecepto,
610 3392 670 3442 et
697 3383 969 3442 Oratione
999 3382 1321 3458 Dominica,
1353 3401 1470 3441 non
1498 3402 1679 3458 aeque,
1709 3391 1776 3444 ut
1806 3381 2070 3453 Romani,
2114 3400 2348 3460 precum
2390 3382 2465 3440 ad
2495 3383 2682 3444 Divos

268 3463 678 3540 religiosarum
704 3462 1106 3538 meminerint;
1168 3461 1339 3536 Quod
1370 3462 1712 3521 Sanctorum
1743 3460 2101 3520 canonizatio
2130 3461 2286 3540 apud
2312 3462 2469 3539 ipsos
2515 3463 2678 3523 inan*-

269 3542 394 3601 dita
421 3551 482 3601 et
508 3542 807 3619 incognita
833 3542 1042 3617 fuerit3
1103 3540 1273 3616 Quod
1297 3541 1557 3618 plerique
1586 3561 1663 3599 ex
1690 3540 1831 3618 ipsis
1872 3542 2215 3601 Sanctorum
2255 3542 2476 3601 animas
2518 3554 2684 3603 extra

266 3622 484 3680 eoelum
510 3642 699 3699 usque
727 3620 803 3680 ad
828 3621 1305 3681 resurrectionem
1332 3620 1521 3679 carnis
1562 3620 1774 3698 degere
1814 3622 2182 3698 putaverint;
2246 3622 2412 3697 Quod
2457 3623 2682 3700 Pagani

268 3701 561 3760 Dimmm
589 3703 811 3761 cultum
856 3709 991 3759 ante
1038 3709 1307 3777 quartum
1350 3700 1612 3759 seculum
1641 3700 1982 3759 Christianis
2021 3701 2288 3778 nuspiam
2331 3702 2681 3779 objecerint3

266 3781 443 3855 Quod
475 3781 732 3858 Paganis
762 3782 950 3839 Deum
978 3799 1220 3854 summo,
1251 3778 1544 3838 ministros
1572 3780 1826 3839 secundo
1866 3780 1997 3839 loco
2038 3781 2378 3854 colentibus,
2421 3782 2505 3839 ita
2545 3802 2678 3840 eon-

266 3869 496 3920 stanter
519 3860 939 3938 responderint,
969 3868 1036 3918 ut
1055 3859 1352 3936 praefracte
1379 3869 1659 3936 negarent
1698 3859 1874 3918 alium
1916 3860 2030 3918 nisi
2073 3860 2262 3918 Deum
2303 3878 2482 3917 unum
2525 3880 2680 3919 sum—

264 3959 431 3998 mum
459 3960 524 3999 se
552 3939 808 4014 adorare,
848 3959 955 3998 nec
982 3939 1202 3998 cultum
1232 3938 1344 3997 Dei
1384 3958 1422 3996 a
1459 3939 1622 3998 cultu
1660 3939 2052 3997 ministrorum
2094 3939 2319 4015 uspiam
2360 3938 2679 4014 distingue—

268 4027 429 4078 rent:
473 4028 533 4078 et
562 4019 677 4077 alia
706 4019 970 4097 idgenus,
991 4038 1119 4095 quae
1160 4017 1362 4095 primis
1389 4017 1600 4077 seculis
1627 4018 1985 4094 incognitum
2025 4018 2203 4076 fuisse
2244 4017 2417 4076 talem
2462 4017 2679 4076 cultum

264 4099 425 4157 clare
454 4098 750 4173 evincunt,
781 4118 911 4175 quae
940 4097 1178 4174 collegit
1206 4096 1464 4156 Celeber.
1506 4099 1785 4171 Dalloeus,
1824 4096 1898 4156 de
1929 4097 2121 4173 Relig.
2166 4096 2371 4155 Cultus
2416 4095 2525 4173 obj
2532 4105 2676 4172 ecte,

265 4177 371 4236 lib.
399 4177 485 4236 iii.
571 4178 653 4236 Et
673 4178 723 4236 si
749 4197 909 4236 error
936 4177 1149 4236 sensim
1180 4175 1428 4235 invaluit
1466 4196 1779 4255 progressu
1819 4177 2111 4252 temporis,
2157 4174 2312 4252 quod
2353 4175 2540 4251 patuit
2580 4175 2680 4234 de·

268 4277 428 4315 mum
459 4257 614 4315 circa
639 4277 773 4316 ann.
802 4259 939 4331 370,
969 4275 1088 4315 non
1115 4256 1421 4316 defuerunt
1447 4257 1547 4332 qui
1585 4255 1674 4313 illi
1699 4255 1956 4313 mascule
1983 4275 2045 4314 se
2087 4265 2476 4332 opponerent:
2520 4253 2680 4312 dam-

266 4343 443 4395 natus
465 4345 556 4395 est
582 4355 620 4395 a
646 4338 822 4396 Conc.
854 4336 1035 4394 Laod.
1076 4356 1125 4394 c.
1156 4337 1251 4410 35,
1299 4344 1359 4394 et
1406 4334 1700 4411 Carthagi.
1750 4337 1806 4407 3,
1859 4334 1999 4392 Can.
2049 4337 2146 4400 23,
2198 4342 2565 4409 oppugnatus
2607 4336 2681 4395 ab

268 4415 605 4493 Epiphanio
632 4425 835 4475 contra
862 4414 1290 4492 Collyridianos
1317 4413 1624 4491 Virginem
1664 4413 2020 4486 invocantes,
2051 4412 2188 4470 haer.
2219 4415 2315 4487 79,
2339 4413 2414 4471 ab
2443 4414 2679 4491 Augus·

264 4494 410 4569 tin0,
441 4495 517 4554 de
543 4515 687 4554 vera
715 4495 908 4571 Relig.
939 4516 989 4554 c.
1020 4497 1116 4570 55,
1147 4494 1248 4571 qui
1293 4496 1655 4552 honorandos
1689 4502 1935 4569 propter
1973 4493 2349 4567 imitationem,
2391 4513 2508 4553 non
2541 4498 2680 4554 ado·

264 4577 488 4633 rondes
505 4584 755 4652 propter
780 4575 1121 4652 rdiqionem,
1152 4573 1370 4648 statuit,
1401 4576 1550 4632 cultu
1577 4572 1902 4647 dilectionis,
1932 4580 1991 4630 et
2015 4572 2306 4646 societatis,
2329 4575 2519 4650 qualis
2545 4594 2680 4633 con·

276 1927 323 1975 6.
341 1929 418 1976 Ex
450 1924 765 1975 Testimoniis

398 1986 650 2034 Veterum.
