3221 5200
437 316 552 372 568
1199 327 1380 368 Locus
1423 329 1680 370 necmns
1723 330 1962 372 snx'rns.
2461 310 2719 392 [QUAEs‘r.
2751 330 2844 371 111.

440 472 576 531 alibi
607 491 668 529 se
697 469 1004 529 destitutos
1044 469 1308 543 fatentur,
1359 470 1513 528 Psal.
1558 491 1736 529 cxxx.
1769 475 1823 546 3,
1855 479 1913 529 et
1955 471 2133 530 cxliii.
2177 475 2232 546 2,
2264 471 2368 530 sed
2391 473 2614 548 justitia
2642 491 2844 543 causae,

442 571 614 628 quam
643 551 968 624 tuebantur,
994 558 1053 608 et
1079 557 1311 626 propter
1337 570 1508 625 quam
1532 550 1605 608 ab
1628 551 1820 627 impiis
1848 553 2302 627 persecutionem
2331 553 2720 628 patiebantur3
2753 552 2851 609 vel

442 633 493 690 si
513 629 859 706 intelligitur
878 630 1107 707 justitia
1135 648 1408 706 personae,
1433 650 1548 688 non
1567 639 1656 688 est
1682 631 2027 690 universalis
2055 640 2113 689 et
2140 632 2420 705 absoluta,
2446 651 2574 707 quae
2602 632 2663 688 in
2690 631 2852 698 nullo

441 710 770 769 mortalium
813 709 998 786 datur,
1045 709 1147 767 sed
1179 710 1552 784 particularis
1606 710 1797 787 quoad
1847 720 2034 770 certos
2074 719 2255 783 actus,
2285 711 2345 768 in
2375 712 2586 787 quibus
2613 711 2760 769 bene
2790 730 2851 769 se

444 810 645 868 gerere
674 800 916 868 possunt
945 810 1019 847 ex
1050 789 1161 847 Dei
1190 788 1391 863 gratia,
1438 789 1628 865 qualis
1657 790 1765 849 fuit
1792 791 1941 849 actio
1973 791 2264 866 Phineazi,
2301 811 2430 867 quae
2458 791 2544 848 illi
2573 791 2855 867 imputata

446 879 535 930 est
576 871 650 928 ad
686 871 991 948 justitiam,
1037 877 1095 925 et
1135 878 1491 943 comparata,
1532 890 1650 928 non
1688 871 1866 928 relate
1895 870 1970 928 ad
2000 872 2207 946 Deum,
2253 871 2356 929 sed
2384 870 2458 928 ad
2486 870 2710 946 impios,
2752 868 2853 945 qui

447 951 734 1008 immerito
763 970 861 1007 cos
890 947 1402 1007 calumniabantur.

531 1029 779 1087 XXVI.
827 1027 1127 1103 Proportio
1176 1027 1426 1087 hominis
1474 1029 1550 1086 ad
1579 1049 1865 1089 summum
1913 1031 2144 1105 bonum,
2176 1031 2273 1090 vel
2301 1038 2390 1088 est
2417 1051 2493 1088 ex
2519 1027 2854 1106 praescripto

451 1109 643 1185 Legis,
679 1109 809 1164 Hoc
839 1105 928 1164 fac
956 1116 1014 1164 et
1042 1107 1225 1180 viveS,
1257 1109 1352 1165 vel
1401 1128 1476 1166 ex
1505 1108 1732 1168 indulto
1763 1111 1997 1169 Gratiae.
2084 1111 2270 1169 Priori
2314 1130 2485 1169 sensu
2512 1111 2684 1167 homo
2708 1109 2852 1166 inte-

448 1208 551 1264 ger
599 1186 1023 1263 proportionem
1066 1187 1367 1246 habuisset
1410 1188 1486 1246 ad
1514 1209 1799 1248 summum
1838 1190 2071 1249 bonum.
2160 1191 2274 1250 Sed
2303 1210 2405 1267 per
2432 1197 2731 1267 peccatum
2761 1188 2858 1245 via

448 1268 549 1325 illa
582 1269 704 1343 jam
735 1265 948 1339 clausa,
999 1265 1114 1323 alia
1141 1267 1451 1342 quaerenda
1493 1267 1603 1327 fuit
1647 1270 1708 1326 in
1737 1270 1982 1344 Christo,
2014 1270 2112 1346 qui
2165 1270 2380 1346 Legem
2424 1290 2527 1345 pro
2556 1268 2722 1326 nobis
2752 1267 2855 1323 im-

448 1346 676 1423 plend0,
715 1345 816 1422 jus
870 1346 1038 1403 nobis
1093 1345 1167 1403 ad
1217 1366 1503 1405 summum
1560 1348 1774 1406 bonum
1833 1369 1934 1407 seu
1990 1350 2169 1407 vitam
2213 1359 2484 1407 aeternam
2527 1348 2854 1424 acquisivit.

450 1430 639 1499 Quum
669 1443 808 1500 ergo
836 1425 958 1483 vita
987 1425 1197 1483 dicitur
1225 1425 1416 1482 danda
1442 1426 1553 1502 piis
1582 1436 1642 1485 et
1663 1428 1856 1502 justis,
1889 1437 2118 1485 notatur
2146 1429 2395 1505 qualitas
2425 1449 2528 1486 seu
2556 1427 2857 1504 dispositio

450 1505 715 1582 subjecti,
748 1504 906 1580 quod
933 1504 1055 1561 vita
1082 1505 1254 1580 potiri
1283 1504 1471 1577 debet,
1502 1525 1620 1562 non
1648 1524 1787 1564 vero
1811 1527 1984 1564 causa
2006 1507 2138 1565 talis
2160 1508 2328 1582 boni;
2354 1507 2431 1565 id.
2452 1507 2644 1584 quales
2661 1506 2859 1564 felices

449 1605 576 1643 esse
604 1584 871 1658 debeant,
901 1604 1014 1641 non
1047 1603 1225 1659 quare
1247 1592 1304 1641 et
1324 1593 1564 1660 propter
1591 1585 1744 1659 quid.

533 1663 819 1722 XXVII.
866 1664 1031 1721 Licet
1079 1663 1167 1736 iis,
1219 1664 1429 1739 quibus
1498 1664 1815 1740 imputatur
1866 1664 2193 1723 Satisfactio
2240 1665 2471 1738 Christi,
2525 1665 2863 1723 infundatur

450 1745 624 1803 etiam
651 1744 885 1802 habitus
920 1743 1179 1821 justitiae,
1224 1744 1326 1819 qui
1369 1763 1404 1800 a
1450 1744 1647 1821 parvis
1692 1744 1872 1803 initiis
1912 1744 2187 1820 paulatim
2216 1745 2512 1804 contendit
2539 1746 2612 1803 ad
2640 1743 2859 1821 perfec-

450 1825 683 1898 tionem,
715 1843 887 1899 quam
919 1825 976 1880 in
1004 1823 1185 1881 altera
1202 1823 1323 1881 vita
1351 1832 1574 1882 tantum
1602 1843 2005 1901 assequemur3
2037 1834 2094 1883 et
2117 1825 2226 1882 isto
2247 1824 2446 1882 habitu
2472 1825 2767 1882 moraliter
2796 1831 2858 1881 et

453 1906 795 1963 inbaerenter
829 1903 975 1980 justi
1003 1902 1343 1979 incipiamus
1365 1923 1490 1961 esse
1514 1926 1529 1978 ;
1575 1924 1693 1962 non
1719 1924 2026 1982 possumus
2054 1913 2246 1963 tamen
2266 1904 2413 1982 justi
2439 1903 2556 1961 dici
2582 1902 2760 1960 relate
2783 1902 2861 1960 ad

444 1985 730 2062 judicium
760 1982 1039 2041 divinum.
1127 1983 1213 2040 Eo
1243 1983 1395 2041 enim
1417 1984 1563 2059 justi
1592 1993 1814 2043 tantum
1838 1984 2238 2043 constituimur
2266 1985 2324 2041 in
2346 1983 2468 2042 foro
2497 1982 2715 2055 divinO,
2744 2001 2862 2057 quo

447 2065 670 2123 diluere
715 2082 1022 2140 possumus
1070 2063 1510 2136 accusationem,
1557 2084 1672 2140 qua
1719 2065 2119 2123 insimulamur
2158 2064 2395 2141 pcccati,
2429 2073 2546 2121 tam
2586 2061 2863 2139 praeteriti

451 2165 624 2220 quam
672 2142 990 2220 praesentis.
1076 2141 1161 2200 At
1209 2143 1342 2201 talis
1375 2143 1618 2219 justitiae
1646 2144 1878 2203 habitus
1906 2145 2208 2203 inchoatus
2237 2145 2410 2203 talem
2439 2141 2862 2202 accusationem

453 2225 672 2282 diluere
700 2223 917 2298 nequit,
940 2222 1062 2280 sive
1084 2241 1212 2280 eam
1234 2222 1437 2280 falsam
1460 2222 1770 2297 reddendO,
1804 2224 1939 2300 quia
1962 2234 2186 2282 constat
2209 2244 2434 2301 semper
2448 2244 2555 2281 nos
2572 2240 2860 2300 peccasse,

453 2313 626 2379 atque
655 2301 800 2359 adeo
830 2321 959 2360 reos
987 2321 1131 2375 esse,
1164 2302 1287 2360 sive
1319 2321 1444 2359 eam
1473 2304 1860 2379 expungendo
1903 2324 2004 2381 per
2048 2303 2391 2362 solutionem
2418 2324 2604 2379 poenae
2633 2301 2861 2373 debitae,

453 2384 589 2460 quia
616 2402 733 2439 non
761 2389 951 2458 potest
977 2381 1189 2440 habere
1218 2382 1497 2440 rationem
1528 2382 1934 2442 satisfactionis
1972 2404 2075 2461 pro
2102 2385 2353 2460 peccatis
2382 2381 2719 2452 commissiS,
2750 2400 2866 2456 qua

454 2482 649 2521 eorum
674 2471 866 2519 reatus
888 2461 1124 2519 tollatur
1147 2483 1160 2535 ;
1206 2480 1338 2517 nam
1357 2481 1424 2518 eo
1447 2461 1633 2520 tendit
1647 2470 1713 2520 ut
1741 2469 1856 2520 non
1878 2483 2180 2540 peccemus
2208 2463 2267 2519 in
2290 2472 2599 2539 posterum,
2626 2460 2726 2518 sed
2748 2479 2864 2516 non

452 2549 644 2620 potest
672 2540 856 2598 facere
886 2549 951 2599 ut
977 2559 1092 2597 non
1120 2540 1566 2616 peccaverimus,
1597 2549 1769 2617 atque
1798 2542 1942 2600 adeo
1970 2562 2086 2600 non
2115 2562 2388 2619 egeamus
2421 2541 2650 2619 justitia
2678 2540 2868 2597 aliena

454 2622 622 2693 nobis
651 2621 929 2696 imputata
957 2618 1032 2675 ad
1051 2619 1525 2695 justificationem
1545 2630 1819 2680 nostram.

1382 2816 1769 2890 QUAEsTIO
1813 2817 1931 2875 111.

456 2936 550 2993 An
589 2933 824 2993 Justitia
868 2941 920 2991 et
967 2934 1290 2993 obedientia
1339 2935 1552 2993 Christi
1596 2936 1749 2993 nobis
1798 2936 2074 3011 imputata
2120 2935 2190 2993 sit
2244 2955 2415 2992 causa
2471 2934 2760 2991 meritoria
2816 2941 2871 2989 et

520 3016 957 3153 fingamentum
985 3023 1190 3071 nostrae
1209 3015 1632 3093 Justv‘ficatiomh
1659 3035 1853 3074 coram
1874 3017 2002 3074 Deo
2023 3018 2053 3073 ,2
2133 3013 2358 3073 Affirm.
2389 3023 2570 3073 contr.
2603 3012 2866 3071 Pontific.

540 3106 598 3153 ct
655 3093 821 3152 'ocin.

543 3255 591 3313 1.
638 3254 880 3330 checta
929 3253 1076 3311 falsa
1124 3264 1182 3313 et
1226 3256 1501 3316 ementita
1535 3256 1968 3333 justificationis
2012 3264 2226 3315 nostrae
2256 3274 2430 3313 causa
2457 3252 2767 3330 impulsiva
2809 3258 2869 3307 et

459 3335 769 3408 meritoria,
800 3353 930 3409 quae
960 3333 1018 3389 in
1048 3334 1090 3391 J
1095 3334 1292 3393 ustitia
1318 3335 1634 3395 inhaerente
1664 3336 1979 3395 collocatur
2005 3357 2041 3395 a
2071 3334 2423 3408 Pontificiis3
2468 3353 2607 3391 vera
2639 3333 2761 3408 jam
2811 3337 2871 3387 et

461 3414 714 3490 genuina
740 3432 813 3469 ex
848 3412 1144 3487 Scriptura
1172 3414 1482 3490 aperienda
1508 3424 1613 3487 est,
1645 3416 1688 3473 J
1694 3415 1890 3473 ustitia
1910 3415 2180 3473 nimirum
2199 3422 2257 3472 et
2286 3412 2628 3471 Obedientia
2657 3408 2872 3468 Christi

461 3492 629 3549 nobis
657 3511 691 3547 a
721 3491 847 3546 Deo
877 3491 1173 3564 imputata.
1259 3493 1440 3568 Cujus
1488 3494 1703 3550 veritas
1751 3502 1809 3551 et
1857 3493 2062 3551 modus
2089 3503 2155 3551 ut
2183 3492 2392 3550 clarius
2419 3490 2781 3567 percipiatur,
2814 3496 2875 3546 et

462 3569 665 3626 fortius
711 3567 1023 3702 reitineatur
1051 3577 1251 3627 contra
1280 3570 1765 3629 Adversariorum
1811 3572 2037 3645 cavilla,
2086 3572 2231 3628 Haec
2260 3571 2320 3626 in
2348 3578 2704 3627 antecessum
2736 3576 2874 3625 sunt

462 3647 743 3705 observan
789 3665 839 3703 a.

1067 3723 1151 3784 ΙΙ.
1185 3725 1396 3801 Primo,
1419 3727 1795 3803 supponimus
1817 3728 1861 3785 J
1864 3727 2303 3786 ustificationcm
2323 3746 2448 3785 esse
2467 3734 2658 3785 actum
2683 3726 2872 3784 foren-

464 3806 718 3852 Sententia
767 3803 945 3849 ottho·
986 3824 1106 3863 sem
1138 3805 1266 3880 Dei,
1315 3814 1379 3864 ut
1415 3806 1536 3882 jam
1585 3806 1907 3883 probatum,
1938 3827 2054 3866 non
2101 3816 2168 3866 ut
2197 3806 2507 3865 Creditoris
2530 3818 2587 3865 et
2613 3826 2875 3883 personae

522 3863 946 3967 ῗὲξξῃῖᾖιξζῖἰξξζ
985 3885 1245 3962 privatae,
1297 3885 1401 3944 sed
1448 3895 1513 3944 ut
1563 3886 1828 3945 Rectoris
1857 3895 1916 3946 et
1952 3889 1994 3946 J
1999 3886 2185 3946 udicis
2212 3907 2314 3964 pro
2343 3887 2617 3946 tribunali
2646 3896 2874 3945 senten·

526 3981 728 4025 Christi.
986 3965 1126 4024 tiam
1183 3965 1255 4025 de
1316 3965 1484 4025 nobis
1541 3966 1797 4025 ferentis.
1921 3971 1976 4027 2.
2024 3968 2241 4026 Actum
2296 3986 2421 4025 esse
2479 3987 2595 4024 non
2642 3965 2875 4024 ,Iudicis

983 4045 1317 4121 subalterni,
1370 4045 1468 4123 qui
1518 4046 1592 4104 ad
1643 4047 1819 4124 Legis
1869 4046 2170 4105 formulam
2220 4046 2615 4123 adstringitur,
2648 4044 2751 4104 sed
2778 4065 2874 4103 su-

463 4125 646 4204 premi
677 4125 1056 4202 Magistratus
1084 4135 1143 4184 et
1173 4126 1472 4203 Principis,
1504 4126 1579 4184 ad
1606 4146 1778 4202 quem
1808 4127 1994 4185 solum
2035 4128 2284 4204 pertinet
2310 4146 2413 4204 pro
2447 4127 2580 4203 jure
2610 4146 2714 4184 suo
2742 4133 2877 4178 abe-o·

464 4216 712 4278 κμιημῷ·
754 4204 1000 4281 gratiam
1043 4204 1230 4264 facere
1277 4206 1409 4281 reis,
1457 4215 1516 4264 et
1542 4206 1803 4264 relaxare
1831 4206 1902 4265 de
1930 4207 2121 4283 rigore
2146 4206 2368 4283 Legum
2416 4206 2750 4282 positarum.
2814 4207 2874 4262 3.

467 4284 656 4342 Deum
701 4285 795 4342 hic
844 4304 960 4342 non
1005 4285 1203 4343 sedere
1247 4284 1307 4341 in
1335 4286 1543 4343 throno
1570 4286 1615 4346 J
1618 4286 1845 4359 ustitiae,
1876 4295 1942 4345 ut
1970 4295 2107 4362 agat
2135 4296 2263 4341 aava
2287 4295 2337 4340 rs
2360 4292 2684 4358 ἁκμβοδίιαω,
2726 4294 2872 4357 νέμω,

466 4362 659 4421 sedin
687 4364 894 4421 throno
939 4364 1172 4437 Gratiae,
1205 4371 1269 4421 ut
1297 4374 1434 4440 agat
1467 4366 1644 4441 juxta
1671 4374 1901 4420 infima»
1945 4366 2378 4443 Evangelicam.
2463 4368 2520 4423 4.
2566 4365 2658 4422 Ita
2700 4385 2874 4441 agere

464 4463 540 4501 ex
568 4441 973 4516 misericordia,
1003 4452 1069 4502 ut
1096 4443 1205 4502 hoc
1235 4447 1331 4501 fiat
1359 4452 1549 4503 tamen
1579 4445 1761 4504 illaesa
1795 4445 2039 4521 justitia,
2071 4466 2200 4523 quae
2229 4465 2360 4503 cum
2401 4464 2516 4501 non
2546 4445 2726 4520 possit
2753 4448 2877 4522 pati

468 4521 656 4596 Leges
685 4542 820 4580 suas
848 4522 1079 4599 impune
1109 4522 1330 4595 violari,
1356 4532 1414 4581 ct
1441 4534 1739 4600 peccatum
1790 4524 2033 4583 inultum
2078 4525 2253 4599 abire,
2285 4524 2524 4601 requirit
2550 4525 2876 4585 necessario

464 4607 621 4670 λύρη
650 4601 900 4676 aliquod,
932 4622 1046 4677 quo
1076 4602 1186 4679 ipsi
1215 4602 1473 4661 satisfiat.
