3221 5200
292 356 519 409 QUAEs‘r.
553 346 669 429 un]
1181 370 1256 408 nr:
1288 368 1629 408 voesrioxn
1662 369 1733 407 m*
1769 367 1921 408 mna.
2592 352 2706 409 449

283 503 368 561 rio
398 505 736 583 intenderet,
768 509 1005 569 adderet
1034 521 1273 569 externo
1323 511 1609 588 praeconio
1661 511 1778 568 vim
1832 510 2112 567 internam
2165 507 2430 585 SpirituS,
2483 509 2702 586 absque

283 603 398 659 quo
429 597 621 645 manet
651 609 875 667 semper
902 592 1186 650 inefficax.

363 665 578 725 XXV.
624 667 687 725 N
692 691 764 727 on
794 682 1079 749 repugnat
1100 670 1333 748 quidem
1368 671 1677 747 Sapientiae
1709 670 1837 744 Dei,
1864 691 1930 727 ea
1950 669 2098 727 velle
2121 668 2447 745 praecipere,
2474 675 2531 727 et
2559 689 2702 746 prae·

281 742 471 820 cipere
502 746 572 805 de
605 747 769 826 facte,
804 772 932 826 quae
963 762 1154 810 tamen
1184 760 1339 809 certo
1369 750 1548 823 novit,
1580 771 1698 808 non
1725 749 2054 827 praestanda
2082 748 2154 805 ab
2185 749 2271 822 iis,
2317 748 2528 825 quibus
2557 770 2701 825 prae·

281 834 509 900 ceptum
540 826 744 889 fuerit:
830 831 976 905 Quia
997 833 1096 909 jus
1126 852 1294 890 suum
1323 841 1382 889 et
1409 830 1658 888 hominis
1687 830 1953 902 officium,
1985 849 2099 887 non
2143 828 2334 885 minus
2383 848 2448 886 ac
2478 828 2700 886 bonita-

281 912 399 961 tem
430 926 593 963 suam
621 918 679 966 et
700 911 987 986 justitiam
1019 914 1079 969 in
1117 912 1220 970 tali
1263 910 1534 969 mandato
1581 911 1871 987 explicare
1919 910 2062 967 vult.
2154 907 2270 965 Sed
2313 918 2597 985 repugnat
2641 906 2703 966 id

284 984 471 1043 Deum
502 987 838 1065 simpliciter
866 1001 923 1050 et
951 993 1212 1051 absolute
1246 991 1394 1049 velle
1424 1000 1481 1049 et
1512 990 1822 1065 intendere,
1856 989 2011 1067 quod
2040 996 2231 1047 tamen
2259 1008 2374 1045 non
2395 988 2578 1047 solum
2602 1009 2704 1047 no-

283 1064 367 1123 vit
396 1085 690 1143 nunquam
719 1070 991 1145 futurum,
1025 1073 1129 1130 sed
1156 1071 1328 1130 etiam
1357 1070 1514 1148 quod
1543 1071 1666 1147 ipse
1696 1090 1812 1127 non
1841 1070 2096 1128 futurum
2125 1067 2399 1127 decrevit.

364 1146 615 1206 XXVI.
662 1150 939 1225 Quamvis
972 1153 1132 1210 Deus
1164 1152 1449 1227 lteprobis
1478 1150 1680 1208 offerat
1709 1150 1969 1208 Verbum
2001 1150 2058 1206 in
2089 1168 2218 1206 eum
2239 1148 2428 1223 finem,
2455 1158 2519 1207 ut
2548 1149 2701 1225 posi-

283 1232 343 1281 ta
393 1226 648 1303 ipsorum
678 1232 1037 1290 contumacia
1086 1231 1401 1289 reddantur
1427 1229 1872 1304 inexcusabiles»,
1920 1230 2050 1287 Non
2080 1237 2382 1305 propterea
2430 1228 2594 1287 offert
2633 1250 2702 1288 eo

281 1304 397 1363 fine
428 1316 491 1364 ut
519 1310 819 1385 rejiciant:
863 1313 972 1370 hoe
1002 1312 1154 1370 enim
1182 1321 1483 1389 peccatum
1514 1319 1620 1385 est,
1652 1310 1808 1387 quod
1841 1310 2000 1368 Deus
2030 1329 2135 1366 nec
2176 1308 2440 1383 intendit,
2471 1328 2579 1367 nec
2618 1308 2699 1367 fa-

283 1385 398 1459 cit;
445 1388 546 1444 sed
575 1397 640 1447 ut
668 1390 855 1449 latens
883 1391 1231 1469 perversitas
1260 1391 1449 1449 cordis
1478 1411 1674 1448 eorum
1717 1389 1966 1467 patefiat,
2021 1389 2162 1448 Luc.
2193 1388 2252 1445 ii.
2287 1391 2379 1463 35,
2413 1398 2471 1446 et
2508 1400 2574 1448 ut
2600 1410 2703 1466 per

281 1465 430 1523 hanc
460 1467 640 1526 Verbi
670 1470 1058 1546 rejectionem,
1090 1492 1219 1548 quae
1262 1471 1334 1529 ab
1378 1471 1503 1548 ipso
1553 1471 1784 1528 homine
1835 1470 2031 1545 oritur,
2083 1469 2442 1527 occasionem
2491 1469 2702 1529 habeat

279 1545 692 1621 patefaciendae
723 1570 840 1610 suae
861 1552 1105 1628 justitiae
1135 1553 1194 1609 in
1224 1571 1408 1627 poenae
1439 1550 1771 1609 inflictione.
1839 1550 2004 1609 Licet
2033 1569 2171 1607 vero
2190 1569 2304 1606 non
2327 1549 2578 1625 potuerit
2598 1550 2699 1607 ho·

279 1644 374 1683 mo
405 1626 662 1686 Verbum
694 1631 945 1708 recipcre
970 1633 1091 1690 sine
1122 1632 1327 1709 gratia,
1358 1652 1531 1707 quam
1564 1632 1725 1689 Deus
1756 1630 1841 1687 illi
1872 1650 1986 1687 non
2017 1629 2143 1687 vult
2173 1628 2370 1704 largiri
2392 1651 2406 1703 ;
2426 1649 2541 1686 non
2571 1629 2701 1689 ideo

278 1725 482 1764 vocare
512 1711 833 1769 censendus
862 1723 950 1771 est
980 1722 1042 1771 ut
1072 1712 1324 1789 rejiciat;
1369 1712 1505 1787 quia
1532 1711 1768 1787 rejectio
1798 1730 1912 1768 non
1943 1710 2202 1785 sequitur
2230 1729 2331 1784 per
2373 1729 2434 1767 sc
2483 1729 2558 1765 ex
2603 1730 2702 1767 na-

279 1794 407 1842 tura
436 1786 792 1865 Vocationis,
826 1792 928 1850 sed
958 1812 1058 1868 per
1086 1792 1353 1850 accidens
1383 1811 1456 1848 ex
1488 1791 1631 1848 vitio
1661 1790 1841 1867 ipsius
1883 1789 2150 1847 hominis.
2238 1788 2384 1845 Nam
2435 1792 2701 1864 quamvis

280 1885 393 1921 non
422 1870 672 1943 potuerit
718 1872 969 1948 recipere
999 1871 1259 1929 Verbum
1289 1870 1411 1928 sine
1440 1870 1645 1945 gratia,
1677 1868 1833 1946 quod
1876 1867 2074 1944 rejecit
2103 1876 2294 1926 tamen
2326 1887 2441 1925 non
2469 1868 2700 1928 aliunde

280 1946 476 2017 oritur,
510 1968 682 2024 quam
713 1970 784 2008 ex
818 1951 1109 2009 obstinata
1137 1951 1263 2026 ejus
1291 1950 1527 2007 malitia.

363 2026 647 2087 XXVII.
695 2030 826 2087 Non
856 2030 1068 2088 desinit
1096 2031 1267 2087 homo
1298 2049 1423 2087 esse
1470 2028 1900 2103 inexcusabiliS,
1931 2028 2068 2086 licet
2109 2028 2283 2086 faeiat
2331 2028 2488 2104 quod
2541 2028 2700 2086 Deus

280 2104 634 2183 intendebat,
668 2110 804 2184 quia
830 2130 949 2167 non
978 2109 1116 2167 facit
1144 2108 1300 2185 quod
1332 2109 1491 2166 Deus
1520 2108 1928 2185 praecipiebat;
1975 2117 2038 2166 ut
2070 2107 2337 2166 Herodes
2367 2117 2425 2166 et
2457 2108 2700 2167 Pontius

284 2184 510 2243 Pilatus
539 2207 656 2244 non
706 2189 895 2246 minus
927 2199 1061 2247 sunt
1089 2189 1531 2263 inexcusabileS,
1580 2188 1690 2245 etsi
1721 2188 1863 2244 nihil
1894 2187 2132 2246 fecerint
2179 2196 2387 2264 praeter
2435 2187 2496 2245 id
2544 2186 2702 2264 quod

280 2282 485 2322 manus
516 2275 574 2324 et
603 2268 907 2326 consilium
942 2268 1053 2326 Dei
1081 2277 1251 2326 antea
1279 2267 1615 2325 decreverat
1643 2267 1783 2340 fieri,
1818 2267 1953 2326 Act.
1983 2267 2061 2324 iv.
2094 2270 2190 2342 28,
2222 2268 2358 2344 quia
2389 2268 2700 2326 Decretum

278 2362 393 2400 non
424 2353 511 2402 est
539 2348 742 2422 regula
770 2349 1058 2406 actionum
1090 2356 1431 2420 nostrarum,
1465 2347 1567 2405 sed
1596 2356 1819 2405 tantum
1843 2348 2218 2424 Praeceptum.

360 2423 681 2485 XXVIII.
728 2428 827 2485 Ad
876 2427 1231 2486 reddendum
1280 2427 1570 2485 hominem
1618 2427 2072 2485 inexcusabilem
2120 2426 2330 2485 sufficit
2359 2427 2559 2485 tollere
2592 2426 2702 2502 ipsi

274 2513 618 2579 praetextum
651 2507 1008 2584 ignorantiae,
1040 2528 1155 2565 non
1184 2528 1322 2567 vero
1353 2508 1704 2583 impotentiae
1730 2530 1743 2580 ;
1789 2507 1924 2584 quia
1952 2509 2123 2566 homo
2147 2507 2530 2584 ignorantiam
2555 2506 2703 2565 solet

276 2591 592 2661 praetexere
617 2611 630 2662 ;
679 2588 781 2647 sed
810 2610 1105 2666 nunquam
1151 2588 1566 2667 impotentiam.
1658 2588 1848 2646 Homo
1899 2588 2069 2663 enim,
2114 2609 2229 2665 qua
2278 2595 2366 2646 est
2411 2586 2697 2664 superbia,

277 2685 503 2743 semper
531 2668 639 2726 sibi
669 2670 994 2746 persuadet,
1030 2690 1090 2728 se
1120 2689 1288 2747 posse
1320 2669 1377 2726 id
1407 2667 1563 2745 quod
1592 2669 1998 2745 praescribitur,
2032 2678 2090 2727 et
2119 2669 2259 2727 satis
2289 2668 2588 2726 convictus
2612 2676 2701 2726 est

277 2764 336 2803 se
368 2766 469 2822 per
497 2747 844 2808 obstinatam
873 2750 1152 2808 malitiam
1202 2770 1456 2826 peccare,
1489 2770 1667 2826 quum
1717 2748 1881 2808 deest
1925 2749 2111 2807 officio
2161 2768 2283 2807 suo,
2373 2749 2699 2806 Praetextus

274 2826 507 2901 quidem
538 2829 878 2904 ignorantiae
909 2830 1118 2888 auferri
1147 2830 1335 2906 debet,
1368 2829 1503 2906 quia
1522 2838 1779 2903 excusat,
1804 2829 1977 2887 modo
1996 2850 2113 2887 non
2132 2830 2209 2888 sit
2230 2827 2496 2887 affectata
2518 2836 2576 2886 et
2599 2848 2698 2885 vo·

274 2904 542 2982 luntaria‚
564 2909 667 2966 sed
710 2910 900 2985 quoad
920 2910 1333 2987 impotentiam,
1359 2930 1473 2968 non
1494 2918 1582 2967 est
1604 2909 1806 2967 eadem
1831 2910 1992 2982 rati0,
2014 2909 2246 2986 quando
2269 2919 2357 2967 est
2376 2908 2702 2966 voluntaria

274 2991 331 3039 et
361 2992 658 3046 &vienens-
748 2990 940 3046 Homo
970 3010 1085 3048 non
1108 2997 1336 3048 tenetur
1358 2990 1502 3047 seire
1532 2988 1689 3064 quod
1707 3009 1821 3046 non
1843 2989 2147 3047 revelatur.
2177 2988 2292 3046 Sed
2310 2997 2537 3046 tenetur
2553 3008 2697 3064 prae-

279 3069 429 3121 stare
459 3064 633 3122 etiam
662 3067 722 3123 id
751 3068 825 3125 ad
855 3069 1012 3144 quod
1039 3069 1324 3144 impotens
1353 3088 1454 3145 per
1480 3077 1782 3144 peccatum
1812 3067 2071 3127 redditus
2115 3077 2202 3126 est
2227 3091 2240 3140 ;
2288 3069 2364 3125 Et
2414 3086 2516 3143 per
2564 3086 2696 3124 con·

279 3161 530 3219 sequens
559 3154 751 3221 potest
779 3146 839 3203 id
868 3147 941 3204 ab
971 3148 1096 3223 ipso
1126 3147 1302 3224 exigi.

1235 3387 1628 3463 QUAEsTIO
1673 3388 1791 3446 111.

1089 3568 1163 3606 DE
1207 3567 1434 3607 GRA'HA
1480 3566 1865 3607 SUFFICIENTI.

274 3707 367 3763 An
402 3706 616 3766 Gratia
642 3710 914 3781 stffciens
941 3711 1253 3784 subjectiva,
1286 3719 1338 3767 et
1364 3710 1588 3767 inte-rna
1618 3711 1782 3767 detur
1810 3708 2058 3767 omnibus
2087 3717 2138 3766 et
2178 3708 2407 3784 sin-‹julli›-
2436 3711 2463 3765 .2
2548 3709 2598 3766 N
2604 3727 2695 3786 eg.

917 3799 1117 3847 contra
1149 3789 1500 3865 Pontificios,
1538 3789 1730 3848 Socin.
1763 3798 1821 3847 et
1850 3787 2076 3847 Armin.

276 3982 543 4027 Distinetio
574 3983 758 4027 Gratim
886 3947 935 4004 I.
981 3947 1129 4020 Quia
1158 3947 1307 4006 inter
1335 3948 1526 4004 varias
1556 3946 1959 4005 distinctiones
1990 3946 2225 4018 Gratiae,
2258 3966 2386 4021 quae
2416 3947 2475 4003 in
2506 3946 2694 4004 Voca-

339 4043 388 4084 in
434 4039 758 4085 sufficientem
803 4024 958 4083 tione
988 4045 1113 4083 sese
1145 4027 1345 4100 exerit,
1376 4026 1680 4084 tritissima
1709 4033 1797 4084 est
1826 4046 1909 4100 ea,
1942 4045 2057 4100 qua
2085 4023 2449 4083 distribuitur
2476 4026 2535 4083 in
2565 4029 2694 4100 Saff-

333 4107 384 4144 et
414 4099 674 4144 efficacem.
777 4105 1059 4183 ficientem
1089 4115 1142 4163 et
1168 4108 1488 4179 Efficacem,
1534 4125 1664 4180 quae
1708 4105 1844 4163 huic
1888 4104 2205 4178 Quaestioni
2253 4104 2445 4163 locum
2496 4105 2694 4182 dedit;

275 4186 363 4244 De
394 4205 462 4243 ea
490 4183 753 4262 quaedam
783 4183 1184 4262 praemittenda
1212 4194 1363 4261 sunt,
1396 4192 1460 4242 ut
1489 4193 1732 4259 constet,
1763 4205 1878 4260 quo
1909 4203 2081 4242 sensu
2100 4193 2452 4261 proponatur
2473 4186 2545 4243 ab
2571 4185 2696 4243 Ad-

269 4266 561 4342 versariis,
594 4275 651 4324 et
680 4287 714 4324 a
743 4264 910 4323 nobis
939 4265 1247 4343 rejiciatur,
1279 4263 1567 4342 quomodo
1598 4285 1737 4323 vero
1771 4285 1910 4323 sano
1941 4284 2113 4323 sensu
2164 4285 2198 4322 a
2253 4264 2420 4322 nobis
2469 4266 2697 4324 admitti

277 4347 476 4423 possit.

270 4464 383 4514 Quo
414 4479 561 4510 sensu
608 4479 747 4510 usur·
873 4427 957 4485 ΙΙ.
1005 4427 1294 4501 Bellarm.,
1328 4426 1523 4484 Contr.
1555 4429 1609 4499 3,
1637 4425 1707 4483 de
1741 4425 1903 4484 Grat.
1934 4433 1992 4483 et
2037 4425 2227 4483 Liber.
2283 4422 2472 4482 Arbit.
2503 4425 2605 4483 lib.
2644 4429 2693 4501 1,

328 4529 477 4625 getur
507 4540 535 4568 a
582 4526 751 4569 Ponti·
795 4512 987 4583 cap.2,
1005 4507 1265 4565 Gratiam
1286 4505 1662 4564 sufficientem
1675 4514 1731 4564 et
1754 4505 2040 4563 efficacem
2065 4504 2389 4581 distinguit,
2415 4513 2479 4564 ut
2500 4507 2692 4564 “Gra-

348 4581 493 4625 'fflssi
797 4587 876 4658 tia
907 4587 1194 4645 sufficiens
1224 4587 1298 4645 sit
1326 4607 1410 4659 ea,
1443 4607 1557 4663 qua
1588 4587 1748 4644 Deus
1781 4585 2070 4643 hominem
2102 4585 2179 4642 ita
2227 4595 2412 4659 vocat,
2459 4585 2692 4660 excitat,

271 4677 327 4726 et
351 4667 557 4743 juvare
589 4667 907 4744 dirigendO,
939 4666 1312 4745 protegendO,
1346 4666 1703 4745 cooperando
1735 4675 1965 4743 paratus
1996 4674 2100 4742 est,
2132 4674 2196 4724 ut
2224 4666 2396 4723 homo
2428 4665 2508 4723 sic
2539 4667 2694 4724 exei-

2323 4751 2358 4804 2
2393 4765 2426 4804 r
