3221 5200
239 394 472 444 eumer.
502 377 602 458 11.]
1228 398 1308 439 nn
1335 398 1489 439 naen
1518 397 1640 440 nst.
2573 385 2643 441 11

245 535 530 595 moralem
571 555 760 595 rerum
801 556 919 596 non
959 537 1191 597 aliunde
1230 538 1426 614 fluere,
1457 558 1630 615 quam
1672 558 1709 597 a
1745 538 1931 598 libera
1959 538 2072 599 Dei
2111 539 2433 614 voluntate,
2475 546 2652 618 atque

247 614 398 674 adeo
425 636 520 674 res
547 616 729 674 bonas
753 636 880 676 esse
907 626 967 676 et
984 617 1176 694 justas
1202 626 1427 678 tantum
1454 619 1591 696 quia
1614 619 1794 695 jussae
1823 629 1974 696 sunt,
2005 638 2121 676 nou
2140 619 2338 695 jussas
2364 637 2492 677 esse
2520 619 2657 695 quia

248 695 429 772 justae
455 703 651 754 essent
675 695 1111 773 antecedenter;
1152 705 1221 757 ut
1245 698 1393 755 nihil
1420 699 1613 757 obstet
1639 698 1947 774 quominus
1987 698 2335 757 contrarium
2365 698 2483 757 illis
2509 718 2655 775 prse-

253 774 745 931 ιώ,
775 777 1054 932 m...
1070 776 2657 933 nmmoeffiffidaeffl..

256 931 687 1009 dispensabilis,
717 942 783 993 ut
823 936 1017 993 Scotus
1058 943 1118 994 et
1162 936 1412 1010 Gabriel,
1456 899 1559 1011 quii
1598 934 1813 993 idcirco
1853 942 2140 1012 praecepta
2178 935 2281 992 illa
2320 935 2585 994 eximunt
2626 954 2663 993 a

255 1010 417 1087 Lege
441 1012 695 1069 naturali
722 1013 918 1073 stricte
945 1014 1029 1072 sic
1057 1013 1231 1073 dicta.
1294 1013 1394 1072 Ad
1419 1032 1567 1091 quos
1607 1014 1890 1073 accedunt
1925 1014 2013 1072 ini
2040 1034 2116 1072 ex
2143 1013 2372 1089 nostris,
2404 1013 2504 1090 qui
2530 1032 2659 1090 per-

255 1089 504 1148 tendunt
532 1090 831 1168 Prxecepta
849 1092 1113 1168 quaedam
1143 1093 1423 1171 Decalogi
1443 1092 1701 1167 moralia,
1732 1111 1862 1169 quse
1888 1092 2152 1151 absolute
2178 1093 2368 1152 fluunt
2394 1112 2430 1151 a
2454 1101 2663 1151 natura

259 1168 389 1243 Dei,
420 1168 685 1229 absolute
722 1190 849 1229 esse
888 1171 1378 1248 indispensabilia,
1409 1171 1605 1248 qualia
1642 1181 1777 1230 sunt
1808 1174 1860 1246 1,
1891 1174 1948 1246 2,
1978 1174 2036 1247 3,
2067 1176 2122 1248 7,
2153 1174 2210 1248 9,
2241 1171 2345 1230 sed
2376 1171 2492 1230 alia
2529 1190 2662 1247 quae

254 1247 512 1325 pendent
537 1268 613 1307 ex
658 1248 842 1308 libera
869 1250 982 1308 Dei
1020 1252 1336 1325 voluntate,
1375 1258 1442 1308 ut
1468 1258 1735 1326 quartum
1764 1270 1840 1309 ex
2043 1295 2059 1325 ,
2103 1259 2162 1309 et
2202 1250 2484 1327 quintum,
2529 1270 2662 1309 sex·

257 1336 401 1402 tum,
431 1335 702 1386 octavum
729 1335 790 1387 et
816 1328 1118 1404 decimum,
1148 1329 1286 1387 licet
1312 1329 1429 1388 sint
1454 1328 1693 1388 immota
1719 1337 1779 1388 et
1805 1330 1865 1386 in
1910 1330 2283 1406 ‘spensabilia
2309 1329 2503 1406 quoad
2527 1349 2659 1405 nos,

259 1425 387 1465 esse
412 1415 609 1466 tamen
636 1406 1048 1484 dispensabilis
1074 1407 1267 1486 quoad
1294 1409 1501 1482 Deum,
1533 1408 1634 1486 qui
1675 1409 1859 1486 possit
1899 1409 2072 1467 certis
2114 1409 2186 1468 de
2229 1409 2420 1468 causis
2458 1409 2662 1486 praeci-

260 1505 397 1562 pere
425 1487 791 1561 contrarium,
822 1496 881 1545 et
907 1494 1101 1546 tamen
1136 1487 1282 1545 nihil
1308 1486 1483 1546 faciat
1508 1507 1840 1565 repugnans
1867 1498 2087 1548 naturae
2116 1508 2254 1547 suae.
2340 1489 2537 1546 Tertia
2576 1495 2667 1547 est

262 1583 478 1639 eorum,
508 1565 609 1641 qui
636 1566 845 1624 volunt
872 1566 1091 1644 Legem
1130 1566 1408 1626 moralem
1434 1566 1628 1642 quoad
1668 1567 1860 1626 omnia
1887 1575 2174 1644 praecepta
2215 1585 2320 1625 sua
2357 1586 2486 1626 esse
2529 1567 2666 1625 sim·

261 1642 491 1719 pliciter
514 1643 1041 1722 indispensabilem,
1065 1645 1203 1723 quia
1229 1646 1486 1705 continet
1510 1645 1878 1704 intrinsecam
1907 1647 2186 1705 rationem
2206 1646 2451 1722 justitiae
2479 1653 2539 1704 et
2566 1645 2664 1704 de-

264 1721 392 1796 biti,
420 1742 537 1780 non
561 1729 630 1781 ut
668 1723 930 1800 procedit
968 1744 1006 1783 a
1034 1725 1208 1802 Lege,
1253 1724 1357 1784 sed
1383 1733 1449 1783 ut
1475 1724 1749 1783 fundatur
1788 1725 1849 1782 in
1890 1733 2097 1785 natura
2124 1723 2254 1799 Dei,
2299 1733 2360 1783 et
2399 1725 2667 1803 provenit

264 1819 342 1859 ex
388 1800 697 1860 intrinseca
737 1802 823 1861 rei
870 1805 1294 1879 constitutione,
1326 1812 1386 1862 et
1426 1804 1792 1881 proportione
1835 1803 1988 1862 inter
2031 1803 2324 1861 ob’ectum
2368 1813 2427 1862 et
2472 1811 2665 1861 actum

261 1888 655 1956 comparatum
694 1881 773 1939 ad
809 1891 1027 1941 rectam
1068 1882 1367 1957 rationem,
1413 1902 1517 1941 seu
1563 1890 1828 1940 naturam
1871 1882 2020 1940 ratio
2119 1901 2227 1957 em,
2287 1882 2489 1958 quales
2531 1891 2668 1941 sunt

266 1960 509 2018 ἸῚωπιω
541 1979 673 2018 cum
715 1959 854 2037 suis,
890 1965 953 2018 1·
977 1966 1066 2038 2⁸,
1110 1980 1167 2038 q.
1201 1963 1334 2037 100,
1364 1969 1470 2020 art.
1500 1963 1556 2039 8,
1586 1962 2084 2036 Δὶιίεοὲοᾱονσπεὺ,
2113 1961 2456 2038 Richardus,
2486 1963 2665 2020 Palu-

268 2040 470 2113 damoe,
500 2047 563 2097 et
589 2039 690 2096 alii
713 2040 929 2117 plures.

346 2116 469 2175 XI.
512 2118 593 2176 Et
630 2118 758 2177 haec
797 2118 1152 2178 communior
1177 2127 1268 2179 est
1295 2118 1763 2179 orthodoxorum
1805 2118 2106 2193 sententia,
2137 2138 2311 2195 quam
2339 2126 2400 2176 et
2425 2137 2533 2176 nos
2574 2136 2664 2176 se-

265 2196 514 2272 quimur,
559 2197 669 2255 hac
710 2206 904 2258 tamen
951 2218 1083 2257 cum
1122 2199 1484 2274 limitatione,
1512 2206 1580 2256 ιιι
1620 2198 2105 2275 quemadmodum
2145 2205 2434 2274 praecepta
2474 2196 2667 2255 omnia

269 2294 389 2333 non
415 2275 713 2351 aequaliter
739 2277 1003 2337 nituntur
1022 2279 1154 2355 jure
1182 2287 1402 2337 naturae
1430 2277 1719 2354 primario,
1765 2276 1869 2335 sed
1895 2276 2161 2353 quaedam
2189 2276 2452 2335 absolute
2478 2274 2670 2334 fluunt

270 2372 309 2412 a
334 2362 541 2412 natura
569 2355 695 2425 Dei,
725 2363 785 2413 et
809 2357 951 2414 talia
975 2357 1333 2435 praecipiunt,
1378 2376 1510 2434 quae
1536 2354 1827 2414 liberrime
1854 2354 2087 2432 quidem
2117 2354 2221 2413 sed
2248 2362 2442 2414 tamen
2467 2374 2665 2414 neces-

268 2434 425 2492 sario
454 2434 617 2492 Deus
634 2434 776 2509 vult,
807 2443 868 2494 et
894 2436 976 2494 ita
1001 2436 1326 2495 necessario
1353 2443 1414 2494 et
1440 2434 1889 2509 immutabiliter,
1910 2443 1977 2493 ut
2002 2434 2350 2492 contrarium
2370 2434 2522 2492 velle
2550 2453 2667 2493 non

260 2512 454 2590 possit
480 2512 605 2571 sine
632 2514 1079 2574 contradictione
1101 2536 1117 2591 ς
1163 2514 1304 2573 Alia
1329 2534 1470 2573 vero
1496 2533 1628 2591 quae
1648 2512 1902 2591 pendent
1928 2534 1964 2572 a
1989 2521 2210 2572 naturae
2236 2532 2426 2571 rerum
2453 2513 2666 2571 consti-

261 2592 488 2652 tutione
516 2591 906 2655 intercedente
944 2594 1128 2655 libera
1155 2594 1269 2654 Dei
1294 2593 1594 2654 voluntate
1619 2615 1634 2654 ι
1698 2592 1794 2652 Ita
1826 2613 1945 2653 non
1973 2592 2187 2653 debent
2213 2592 2434 2652 censeri
2475 2611 2667 2670 aequa-

260 2672 377 2731 lem
404 2672 772 2732 necessitatis
798 2682 859 2733 et
884 2674 1367 2734 immutabilitatis
1395 2673 1636 2751 gradum
1681 2672 1975 2749 obtinere3
2037 2674 2117 2732 Et
2153 2672 2289 2731 licet
2315 2671 2670 2749 dispensatio

266 2752 500 2829 proprie
528 2751 686 2810 dicta
710 2752 902 2812 locum
931 2755 992 2812 in
1018 2754 1091 2813 iis
1118 2772 1236 2812 non
1262 2753 1510 2829 habeat;
1555 2753 1869 2812 declaratio
1906 2762 2100 2812 tamen
2128 2771 2231 2811 seu
2272 2752 2669 2829 interpretatio

263 2831 417 2889 circa
442 2851 516 2890 ea
539 2851 954 2909 nonnunquam
974 2832 1161 2910 datur,
1184 2832 1420 2892 mutatis
1447 2851 1638 2893 rerum
1658 2833 1757 2892 vel
1781 2851 2155 2910 personarum
2182 2831 2628 2891 circumstantiis
2651 2852 2667 2908 ς

270 2917 337 2968 ut
360 2918 569 2988 postea
592 2910 911 2988 videbitur.

873 2991 1032 3051 XII.
1075 2991 1190 3050 Pro
1236 2989 1537 3051 Sententia
1564 2997 1766 3049 nostra
1791 2990 2009 3050 faciunt
2036 2989 2317 3049 Rationes
2344 2997 2670 3066 sequentes.

270 3065 725 3124 Indnpmabssitu
798 3072 852 3129 1.
882 3069 1033 3145 Quia
1057 3070 1229 3129 datur
1255 3069 1641 3162 dependentia
1668 3070 1958 3128 Creaturae
1983 3069 2282 3128 rationalis
2309 3088 2424 3146 qua
2449 3069 2584 3127 talis
2609 3069 2673 3125 in

329 3129 680 3226 Pmaeffifnm
796 3168 1008 3226 genere
1032 3150 1212 3208 moris
1237 3157 1298 3207 et
1336 3169 1397 3206 m
1425 3148 1627 3207 ordine
1667 3148 1743 3205 ad
1782 3155 1996 3206 rectam
2031 3148 2314 3206 rationem
2351 3145 2675 3204 necessaria
2733 3205 2740 3214 ,

331 3195 765 3342 {Ehwa-
800 3236 861 3287 Β*
901 3227 1387 3366 mesmes
1415 3244 1892 3364 panim&
1930 3221 2675 3362 ..mm

331 3352 545 3399 hominis
578 3370 609 3399 ⁸
641 3354 760 3401 Duo.
799 3307 1464 3466 gbtuaeugdloduinmplicate.
1508 3385 1579 3443 Ε.
1609 3383 1781 3442 datur
1807 3348 1880 3441 in²
1897 3323 2024 3441 l13eo
2050 3382 2403 3457 naturaliter,
2428 3388 2488 3440 et
2513 3388 2675 3441 ante-

273 3464 551 3526 cedenter
574 3465 653 3524 ad
669 3466 911 3525 liberam
937 3467 1067 3544 ejus
1086 3467 1445 3525 voluntatem
1467 3464 1510 3523 J
1513 3483 1583 3523 us
1610 3462 1956 3540 subjiciendi
1983 3462 2096 3522 sibi
2112 3470 2432 3522 creaturam
2458 3461 2673 3520 ration-

275 3545 444 3620 alem,
476 3553 539 3603 et
565 3545 863 3623 obligandi
890 3544 966 3604 ad
993 3545 1396 3620 obedientiam,
1427 3543 1584 3621 quod
1612 3543 1899 3618 abnegare
1925 3562 2042 3601 non
2061 3549 2262 3620 >potest
2288 3549 2388 3600 aut
2415 3540 2545 3618 ejus
2571 3559 2675 3618 op-

274 3624 533 3702 positum
570 3622 876 3683 decernere
924 3624 1048 3684 sine
1095 3623 1565 3684 contradictione.
1668 3622 1812 3681 Tale
1855 3631 2047 3681 autem
2085 3622 2172 3679 illi
2207 3623 2308 3700 jus
2352 3628 2677 3697 competere

276 3702 481 3779 liquet,
511 3711 637 3762 tum
678 3723 755 3762 ex
784 3702 1255 3781 Independentia,
1288 3702 1604 3777 Primitate,
1638 3701 2013 3776 Perfectione,
2049 3709 2109 3760 et
2136 3720 2402 3779 supremo
2433 3698 2545 3758 Dei
2573 3699 2677 3757 do-

278 3782 479 3856 minio,
507 3791 573 3841 et
598 3781 882 3842 similibus
908 3783 1201 3842 attributis
1228 3801 1357 3859 quse
1397 3781 1513 3841 tale
1549 3782 1651 3859 jus
1677 3779 1958 3840 fundant:
2015 3788 2139 3839 tum
2168 3800 2203 3838 a
2228 3781 2371 3858 pari,
2402 3780 2540 3855 quia
2575 3778 2678 3836 da-

279 3868 380 3919 tur
432 3860 819 3938 dependentia
858 3862 1140 3922 naturalis
1187 3860 1511 3920 necessaria
1557 3869 1619 3919 et
1665 3860 1988 3919 essentialis
2035 3868 2310 3918 creaturae
2357 3878 2393 3916 a
2441 3859 2570 3917 Deo
2617 3856 2680 3914 in

278 3959 498 4016 genere
546 3940 698 3999 entis
741 3950 800 4000 et
842 3960 1031 4000 causae
1072 3939 1356 4014 secuudae,
1399 3959 1503 4018 per
1548 3958 1723 4016 quam
1763 3947 2025 3998 creatura
2062 3958 2180 3996 non
2260 3944 2412 3996 otest
2453 3954 2579 3994 esse
2622 3942 2681 3994 et

281 4018 510 4096 operari
537 4018 663 4079 sine
691 4020 835 4096 Deo,
853 4039 962 4080 nec
992 4021 1152 4080 Deus
1178 4027 1370 4097 potest
1396 4037 1592 4077 curam
1619 4018 1777 4076 illius
1803 4018 2070 4095 abjicere,
2095 4024 2154 4076 et
2182 4016 2197 4030 ⁸
2246 4035 2339 4074 am
2367 4014 2479 4073 sibi
2506 4013 2678 4071 relin-

278 4117 479 4176 quere.
524 4098 686 4176 Ergo
713 4099 1097 4177 dependentia
1121 4098 1357 4157 moralis
1383 4106 1658 4157 creaturoe
1683 4097 1980 4156 rationalis
2008 4117 2043 4156 a
2072 4098 2198 4156 Deo
2223 4102 2293 4154 ut
2316 4093 2503 4171 prima
2528 4091 2680 4149 veri-

278 4185 404 4236 tate
447 4184 511 4236 et
552 4178 874 4255 sanctitate,
903 4197 1023 4237 non
1062 4178 1255 4237 minus
1293 4177 1619 4237 necessaria
1657 4184 1748 4236 est
1786 4183 1846 4236 et
1885 4174 2261 4235 immutabilis
2298 4170 2682 4250 dependentia

283 4256 537 4315 naturali
564 4257 846 4335 cujusque
873 4265 1169 4317 creaturae.

365 4336 561 4394 XIII.
605 4336 728 4395 Nec
755 4337 963 4412 obstat,
995 4335 1165 4411 Quod
1188 4335 1351 4394 nulla
1375 4334 1721 4394 necessitate
1750 4334 1911 4393 Deus
1949 4332 2027 4392 ad
2051 4338 2327 4391 creaturas
2352 4326 2709 4406 productiof

285 4433 418 4472 nem
446 4414 732 4493 impulsus
774 4415 867 4491 sit,
899 4414 1004 4474 sed
1028 4435 1189 4475 mera
1211 4414 1497 4473 libertate.
1578 4414 1731 4472 Nam
1771 4413 1909 4472 licet
1948 4411 2143 4471 omnia
2168 4428 2298 4487 quse
2340 4415 2475 4467 sunt
2517 4416 2685 4467 extra

290 4494 480 4552 Deum
507 4494 627 4553 sint
665 4495 779 4554 hoe
820 4513 995 4554 seusu
1035 4493 1447 4572 contingentia,
1492 4491 1554 4551 id
1594 4500 1685 4551 est
1724 4493 1864 4551 talia
1904 4511 1939 4550 a
1966 4489 2178 4568 quibus
2205 4487 2469 4547 creandis
2495 4488 2687 4565 potuit

286 4573 617 4633 abstinere:
658 4574 879 4632 Tamen
905 4594 982 4634 ex
1021 4573 1330 4652 hypothesi
1366 4572 1633 4649 quaedam
1660 4570 1983 4630 necessario
2009 4569 2140 4627 vult
2164 4575 2226 4627 et
2250 4566 2373 4645 agit
2398 4566 2460 4625 in
2485 4567 2559 4625 iis
2586 4574 2689 4625 aut

288 4650 441 4711 circa
466 4672 538 4711 ea
563 4671 696 4730 quae
723 4653 853 4713 vult
890 4651 1159 4728 existere,
1201 4654 1284 4712 ita
1310 4660 1375 4711 ut
1415 4671 1531 4709 non
1571 4649 1755 4729 possit
1794 4648 1962 4707 aliter
2001 4667 2174 4725 agere
2211 4655 2314 4707 aut
2337 4645 2530 4722 velle3
2571 4663 2690 4721 quo
