3221 5200
491 347 614 404 ·104
1417 341 1601 401 Locus
1630 360 1990 403 unnscnms.
2475 341 2734 424 [cums-r.
2764 362 2915 403 xvir.

488 505 689 564 hostes
719 502 856 562 vitae
883 502 1114 562 illorum
1143 520 1394 580 parcere,
1425 509 1696 580 poterant
1723 502 1903 581 aliqui
1930 502 2235 580 enatando,
2256 510 2356 563 aut
2383 503 2499 562 alia
2519 505 2740 564 ratione
2763 505 2901 564 vitae

493 606 612 645 suae
632 585 928 644 consulere
949 605 964 659 3
995 583 1355 657 Fortitudini,
1376 584 1514 661 quia
1541 583 1706 642 fortis
1735 594 1841 659 est,
1862 603 1977 643 non
1999 585 2241 662 turpiter
2261 604 2335 643 ex
2357 584 2757 662 desperatione
2779 586 2899 644 vic·

491 667 672 741 toriae,
718 674 817 724 aut
859 664 1080 740 salutis,
1121 663 1427 722 stationem
1457 663 1739 737 deserere,
1785 663 1888 724 sed
1930 663 2006 723 ad
2038 673 2360 723 extremum
2389 685 2573 742 usque
2601 685 2897 742 pugnare3

496 746 783 807 charitati
800 754 857 804 et
877 742 1306 803 mansuetudini
1328 762 1468 820 erga
1495 743 1854 803 miserabiles
1875 764 2165 821 personas,
2191 763 2376 819 senes,
2400 745 2682 819 imbelles,
2714 765 2896 821 aegro-

490 827 600 903 tos,
624 845 851 905 puerOS‚
871 825 1083 902 quibus
1111 824 1129 882 i
1174 824 1222 881 si
1248 821 1445 882 hostes
1473 843 1706 900 parcere
1727 834 1980 902 possent,
2005 833 2064 883 et
2089 825 2407 902 plerunque
2429 844 2662 902 parcere
2692 826 2898 885 solent.

492 905 547 966 N
552 926 626 965 on
648 925 788 983 ergo
808 906 956 965 tales
983 844 1210 964 absoizi
1229 911 1473 981 possunt
1501 924 1536 961 a
1563 903 1734 980 eulpa
1762 903 1821 961 in
1848 904 2107 982 regulam
2132 905 2422 982 Apostoli,
2447 905 2600 963 mala
2624 924 2742 962 non
2771 924 2900 964 esse

488 986 753 1046 facienda
780 994 846 1044 ut
872 985 1143 1044 eveniant
1170 984 1338 1058 bona,
1369 1003 1476 1042 nec
1503 983 1639 1042 ullae
1666 983 1829 1061 leges
1856 986 1952 1043 vel
1979 984 2203 1044 bellicae
2231 985 2328 1043 vel
2356 985 2604 1063 politieae
2651 985 2898 1044 interce·

493 1067 629 1126 dere
656 1073 903 1144 possunt
930 1064 1214 1124 sanctioni
1243 1064 1489 1141 divinae3
1522 1063 1608 1123 Ut
1637 1064 1789 1122 enim
1818 1064 2106 1124 interdum
2136 1065 2401 1124 excusari
2429 1085 2464 1123 a
2493 1074 2646 1123 tanto
2671 1066 2900 1142 possint

491 1148 640 1206 tales
669 1154 1012 1223 comparate,
1038 1165 1077 1203 α
1105 1153 1216 1203 toto
1244 1151 1437 1202 tamen
1465 1143 1731 1203 excusari
1751 1164 1866 1202 non
1895 1154 2154 1221 possunt,
2177 1145 2300 1204 sive
2329 1145 2391 1203 id
2418 1144 2683 1204 dicantur
2710 1145 2898 1204 faeere

490 1235 558 1286 ut
585 1226 814 1305 privati,
841 1225 964 1284 sive
984 1233 1051 1284 ut
1070 1224 1317 1282 ministri
1338 1223 1573 1302 publici.
1622 1224 1742 1282 Nec
1764 1224 1997 1301 publiea
2025 1226 2343 1285 authoritas
2365 1245 2433 1284 eo
2455 1245 2637 1302 usque
2661 1245 2766 1284 nos
2794 1226 2896 1283 ob-

493 1307 776 1384 stringere
805 1312 1012 1383 potest,
1042 1313 1109 1363 ut
1137 1304 1454 1363 intercedat
1481 1303 1816 1363 authoritati
1838 1304 2070 1365 divinae.
2116 1305 2239 1365 Nec
2266 1305 2386 1365 ulla
2414 1305 2510 1363 vel
2534 1305 2897 1364 incommoda

489 1386 662 1463 hosti,
694 1386 791 1445 vel
819 1384 1120 1443 commoda
1145 1384 1345 1461 patriae
1378 1384 1686 1443 conciliata
1711 1384 1857 1443 tanti
1885 1405 2012 1444 esse
2040 1393 2298 1464 possunt,
2331 1405 2459 1462 quae
2489 1386 2899 1445 conscientiam

491 1466 587 1525 hie
615 1466 938 1525 absolvant.
983 1465 1039 1523 N
1041 1485 1107 1524 ee
1133 1463 1377 1523 intentio
1397 1464 1552 1523 hosti
1579 1465 1826 1523 nocendi
1848 1466 2104 1525 abstrahi
2131 1466 2227 1525 hic
2247 1466 2478 1544 penitus
2500 1474 2746 1543 potesta
2774 1486 2895 1524 cer·

490 1546 716 1607 tissima
743 1546 984 1605 seientia
1024 1564 1086 1604 se
1128 1545 1299 1605 simul
1341 1564 1473 1604 eum
1499 1544 1667 1603 hoste
1696 1544 1956 1623 tollendi,
1988 1554 2047 1606 et
2086 1546 2473 1606 indubitatam
2500 1553 2742 1606 mortem
2785 1545 2897 1604 sibi

492 1626 843 1687 accersendi.

574 1703 862 1766 XXVII.
906 1705 1136 1765 Bonum
1164 1713 1254 1765 est
1292 1703 1533 1764 reddere
1565 1705 1710 1780 Dee,
1741 1703 1899 1783 quod
1939 1704 2014 1765 ab
2057 1705 2183 1783 ipso
2211 1705 2429 1783 datum,
2463 1705 2564 1765 sed
2590 1704 2693 1765 ubi
2735 1706 2795 1764 id
2836 1716 2896 1766 et

489 1789 771 1867 repetitur
809 1807 847 1845 a
885 1786 1070 1864 nobis,
1103 1795 1161 1846 et
1194 1785 1390 1845 debito
1430 1785 1604 1844 modo
1645 1784 1939 1862 redditur;
1997 1806 2114 1844 non
2142 1806 2282 1845 vero
2308 1787 2411 1846 ubi
2451 1807 2557 1845 nee
2598 1788 2891 1865 repetitur,

489 1887 597 1928 nee
626 1867 822 1926 debito
848 1867 1022 1926 modo
1047 1865 1326 1925 redditur.
1409 1864 1598 1924 Datur
1622 1874 1865 1925 mortem
1909 1865 2222 1943 aliquando
2261 1867 2559 1930 meliorem
2589 1887 2715 1926 esse
2746 1868 2886 1942 vita,

492 1948 596 2008 sed
624 1947 938 2007 immissam
968 1947 1042 2005 ab
1070 1947 1216 2021 aliis,
1246 1964 1363 2003 non
1391 1965 1423 2003 a
1453 1945 1622 2004 nobis
1651 1954 2008 2023 occupatam.
2088 1947 2252 2005 Mors
2281 1947 2595 2006 desiderari
2635 1947 2893 2024 legitime

489 2035 697 2106 potest,
731 2026 832 2086 sed
859 2047 976 2086 non
1005 2024 1300 2104 occupari3
1343 2034 1409 2083 ut
1436 2025 1560 2083 vita
1599 2027 1831 2084 nonnisi
1860 2026 2060 2084 divino
2103 2027 2339 2085 arbitrio
2370 2027 2630 2102 sumitur,
2662 2029 2745 2086 sic
2786 2047 2892 2086 nec

490 2109 604 2167 nisi
639 2128 707 2168 eo
735 2116 1026 2186 praeeunte
1055 2106 1192 2184 poni
1221 2104 1411 2164 debet.
1484 2105 1863 2165 Contemnere
1890 2111 1945 2165 τὶ
1976 2103 2306 2187 φοξαςόταιτον
2333 2108 2651 2166 immissum
2680 2128 2714 2166 a
2745 2109 2892 2183 Deo,

492 2188 674 2265 forte;
709 2188 826 2247 Sed
853 2188 913 2246 in
941 2187 1004 2246 id
1030 2188 1319 2246 incurrere
1346 2183 1517 2261 ultro,
1541 2187 1910 2245 temerarium
1938 2195 1998 2245 et
2025 2188 2309 2264 insanum,
2340 2187 2498 2265 quod
2524 2208 2641 2247 non
2667 2187 2891 2247 sortitu·

491 2267 662 2343 dinis,
689 2268 792 2326 sed
812 2268 1063 2345 ignaviae
1085 2287 1212 2327 esse
1234 2266 1404 2326 docet
1425 2266 1667 2341 Aristo„
1688 2266 1789 2325 lib.
1812 2266 1893 2326 iii.
1917 2267 1992 2325 ad
2022 2267 2189 2326 Nico.
2211 2288 2336 2345 cap.
2350 2268 2473 2328 viii.
2519 2268 2642 2327 Nee
2663 2269 2712 2327 si
2733 2285 2896 2327 amor

489 2348 708 2427 patriae,
734 2349 892 2406 salus
919 2349 1180 2423 aliorum,
1204 2346 1554 2406 desiderium
1575 2346 2024 2406 immortalitatis
2051 2357 2295 2425 possunt
2322 2348 2617 2426 impellere
2645 2348 2722 2408 ad
2741 2369 2891 2407 mor-

488 2436 606 2487 tem
649 2427 965 2487 immissam
1006 2427 1232 2488 fortitcr
1269 2426 1582 2504 ferendam,
1627 2427 1782 2487 idem
1818 2435 2092 2506 praestare
2122 2427 2337 2488 debent
2373 2428 2448 2486 ad
2489 2430 2891 2488 accersendam

489 2526 608 2567 non
633 2527 969 2567 1mm1ssam.

572 2588 894 2649 XXVIII.
939 2585 1123 2647 Aliud
1164 2595 1253 2647 est
1292 2586 1414 2663 pati
1441 2594 1702 2663 mortem,
1742 2587 2071 2665 permittere
2115 2587 2205 2648 sui
2240 2587 2632 2663 homicidium,
2676 2588 2793 2647 imo
2835 2597 2895 2649 et

488 2667 714 2726 sortiter
740 2668 815 2726 ad
835 2667 983 2726 illud
1011 2686 1073 2726 se
1102 2665 1323 2741 offerre,
1350 2666 1477 2725 Deo
1505 2668 1587 2725 ita
1608 2676 1888 2743 vocante3
1921 2668 2106 2728 Aliud
2134 2669 2384 2746 seipsum
2406 2668 2700 2744 occidere3
2733 2668 2892 2727 Illud

489 2747 686 2824 aliquo
712 2747 774 2805 in
802 2767 942 2806 casu
967 2746 1190 2805 licitum
1219 2754 1325 2821 est,
1356 2754 1414 2805 et
1439 2746 1576 2805 feeit
1602 2747 1719 2807 tale
1747 2747 1891 2826 quid
1919 2749 2199 2826 Christus,
2218 2748 2476 2808 fecerunt
2495 2748 2803 2826 Martyres,
2834 2759 2896 2810 et

494 2826 761 2904 Heroiis3
809 2826 928 2887 Sed
953 2829 1064 2886 hoc
1090 2846 1208 2885 non
1235 2825 1393 2885 item.

571 2907 832 2967 XXIX.
880 2906 1137 2966 Traditio
1177 2906 1432 2983 corporis
1471 2907 1556 2966 ad
1600 2907 2068 2985 vivicombnrium,
2112 2909 2185 2968 de
2225 2926 2341 2985 qua
2382 2906 2617 2984 Paulus,
2679 2910 2710 2965 1
2756 2908 2888 2968 Cor.

488 2986 614 3046 xiii.
646 2990 701 3065 3,
742 3007 861 3047 non
907 2995 998 3048 est
1042 2987 1346 3047 temeraria
1389 2995 1448 3047 et
1490 3006 1659 3062 vana,
1705 3008 1821 3065 qua
1867 2989 1998 3065 quis
2040 2990 2291 3068 seipsum
2335 2989 2489 3048 ultro
2531 2996 2589 3047 et
2629 2988 2753 3047 sine
2791 3008 2891 3048 ne·

488 3068 756 3129 cessitate
795 3089 868 3129 ex
912 3069 1036 3128 onit
1076 3067 1249 3127 morti
1290 3088 1394 3147 pro
1436 3087 1610 3127 causa
1653 3068 1783 3143 Dei,
1829 3068 1932 3128 sed
1957 3071 2283 3129 necessaria
2325 3078 2383 3129 et
2424 3078 2639 3144 sancta,
2670 3088 2785 3145 qua
2817 3068 2893 3128 ad

487 3149 828 3228 martyrium
859 3088 986 3209 sseo
1014 3149 1248 3208 vocanti
1288 3147 1498 3227 aliquis
1540 3148 1894 3225 obsequitur,
1925 3169 2033 3208 nec
2076 3169 2138 3209 se
2166 3149 2254 3208 illi
2282 3150 2572 3209 vocationi
2602 3149 2889 3225 subducit,

487 3229 587 3288 vel
615 3230 933 3306 mendaci0,
953 3230 1052 3289 vel
1079 3229 1462 3307 abnegatione
1489 3229 1752 3288 veritatis
1780 3228 1855 3288 ob
1884 3248 2137 3288 amorem
2159 3230 2258 3289 vel
2286 3230 2376 3289 sui
2407 3231 2503 3289 vel
2527 3231 2723 3305 seculi,
2749 3230 2797 3288 si
2827 3250 2889 3289 se

494 3310 713 3387 raptari
741 3311 1042 3387 contingat
1067 3308 1141 3367 ad
1169 3309 1480 3369 tribunalia
1507 3308 1875 3386 Paganorum
1905 3310 1979 3368 ab
2008 3309 2274 3369 hostibus
2303 3310 2632 3388 Evangelii.

1096 3388 1322 3446 XXX.
1370 3388 1653 3465 SecundO,
1710 3390 2049 3466 prohibetur
2101 3391 2389 3465 Dicentem,
2445 3410 2563 3449 non
2618 3390 2893 3467 quaelibet

1011 3466 1429 3542 monomachia,
1460 3468 1556 3525 vel
1583 3488 1781 3546 pugna
1820 3470 1973 3529 inter
1999 3468 2163 3545 duos,
2209 3471 2399 3548 qualis
2440 3480 2529 3529 est
2569 3471 2894 3529 necessaria

1011 3545 1270 3605 defensio
1297 3546 1434 3605 vitae
1476 3543 1757 3608 adversus
1799 3569 2198 3628 aggressorem
2237 3551 2536 3627 injustum,
2562 3570 2696 3628 quae
2725 3558 2895 3609 antea

488 3647 523 3684 a
563 3625 732 3685 nobis
772 3623 1015 3703 probata
1042 3634 1157 3701 est;
1201 3625 1334 3685 Non
1362 3646 1491 3704 quae
1518 3627 1584 3686 fit
1626 3647 1699 3687 ex
1740 3629 1975 3707 publica
2015 3630 2362 3690 authoritate
2403 3630 2465 3688 in
2492 3629 2709 3689 bonum
2739 3651 2891 3689 com·

488 3725 680 3782 mune,
712 3706 882 3784 quale
923 3705 1032 3765 fuit
1073 3706 1329 3766 duellum
1359 3706 1606 3767 Davidis
1644 3706 1924 3768 adversus
1954 3709 2327 3787 Goliathum;
2376 3710 2492 3769 Sed
2519 3730 2717 3788 pugna
2743 3711 2895 3769 inter

487 3786 765 3866 privatos,
797 3806 927 3864 quae
971 3784 1186 3845 directe
1228 3794 1288 3846 et
1329 3795 1533 3865 sponte
1576 3789 1903 3865 suscipitur,
1946 3809 2021 3849 ex
2063 3790 2332 3848 condicto
2359 3790 2457 3849 vel
2486 3791 2887 3866 conventione,

491 3887 625 3927 cum
668 3867 922 3945 periculo
964 3865 1269 3926 occisionis
1308 3867 1405 3926 vel
1466 3868 1865 3943 mutilationis,
1911 3889 2083 3946 quam
2127 3869 2465 3946 simpliciter
2505 3869 2890 3929 damnandam

486 3956 775 4026 putamus,
805 3955 922 4006 tam
953 3946 1014 4005 in
1040 3955 1392 4024 acceptante,
1424 3967 1596 4024 qnam
1626 3947 1687 4005 in
1713 3957 2082 4025 provocante,
2114 3950 2381 4027 quamvis
2408 3950 2594 4026 major
2620 3951 2697 4009 sit
2723 3952 2896 4028 culpa

486 4028 885 4106 provocantis;
930 4046 1058 4086 cum
1091 4027 1304 4086 directe
1332 4028 1573 4105 impetat
1598 4037 1951 4105 praeeeptum
1979 4029 2089 4088 hoe
2126 4049 2244 4088 non
2272 4029 2594 4089 occidendi.

571 4108 832 4167 XXXI.
876 4106 1053 4165 Nulla
1080 4104 1205 4165 dari
1231 4116 1424 4184 potest
1450 4108 1616 4181 ratio,
1647 4126 1776 4183 quae
1805 4108 2061 4167 duellum
2089 4109 2396 4169 honestare
2425 4119 2484 4169 et
2509 4109 2732 4168 licitum
2760 4109 2890 4168 red-

516 3455 563 3501 2.
592 3455 823 3500 Duellum
845 3453 945 3497 mi-

626 3515 795 3558 eitum.

487 4187 624 4247 dere
651 4187 836 4266 possit
856 4209 872 4263 ς
919 4187 975 4245 N
977 4206 1050 4245 on
1074 4188 1318 4262 defensio
1339 4187 1566 4246 honoris
1585 4189 1874 4264 mundani,
1906 4198 1965 4248 et
1983 4189 2176 4248 vitatio
2198 4190 2528 4265 iqnominiae,
2551 4191 2689 4265 quia
2708 4191 2896 4248 honor

484 4267 596 4326 iste
625 4287 811 4327 vanus
839 4274 944 4342 est,
976 4275 1036 4326 et
1061 4267 1212 4325 inter
1236 4266 1500 4326 homines
1529 4286 1712 4326 vanos
1751 4274 1977 4327 tantum
2020 4268 2306 4343 obtinens,
2352 4270 2517 4347 eujus
2545 4270 2707 4329 loesio
2747 4270 2895 4328 nihil

486 4345 705 4406 delibat
732 4346 804 4406 de
834 4346 853 4404 i
897 4355 1079 4406 samet
1106 4365 1247 4406 vera
1285 4346 1639 4422 fortitudine,
1684 4366 1813 4423 quae
1840 4347 2047 4407 honori
2077 4347 2204 4408 Deo
2232 4349 2430 4408 debito
2454 4367 2573 4409 non
2603 4359 2691 4408 est
2732 4358 2892 4409 ante·-

486 4426 775 4503 ponenda.
916 4447 981 4486 ec
1022 4425 1207 4486 ullum
1247 4435 1440 4503 potest
1481 4446 1605 4485 esse
1636 4446 1789 4484 verae
1831 4426 2080 4486 infamiae
2120 4429 2460 4505 periculum,
2504 4449 2682 4508 quum
2718 4430 2770 4488 is
2799 4430 2900 4508 qui

483 4504 678 4563 renuit
699 4504 955 4565 duellum
978 4515 1293 4584 acceptare,
1318 4527 1522 4566 causas
1543 4505 1706 4565 addit
1726 4506 2171 4584 prohibitionem
2193 4509 2469 4585 divinam,
2495 4519 2554 4569 et
2579 4510 2899 4587 periculum

487 4582 712 4658 animae,
745 4604 874 4642 cum
903 4606 1019 4662 quo
1043 4588 1207 4645 nulla
1233 4587 1469 4646 honoris
1498 4587 1730 4665 jactura
1757 4587 2141 4665 comparanda
2169 4598 2258 4648 est
2282 4612 2297 4649 ε
2341 4588 2517 4648 Adde
2544 4590 2701 4667 quod
2729 4589 2898 4649 famae

485 4663 640 4722 laeste
679 4663 889 4722 melius
931 4673 989 4723 et
1031 4666 1263 4725 mollius
1295 4674 1496 4742 *potest
1536 4666 1807 4744 prospici,
1851 4686 2024 4744 quam
2057 4677 2240 4728 morte
2269 4669 2553 4728 laedentis.
2639 4669 2771 4728 Non
2800 4672 2897 4728 de—
