3221 5200
477 351 596 409 340
1163 361 1347 404 Locus
1376 360 1636 401 nscmus
1664 360 1953 410 Qusn'rus.
2520 335 2776 419 [QUAEST.
2806 358 2895 398 iv.

477 508 552 567 ad
581 506 826 564 salutem
852 503 1128 580 fidelium,
1174 503 1328 562 Heb.
1373 502 1412 560 i.
1473 505 1566 575 14,
1596 511 1657 561 et
1704 502 1931 561 subsint
1958 500 2069 578 ipsi
2116 509 2392 576 tanquam
2422 500 2693 575 Domino,
2728 519 2901 577 quem

477 587 716 646 adorare
760 594 1044 659 tenentur,
1079 584 1233 643 Heb.
1262 583 1300 641 i.
1332 584 1387 658 6,
1418 591 1477 641 et
1508 583 1660 640 Phil.
1689 582 1749 641 ii.
1784 585 1898 658 103
1945 581 2076 639 Non
2116 588 2314 657 posset
2358 588 2552 638 tamen
2592 580 2741 639 bene
2783 580 2900 639 dici

483 668 673 742 Caput
691 666 975 745 vivfficum,
1006 665 1228 724 ratione
1257 662 1514 722 influxus
1542 663 1757 738 vitalis,
1808 663 1909 740 qui
1954 682 1989 719 a
2021 661 2239 739 Spiritu
2275 670 2655 737 regenerante
2686 660 2901 720 Christi

480 745 823 806 diffunditur
876 745 954 804 ad
1007 746 1162 804 solos
1217 743 1484 802 homines
1538 743 1821 820 sanguine
1873 741 2088 800 Christi
2141 740 2472 818 redemptos
2510 749 2570 799 et
2596 741 2906 800 efficaciter

482 835 1017 982 vossffebuamvis
1060 903 1280 981 Angeli
1320 923 1438 962 non
1478 903 1774 981 potuerint
1814 902 2020 962 mereri
2063 901 2308 979 gloriam
2351 900 2547 959 stricte
2588 900 2899 978 loquendo,

483 1009 613 1047 cum
644 987 720 1046 sit
748 1005 921 1063 supra
965 985 1234 1043 meritum
1279 984 1677 1062 cujuscunque
1725 984 2053 1056 Creaturae3
2099 1002 2215 1040 non
2272 981 2466 1040 statim
2515 1001 2752 1040 necesse
2796 980 2906 1040 fuit

486 1067 776 1159 Christum
801 1085 928 1124 eam
950 1065 1158 1125 mereri
1176 1085 1280 1143 pro
1302 1064 1462 1142 ipsis,
1483 1064 1622 1142 qnia
1645 1063 1807 1122 Deus
1829 1084 1904 1122 ex
1925 1071 2095 1142 pacto
2118 1062 2305 1121 voluit
2327 1082 2426 1121 eos
2447 1061 2798 1121 remunerari
2816 1062 2903 1119 ul-

483 1147 971 1286 traxpfffflffiffi.
990 1225 1180 1304 gratia
1218 1223 1578 1284 medicinalis
1620 1231 1679 1283 et
1718 1223 2023 1282 liberatrix
2051 1232 2141 1283 est
2167 1243 2203 1281 a
2232 1221 2572 1297 Mediatore,
2616 1221 2679 1280 in
2707 1220 2907 1280 ordine

487 1306 943 1384 Redemptionis.
1032 1305 1148 1364 Sed
1167 1325 1286 1363 non
1314 1304 1515 1363 eadem
1537 1312 1628 1363 est
1670 1304 1818 1362 ratio
1865 1304 2084 1363 Gratiae
2128 1302 2571 1361 conservatricis
2615 1310 2674 1360 et
2702 1301 2906 1360 confir-

485 1387 760 1481 matricis,
788 1406 919 1464 quae
947 1385 1197 1463 pertinet
1224 1384 1299 1442 ad
1327 1384 1587 1443 ordinem
1641 1384 1979 1442 Creationis.
2066 1384 2213 1462 Ejus
2242 1382 2395 1441 enim
2424 1392 2514 1440 est
2542 1401 2906 1456 conservare,

488 1467 1057 1605 eujpsshfprtssffaffia
1087 1544 1416 1621 Scripturas,
1441 1563 1571 1620 quae
1588 1549 1867 1620 petuntur
1887 1561 1962 1600 ex
1991 1541 2033 1600 ,J
2038 1542 2130 1599 ob.
2162 1540 2240 1600 iv.
2277 1542 2368 1614 18,
2399 1547 2458 1598 et
2485 1559 2586 1597 xv.
2622 1542 2714 1614 15,
2745 1547 2804 1598 et
2831 1559 2908 1598 ex

491 1628 640 1705 Eph.
669 1627 708 1686 i.
743 1629 834 1701 10,
866 1636 926 1687 et
967 1625 1091 1685 Col.
1122 1624 1160 1684 i.
1190 1627 1286 1700 20,
1332 1643 1672 1702 responsum
1713 1622 1825 1682 fuit
1854 1623 1920 1681 P.
1967 1622 2018 1681 I.
2063 1622 2202 1684 Loc.
2233 1625 2290 1679 4.
2334 1620 2404 1695 Q.
2450 1622 2506 1679 8.
2550 1640 2585 1677 a
2627 1621 2736 1679 Th.
2780 1620 2913 1679 xiv.

494 1728 681 1787 usquc
709 1707 788 1766 ad
806 1707 928 1767 xvi.

1418 1944 1806 2020 QUAESTIO
1876 1944 1989 2002 IV.

1324 2121 1401 2164 ΒΕ
1430 2123 1694 2166 ΠΝῙΤΑΤΕ
1722 2122 2108 2164 ΜΕΒΙΑΤΟΒῙΒ.

611 2271 707 2330 An
738 2268 991 2331 Chr-alsam
1010 2269 1159 2326 solus
1183 2267 1259 2325 sit
1281 2266 1778 2405 Μεᾱίαεοὲηοῖίιῖ
1794 2267 1967 2359 ’apud
1988 2267 2179 2325 Deum
2199 2267 2226 2324 3
2309 2263 2564 2339 Affirm.;
2590 2271 2790 2322 contra

1593 2367 1669 2406 on
1760 2366 1898 2405 cios.

575 2511 626 2568 Ῑ.
672 2509 818 2568 Cum
847 2505 1169 2567 Pontificiis
1196 2524 1290 2563 res
1317 2505 1487 2564 nobis
1514 2506 1608 2564 bic
1638 2516 1742 2580 est,
1770 2505 1883 2579 Qui
1926 2513 1994 2564 ut
2021 2512 2408 2564 commentum
2438 2523 2606 2563 suum
2635 2502 2708 2561 de
2738 2502 2914 2560 Invo-

493 2591 719 2651 catione
753 2590 1095 2649 Sanctorum
1143 2583 1349 2644 fortius
1405 2585 1720 2659 stabiliant,
1773 2584 2127 2662 pertendunt
2159 2584 2406 2644 Sanctos
2436 2583 2739 2641 defunctos
2762 2581 2920 2660 apud

496 2673 684 2730 Deum
732 2667 896 2743 fungi
939 2664 1142 2725 Officio
1189 2663 1579 2722 Mediatorum
1628 2673 1686 2722 et
1731 2665 2187 2723 Intercessorum
2229 2684 2332 2740 pro
2374 2663 2745 2738 viventibns;
2789 2664 2914 2721 Nec

495 2757 723 2810 tantum
751 2746 1037 2824 precibus,
1071 2742 1174 2801 sed
1202 2751 1260 2801 et
1288 2742 1508 2801 meritis
1538 2743 1658 2801 suis
1687 2743 1992 2801 conciliare
2023 2744 2193 2802 nobis
2221 2743 2478 2800 favorem
2509 2742 2639 2800 Dei.

541 2868 717 2915 status
748 2864 916 2914 Quaes-
1097 2822 1182 2880 11.
1226 2823 1282 2880 N
1284 2841 1359 2880 on
1386 2822 1680 2897 quaeritur,
1704 2824 1792 2882 De
1807 2822 2054 2900 simplici
2068 2822 2358 2897 Oratione,
2373 2823 2470 2881 vel
2495 2821 2918 2881 Intercessione

659 2926 818 2970 amm,
1019 2901 1326 2979 improprie
1355 2901 1526 2978 dicta,
1558 2922 1688 2979 quae
1717 2903 1981 2962 consistit
2007 2902 2069 2960 in
2095 2911 2296 2962 mutua
2343 2902 2586 2962 aliorum
2635 2922 2740 2980 pro
2788 2903 2919 2961 aliis

1020 2983 1168 3041 inter
1197 2982 1462 3042 viventes
1491 3002 1725 3059 precum
1754 2983 2171 3043 communione.
2279 2984 2555 3042 Fatemur
2595 2983 2748 3041 enim
2778 2982 2917 3041 fide·

493 3068 581 3125 les
608 3084 778 3143 posse
807 3063 953 3121 alios
982 3084 1086 3142 pro
1115 3063 1245 3122 aliis
1273 3083 1453 3139 orare,
1484 3073 1543 3122 et
1574 3064 1844 3123 Pastores
1872 3064 2190 3142 praesertim
2212 3064 2322 3123 hoc
2363 3084 2469 3142 pro
2507 3064 2721 3140 populo
2764 3062 2919 3141 apud

498 3148 687 3205 Deum
716 3144 957 3221 defungi
983 3143 1193 3203 debere
1223 3143 1428 3203 officio.
1517 3144 1635 3203 Sed
1663 3145 1856 3223 agitur
1883 3144 1955 3204 de
1983 3146 2331 3205 Mediatione
2348 3144 2591 3222 proprie
2619 3145 2786 3219 dicta,
2816 3163 2920 3221 per

494 3247 666 3306 quam
696 3234 998 3285 censeatur
1025 3224 1234 3301 aliquis
1263 3224 1492 3302 propria
1519 3226 1734 3285 virtute
1762 3225 2132 3299 intercedere,
2177 3234 2237 3284 et
2282 3246 2398 3285 non
2448 3232 2674 3284 tantum
2721 3242 2921 3301 preces

495 3308 572 3368 ad
601 3308 790 3366 Deum
820 3305 1057 3380 deferat,
1088 3305 1193 3364 sed
1219 3306 1392 3364 etiam
1415 3305 1514 3382 qui
1543 3325 1642 3365 eas
1671 3305 1896 3365 oblatas
1926 3306 2053 3365 Deo
2081 3305 2460 3381 commendet,
2492 3313 2550 3363 et
2577 3313 2772 3382 gratas
2800 3304 2917 3362 effi-

497 3388 612 3448 ciat
640 3386 861 3445 meritis
905 3386 1043 3444 suis.

578 3466 698 3525 III.
744 3465 876 3523 Non
904 3464 1196 3540 quaeritur,
1247 3464 1344 3521 An
1398 3463 1594 3524 Sancti
1640 3465 1757 3524 sint
1799 3465 1980 3524 nostri
2031 3466 2382 3525 Mediatores
2426 3463 2580 3540 apud
2625 3465 2814 3523 Deum
2859 3462 2919 3520 in

496 3545 705 3622 aequali
732 3543 917 3620 gradu
946 3562 1077 3601 cum
1107 3542 1336 3602 Christo
1356 3546 1385 3601 Ρ
1468 3544 1601 3602 Hoc
1630 3544 1782 3602 enim
1811 3565 1845 3602 a
1873 3565 1934 3604 se
1957 3556 2255 3605 removent
2305 3543 2610 3618 Pontificii,
2642 3544 2744 3620 qui
2791 3544 2922 3602 ideo

499 3624 885 3683 Mediatorem
915 3620 1284 3697 distinguunt
1337 3622 1399 3679 in
1446 3623 1798 3700 primarium,
1851 3634 1908 3683 et
1954 3625 2375 3699 secundarium,
2398 3623 2781 3681 Mediatorem
2806 3623 2921 3682 Re·

498 3702 861 3781 demptionis,
893 3710 952 3760 et
983 3701 1438 3759 Intercessionis.
1526 3702 1660 3779 Sed,
1694 3704 1792 3763 An
1821 3704 2015 3782 aliquo
2062 3705 2265 3765 saltem
2311 3723 2481 3763 sensu
2529 3702 2757 3779 proprie
2806 3701 2920 3762 dici

497 3784 723 3864 possint
743 3781 923 3841 nostri
955 3781 1306 3839 Mediatores
1327 3784 1356 3840 ?
1438 3781 1608 3856 Quod
1635 3784 1920 3845 affirmant
1948 3786 2050 3860 illi,
2083 3786 2206 3844 Nos
2232 3802 2530 3862 negamus.

585 3865 696 3923 IV.
742 3863 998 3938 Quaestio
1047 3881 1117 3920 eo
1145 3861 1329 3936 redit;
1374 3860 1474 3919 An
1533 3872 1741 3939 praeter
1786 3866 2076 3924 Christum
2127 3865 2324 3924 Sancti
2373 3864 2490 3923 sint
2536 3863 2720 3923 nostri
2767 3863 2922 3941 apud

501 3946 692 4005 Deum
723 3942 1091 4018 Mediatores,
1123 3962 1237 4000 non
1267 3941 1367 4019 qui
1395 3943 1663 4018 precibus
1690 3953 1915 4004 tantum
1938 3946 2057 4004 suis
2085 3966 2190 4023 pro
2215 3945 2385 4004 nobis
2412 3944 2787 4019 intercedant,
2820 3944 2921 4003 sed

500 4026 602 4105 qui
628 4024 946 4104 patrocinio
976 4030 1035 4082 et
1077 4021 1297 4081 meritis
1339 4022 1458 4080 suis
1508 4022 1762 4083 favorem
1809 4026 1935 4102 ejus
1984 4026 2151 4085 nobis
2200 4025 2508 4085 concilient
2525 4028 2555 4084 P
2639 4023 2735 4082 An
2786 4044 2923 4083 vero

501 4107 766 4166 Christus
794 4104 953 4163 solus
982 4105 1201 4162 Munus
1232 4102 1572 4161 Mediatoris
1600 4112 1659 4162 et
1689 4104 1981 4164 Advocati
2003 4126 2106 4183 pro
2134 4107 2303 4167 nobis
2332 4107 2547 4165 obeat?
2590 4105 2722 4163 Hoc
2766 4124 2920 4163 asse·

497 4187 716 4263 rimus;
762 4183 1102 4243 Adversarii
1132 4183 1290 4260 prius
1319 4191 1595 4242 statuunt.

582 4268 657 4326 V.
703 4266 852 4341 Quia
880 4284 1018 4323 vero
1045 4264 1107 4322 in
1136 4263 1350 4322 Christi
1379 4263 1580 4323 Officio
1615 4263 1967 4324 Sacerdotali
1996 4264 2126 4323 duae
2167 4272 2360 4342 partes
2408 4264 2689 4342 distingui
2718 4265 2921 4339 solent,

504 4346 851 4418 SatisfactiO,
883 4352 942 4403 et
972 4343 1355 4419 Intercessi03
1404 4344 1693 4421 Utrasque
1728 4345 1955 4403 Sanctis
1984 4345 2235 4404 tribuere
2283 4365 2400 4404 non
2443 4345 2922 4404 verecundantur.

502 4430 581 4487 Et
607 4426 800 4505 quoad
826 4425 1297 4497 Interea-sionem,
1328 4432 1528 4483 notum
1556 4434 1646 4484 est
1672 4446 1797 4484 eam
1826 4424 2003 4484 tribui
2035 4425 2280 4498 Sanctis,
2312 4445 2444 4484 cum
2488 4425 2562 4483 ab
2606 4425 2679 4483 iis
2726 4445 2926 4503 preces

502 4527 635 4567 suas
664 4506 872 4565 deferri
900 4503 1270 4579 contendunt,
1296 4504 1412 4561 imo
1440 4525 1637 4563 eorum
1666 4505 1934 4583 precibus
1960 4504 2187 4563 veniam
2219 4505 2330 4563 sibi
2358 4504 2499 4579 dari,
2545 4525 2720 4583 seque
2749 4525 2924 4564 exau-

498 4587 610 4645 diri
637 4586 948 4664 postulant.
1035 4583 1274 4643 Missale
1305 4583 1549 4644 Roman.
1579 4585 1641 4643 in
1672 4586 1848 4647 Festo
1881 4585 1940 4645 S.
1967 4586 2222 4662 Thomae,
2251 4588 2286 4619 “
2306 4588 2465 4645 Deus
2482 4606 2599 4663 pro
2627 4588 2782 4662 cujus
2809 4588 2923 4644 Ec·

500 4667 670 4726 clesia
690 4667 970 4742 qloriosus
997 4663 1271 4740 Pontifex
1311 4666 1521 4739 gladiis
1550 4666 1851 4743 impiorum
1896 4667 2179 4744 occubuit3
2222 4676 2439 4744 proesta
2486 4686 2816 4744 quoesumus,
2867 4676 2926 4725 ut
