3221 5200
289 391 497 435 QUAEST
530 370 681 450 xva]
1123 389 1198 428 or:
1229 387 1571 428 vocxrloxs
1601 388 1674 427 ΒΤ
1706 386 1862 427 rma.
2579 375 2687 432 531

284 548 394 587 sua
420 529 685 603 deliquia
721 527 984 603 patiatur
1019 528 1079 582 in
1110 527 1393 600 gravibus
1422 527 1777 586 Sanctorum
1816 526 2097 601 lapsibus,
2126 546 2235 586 nec
2270 528 2429 587 idem
2458 549 2691 605 semper

284 608 361 665 sit
387 608 439 682 ej
449 626 518 665 us
547 615 717 664 tenor
738 614 797 663 et
819 606 1010 679 vigor,
1034 607 1321 678 langueat
1342 607 1722 679 quandoque,
1745 612 1806 662 et
1826 605 2133 678 praefocari
2150 607 2441 678 videatur,
2466 627 2688 683 nequa-

283 704 465 760 quam
493 693 695 743 tamen
721 686 899 760 plane
927 684 1251 740 suffocatur
1278 690 1338 740 et
1364 683 1754 758 extinguitur,
1785 683 1886 740 sed
1926 702 2033 757 per
2060 692 2227 742 actus
2263 686 2689 761 subsequentes

282 762 642 837 poenitentiae
672 769 733 820 et
756 761 895 820 fidei
936 762 1324 830 instauratur,
1353 762 1823 836 quotiescunque
1859 761 2157 818 eluctatur
2196 771 2485 837 peccator,
2514 772 2575 822 et
2610 766 2688 823 ab

280 841 411 914 ipso
439 860 599 912 casu,
627 842 796 898 velut
822 840 1069 897 collecto
1096 838 1325 912 spiritu,
1353 840 1627 913 graviore
1656 839 1795 897 odio
1822 838 1987 910 mali,
2017 845 2077 896 et
2114 841 2449 900 ardentiore
2482 860 2687 900 amore

283 918 425 976 boni
453 920 875 977 inflammatur.

366 997 629 1055 XXIII.
674 997 738 1054 N
740 1014 820 1053 on
848 995 1212 1052 omittendus
1240 1012 1382 1052 vero
1411 995 1509 1054 bic
1534 1004 1626 1055 est
1652 996 1902 1053 illustris
1937 998 2122 1067 locus,
2157 997 2187 1053 1
2219 997 2261 1054 J
2266 1000 2363 1056 oh.
2392 998 2473 1056 iii.
2504 998 2557 1068 9,
2582 999 2688 1056 ubi

247 1137 254 1145 ,
285 1075 619 1148 Apostolus
676 1074 914 1132 Thesim
968 1080 1230 1131 nostram
1284 1073 1602 1133 clarissime
1643 1075 1895 1149 probat;
1942 1074 2020 1132 In
2074 1094 2195 1149 quo
2250 1077 2550 1134 eludendo
2591 1078 2690 1134 vel

283 1154 688 1226 depravandO,
718 1153 938 1209 mirum
966 1158 1260 1225 quantum
1301 1153 1520 1210 sudant
1561 1153 1929 1211 Adversarii.
2013 1158 2050 1186 “
2072 1153 2359 1227 Quisquis
2394 1161 2576 1212 natus
2601 1161 2693 1212 est

281 1247 356 1287 ex
385 1231 573 1300 De0,’'
603 1230 820 1305 inquit,
853 1237 887 1264 “
909 1237 1216 1303 peccatum
1256 1249 1378 1288 non
1419 1230 1577 1300 facit,
1601 1230 1745 1305 quia
1785 1248 1983 1289 semen
2026 1230 2139 1288 Dei
2180 1239 2381 1289 manet
2421 1232 2484 1288 in
2524 1232 2689 1305 ipso3
2800 1263 2804 1267 ·

281 1325 391 1365 nec
430 1327 670 1382 peccare
708 1314 922 1382 potest,
953 1307 1096 1381 quia
1122 1316 1299 1367 natus
1326 1314 1415 1366 est
1450 1327 1524 1366 ex
1553 1309 1743 1367 De0.’'
1852 1309 1919 1368 Si
1958 1308 2227 1383 quisquis
2266 1316 2445 1367 natus
2485 1318 2575 1367 est
2613 1329 2689 1369 ex

283 1386 413 1443 Deo
441 1406 563 1444 non
603 1393 820 1461 peccet,
849 1384 1116 1460 quisquis
1144 1396 1365 1460 peccat,
1395 1405 1517 1444 non
1545 1394 1635 1445 est
1655 1393 1849 1445 natus
1875 1406 1951 1445 ex
1984 1385 2155 1457 Deo;
2197 1387 2317 1444 imo
2361 1405 2479 1444 non
2515 1388 2685 1463 vidit,

282 1482 393 1521 nec
429 1465 598 1523 novit
626 1483 780 1534 eum,
810 1481 931 1522 ver.
951 1464 1006 1521 6.
1091 1464 1233 1522 Non
1259 1464 1404 1523 dicit
1430 1465 1777 1540 simpliciter
1803 1485 1924 1523 non
1942 1481 2183 1541 peccare
2199 1472 2411 1523 natum
2432 1484 2507 1523 ex
2537 1466 2687 1539 Deo,

282 1541 361 1599 id.
392 1561 600 1599 verum
629 1544 885 1612 fidelem,
915 1560 1056 1599 nam
1085 1551 1392 1620 peccatum
1431 1544 1492 1599 in
1523 1543 1757 1602 Sanctis
1784 1545 2054 1618 agnoscit
2082 1542 2431 1618 Apostolus,
2462 1545 2583 1602 imo
2612 1565 2687 1605 ne

283 1638 344 1677 se
372 1620 616 1695 quidem
643 1621 841 1696 ipsum
867 1621 1104 1695 excipit,
1134 1640 1260 1696 cap.
1291 1622 1330 1679 i.
1349 1639 1468 1679 ver.
1499 1622 1575 1692 83
1622 1621 1740 1681 Sed
1782 1631 2076 1696 peccatum
2104 1641 2213 1681 non
2232 1623 2466 1698 facere:
2496 1624 2574 1678 id.
2605 1623 2692 1682 ita

285 1705 355 1754 ut
381 1706 690 1771 peccatum
720 1699 812 1754 illi
840 1699 1199 1769 dominetur,
1223 1718 1343 1773 quo
1372 1706 1536 1757 totus
1559 1700 1622 1756 in
1648 1700 1887 1758 Diaboli
1904 1707 2256 1774 potestatem
2277 1702 2651 1773 regrediatur
2673 1726 2689 1775 3

282 1792 353 1833 eo
382 1778 561 1833 modo
589 1794 708 1850 quo
738 1777 1042 1849 irregeniti
1083 1783 1344 1853 peccant,
1373 1795 1511 1834 cum
1547 1778 1747 1834 studio
1776 1784 1837 1834 et
1872 1778 2085 1834 habitu
2121 1778 2419 1852 peccandi,
2451 1788 2691 1851 peccato

284 1860 608 1926 regnante:
657 1854 746 1912 Ut
771 1855 1061 1928 justitiam
1087 1857 1295 1931 facere
1336 1854 1571 1923 dicitur,
1600 1873 1722 1910 non
1765 1855 1870 1928 qui
1908 1856 2218 1928 quodlibet
2255 1872 2404 1927 opus
2435 1855 2689 1928 justitiae

280 1932 443 2002 facit,
466 1933 566 1990 sed
591 1933 696 2006 qui
719 1932 807 1988 illi
829 1933 936 1989 dat
956 1950 1196 2007 operam
1217 1949 1323 2007 per
1342 1932 1695 1989 continuum
1716 1931 1845 2005 ejus
1862 1932 2206 1990 exercitium
2229 1953 2242 2001 ;
2264 1938 2332 1987 ut
2353 1933 2694 1992 medicinam

267 2013 474 2087 facere
501 2010 735 2079 dicitur,
766 2010 871 2082 qui
907 2027 1040 2067 eam
1076 2012 1406 2085 profitetur,
1435 2016 1495 2066 et
1521 2009 1583 2065 in
1613 2009 1744 2083 ejus
1770 2011 1943 2084 praxi
1968 2018 2273 2080 versatum
2303 2022 2694 2071 mercaturam

268 2089 492 2165 facere,
523 2099 710 2145 artem
736 2090 960 2164 facere,
991 2088 1095 2162 qui
1123 2106 1256 2146 eam
1284 2095 1531 2145 exercet.
1614 2087 1678 2144 N
1681 2106 1747 2146 ec
1772 2093 2010 2147 tantum
2037 2088 2256 2145 dicitur
2282 2106 2404 2146 non
2432 2108 2692 2163 peccare,

283 2168 388 2222 sed
416 2167 736 2239 nequidem
764 2167 829 2223 id
844 2186 1026 2241 posse,
1059 2184 1181 2223 non
1209 2166 1390 2222 modo
1420 2165 1562 2239 quia
1588 2167 1703 2223 hoc
1730 2187 1841 2224 non
1869 2168 2047 2236 debet,
2077 2184 2150 2223 ex
2178 2165 2389 2237 offici0,
2421 2167 2508 2228 sic
2532 2170 2693 2227 enim

283 2261 407 2299 non
435 2252 675 2302 renatus
703 2243 988 2302 dicendus
1018 2250 1169 2301 esset
1196 2261 1319 2300 non
1346 2261 1518 2317 posse
1546 2262 1803 2317 peccare,
1834 2244 1980 2320 quia
2004 2261 2127 2301 non
2156 2244 2332 2300 debet
2348 2266 2364 2314 ;
2405 2245 2523 2302 Vel
2550 2248 2695 2321 quia

283 2322 395 2378 boc
431 2339 553 2378 non
592 2331 777 2396 potest
814 2323 1132 2391 moraliter,
1175 2320 1254 2378 id.
1299 2320 1616 2378 difficulter
1651 2321 1809 2392 facit,
1848 2322 1992 2396 quia
2031 2321 2112 2379 sic
2147 2322 2383 2378 tollitur
2420 2326 2695 2397 gradatio

285 2399 566 2473 Apostoli
595 2419 630 2456 a
656 2400 874 2457 minori
902 2403 979 2459 ad
1001 2399 1235 2473 majus:
1266 2415 1390 2455 non
1417 2406 1640 2473 peccat,
1668 2407 1728 2458 et
1754 2418 1876 2457 non
1904 2406 2099 2475 potest
2117 2417 2379 2473 peccare,
2408 2401 2552 2474 quia
2571 2423 2695 2462 non

282 2495 525 2551 peccare
553 2479 749 2552 majus
776 2484 866 2536 est
885 2497 1068 2554 quam
1095 2476 1414 2534 difficulter
1439 2494 1715 2550 peccare;
1760 2478 1878 2536 Sed
1899 2479 2175 2536 absolute
2197 2482 2395 2553 quoad
2418 2492 2696 2553 eventum,

284 2555 428 2630 quia
455 2557 568 2614 hoc
594 2557 722 2616 fieri
750 2559 975 2632 nequit,
1005 2554 1231 2631 duplici
1258 2555 1334 2613 de
1363 2572 1559 2626 causa,
1591 2554 1813 2627 Primo,
1831 2564 2072 2632 propter
2103 2555 2300 2631 ipsum
2339 2558 2699 2636 principium

284 2634 604 2705 internum,
629 2636 770 2711 quia
795 2657 982 2694 semen
1012 2635 1147 2706 Dei,
1176 2634 1463 2691 nimirum
1487 2634 1762 2692 Verbum
1791 2645 1999 2705 ippum,
2041 2641 2103 2692 et
2152 2634 2410 2709 Spiritus
2442 2637 2501 2695 S.
2525 2639 2698 2713 cujus

285 2713 345 2769 vi
373 2713 762 2788 regignimur,
792 2733 916 2773 non
944 2722 1182 2773 tantum
1209 2719 1297 2770 est
1323 2712 1401 2769 ad
1429 2719 1818 2783 momentum,
1848 2715 1948 2771 sed
1977 2724 2173 2772 manet
2201 2715 2261 2771 in
2290 2715 2429 2790 ips'o,
2458 2716 2540 2774 id.
2568 2736 2700 2791 per-

283 2799 593 2849 manenter
620 2793 809 2863 inest3
851 2794 947 2851 hic
975 2793 1136 2850 enim
1164 2809 1285 2849 non
1315 2791 1503 2847 solam
1531 2790 1906 2849 existentiam
1949 2791 2161 2863 notari,
2189 2795 2292 2849 sed
2335 2802 2702 2853 constantem

283 2869 669 2938 mansionem,
699 2878 880 2943 patet,
912 2872 1055 2946 quia
1080 2870 1282 2944 agitur
1308 2869 1382 2925 de
1410 2869 1633 2926 semine
1660 2869 2119 2945 incorruptibili,
2149 2872 2223 2927 de
2251 2872 2700 2946 regeneratione

284 2946 360 3000 ad
388 2946 575 3001 vitam
602 2954 903 3019 aeternam,
933 2951 1008 3007 de
1036 2947 1363 3015 mansione,
1386 2965 1519 3020 quae
1550 2965 1672 3003 non
1700 2947 1841 3005 sinit
1867 2948 2202 3021 regenitum
2228 2967 2485 3021 peccare,
2509 2957 2569 3007 et
2597 2968 2702 3024 per

287 3039 468 3095 quam
497 3021 754 3095 Spiritus
781 3033 984 3082 manet
1010 3026 1072 3082 in
1100 3031 1389 3081 aeternum
1418 3041 1553 3079 cum
1582 3024 1729 3097 ipsc,
1759 3024 1801 3081 J
1806 3026 1903 3081 oh.
1933 3025 2053 3081 xiv.
2086 3025 2179 3091 16,
2209 3032 2270 3082 et
2308 3028 2499 3084 fidelis
2527 3029 2705 3085 debet

283 3116 522 3156 manere
542 3108 830 3172 perpetuo
854 3101 915 3157 in
938 3104 1134 3171 dome,
1157 3107 1217 3159 et
1235 3117 1543 3171 nunquam
1571 3118 1646 3155 ex
1673 3118 1745 3156 ea
1772 3101 1923 3172 ejici,
1945 3101 1989 3158 J
1993 3103 2090 3157 oh.
2112 3101 2234 3157 viii.
2259 3102 2336 3158 35
2360 3125 2374 3171 ;
2407 3103 2702 3175 Secund0,

285 3183 528 3250 propter
555 3176 745 3249 ipsam
771 3177 1214 3249 generationem
1243 3178 1318 3232 ab
1342 3176 1453 3232 isto
1483 3175 1703 3233 semine
1729 3176 1968 3246 factam,
1990 3177 2136 3252 quia
2157 3179 2439 3237 nativitas
2469 3199 2543 3236 ex
2571 3180 2703 3238 Deo

287 3254 470 3313 babet
496 3272 737 3311 causam
764 3254 858 3310 sui
885 3253 1394 3322 conservatricem,
1423 3258 1484 3308 et
1512 3252 1865 3311 effectricem
1884 3256 2353 3329 perseverantiae,
2395 3256 2457 3312 in
2500 3275 2571 3314 eo
2599 3260 2704 3332 qui

285 3338 464 3389 natus
490 3337 597 3402 est,
628 3332 771 3407 quia
798 3350 997 3391 semen
1040 3331 1155 3389 Dei
1195 3331 1257 3387 in
1285 3348 1356 3388 eo
1382 3336 1602 3399 manet,
1632 3331 1805 3404 cujus
1846 3350 1958 3407 ope
1984 3350 2022 3389 a
2062 3341 2300 3406 peccato
2341 3333 2701 3395 defenditur.

286 3410 479 3467 Actus
507 3410 607 3467 ille
635 3410 1121 3484 regenerationis,
1150 3409 1214 3465 in
1256 3427 1376 3483 quo
1417 3406 1878 3466 fundamentum
1919 3410 2225 3467 relationis
2265 3417 2368 3481 est,
2399 3413 2542 3486 quia
2582 3431 2704 3471 non

285 3494 480 3561 potest
507 3506 628 3545 non
655 3488 854 3558 fuisse,
886 3507 1007 3545 non
1049 3492 1243 3563 potest
1281 3504 1402 3543 non
1431 3503 1554 3542 esse
1578 3507 1592 3555 ;
1624 3504 1822 3544 semen
1850 3489 2009 3545 enim
2050 3490 2181 3563 ejus
2208 3491 2372 3562 quod
2412 3499 2615 3549 manet
2641 3492 2705 3550 in

285 3566 410 3635 illo,
455 3566 764 3625 vinculum
803 3567 1110 3624 relationis
1152 3572 1445 3622 aeternum
1485 3563 1646 3634 facit,
1680 3571 1749 3622 ut
1787 3574 2017 3641 semper
2058 3567 2136 3623 sit
2179 3566 2373 3624 Filius
2417 3568 2549 3640 Dei,
2600 3571 2705 3647 qui

287 3645 470 3700 semel
500 3651 605 3702 est.
691 3645 860 3703 Licet
887 3663 1029 3703 vero
1058 3661 1255 3702 semen
1286 3642 1446 3700 istud
1475 3660 1597 3699 non
1628 3660 1856 3718 semper
1881 3644 2195 3702 fructificet
2222 3645 2284 3700 in
2311 3647 2477 3705 fideli
2505 3650 2704 3722 quoad

286 3727 486 3777 actum
515 3724 863 3794 secundum,
887 3741 1006 3779 non
1031 3722 1299 3795 sequitur
1319 3738 1443 3777 non
1463 3738 1703 3778 manere
1726 3723 1926 3795 quoad
1948 3729 2148 3780 actum
2174 3722 2434 3796 primum
2453 3745 2469 3794 ;
2491 3732 2562 3781 ut
2581 3726 2707 3783 vita

286 3805 488 3854 manet
516 3799 575 3855 in
605 3801 814 3857 arbore
841 3808 1105 3874 tempore
1131 3799 1378 3871 hyemiS,
1408 3818 1529 3873 quo
1557 3816 1667 3856 nec
1691 3798 1840 3857 folia
1868 3818 1977 3857 nec
2000 3800 2230 3856 fructus
2258 3800 2412 3857 ferre
2439 3808 2651 3874 pot'est.

365 3874 613 3931 XXIV.
659 3875 789 3934 Nec
816 3878 913 3933 hic
939 3877 1262 3934 dicendum
1290 3893 1491 3932 veram
1534 3893 1658 3932 esse
1699 3877 2056 3933 sententiam
2096 3876 2138 3933 J
2143 3877 2395 3933 ohannis
2436 3878 2499 3932 in
2538 3898 2707 3937 sensu

284 3951 607 4026 composit0‚
638 3952 833 4009 nimir.
863 3971 1001 4009 eum
1029 3953 1135 4026 qui
1163 3959 1340 4009 natus
1368 3959 1458 4008 est
1485 3971 1559 4008 ex
1587 3951 1718 4009 Deo
1747 3971 1867 4010 non
1909 3970 2081 4025 posse
2121 3970 2379 4025 peccare,
2409 3962 2704 4026 quatenus

283 4037 463 4086 natus
489 4036 578 4087 est
617 4047 693 4085 ex
743 4028 892 4100 Deo,
923 4048 1094 4103 posse
1137 4036 1337 4086 tamen
1382 4028 1444 4084 in
1489 4049 1657 4087 sensu
1686 4030 1885 4099 divisa,
1916 4029 1968 4086 si
2012 4030 2284 4103 negligat
2326 4048 2527 4087 semen
2574 4032 2712 4091 Dei.

287 4107 450 4174 Quia
491 4108 572 4165 sic
613 4113 881 4164 mutatur
924 4106 1177 4165 causalis
1221 4106 1282 4162 in
1326 4106 1824 4176 conditionalem3
1866 4124 1988 4164 non
2033 4106 2176 4163 dicit
2222 4106 2265 4164 J
2269 4108 2363 4164 oh.
2396 4115 2603 4166 natum
2633 4130 2707 4169 ex

285 4185 415 4242 Deo
445 4205 565 4243 non
593 4202 762 4259 posse
788 4200 1044 4259 peccare,
1074 4190 1368 4259 quatenus
1405 4191 1582 4242 natus
1607 4191 1698 4241 est
1724 4203 1799 4241 ex
1827 4183 1976 4253 Deo,
2006 4186 2106 4241 sed
2137 4184 2277 4259 quia
2318 4197 2491 4244 natus
2520 4199 2617 4258 cst,
2648 4186 2710 4246 et

283 4264 426 4338 quia
452 4268 651 4320 semen
680 4269 881 4320 manet
907 4263 971 4319 in
990 4262 1115 4331 ino,
1133 4262 1214 4319 id.
1239 4279 1465 4336 semper
1487 4267 1823 4336 perseverat
1844 4268 1904 4319 et
1925 4268 2125 4319 manet
2150 4263 2212 4318 in
2234 4281 2323 4334 eo,
2348 4266 2508 4322 unde
2526 4273 2706 4324 natus

281 4348 371 4398 est
400 4340 595 4399 Filius
618 4341 751 4398 Dei.
797 4340 970 4398 Alias
996 4340 1221 4413 frigida
1240 4340 1515 4396 redditur
1531 4339 1723 4396 oratio
1748 4340 2047 4413 Apostoli,
2071 4342 2384 4399 asserentis
2407 4343 2468 4398 id
2490 4344 2565 4400 de
2587 4360 2707 4417 quo

286 4420 495 4475 nullus
521 4419 798 4476 dubitare
838 4418 1072 4494 potuit;
1117 4416 1280 4476 Nam
1319 4435 1429 4474 nec
1470 4417 1768 4475 Diabolus
1811 4417 1954 4491 ipse,
1985 4436 2092 4474 nec
2133 4418 2350 4493 impius
2392 4420 2707 4495 quisquam

287 4502 602 4568 peccatum
630 4497 790 4567 facit,
821 4498 1148 4554 secundum
1176 4496 1339 4570 quod
1365 4513 1402 4552 a
1430 4495 1559 4552 Deo
1588 4495 1782 4553 factus
1810 4502 1914 4553 est.
1999 4497 2344 4556 Absurdius
2383 4516 2526 4555 vero
2568 4499 2708 4555 Bel-

285 4574 456 4629 larm.
479 4573 581 4639 lib.
607 4574 687 4631 iii.
713 4593 839 4649 cap.
868 4574 956 4632 15.
988 4576 1063 4631 de
1084 4575 1128 4632 J
1133 4574 1339 4631 ustific.
1360 4573 1446 4630 ita
1467 4574 1746 4646 exponit:
1779 4578 1812 4606 “
1837 4579 2044 4631 natum
2066 4594 2136 4630 ex
2157 4574 2287 4632 Deo
2309 4594 2426 4633 non
2447 4594 2705 4650 peccare,

288 4651 568 4724 quandiu
595 4659 933 4726 perseverat
961 4653 1149 4710 Filius
1182 4651 1352 4724 Dei,’'
1382 4651 1460 4708 id.
1485 4670 1604 4708 non
1629 4670 1868 4725 peccare
1898 4653 2161 4726 quandiu
2191 4671 2311 4710 non
2340 4662 2559 4727 peccat.
2612 4655 2709 4713 Sic
