3221 5200
259 362 483 411 QuAEsr.
515 341 631 424 xa]
1264 363 1343 403 ns
1372 364 1525 404 isos
1555 365 1675 406 υει.
2589 354 2660 411 61

263 523 370 564 nec
406 503 583 582 juvat
608 503 883 579 latrones,
913 522 1020 562 nec
1061 502 1269 580 probat
1296 503 1551 582 ipsorum
1597 505 1830 583 factum,
1879 506 1982 567 sed
2012 507 2190 568 vitam
2233 529 2396 570 suam
2436 509 2670 570 redimit

267 584 548 644 solvendo
578 584 737 662 quod
777 583 1028 660 jurando
1055 583 1335 660 promisit.
1422 586 1624 645 Potest
1652 607 1791 646 vero
1818 588 1971 647 malo
1999 589 2133 648 huic
2161 609 2266 666 pro
2293 590 2449 648 virili
2470 610 2666 650 occur·

266 685 405 739 rere,
439 663 817 741 Magistratui
856 662 1069 722 furtum
1110 663 1440 724 revelando,
1526 665 1648 724 Nec
1677 667 1870 726 obstat
1897 668 1946 727 si
1979 670 2266 747 juraverit
2309 670 2544 747 insuper
2583 671 2666 729 la-

266 745 415 803 troni
444 743 759 819 silentium,
790 743 927 819 quia
967 750 1056 801 est
1090 743 1482 820 juramentum
1530 744 1603 805 de
1632 766 1693 806 re
1741 747 1959 823 illicita,
1991 747 2148 824 quod
2193 749 2370 809 habet
2418 751 2669 827 speciem

267 825 513 902 alicujus
540 821 877 883 collusionis
906 843 1036 881 cum
1077 823 1416 900 latronibus,
1447 831 1506 883 et
1549 825 1600 884 si
1643 827 1893 887 maxime
1922 847 2036 886 non
2084 828 2341 905 haberet,
2379 830 2668 906 justitiam

268 914 462 963 tamen
488 903 748 980 impedit,
777 903 1070 980 improbos
1098 901 1157 960 in
1184 903 1406 962 malitia
1426 924 1530 963 sua
1558 906 1874 982 confirmat,
1898 916 1957 966 et
2017 908 2257 966 roximis
2279 909 2337 966 in
2359 909 2668 969 discrimen

265 985 404 1042 vitae
432 983 727 1043 incidendi
754 981 1113 1046 occasionem
1154 983 1388 1060 praebet,
1420 992 1479 1043 et
1523 984 1605 1043 sic
1640 985 1838 1044 multis
1864 928 2052 1046 modis
2080 988 2140 1045 in
2167 989 2458 1066 pietatem,
2493 990 2666 1066 justi-

265 1063 407 1121 tiam
435 1072 495 1121 et
523 1063 859 1121 charitatem
888 1071 1105 1139 peccat.

347 1144 426 1201 V.
471 1142 606 1200 Hoc
633 1142 821 1220 ipsum
869 1140 1237 1201 confirmatur
1275 1143 1542 1221 exemplo
1584 1143 1977 1205 Israelitarum
2026 1166 2165 1224 erga
2192 1147 2549 1223 Gibeonitas,
2570 1149 2671 1225 qui

265 1221 403 1280 licet
431 1221 623 1279 foedus
670 1241 799 1280 cum
828 1221 969 1297 ipsis
1010 1222 1338 1299 juramento
1368 1223 1652 1281 sancitum
1680 1223 1967 1300 fecissent,
1998 1225 2133 1285 dolo
2161 1228 2413 1304 ipsorum
2443 1228 2670 1306 decepti

267 1302 434 1377 quasi
484 1310 681 1360 essent
706 1299 994 1378 peregrini
1035 1320 1066 1358 e
1109 1301 1254 1359 locis
1298 1302 1714 1377 remotissimis,
1745 1302 1972 1364 detecto
1998 1314 2199 1382 postea
2226 1306 2357 1365 fuco
2385 1317 2443 1366 et
2470 1308 2670 1367 fraude

266 1401 380 1440 non
409 1381 748 1440 rescindunt
766 1381 1175 1456 juramentum,
1206 1381 1307 1439 sed
1335 1381 1487 1440 bona
1512 1381 1628 1440 fide
1655 1382 1912 1461 implent,
1941 1385 2208 1463 quamvis
2235 1396 2427 1446 essent
2453 1408 2528 1446 ex
2557 1388 2676 1447 illis

266 1461 562 1537 gentibus,
594 1480 737 1538 quas
767 1460 927 1518 Deus
954 1460 1327 1518 internecioni
1356 1460 1686 1537 devoverat,
1718 1463 1847 1522 Jos.
1877 1462 1958 1523 ix.
1994 1466 2085 1539 19,
2133 1468 2169 1498 ‘⁴
2198 1465 2320 1524 Nos
2339 1468 2673 1545 juramento

265 1540 638 1616 promisimus
665 1540 748 1598 eis
775 1558 878 1616 per
903 1539 1193 1598 Jehovam
1223 1540 1412 1598 Deum
1443 1541 1690 1616 Isra’e'lis,
1722 1542 1851 1602 ideo
1891 1563 2045 1603 nunc
2071 1563 2188 1603 non
2214 1565 2521 1622 possumus
2547 1556 2673 1606 tan-

269 1640 404 1697 gere
434 1639 555 1678 eos.
601 1620 732 1677 Hoc
760 1618 1035 1677 faciamus
1063 1618 1164 1693 eis,
1194 1628 1260 1677 ut
1287 1639 1386 1678 eos
1415 1640 1712 1680 servemus
1753 1622 1812 1680 in
1840 1623 1980 1698 vita,
2012 1632 2077 1682 ut
2103 1643 2220 1682 non
2250 1625 2330 1684 sit
2356 1645 2528 1703 super
2567 1646 2674 1687 nos

269 1699 612 1777 indignatiO‚
642 1707 873 1776 propter
899 1697 1044 1757 illud
1064 1699 1453 1775 juramentum
1481 1720 1596 1776 quo
1619 1702 1946 1778 juravimus
1973 1703 2114 1761 eis.²'
2200 1703 2278 1761 Et
2306 1724 2377 1762 ne
2406 1705 2537 1781 quis
2564 1706 2674 1764 hoc

268 1778 486 1838 factum
514 1787 787 1856 tanquam
840 1778 965 1836 Deo
994 1778 1185 1836 minus
1210 1779 1513 1855 probatum
1542 1779 1793 1855 damnet,
1843 1791 2073 1857 gratum
2102 1782 2211 1841 sibi
2240 1782 2417 1841 fuisse
2444 1784 2578 1841 laeta
2618 1793 2677 1843 et

268 1858 615 1917 miraculosa
644 1857 885 1917 victoria
930 1866 1191 1933 testatur,
1237 1859 1366 1918 Jos.
1396 1879 1455 1917 x.
1492 1862 1585 1917 13.
1670 1859 1751 1918 Et
1777 1880 1909 1919 cum
1941 1861 2097 1937 Saul,
2128 1861 2339 1939 elapsis
2358 1863 2481 1939 jam
2509 1883 2545 1920 a
2571 1862 2673 1920 foe-

270 1939 404 1997 dere
450 1947 683 1997 centum
727 1937 911 2012 annis,
962 1936 1241 2014 quosdam
1288 1958 1320 1996 e
1351 1938 1679 1997 Gibeonitis
1727 1940 2048 2016 occidisset,
2093 1949 2338 2000 testatus
2382 1950 2471 2001 est
2516 1942 2676 2001 Deus

270 2026 553 2095 quantum
577 2018 688 2075 sibi
704 2017 919 2076 factum
934 2016 1045 2074 hoc
1068 2016 1424 2093 displicuerit
1445 2018 1703 2077 immissa
1729 2019 1896 2095 fame,
1933 2040 2041 2078 nec
2067 2021 2179 2079 nisi
2209 2021 2520 2098 suspendio
2549 2041 2676 2099 sep-

273 2107 387 2156 tem
418 2098 672 2155 filiorum
705 2096 897 2155 Saulis
926 2096 1145 2173 expiari
1172 2098 1362 2174 potuit
1388 2098 1499 2155 hoe
1526 2099 1860 2175 perjurium,
1891 2103 1927 2157 2
1963 2100 2116 2158 Sam.
2146 2099 2270 2156 xxi.
2305 2103 2356 2174 1,
2387 2109 2446 2157 et
2474 2119 2595 2176 seq.

351 2177 466 2235 VI.
514 2176 598 2235 Ut
628 2175 859 2252 Religio
884 2175 1212 2234 Juramenti
1251 2175 1500 2254 pertinet
1540 2177 1617 2234 ad
1643 2176 1828 2235 forum
1856 2177 2155 2253 divinum3
2203 2178 2297 2236 Ita
2322 2198 2438 2236 non
2480 2179 2681 2239 subest

273 2256 398 2315 foro
425 2257 696 2330 humanO,
730 2252 901 2315 Unde
942 2254 1087 2312 nulli
1116 2255 1314 2332 generi
1342 2263 1442 2313 aut
1469 2255 1659 2313 ordini
1705 2256 2001 2314 hominum
2031 2265 2120 2315 est
2147 2276 2420 2316 concessa
2447 2259 2676 2317 absolu-

272 2336 358 2394 tio
387 2356 424 2393 a
450 2336 490 2395 J
493 2343 825 2410 uramento;
868 2334 984 2393 Vel
1032 2353 1106 2392 ex
1155 2342 1276 2392 toto
1321 2353 1423 2411 per
1450 2333 1951 2410 dispensationem,
1998 2355 2128 2412 quae
2155 2343 2244 2395 est
2277 2337 2524 2414 simplex
2551 2338 2678 2396 vin-

276 2415 397 2473 culi
426 2415 648 2488 solutio,
694 2413 792 2472 vel
840 2432 914 2472 ex
959 2421 1123 2490 parte
1165 2433 1269 2490 per
1295 2414 1799 2472 commutationem
1844 2415 2140 2491 solvend0,
2187 2436 2315 2493 quae
2345 2425 2434 2476 est
2460 2418 2680 2476 vinculi

273 2495 352 2552 ab
381 2514 494 2553 una
520 2495 758 2552 materia
783 2493 843 2550 in
870 2491 1041 2550 aliam
1070 2492 1388 2551 translatio·

272 2613 653 2728 wa
797 2571 1872 2731 mmmm
1892 2575 2684 2734 ΜΨ

331 2731 453 2774 ti⁸¹¹¹
513 2729 757 2774 haereticis
801 2731 1153 2807 Pontificios,
1200 2731 1373 2790 fidem
1416 2730 1854 2792 haereticis-non
1902 2753 2028 2793 esse
2059 2735 2418 2809 servandam,
2449 2755 2580 2812 quae
2622 2744 2682 2795 et

330 2787 585 2833 sensnum
798 2811 1075 2888 superiori
1105 2811 1299 2870 seculo
1328 2820 1387 2870 et
1411 2813 1523 2871 hoc
1550 2820 1748 2871 nostro
1776 2813 2187 2872 horrendarum
2235 2815 2592 2873 lanienarum
2621 2823 2681 2874 et

274 2892 519 2952 caedium
567 2890 846 2950 adversus
893 2891 1285 2950 Protestantes
1327 2891 1573 2950 nefande
1622 2893 2020 2967 exer-citarum,
2071 2893 2180 2952 fuit
2222 2893 2679 2953 fundamentum.

278 2972 457 3031 Primi
484 2972 660 3049 hujus
686 2970 941 3047 perfidias
967 2971 1237 3029 authores
1264 2970 1495 3029 fuerunt
1521 2971 1635 3048 ipsi
1664 2971 1973 3030 Pontifices
2003 2972 2266 3046 Romani,
2297 2973 2396 3049 qui
2425 2975 2536 3032 hoc
2564 2993 2682 3030 non

276 3053 447 3111 modo
476 3059 796 3124 senserunt,
842 3049 946 3108 sed
972 3058 1029 3109 et
1056 3050 1247 3127 palam
1293 3050 1537 3127 professi
1582 3058 1733 3124 sunt,
1783 3059 1841 3108 et
1876 3051 2042 3127 praxi
2078 3070 2182 3109 sua
2218 3052 2678 3128 comprobarunt.

282 3134 331 3189 1.
376 3133 595 3191 Contra
621 3129 1167 3188 Excommunicatos
1198 3128 1324 3206 (qui
1352 3128 1493 3205 ipsis
1521 3136 1657 3186 sunt
1702 3129 1832 3186 loco
1878 3127 2223 3207 infidelium)
2276 3131 2677 3206 Imperatores,

279 3211 474 3287 Reges
491 3218 553 3268 et
572 3209 887 3285 Principes,
904 3208 1116 3286 quibus
1143 3228 1250 3265 nec
1279 3207 1389 3284 ipsi
1417 3206 1589 3264 fidem
1620 3214 1869 3278 servant,
1889 3225 1997 3263 nec
2026 3225 2256 3264 servare
2284 3208 2430 3264 alios
2457 3207 2680 3267 volunt.

278 3289 445 3364 Quod
472 3296 727 3365 coeptum
753 3308 790 3346 a
817 3286 1099 3364 Gregorio
1129 3286 1250 3346 111.
1274 3294 1473 3345 contra
1501 3285 1755 3343 Leonem
1786 3285 1905 3343 ΙΙΙ.
1937 3285 2399 3343 Iconomachum.
2444 3289 2500 3344 2.
2532 3287 2679 3344 Con-

277 3377 363 3428 tra
390 3368 656 3427 infideles
681 3386 718 3424 a
757 3365 1035 3443 religione
1077 3365 1313 3439 alienos,
1359 3372 1426 3423 ut
1454 3372 1680 3423 constat
1706 3363 1801 3424 vel
1830 3385 1905 3422 ex
1932 3384 2048 3422 uno
2097 3365 2362 3442 exemplo
2393 3364 2682 3425 Uladislai

280 3448 535 3507 Polonise
555 3447 739 3523 Regis
760 3455 960 3504 contra
978 3446 1357 3504 Amurathem
1377 3445 1642 3519 Turcam,
1673 3444 1775 3520 qui
1798 3443 2048 3521 impulsu
2066 3444 2109 3503 J
2111 3443 2290 3502 uliani
2308 3453 2368 3504 et
2386 3444 2682 3504 Francisci

280 3527 673 3585 cardinalium
700 3525 889 3584 foedus
917 3525 1176 3597 violavit,
1222 3533 1281 3583 et
1306 3524 1478 3582 fidem
1509 3523 1704 3581 datam
1745 3522 1934 3600 fregit.
2021 3526 2077 3582 3.
2123 3525 2336 3583 Contra
2361 3534 2682 3603 praetensos

279 3606 620 3681 Haereticos,
651 3613 717 3663 ut
743 3604 958 3662 factum
980 3623 1119 3680 erga
1139 3605 1182 3663 J
1185 3623 1427 3662 oannem
1458 3604 1717 3661 Hussum
1745 3611 1805 3661 et
1834 3603 2034 3662 Hier0.
2067 3603 2417 3680 Pragensem
2440 3605 2499 3662 in
2531 3605 2679 3664 Con-

278 3686 408 3745 cilio
440 3682 889 3743 Constantiensi.
974 3682 1142 3756 Quod
1170 3683 1378 3741 acriter
1405 3702 1439 3740 a
1467 3682 1714 3740 Jesuitis
1741 3682 1914 3741 hodie
1942 3682 2222 3741 retinetur
2249 3691 2306 3742 et
2333 3693 2591 3761 urgetur.

350 3764 540 3822 VIII.
584 3764 798 3822 Fateor
840 3762 1146 3820 nonnullos
1173 3781 1248 3820 ex
1289 3760 1624 3836 Pontificiis,
1663 3781 1811 3837 quos
1853 3770 1970 3820 tam
2018 3762 2352 3838 propudiosi
2392 3762 2681 3839 dogmatis

276 3844 471 3921 pudet,
502 3843 578 3901 ab
603 3843 715 3900 hac
760 3841 939 3918 impia
966 3841 1250 3900 sententia
1276 3840 1462 3898 videri
1488 3840 1725 3915 alienos,
1777 3841 1892 3898 imo
1934 3860 2146 3916 negare
2174 3841 2285 3898 hoc
2312 3840 2525 3916 dogma
2553 3861 2680 3900 esse

279 3922 681 3982 pontificium:
731 3920 848 3980 Sed
895 3920 1105 3979 frustra
1133 3927 1192 3978 et
1219 3919 1365 3978 falso
1391 3919 1503 3978 hoc
1531 3919 1647 3978 dici
1673 3927 1849 3995 patet,
1880 3919 1977 3978 vel
2004 3938 2080 3976 ex
2108 3938 2224 3977 uno
2254 3919 2497 3976 Concilii
2526 3919 2675 3977 Con·

274 4002 608 4062 stantiensis
629 3999 877 4075 decret0,
913 3999 1065 4057 Sess.
1100 4000 1191 4057 19.
1279 4001 1314 4031 “
1345 3999 1606 4057 Praesens
1635 4006 1834 4056 sancta
1864 3997 2136 4073 Synodus
2162 4016 2237 4055 ex
2277 3997 2487 4072 quovis
2515 3998 2679 4058 salvo

277 4082 564 4141 conductu
593 4099 697 4157 per
725 4079 1154 4155 Imperatorem,
1176 4086 1234 4136 et
1261 4076 1406 4135 alios
1434 4076 1613 4136 seculi
1655 4076 1969 4151 Principes,
1999 4075 2303 4150 haereticis,
2333 4075 2430 4134 vel
2458 4075 2531 4134 de
2558 4076 2675 4135 hae-

275 4162 385 4220 resi
412 4158 726 4218 diffamatis
757 4156 1052 4236 (putantes
1079 4156 1311 4215 eosdem
1339 4156 1423 4214 sic
1450 4175 1486 4213 a
1514 4155 1634 4214 suis
1662 4154 1950 4213 erroribus
1976 4153 2292 4233 revocare),
2335 4173 2677 4232 quocunque

275 4238 506 4298 vinculo
536 4257 598 4297 se
626 4236 1016 4310 astrinxerint,
1047 4255 1336 4309 concess0,
1380 4235 1602 4293 nullum
1644 4232 1779 4290 fidei
1810 4233 2118 4292 Catholicae
2146 4234 2244 4292 vel
2270 4233 2314 4292 J
2316 4233 2677 4295 urisdictioni

277 4317 698 4378 Ecclesiasticae
724 4314 1122 4393 praejudicium
1164 4314 1442 4392 generari,
1472 4313 1569 4371 vel
1596 4312 2066 4388 impedimentum
2093 4313 2353 4389 priestari
2379 4332 2550 4390 posse
2577 4315 2675 4373 vel

274 4397 478 4456 debere
507 4396 779 4468 declarat,
810 4392 1119 4471 quominus
1144 4393 1299 4452 dicto
1341 4393 1505 4451 salvo
1533 4390 1820 4450 conductu
1847 4411 1964 4449 non
1991 4391 2273 4464 obstante,
2302 4392 2475 4451 liceat
2501 4392 2544 4452 J
2547 4393 2673 4452 udi-

275 4478 325 4535 ci
350 4475 703 4552 competenti
742 4482 801 4532 et
829 4472 1255 4546 EcclesiasticO,
1298 4471 1370 4529 de
1412 4470 1745 4547 hujusmodi
1771 4488 2141 4547 personarum
2170 4470 2457 4531 erroribus
2484 4471 2671 4550 inqui-

273 4576 410 4630 rere,
440 4563 501 4613 et
528 4554 672 4612 alias
699 4560 900 4611 contra
925 4571 1026 4611 eos
1053 4550 1246 4610 debite
1272 4550 1597 4628 procedere,
1619 4549 1967 4624 eosdemque
1992 4548 2213 4626 punire,
2243 4559 2520 4628 quantum
2541 4553 2669 4628 jus-

273 4634 396 4693 titia
423 4633 709 4707 suadebit,
752 4632 802 4691 si
844 4651 981 4691 suos
1020 4649 1241 4691 errores
1280 4649 1551 4690 revocare
1578 4627 1945 4706 pertinaciter
1971 4629 2401 4691 recusaverint:
2442 4631 2669 4690 etiamsi
