3221 5200
274 358 492 405 QUAEST·
527 335 616 416 x.]
1145 354 1221 392 ns
1252 352 1502 392 resonas
1533 353 1797 392 onnus.
2446 335 2467 382 s
2572 343 2687 397 -223

273 497 466 576 quoad
494 495 800 575 praesentia
828 495 968 554 satis
997 504 1255 573 apertum
1286 514 1412 552 esse
1441 503 1666 570 poterat
1690 516 1704 568 ;
1752 493 1869 551 Sed
1897 493 2076 551 ardua
2105 502 2226 552 erat
2255 502 2313 552 et
2342 498 2533 573 magni
2567 519 2686 557 mo-

273 578 452 636 menti
482 577 742 654 quaestiO,
774 575 915 652 quid
942 575 1156 634 factum
1185 574 1357 633 fuerit
1388 574 1657 632 Patribus
1685 583 1816 631 ante
1847 573 2162 631 adventum
2193 574 2424 648 Christi,
2456 586 2514 634 et
2540 598 2687 653 pene

275 658 612 716 incredibile
641 656 948 714 videbatur
991 654 1257 713 effectum
1304 654 1659 712 remissionis
1706 654 1968 712 extitisse
2011 662 2144 711 ante
2183 674 2413 711 causam
2443 657 2586 732 ejus,
2632 667 2691 716 et

274 746 512 815 peecata
539 736 755 795 remitti
775 745 1083 812 antequam
1106 735 1493 811 expiarentur.
1582 734 1723 791 Ideo
1748 734 1964 791 Paulus
1988 733 2202 791 Christi
2223 734 2686 811 propitiationem

276 839 346 876 eo
373 818 698 893 respexisse
728 815 949 889 asserit,
981 815 1270 891 quomodo
1301 814 1455 872 neb.
1486 814 1565 871 ix.
1602 815 1694 888 15,
1718 823 2019 891 propterea
2047 812 2220 871 etiam
2246 817 2282 846 “
2307 815 2687 875 Mediatorem

276 898 416 955 novi
464 896 696 955 foederis
728 895 1019 954 Christum
1070 895 1283 953 factum
1332 894 1497 952 esse''
1554 903 1810 967 testatur,
1846 895 1967 952 “ut
2009 913 2111 969 per
2155 904 2396 953 mortem
2425 897 2687 973 expiaret

278 976 796 1055 praevaricationeS‚
829 995 958 1051 quae
988 975 1153 1033 factoe
1172 983 1334 1033 erant
1364 975 1471 1032 sub
1498 974 1688 1051 priore
1718 974 2147 1031 Testament0.'’
2234 975 2512 1048 Quamvis
2546 997 2685 1036 vero

278 1057 606 1136 propositus
633 1056 859 1114 dicatur
889 1055 1152 1113 Christus
1197 1054 1256 1112 in
1300 1053 1723 1130 placamentum
1767 1053 1842 1110 ad
1887 1053 2280 1112 remissionem
2321 1064 2685 1131 peccatorum

279 1137 723 1215 praecedentium
748 1158 762 1211 3
828 1154 944 1193 non
993 1135 1251 1211 sequitur
1295 1133 1563 1192 fidelibus
1616 1134 1771 1191 illius
1819 1134 2092 1209 temporis
2141 1133 2398 1192 nondum
2447 1137 2686 1195 remissa

281 1218 473 1290 fuisse,
503 1217 639 1294 quia
666 1217 803 1274 licet
831 1215 1135 1291 impetrata
1162 1222 1299 1272 tunc
1329 1222 1551 1272 tanturn
1580 1214 1768 1286 fuerit,
1800 1213 1987 1290 potuit
2009 1215 2131 1290 jam
2161 1221 2293 1271 ante
2323 1215 2616 1290 applicari.

366 1298 555 1356 XIX.
604 1296 666 1354 Si
695 1295 851 1372 prior
878 1315 1081 1353 sensus
1122 1294 1416 1368 retinetur,
1448 1293 1653 1375 πείραις
1696 1294 1919 1352 notabit
1947 1293 2179 1369 quidem
2226 1295 2685 1370 praeteritionem,

284 1385 343 1435 et
386 1377 903 1436 dissimulationem
952 1383 1333 1452 peccatorum,
1364 1394 1608 1450 quorum
1659 1394 1887 1449 poenam
1929 1393 2044 1430 non
2074 1373 2260 1431 voluit
2303 1375 2538 1450 exigere
2582 1377 2690 1434 sub

286 1457 488 1516 Veteri
514 1457 903 1528 TestamentO,
936 1455 1038 1512 sed
1066 1474 1192 1512 eam
1222 1454 1447 1512 distulit
1474 1454 1549 1512 ad
1590 1453 1904 1512 adventum
1937 1453 2166 1526 Christi,
2199 1464 2432 1529 peccata
2460 1455 2689 1513 interim

285 1537 582 1596 tolerando
613 1538 652 1595 iv
673 1539 740 1616 τῇ
764 1539 938 1615 ἀνοχῇ,
970 1543 1027 1592 et
1065 1535 1227 1611 quasi
1267 1531 1511 1614 ὑπιςιδὸι,
1544 1535 1681 1592 Act.
1726 1534 1868 1591 xvii.
1900 1539 1995 1591 30.
2084 1533 2199 1590 Sed
2228 1543 2365 1591 tunc
2404 1536 2688 1612 respiciet.

284 1636 401 1673 non
430 1625 546 1676 tam
578 1617 795 1690 Patres,
827 1634 997 1691 quarn
1031 1615 1320 1673 Christum
1344 1620 1709 1691 Sponsorem‚
1732 1635 1765 1670 a
1782 1633 1896 1690 quo
1919 1633 2145 1689 poenam
2169 1614 2242 1670 ab
2273 1613 2436 1671 initio
2459 1616 2692 1690 exigere

287 1715 405 1753 non
434 1696 635 1770 voluit,
668 1695 770 1753 sed
798 1703 1033 1772 peecata
1063 1694 1118 1750 in
1150 1694 1334 1770 ipsum
1365 1695 1645 1752 translata
1673 1693 1904 1769 reliquit
1932 1693 2213 1770 impunita
2255 1713 2436 1768 usque
2466 1694 2538 1750 ad
2575 1696 2693 1770 ple-

287 1775 604 1834 nitudinem
634 1776 924 1852 temporis.
1012 1774 1134 1831 Ista
1162 1775 1364 1853 ardena-⁸5
1392 1793 1531 1832 vero
1573 1793 1689 1832 non
1719 1773 1944 1830 obstitit
1985 1772 2292 1848 quominus
2337 1773 2446 1848 ipsi
2492 1774 2694 1832 Patres

286 1855 577 1932 potuerint
598 1856 719 1932 jam
749 1865 871 1914 tum
902 1854 1153 1931 gaudere
1184 1855 1363 1927 ἁφέσιι,
1388 1854 1617 1930 plenam
1647 1852 2041 1910 remissionem
2065 1861 2426 1928 peecatorum
2460 1872 2693 1911 suorum

286 1935 600 1993 obtinendo
629 1935 842 1993 virtute
892 1933 1239 2010 expiationis
1284 1933 1509 1991 futurae.
1617 1933 1710 1992 Ita
1752 1951 1956 1989 sensns
1985 1952 2099 1989 non
2130 1931 2489 1990 incommode
2535 1932 2691 2007 fluct,

286 2015 423 2073 nim.
471 2016 657 2074 Deum
690 2014 1055 2092 proposuisse
1087 2013 1377 2071 Christum
1408 2013 1465 2069 in
1494 2013 1914 2088 placamentum
1945 2031 2048 2087 per
2090 2011 2261 2068 fidem
2314 2013 2373 2068 in
2415 2013 2696 2087 sanguine

288 2094 485 2171 ipsinS‚
515 2095 591 2152 ad
619 2094 1038 2153 ostendendum
1060 2094 1347 2170 justitiam
1379 2113 1557 2164 suam,
1584 2101 1816 2168 propter
1837 2092 2038 2170 xa‘gum
2059 2091 2502 2168 praeteritionem
2526 2102 2583 2150 et
2611 2092 2697 2150 di-

287 2175 558 2233 lationem
588 2195 773 2252 poenae
800 2183 1166 2250 peccatorum
1196 2172 1659 2249 praeeedentium,
1685 2192 1813 2246 quae
1843 2172 1995 2229 facta
2021 2170 2248 2228 fuerant
2278 2181 2530 2248 tempore
2554 2173 2695 2231 tole·

288 2255 487 2314 rantiae
519 2256 646 2330 Dei,
680 2274 853 2331 quam
882 2254 1013 2311 ideo
1044 2253 1289 2327 distulit,
1314 2271 1429 2309 non
1459 2262 1522 2309 ut
1550 2272 1620 2308 ea
1641 2250 1924 2327 impunita
1945 2251 2176 2308 omnino
2206 2251 2569 2327 relinqueret,
2596 2253 2700 2310 sed

288 2343 352 2393 ut
380 2335 480 2392 illa
508 2356 613 2395 suo
642 2344 898 2412 tempore
928 2334 988 2390 in
1019 2333 1249 2390 Christo
1277 2331 1522 2409 puniret,
1555 2339 1614 2388 et
1634 2330 1919 2407 justitiam
1951 2350 2112 2387 suam
2142 2331 2421 2388 adversus
2462 2342 2700 2408 peccata

287 2416 632 2489 ostenderet,
665 2435 793 2492 quae
821 2434 938 2471 non
967 2412 1112 2471 adeo
1142 2413 1292 2471 clare
1336 2421 1567 2470 ostensa
1594 2410 1781 2469 fuerat
1823 2410 1930 2468 sub
1959 2415 2134 2490 ἐκχεῖ,
2163 2419 2400 2487 peceato
2443 2412 2700 2470 nondum

329 2496 508 2553 unite.

288 2515 326 2571 p
371 2575 525 2635 XX.
572 2573 886 2634 Promissio
929 2572 1283 2632 remissionis
1312 2580 1679 2650 peccatorum
1709 2570 1791 2630 ita
1819 2569 2091 2631 tribuitur
2114 2571 2263 2629 Nov.
2295 2570 2452 2630 Test.
2473 2570 2695 2648 dicbus,

288 2656 414 2714 Jer.
460 2656 626 2713 xxxi.
670 2659 765 2730 34,
811 2663 876 2714 ut
916 2655 1033 2712 illis
1074 2654 1479 2712 adscribuntur
1518 2652 1767 2729 reliquae·
1797 2651 2206 2741 promissiones
2248 2651 2478 2709 foederis
2525 2673 2580 2711 v.
2639 2674 2697 2731 g.

291 2735 450 2811 quod
494 2737 529 2768 ‘⁸
560 2736 720 2794 Deus
750 2736 977 2794 futurus
1006 2735 1081 2792 sit
1123 2742 1318 2792 noster
1348 2733 1567 2807 Deus,'’
1602 2754 1657 2789 v.
1692 2734 1787 2805 33,
1820 2730 1975 2808 qu‘od
2004 2731 2318 2789 Veteribus
2360 2752 2699 2791 concessum

292 2815 470 2872 fuisse
496 2814 697 2891 liquet.
785 2816 905 2871 Nec
928 2814 1114 2889 magis
1142 2814 1343 2890 negari
1371 2820 1563 2890 potest
1590 2812 1982 2870 remissionem
2001 2812 2124 2888 jam
2153 2812 2329 2869 fuisse
2360 2813 2467 2870 sub
2499 2814 2700 2872 Veteri

292 2894 680 2967 TestamentO,
710 2894 847 2969 quia
888 2894 1239 2968 promittitur
1267 2893 1375 2951 sub
1407 2894 1592 2964 Nove,
1626 2911 1801 2968 quam
1828 2890 2016 2949 foedus
2045 2892 2230 2967 ipsum
2265 2892 2499 2965 Gratiae,
2544 2893 2703 2969 quod

294 2971 664 3046 pangendum
695 2972 906 3028 dicitur
934 2980 1155 3028 tantum
1184 2970 1516 3028 novissimis
1545 2971 1770 3027 diebus,
1857 2970 2274 3027 Promissiones
2303 2991 2442 3045 ergo
2461 2972 2584 3029 istae
2615 2973 2700 3030 in-

296 3048 627 3122 telligendae
650 3069 764 3105 non
794 3057 929 3104 sunt
955 3049 1218 3105 absolute
1260 3058 1318 3105 et
1346 3048 1698 3123 simpliciter,
1744 3048 1909 3121 quasi
1936 3049 2098 3105 nullo
2126 3048 2299 3104 modo
2327 3049 2555 3123 fuerint,
2601 3052 2704 3109 sed

298 3126 616 3185 secundum
644 3126 783 3202 quid
827 3133 885 3183 ct
913 3135 1255 3201 comparate,
1277 3126 1414 3201 quia
1436 3127 1612 3200 longe
1654 3125 1865 3183 elarius
1907 3135 1966 3183 et
2006 3125 2293 3182 efficacius
2334 3129 2575 3201 proponi
2603 3129 2702 3185 de-

296 3208 547 3265 buerunt
574 3205 682 3264 sub
713 3205 882 3262 Novo
911 3204 1281 3262 Testamento
1312 3224 1427 3261 non
1454 3203 1647 3280 quoad
1676 3223 1814 3277 rem,
1848 3202 1950 3260 sed
1977 3203 2168 3278 quoad
2210 3204 2443 3261 modum
2475 3214 2531 3262 et
2574 3227 2702 3280 gra-

295 3287 434 3345 dum
464 3285 564 3343 rei.
609 3284 834 3362 Quippe
863 3282 1124 3341 remissio
1153 3282 1260 3340 sub
1292 3283 1424 3341 Vet.
1449 3283 1605 3341 Test.
1638 3281 1883 3340 dabatur
1902 3302 2004 3359 per
2026 3283 2317 3340 Christum
2345 3284 2701 3360 moriturum,

296 3368 466 3425 Nunc
496 3385 634 3423 vero
663 3365 835 3422 datur
858 3383 976 3440 ,per
1003 3372 1308 3437 mortuum,
1334 3362 1412 3421 id.
1443 3362 1595 3421 facta
1632 3362 1842 3421 actuali
1884 3362 2230 3439 expiatione.
2316 3367 2370 3422 2.
2419 3363 2706 3424 Remissio

295 3447 404 3506 sub
434 3445 636 3505 Veteri
677 3444 1051 3503 Testamento
1094 3443 1537 3520 dispensabatur
1577 3463 1681 3521 per
1713 3444 2081 3501 Sacramenta
2116 3454 2173 3501 et
2219 3441 2528 3519 Sacrificia,
2574 3466 2704 3523 quae

296 3526 684 3604 expiationem
712 3523 1034 3583 faciendam
1057 3524 1245 3582 adhuc
1267 3523 1685 3601 designabant;
1736 3523 1851 3581 Sed
1871 3524 1994 3600 jam
2014 3524 2121 3581 sub
2143 3524 2196 3580 N
2199 3544 2310 3583 ovo
2333 3524 2706 3586 Testamento

298 3607 590 3683 abrogatis
618 3605 930 3679 sacrifieiis,
961 3625 1064 3682 per
1094 3605 1467 3663 Sacramenta
1494 3613 1559 3663 ut
1586 3604 1739 3662 facta
1767 3603 2122 3680 obsignatur.
2190 3607 2246 3665 3.
2279 3604 2429 3665 Olim
2461 3603 2707 3665 dabatur

300 3686 583 3744 ordinarie
624 3686 833 3745 minori
874 3706 1003 3744 cum
1034 3685 1444 3760 consolatione,
1475 3684 1678 3743 laetitia
1715 3693 1773 3743 et
1815 3683 2173 3760 certitudine,
2210 3705 2383 3762 quam
2412 3705 2565 3744 nunc
2595 3689 2704 3747 sub

302 3767 470 3825 Novo
498 3766 870 3825 Testamento
911 3775 1144 3843 propter
1170 3766 1489 3824 claritatem
1535 3764 1861 3841 Evangelii,
1893 3764 2241 3823 ablationem
2278 3765 2409 3842 jugi
2453 3765 2702 3842 Legalis,

300 3855 359 3905 et
386 3846 506 3903 vim
536 3866 601 3904 ac
631 3847 854 3923 copiam
888 3847 1136 3923 Spiritus
1165 3846 1516 3904 consolantis
1545 3855 1603 3903 et
1631 3844 1976 3903 laetifieantis
2004 3853 2137 3920 post
2166 3845 2454 3903 Christum
2486 3846 2704 3904 exalta-

301 3934 426 3984 tum
455 3924 640 3984 effusi.
724 3930 780 3983 4.
812 3926 964 3985 Olim
993 3926 1221 4003 parcius
1248 3934 1307 3983 et
1347 3924 1715 4002 paucioribus
1757 3923 2217 3982 concedebatur:
2265 3924 2378 3981 Sed
2414 3923 2536 3998 jam
2568 3925 2704 3983 ube-

302 4006 422 4063 rius
471 4005 851 4082 dispensatur,
904 4015 962 4063 et
1009 4004 1351 4064 diffunditur
1394 4004 1890 4063 indiscriminatim
1937 4001 2011 4058 ad
2067 4021 2265 4060 omnes
2314 4003 2707 4079 cujuscunque

303 4085 495 4161 gentis
537 4094 596 4144 et
637 4085 875 4144 ordinis.
960 4086 1261 4142 Hactenus
1305 4104 1444 4161 ergo
1488 4092 1643 4142 reete
1688 4082 2042 4159 promittitur
2083 4081 2194 4138 hoc
2238 4081 2598 4154 beneficium,
2643 4093 2708 4142 ut

301 4166 593 4241 proprium
625 4165 775 4223 Nov.
807 4165 964 4222 Test.
1034 4164 1149 4222 Sed
1177 4164 1326 4222 male
1354 4185 1388 4221 a
1416 4163 1784 4222 distinctione
1803 4160 2152 4234 oeconomiae,
2178 4168 2235 4218 et
2264 4161 2711 4236 dispensationis

303 4245 492 4319 mode,
543 4253 946 4321 argumentum
990 4243 1219 4302 ducitur
1260 4243 1335 4301 ad
1376 4243 1770 4301 diversitatem
1816 4239 2178 4299 essentialem
2222 4249 2281 4298 et
2322 4240 2707 4316 intrinsecam,

303 4325 493 4399 qualis
523 4324 795 4383 statuitur
822 4324 915 4381 hic
945 4324 1093 4381 inter
1121 4328 1323 4415 migne-n
1350 4331 1406 4381 et
1434 4328 1625 4394 ἆφισιι.

388 4404 578 4462 ΧΧΙ.
624 4402 809 4462 Aliud
837 4414 924 4462 est
953 4423 1054 4479 per
1085 4403 1297 4461 Chnsti
1327 4403 1572 4479 gratiam
1593 4399 1916 4477 justificari,
1950 4399 2023 4457 ab
2042 4399 2114 4457 iis
2142 4399 2425 4472 omnibus,
2458 4419 2560 4475 per
2580 4420 2710 4477 quae

306 4503 423 4540 non
452 4491 764 4558 potuerunt
791 4483 1054 4541 homines
1081 4504 1185 4560 per
1215 4484 1432 4559 Legem
1467 4479 1794 4559 justificari,
1829 4478 2012 4537 Aliud
2046 4478 2520 4555 justificationem
2545 4479 2714 4539 istam

307 4561 539 4619 demum
559 4563 804 4620 conferri
834 4563 1003 4621 nobis
1022 4563 1129 4622 sub
1160 4562 1331 4621 Novo
1360 4561 1752 4620 Testamenta
1839 4559 2009 4617 Prius
2036 4558 2264 4633 dicitur,
2294 4559 2429 4618 Aet.
2460 4560 2583 4618 xiii.
2614 4563 2712 4633 39,

314 4640 430 4698 Sed
458 4660 575 4698 non
616 4642 919 4719 posterius,
964 4643 1101 4719 quia
1130 4662 1246 4700 non
1273 4640 1339 4699 fit
1381 4639 1669 4717 oppositio
1700 4639 1931 4697 Veteris
1960 4639 2315 4697 Testamenti
2343 4640 2457 4698 late
2502 4642 2717 4719 sumpti
