<?xml version="1.0" encoding="UTF-8"?>
<!DOCTYPE html PUBLIC "-//W3C//DTD XHTML 1.0 Transitional//EN"
    "http://www.w3.org/TR/xhtml1/DTD/xhtml1-transitional.dtd">
<html xmlns="http://www.w3.org/1999/xhtml" xml:lang="en" lang="en">
 <head>
  <title>
</title>
<meta http-equiv="Content-Type" content="text/html;charset=utf-8" />
  <meta name='ocr-system' content='tesseract 3.04.00' />
  <meta name='ocr-capabilities' content='ocr_page ocr_carea ocr_par ocr_line ocrx_word'/>
</head>
<body>
  <div class='ocr_page' id='page_1' title='image "./institutiotheol01turrgoog_0381.png"; bbox 0 0 3221 5200; ppageno 0'>
   <div class='ocr_carea' id='block_1_1' title="bbox 273 331 2684 413">
    <p class='ocr_par' dir='ltr' id='par_1_1' title="bbox 273 331 2684 413">
     <span class='ocr_line' id='line_1_1' title="bbox 273 331 2684 413; baseline 0 -18"><span class='ocrx_word' id='word_1_1' title='bbox 273 351 499 404; x_wconf 65' lang='lat' dir='ltr'>Qcaesr.</span> <span class='ocrx_word' id='word_1_2' title='bbox 533 331 671 413; x_wconf 64' lang='lat' dir='ltr'>vm]</span> <span class='ocrx_word' id='word_1_3' title='bbox 977 352 1055 391; x_wconf 77' lang='lat' dir='ltr'>m:</span> <span class='ocrx_word' id='word_1_4' title='bbox 1086 354 1314 393; x_wconf 73' lang='lat' dir='ltr'>orricio</span> <span class='ocrx_word' id='word_1_5' title='bbox 1345 354 1579 393; x_wconf 72' lang='lat' dir='ltr'>cnmsrx</span> <span class='ocrx_word' id='word_1_6' title='bbox 1610 353 1998 395; x_wconf 64' lang='lat' dir='ltr'>namucum.</span> <span class='ocrx_word' id='word_1_7' title='bbox 2568 339 2684 396; x_wconf 83' lang='lat'>353</span> 
     </span>
    </p>
   </div>
   <div class='ocr_carea' id='block_1_2' title="bbox 265 492 2686 3579">
    <p class='ocr_par' dir='ltr' id='par_1_2' title="bbox 267 492 2686 1997">
     <span class='ocr_line' id='line_1_2' title="bbox 271 492 2686 571; baseline 0.001 -19"><span class='ocrx_word' id='word_1_8' title='bbox 271 503 406 553; x_wconf 87' lang='lat' dir='ltr'>ante</span> <span class='ocrx_word' id='word_1_9' title='bbox 438 492 899 553; x_wconf 85' lang='lat' dir='ltr'>Incarnationem</span> <span class='ocrx_word' id='word_1_10' title='bbox 931 513 1034 570; x_wconf 89' lang='lat' dir='ltr'>per</span> <span class='ocrx_word' id='word_1_11' title='bbox 1064 495 1381 571; x_wconf 89' lang='lat' dir='ltr'>Prophetas</span> <span class='ocrx_word' id='word_1_12' title='bbox 1410 496 1470 552; x_wconf 90' lang='lat' dir='ltr'>in</span> <span class='ocrx_word' id='word_1_13' title='bbox 1500 495 1634 553; x_wconf 86' lang='lat' dir='ltr'>Vet.</span> <span class='ocrx_word' id='word_1_14' title='bbox 1667 495 1919 553; x_wconf 85' lang='lat' dir='ltr'>Testam.</span> <span class='ocrx_word' id='word_1_15' title='bbox 1950 495 2052 570; x_wconf 90' lang='lat' dir='ltr'>qui</span> <span class='ocrx_word' id='word_1_16' title='bbox 2097 493 2314 570; x_wconf 83' lang='lat' dir='ltr'>Spiritu</span> <span class='ocrx_word' id='word_1_17' title='bbox 2352 495 2686 571; x_wconf 83' lang='lat' dir='ltr'>prophetico</span> 
     </span>
     <span class='ocr_line' id='line_1_3' title="bbox 273 572 2682 651; baseline 0.001 -19"><span class='ocrx_word' id='word_1_18' title='bbox 273 573 490 633; x_wconf 79' lang='lat' dir='ltr'>Christi</span> <span class='ocrx_word' id='word_1_19' title='bbox 519 572 634 632; x_wconf 88' lang='lat' dir='ltr'>acti</span> <span class='ocrx_word' id='word_1_20' title='bbox 674 572 851 630; x_wconf 89' lang='lat' dir='ltr'>locuti</span> <span class='ocrx_word' id='word_1_21' title='bbox 884 581 1019 630; x_wconf 85' lang='lat' dir='ltr'>sunt</span> <span class='ocrx_word' id='word_1_22' title='bbox 1051 577 1077 630; x_wconf 97' lang='lat' dir='ltr'>l</span> <span class='ocrx_word' id='word_1_23' title='bbox 1115 573 1240 631; x_wconf 83' lang='lat' dir='ltr'>Pet.</span> <span class='ocrx_word' id='word_1_24' title='bbox 1287 574 1323 632; x_wconf 89' lang='lat' dir='ltr'>i.</span> <span class='ocrx_word' id='word_1_25' title='bbox 1377 577 1467 647; x_wconf 91' lang='lat'>11,</span> <span class='ocrx_word' id='word_1_26' title='bbox 1499 584 1557 633; x_wconf 86' lang='lat' dir='ltr'>et</span> <span class='ocrx_word' id='word_1_27' title='bbox 1608 581 1643 632; x_wconf 83' lang='lat'>2</span> <span class='ocrx_word' id='word_1_28' title='bbox 1679 575 1802 632; x_wconf 88' lang='lat' dir='ltr'>Pet.</span> <span class='ocrx_word' id='word_1_29' title='bbox 1857 574 1891 631; x_wconf 90' lang='lat' dir='ltr'><strong>i.</strong></span> <span class='ocrx_word' id='word_1_30' title='bbox 1924 577 2019 648; x_wconf 98' lang='grc'>21,</span> <span class='ocrx_word' id='word_1_31' title='bbox 2081 572 2232 632; x_wconf 89' lang='lat' dir='ltr'>unde</span> <span class='ocrx_word' id='word_1_32' title='bbox 2282 573 2494 632; x_wconf 87' lang='lat' dir='ltr'>dicitur</span> <span class='ocrx_word' id='word_1_33' title='bbox 2540 595 2682 651; x_wconf 81' lang='lat' dir='ltr'>prae·</span> 
     </span>
     <span class='ocr_line' id='line_1_4' title="bbox 269 651 2683 729; baseline 0 -18"><span class='ocrx_word' id='word_1_34' title='bbox 269 653 492 711; x_wconf 89' lang='lat' dir='ltr'>dicasse</span> <span class='ocrx_word' id='word_1_35' title='bbox 542 672 644 729; x_wconf 92' lang='lat' dir='ltr'>per</span> <span class='ocrx_word' id='word_1_36' title='bbox 695 651 972 729; x_wconf 86' lang='lat' dir='ltr'>Spiritum</span> <span class='ocrx_word' id='word_1_37' title='bbox 999 653 1061 710; x_wconf 89' lang='lat' dir='ltr'>in</span> <span class='ocrx_word' id='word_1_38' title='bbox 1090 653 1343 728; x_wconf 84' lang='lat' dir='ltr'>Noacho,</span> <span class='ocrx_word' id='word_1_39' title='bbox 1407 658 1433 711; x_wconf 97' lang='lat' dir='ltr'>l</span> <span class='ocrx_word' id='word_1_40' title='bbox 1472 654 1596 712; x_wconf 90' lang='lat' dir='ltr'>Pet.</span> <span class='ocrx_word' id='word_1_41' title='bbox 1630 654 1707 711; x_wconf 90' lang='lat' dir='ltr'>iii.</span> <span class='ocrx_word' id='word_1_42' title='bbox 1745 657 1835 728; x_wconf 88' lang='grc'>19,</span> <span class='ocrx_word' id='word_1_43' title='bbox 1868 660 1926 711; x_wconf 84' lang='lat' dir='ltr'>et</span> <span class='ocrx_word' id='word_1_44' title='bbox 1955 653 2004 711; x_wconf 90' lang='lat' dir='ltr'>si</span> <span class='ocrx_word' id='word_1_45' title='bbox 2035 653 2194 711; x_wconf 86' lang='lat' dir='ltr'>Deus</span> <span class='ocrx_word' id='word_1_46' title='bbox 2223 652 2433 712; x_wconf 86' lang='lat' dir='ltr'>dicitur</span> <span class='ocrx_word' id='word_1_47' title='bbox 2460 661 2683 712; x_wconf 87' lang='lat' dir='ltr'>tantum</span> 
     </span>
     <span class='ocr_line' id='line_1_5' title="bbox 270 730 2682 808; baseline 0 -18"><span class='ocrx_word' id='word_1_48' title='bbox 270 733 499 791; x_wconf 88' lang='lat' dir='ltr'>locutus</span> <span class='ocrx_word' id='word_1_49' title='bbox 528 731 588 789; x_wconf 90' lang='lat' dir='ltr'>in</span> <span class='ocrx_word' id='word_1_50' title='bbox 619 732 789 805; x_wconf 83' lang='lat' dir='ltr'>Filio,</span> <span class='ocrx_word' id='word_1_51' title='bbox 825 730 976 790; x_wconf 89' lang='lat' dir='ltr'>Heb.</span> <span class='ocrx_word' id='word_1_52' title='bbox 1009 732 1045 789; x_wconf 91' lang='lat' dir='ltr'>i.</span> <span class='ocrx_word' id='word_1_53' title='bbox 1076 736 1131 805; x_wconf 87' lang='grc'><strong>2,</strong></span> <span class='ocrx_word' id='word_1_54' title='bbox 1163 733 1492 791; x_wconf 82' lang='lat' dir='ltr'>novissimis</span> <span class='ocrx_word' id='word_1_55' title='bbox 1521 733 1744 808; x_wconf 88' lang='lat' dir='ltr'>diebus,</span> <span class='ocrx_word' id='word_1_56' title='bbox 1775 735 1883 792; x_wconf 88' lang='lat' dir='ltr'>hoc</span> <span class='ocrx_word' id='word_1_57' title='bbox 1915 731 2372 808; x_wconf 88' lang='lat' dir='ltr'>intelligendum,</span> <span class='ocrx_word' id='word_1_58' title='bbox 2404 753 2519 790; x_wconf 87' lang='lat' dir='ltr'>non</span> <span class='ocrx_word' id='word_1_59' title='bbox 2549 734 2682 791; x_wconf 87' lang='lat' dir='ltr'>sim·</span> 
     </span>
     <span class='ocr_line' id='line_1_6' title="bbox 270 809 2683 893; baseline 0.001 -25"><span class='ocrx_word' id='word_1_60' title='bbox 270 811 497 888; x_wconf 81' lang='lat' dir='ltr'><strong>pliciter</strong></span> <span class='ocrx_word' id='word_1_61' title='bbox 545 810 648 869; x_wconf 86' lang='lat' dir='ltr'>sed</span> <span class='ocrx_word' id='word_1_62' title='bbox 693 820 1034 887; x_wconf 88' lang='lat' dir='ltr'>comparate,</span> <span class='ocrx_word' id='word_1_63' title='bbox 1082 810 1160 870; x_wconf 90' lang='lat' dir='ltr'>id.</span> <span class='ocrx_word' id='word_1_64' title='bbox 1192 812 1450 869; x_wconf 81' lang='lat' dir='ltr'>sensibili</span> <span class='ocrx_word' id='word_1_65' title='bbox 1492 813 1730 886; x_wconf 87' lang='lat' dir='ltr'>ratione,</span> <span class='ocrx_word' id='word_1_66' title='bbox 1775 823 1833 871; x_wconf 90' lang='lat' dir='ltr'>et</span> <span class='ocrx_word' id='word_1_67' title='bbox 1861 832 1963 889; x_wconf 88' lang='lat' dir='ltr'>per</span> <span class='ocrx_word' id='word_1_68' title='bbox 1990 831 2120 869; x_wconf 89' lang='lat' dir='ltr'>eum</span> <span class='ocrx_word' id='word_1_69' title='bbox 2143 820 2208 870; x_wconf 90' lang='lat' dir='ltr'>ut</span> <span class='ocrx_word' id='word_1_70' title='bbox 2233 809 2489 893; x_wconf 63' lang='grc' dir='ltr'>ἴισαςκοη</span> <span class='ocrx_word' id='word_1_71' title='bbox 2534 813 2683 871; x_wconf 88' lang='lat' dir='ltr'>Tum</span> 
     </span>
     <span class='ocr_line' id='line_1_7' title="bbox 269 889 2683 968; baseline 0.001 -20"><span class='ocrx_word' id='word_1_72' title='bbox 269 899 401 968; x_wconf 87' lang='lat' dir='ltr'>post</span> <span class='ocrx_word' id='word_1_73' title='bbox 423 890 736 949; x_wconf 86' lang='lat' dir='ltr'>adventum</span> <span class='ocrx_word' id='word_1_74' title='bbox 760 891 886 967; x_wconf 89' lang='lat' dir='ltr'>ejus</span> <span class='ocrx_word' id='word_1_75' title='bbox 915 910 1017 967; x_wconf 85' lang='lat' dir='ltr'>per</span> <span class='ocrx_word' id='word_1_76' title='bbox 1046 889 1363 967; x_wconf 79' lang='lat' dir='ltr'>Apostolos</span> <span class='ocrx_word' id='word_1_77' title='bbox 1392 901 1450 950; x_wconf 90' lang='lat' dir='ltr'>et</span> <span class='ocrx_word' id='word_1_78' title='bbox 1480 892 1766 966; x_wconf 75' lang='lat' dir='ltr'>pastores,</span> <span class='ocrx_word' id='word_1_79' title='bbox 1798 891 1931 950; x_wconf 89' lang='lat' dir='ltr'>illos</span> <span class='ocrx_word' id='word_1_80' title='bbox 1969 890 2201 967; x_wconf 89' lang='lat' dir='ltr'>quidem</span> <span class='ocrx_word' id='word_1_81' title='bbox 2231 891 2683 951; x_wconf 85' lang='lat' dir='ltr'>extraordinarie</span> 
     </span>
     <span class='ocr_line' id='line_1_8' title="bbox 267 968 2682 1048; baseline 0.001 -21"><span class='ocrx_word' id='word_1_82' title='bbox 267 980 506 1028; x_wconf 81' lang='lat' dir='ltr'>vocatos</span> <span class='ocrx_word' id='word_1_83' title='bbox 535 978 592 1028; x_wconf 88' lang='lat' dir='ltr'>et</span> <span class='ocrx_word' id='word_1_84' title='bbox 621 968 943 1045; x_wconf 82' lang='lat' dir='ltr'>inspiratos,</span> <span class='ocrx_word' id='word_1_85' title='bbox 976 990 1105 1027; x_wconf 90' lang='lat' dir='ltr'>cum</span> <span class='ocrx_word' id='word_1_86' title='bbox 1136 969 1286 1029; x_wconf 89' lang='lat' dir='ltr'>dono</span> <span class='ocrx_word' id='word_1_87' title='bbox 1331 970 1755 1030; x_wconf 87' lang='lat' dir='ltr'>infallibilitatis</span> <span class='ocrx_word' id='word_1_88' title='bbox 1784 971 1858 1029; x_wconf 86' lang='lat' dir='ltr'>ad</span> <span class='ocrx_word' id='word_1_89' title='bbox 1890 980 2133 1048; x_wconf 90' lang='lat' dir='ltr'>tempus,</span> <span class='ocrx_word' id='word_1_90' title='bbox 2179 970 2322 1029; x_wconf 87' lang='lat' dir='ltr'>istos</span> <span class='ocrx_word' id='word_1_91' title='bbox 2361 991 2501 1029; x_wconf 85' lang='lat' dir='ltr'>vero</span> <span class='ocrx_word' id='word_1_92' title='bbox 2530 972 2682 1030; x_wconf 91' lang='lat' dir='ltr'>ordi·</span> 
     </span>
     <span class='ocr_line' id='line_1_9' title="bbox 268 1049 2681 1127; baseline 0 -20"><span class='ocrx_word' id='word_1_93' title='bbox 268 1049 430 1107; x_wconf 90' lang='lat' dir='ltr'>nario</span> <span class='ocrx_word' id='word_1_94' title='bbox 499 1049 796 1106; x_wconf 87' lang='lat' dir='ltr'>hominum</span> <span class='ocrx_word' id='word_1_95' title='bbox 845 1049 1161 1107; x_wconf 88' lang='lat' dir='ltr'>ministerio</span> <span class='ocrx_word' id='word_1_96' title='bbox 1211 1059 1465 1124; x_wconf 83' lang='lat' dir='ltr'>vocatos,</span> <span class='ocrx_word' id='word_1_97' title='bbox 1527 1050 1900 1127; x_wconf 80' lang='lat' dir='ltr'>inspiratione</span> <span class='ocrx_word' id='word_1_98' title='bbox 1957 1049 2245 1108; x_wconf 89' lang='lat' dir='ltr'>communi</span> <span class='ocrx_word' id='word_1_99' title='bbox 2300 1059 2522 1109; x_wconf 88' lang='lat' dir='ltr'>tantum</span> <span class='ocrx_word' id='word_1_100' title='bbox 2580 1050 2681 1108; x_wconf 93' lang='lat' dir='ltr'>do-</span> 
     </span>
     <span class='ocr_line' id='line_1_10' title="bbox 272 1127 2682 1206; baseline 0.001 -20"><span class='ocrx_word' id='word_1_101' title='bbox 272 1137 440 1187; x_wconf 89' lang='lat' dir='ltr'>natos</span> <span class='ocrx_word' id='word_1_102' title='bbox 481 1147 666 1204; x_wconf 88' lang='lat' dir='ltr'>usque</span> <span class='ocrx_word' id='word_1_103' title='bbox 722 1128 797 1185; x_wconf 88' lang='lat' dir='ltr'>ad</span> <span class='ocrx_word' id='word_1_104' title='bbox 845 1127 1016 1186; x_wconf 88' lang='lat' dir='ltr'>finem</span> <span class='ocrx_word' id='word_1_105' title='bbox 1060 1129 1256 1186; x_wconf 85' lang='lat' dir='ltr'>seculi.</span> <span class='ocrx_word' id='word_1_106' title='bbox 1363 1133 1419 1187; x_wconf 85' lang='lat'><strong>2.</strong></span> <span class='ocrx_word' id='word_1_107' title='bbox 1464 1131 1726 1188; x_wconf 78' lang='lat' dir='ltr'>Externo</span> <span class='ocrx_word' id='word_1_108' title='bbox 1776 1140 1835 1188; x_wconf 88' lang='lat' dir='ltr'>et</span> <span class='ocrx_word' id='word_1_109' title='bbox 1877 1131 2127 1204; x_wconf 76' lang='lat' dir='ltr'>laterna,</span> <span class='ocrx_word' id='word_1_110' title='bbox 2186 1148 2289 1205; x_wconf 89' lang='lat' dir='ltr'>per</span> <span class='ocrx_word' id='word_1_111' title='bbox 2344 1149 2533 1206; x_wconf 89' lang='lat' dir='ltr'>quem,</span> <span class='ocrx_word' id='word_1_112' title='bbox 2564 1150 2682 1188; x_wconf 89' lang='lat' dir='ltr'>non</span> 
     </span>
     <span class='ocr_line' id='line_1_11' title="bbox 273 1207 2682 1285; baseline 0 -18"><span class='ocrx_word' id='word_1_113' title='bbox 273 1208 634 1267; x_wconf 85' lang='lat' dir='ltr'>extrinsecus</span> <span class='ocrx_word' id='word_1_114' title='bbox 683 1216 907 1266; x_wconf 89' lang='lat' dir='ltr'>tantum</span> <span class='ocrx_word' id='word_1_115' title='bbox 962 1227 1128 1266; x_wconf 86' lang='lat' dir='ltr'>aures</span> <span class='ocrx_word' id='word_1_116' title='bbox 1178 1208 1431 1285; x_wconf 89' lang='lat' dir='ltr'>corporis</span> <span class='ocrx_word' id='word_1_117' title='bbox 1476 1209 1743 1285; x_wconf 82' lang='lat' dir='ltr'>pulsabat</span> <span class='ocrx_word' id='word_1_118' title='bbox 1790 1229 1892 1285; x_wconf 89' lang='lat' dir='ltr'>per</span> <span class='ocrx_word' id='word_1_119' title='bbox 1920 1207 2198 1279; x_wconf 84' lang='lat' dir='ltr'>Verbum,</span> <span class='ocrx_word' id='word_1_120' title='bbox 2250 1208 2354 1266; x_wconf 88' lang='lat' dir='ltr'>sed</span> <span class='ocrx_word' id='word_1_121' title='bbox 2410 1218 2470 1268; x_wconf 88' lang='lat' dir='ltr'>et</span> <span class='ocrx_word' id='word_1_122' title='bbox 2523 1209 2682 1268; x_wconf 87' lang='lat' dir='ltr'>intus</span> 
     </span>
     <span class='ocr_line' id='line_1_12' title="bbox 272 1285 2679 1365; baseline 0 -20"><span class='ocrx_word' id='word_1_123' title='bbox 272 1287 449 1346; x_wconf 88' lang='lat' dir='ltr'>corda</span> <span class='ocrx_word' id='word_1_124' title='bbox 504 1285 770 1345; x_wconf 87' lang='lat' dir='ltr'>flectebat</span> <span class='ocrx_word' id='word_1_125' title='bbox 824 1294 883 1345; x_wconf 88' lang='lat' dir='ltr'>et</span> <span class='ocrx_word' id='word_1_126' title='bbox 937 1286 1228 1363; x_wconf 88' lang='lat' dir='ltr'>aperiebat</span> <span class='ocrx_word' id='word_1_127' title='bbox 1282 1308 1385 1365; x_wconf 88' lang='lat' dir='ltr'>per</span> <span class='ocrx_word' id='word_1_128' title='bbox 1442 1288 1737 1365; x_wconf 87' lang='lat' dir='ltr'>Spiritum,</span> <span class='ocrx_word' id='word_1_129' title='bbox 1789 1298 1847 1346; x_wconf 92' lang='lat' dir='ltr'>et</span> <span class='ocrx_word' id='word_1_130' title='bbox 1894 1287 2142 1346; x_wconf 87' lang='lat' dir='ltr'>ducebat</span> <span class='ocrx_word' id='word_1_131' title='bbox 2171 1286 2231 1344; x_wconf 90' lang='lat' dir='ltr'>in</span> <span class='ocrx_word' id='word_1_132' title='bbox 2259 1308 2486 1346; x_wconf 89' lang='lat' dir='ltr'>omnem</span> <span class='ocrx_word' id='word_1_133' title='bbox 2530 1289 2679 1346; x_wconf 84' lang='lat' dir='ltr'>veri-</span> 
     </span>
     <span class='ocr_line' id='line_1_13' title="bbox 269 1366 2678 1451; baseline 0.001 -29"><span class='ocrx_word' id='word_1_134' title='bbox 269 1406 302 1450; x_wconf 84' lang='lat'><em>2</em></span> <span class='ocrx_word' id='word_1_135' title='bbox 338 1405 494 1451; x_wconf 74' lang='lat' dir='ltr'>Exter</span> <span class='ocrx_word' id='word_1_136' title='bbox 530 1412 582 1451; x_wconf 79' lang='lat' dir='ltr'>et</span> <span class='ocrx_word' id='word_1_137' title='bbox 599 1406 754 1450; x_wconf 74' lang='lat' dir='ltr'>Inter.</span> <span class='ocrx_word' id='word_1_138' title='bbox 793 1373 988 1440; x_wconf 87' lang='lat' dir='ltr'>tatem,</span> <span class='ocrx_word' id='word_1_139' title='bbox 1020 1367 1062 1424; x_wconf 85' lang='lat' dir='ltr'><strong>J</strong></span> <span class='ocrx_word' id='word_1_140' title='bbox 1068 1367 1158 1424; x_wconf 91' lang='lat' dir='ltr'>oh.</span> <span class='ocrx_word' id='word_1_141' title='bbox 1183 1367 1304 1424; x_wconf 83' lang='lat' dir='ltr'><strong>xvi.</strong></span> <span class='ocrx_word' id='word_1_142' title='bbox 1341 1369 1431 1438; x_wconf 89' lang='lat'>13,</span> <span class='ocrx_word' id='word_1_143' title='bbox 1464 1387 1580 1444; x_wconf 92' lang='lat' dir='ltr'>quo</span> <span class='ocrx_word' id='word_1_144' title='bbox 1609 1387 1782 1425; x_wconf 85' lang='lat' dir='ltr'>sensu</span> <span class='ocrx_word' id='word_1_145' title='bbox 1804 1367 1982 1425; x_wconf 88' lang='lat' dir='ltr'>verba</span> <span class='ocrx_word' id='word_1_146' title='bbox 2010 1366 2523 1442; x_wconf 76' lang='lat' dir='ltr'>Christi,dicuntur</span> <span class='ocrx_word' id='word_1_147' title='bbox 2549 1368 2678 1444; x_wconf 77' lang='lat' dir='ltr'>Spi-</span> 
     </span>
     <span class='ocr_line' id='line_1_14' title="bbox 304 1439 2680 1522; baseline 0.002 -22"><span class='ocrx_word' id='word_1_148' title='bbox 304 1439 314 1448; x_wconf 79' lang='lat'>&#39;</span> <span class='ocrx_word' id='word_1_149' title='bbox 498 1439 510 1453; x_wconf 76' lang='lat'>⁸</span> <span class='ocrx_word' id='word_1_150' title='bbox 792 1443 934 1502; x_wconf 77' lang='lat' dir='ltr'>ritus</span> <span class='ocrx_word' id='word_1_151' title='bbox 963 1454 1016 1502; x_wconf 84' lang='lat' dir='ltr'>et</span> <span class='ocrx_word' id='word_1_152' title='bbox 1041 1447 1171 1521; x_wconf 79' lang='lat' dir='ltr'>vita,</span> <span class='ocrx_word' id='word_1_153' title='bbox 1203 1447 1245 1504; x_wconf 85' lang='lat' dir='ltr'><strong>J</strong></span> <span class='ocrx_word' id='word_1_154' title='bbox 1250 1446 1341 1504; x_wconf 91' lang='lat' dir='ltr'>oh.</span> <span class='ocrx_word' id='word_1_155' title='bbox 1367 1447 1444 1503; x_wconf 86' lang='lat' dir='ltr'>vi.</span> <span class='ocrx_word' id='word_1_156' title='bbox 1477 1449 1570 1522; x_wconf 87' lang='lat'>63,</span> <span class='ocrx_word' id='word_1_157' title='bbox 1604 1467 1719 1504; x_wconf 88' lang='lat' dir='ltr'>non</span> <span class='ocrx_word' id='word_1_158' title='bbox 1747 1454 1971 1505; x_wconf 87' lang='lat' dir='ltr'>tantum</span> <span class='ocrx_word' id='word_1_159' title='bbox 1998 1453 2261 1522; x_wconf 88' lang='lat' dir='ltr'>respectu</span> <span class='ocrx_word' id='word_1_160' title='bbox 2284 1445 2680 1522; x_wconf 78' lang='lat' dir='ltr'>intelligentias</span> 
     </span>
     <span class='ocr_line' id='line_1_15' title="bbox 269 1523 2682 1601; baseline 0.002 -21"><span class='ocrx_word' id='word_1_161' title='bbox 269 1523 596 1598; x_wconf 82' lang='lat' dir='ltr'>verborum,</span> <span class='ocrx_word' id='word_1_162' title='bbox 627 1543 756 1600; x_wconf 77' lang='lat' dir='ltr'>quas</span> <span class='ocrx_word' id='word_1_163' title='bbox 799 1523 871 1581; x_wconf 89' lang='lat' dir='ltr'>de</span> <span class='ocrx_word' id='word_1_164' title='bbox 911 1525 1098 1582; x_wconf 80' lang='lat' dir='ltr'>camis</span> <span class='ocrx_word' id='word_1_165' title='bbox 1147 1546 1266 1583; x_wconf 80' lang='lat' dir='ltr'>suae</span> <span class='ocrx_word' id='word_1_166' title='bbox 1306 1526 1747 1585; x_wconf 82' lang='lat' dir='ltr'>manducatione</span> <span class='ocrx_word' id='word_1_167' title='bbox 1796 1525 2039 1600; x_wconf 81' lang='lat' dir='ltr'>dixerat,</span> <span class='ocrx_word' id='word_1_168' title='bbox 2087 1544 2215 1601; x_wconf 79' lang='lat' dir='ltr'>quae</span> <span class='ocrx_word' id='word_1_169' title='bbox 2244 1545 2360 1583; x_wconf 89' lang='lat' dir='ltr'>non</span> <span class='ocrx_word' id='word_1_170' title='bbox 2403 1526 2682 1585; x_wconf 88' lang='lat' dir='ltr'>sumenda</span> 
     </span>
     <span class='ocr_line' id='line_1_16' title="bbox 268 1602 2677 1682; baseline 0.001 -21"><span class='ocrx_word' id='word_1_171' title='bbox 268 1611 432 1661; x_wconf 87' lang='lat' dir='ltr'>erant</span> <span class='ocrx_word' id='word_1_172' title='bbox 461 1623 650 1661; x_wconf 87' lang='lat' dir='ltr'>crasse</span> <span class='ocrx_word' id='word_1_173' title='bbox 693 1611 751 1660; x_wconf 87' lang='lat' dir='ltr'>et</span> <span class='ocrx_word' id='word_1_174' title='bbox 779 1604 1099 1678; x_wconf 84' lang='lat' dir='ltr'>carnaliter,</span> <span class='ocrx_word' id='word_1_175' title='bbox 1132 1603 1235 1662; x_wconf 85' lang='lat' dir='ltr'>sed</span> <span class='ocrx_word' id='word_1_176' title='bbox 1284 1604 1657 1681; x_wconf 82' lang='lat' dir='ltr'>spiritualiter</span> <span class='ocrx_word' id='word_1_177' title='bbox 1685 1613 1743 1664; x_wconf 88' lang='lat' dir='ltr'>et</span> <span class='ocrx_word' id='word_1_178' title='bbox 1784 1606 2044 1682; x_wconf 80' lang='lat' dir='ltr'>mystice,</span> <span class='ocrx_word' id='word_1_179' title='bbox 2078 1602 2181 1661; x_wconf 88' lang='lat' dir='ltr'>sed</span> <span class='ocrx_word' id='word_1_180' title='bbox 2210 1604 2384 1662; x_wconf 90' lang='lat' dir='ltr'>etiam</span> <span class='ocrx_word' id='word_1_181' title='bbox 2412 1614 2677 1681; x_wconf 88' lang='lat' dir='ltr'>respectu</span> 
     </span>
     <span class='ocr_line' id='line_1_17' title="bbox 270 1681 2680 1759; baseline 0.002 -21"><span class='ocrx_word' id='word_1_182' title='bbox 270 1681 537 1740; x_wconf 87' lang='lat' dir='ltr'>efficaciae</span> <span class='ocrx_word' id='word_1_183' title='bbox 565 1682 817 1756; x_wconf 75' lang='lat' dir='ltr'>invictae,</span> <span class='ocrx_word' id='word_1_184' title='bbox 846 1702 1016 1759; x_wconf 84' lang='lat' dir='ltr'>quam</span> <span class='ocrx_word' id='word_1_185' title='bbox 1047 1684 1231 1741; x_wconf 87' lang='lat' dir='ltr'>exerit</span> <span class='ocrx_word' id='word_1_186' title='bbox 1261 1683 1316 1740; x_wconf 84' lang='lat' dir='ltr'>in</span> <span class='ocrx_word' id='word_1_187' title='bbox 1362 1685 1738 1743; x_wconf 81' lang='lat' dir='ltr'>conversione</span> <span class='ocrx_word' id='word_1_188' title='bbox 1768 1683 2044 1742; x_wconf 89' lang='lat' dir='ltr'>cordium.</span> <span class='ocrx_word' id='word_1_189' title='bbox 2091 1682 2263 1742; x_wconf 84' lang='lat' dir='ltr'>Unde</span> <span class='ocrx_word' id='word_1_190' title='bbox 2293 1682 2680 1759; x_wconf 88' lang='lat' dir='ltr'>Evangelium</span> 
     </span>
     <span class='ocr_line' id='line_1_18' title="bbox 271 1760 2682 1839; baseline 0.001 -21"><span class='ocrx_word' id='word_1_191' title='bbox 271 1760 483 1820; x_wconf 87' lang='lat' dir='ltr'>dicitnr</span> <span class='ocrx_word' id='word_1_192' title='bbox 513 1760 686 1819; x_wconf 89' lang='lat' dir='ltr'>scribi</span> <span class='ocrx_word' id='word_1_193' title='bbox 715 1781 830 1818; x_wconf 89' lang='lat' dir='ltr'>non</span> <span class='ocrx_word' id='word_1_194' title='bbox 859 1761 917 1818; x_wconf 89' lang='lat' dir='ltr'>in</span> <span class='ocrx_word' id='word_1_195' title='bbox 963 1762 1174 1821; x_wconf 89' lang='lat' dir='ltr'>tabulis</span> <span class='ocrx_word' id='word_1_196' title='bbox 1215 1762 1474 1839; x_wconf 82' lang='lat' dir='ltr'>lapideis,</span> <span class='ocrx_word' id='word_1_197' title='bbox 1521 1763 1624 1822; x_wconf 85' lang='lat' dir='ltr'>sed</span> <span class='ocrx_word' id='word_1_198' title='bbox 1652 1764 1711 1820; x_wconf 90' lang='lat' dir='ltr'>in</span> <span class='ocrx_word' id='word_1_199' title='bbox 1742 1764 1940 1820; x_wconf 75' lang='lat' dir='ltr'>tabulis</span> <span class='ocrx_word' id='word_1_200' title='bbox 1967 1763 2152 1820; x_wconf 79' lang='lat' dir='ltr'>cordis</span> <span class='ocrx_word' id='word_1_201' title='bbox 2179 1762 2414 1836; x_wconf 72' lang='lat' dir='ltr'>carneis,</span> <span class='ocrx_word' id='word_1_202' title='bbox 2460 1765 2495 1819; x_wconf 87' lang='grc'><strong>2</strong></span> <span class='ocrx_word' id='word_1_203' title='bbox 2549 1762 2682 1821; x_wconf 88' lang='lat' dir='ltr'>Cor.</span> 
     </span>
     <span class='ocr_line' id='line_1_19' title="bbox 271 1839 2678 1918; baseline 0.001 -21"><span class='ocrx_word' id='word_1_204' title='bbox 271 1840 352 1898; x_wconf 91' lang='lat' dir='ltr'>iii.</span> <span class='ocrx_word' id='word_1_205' title='bbox 385 1845 439 1914; x_wconf 83' lang='lat'>3,</span> <span class='ocrx_word' id='word_1_206' title='bbox 471 1839 627 1918; x_wconf 90' lang='lat' dir='ltr'>quod</span> <span class='ocrx_word' id='word_1_207' title='bbox 668 1848 757 1898; x_wconf 88' lang='lat' dir='ltr'>est</span> <span class='ocrx_word' id='word_1_208' title='bbox 804 1840 1172 1918; x_wconf 82' lang='lat' dir='ltr'>privilegium</span> <span class='ocrx_word' id='word_1_209' title='bbox 1218 1842 1372 1899; x_wconf 81' lang='lat' dir='ltr'>Novi</span> <span class='ocrx_word' id='word_1_210' title='bbox 1411 1842 1690 1913; x_wconf 81' lang='lat' dir='ltr'>FoederiS‚</span> <span class='ocrx_word' id='word_1_211' title='bbox 1735 1842 1795 1898; x_wconf 92' lang='lat' dir='ltr'>in</span> <span class='ocrx_word' id='word_1_212' title='bbox 1845 1861 1959 1917; x_wconf 92' lang='lat' dir='ltr'>quo</span> <span class='ocrx_word' id='word_1_213' title='bbox 2005 1841 2165 1899; x_wconf 86' lang='lat' dir='ltr'>Deus</span> <span class='ocrx_word' id='word_1_214' title='bbox 2209 1840 2383 1899; x_wconf 89' lang='lat' dir='ltr'>debet</span> <span class='ocrx_word' id='word_1_215' title='bbox 2430 1840 2678 1899; x_wconf 90' lang='lat' dir='ltr'>scribere</span> 
     </span>
     <span class='ocr_line' id='line_1_20' title="bbox 274 1917 2373 1997; baseline 0 -20"><span class='ocrx_word' id='word_1_216' title='bbox 274 1919 490 1997; x_wconf 89' lang='lat' dir='ltr'>Legem</span> <span class='ocrx_word' id='word_1_217' title='bbox 539 1920 598 1977; x_wconf 92' lang='lat' dir='ltr'>in</span> <span class='ocrx_word' id='word_1_218' title='bbox 627 1919 914 1992; x_wconf 77' lang='lat' dir='ltr'>cordibuS,</span> <span class='ocrx_word' id='word_1_219' title='bbox 948 1929 1005 1979; x_wconf 89' lang='lat' dir='ltr'>et</span> <span class='ocrx_word' id='word_1_220' title='bbox 1052 1920 1252 1978; x_wconf 87' lang='lat' dir='ltr'>fideles</span> <span class='ocrx_word' id='word_1_221' title='bbox 1282 1930 1416 1979; x_wconf 85' lang='lat' dir='ltr'>sunt</span> <span class='ocrx_word' id='word_1_222' title='bbox 1459 1921 1635 1979; x_wconf 88' lang='lat' dir='ltr'>futuri</span> <span class='ocrx_word' id='word_1_223' title='bbox 1662 1917 1987 1995; x_wconf 53' lang='lat' dir='ltr'>suatavam,</span> <span class='ocrx_word' id='word_1_224' title='bbox 2021 1920 2134 1977; x_wconf 85' lang='lat' dir='ltr'>Isa.</span> <span class='ocrx_word' id='word_1_225' title='bbox 2165 1920 2245 1977; x_wconf 91' lang='lat' dir='ltr'>lv.</span> <span class='ocrx_word' id='word_1_226' title='bbox 2282 1923 2373 1978; x_wconf 87' lang='lat'><strong>13.</strong></span> 
     </span>
    </p>

    <p class='ocr_par' dir='ltr' id='par_1_3' title="bbox 265 1998 2685 3579">
     <span class='ocr_line' id='line_1_21' title="bbox 872 1998 2676 2076; baseline 0.002 -20"><span class='ocrx_word' id='word_1_227' title='bbox 872 1998 1062 2057; x_wconf 87' lang='lat' dir='ltr'><strong>XIII.</strong></span> <span class='ocrx_word' id='word_1_228' title='bbox 1108 2002 1162 2058; x_wconf 90' lang='lat'>3.</span> <span class='ocrx_word' id='word_1_229' title='bbox 1197 1999 1266 2057; x_wconf 96' lang='lat' dir='ltr'>In</span> <span class='ocrx_word' id='word_1_230' title='bbox 1299 2001 1472 2057; x_wconf 88' lang='lat' dir='ltr'>variis</span> <span class='ocrx_word' id='word_1_231' title='bbox 1497 2001 1948 2074; x_wconf 75' lang='lat' dir='ltr'>Characteribus,</span> <span class='ocrx_word' id='word_1_232' title='bbox 1973 1998 2073 2076; x_wconf 91' lang='lat' dir='ltr'>qui</span> <span class='ocrx_word' id='word_1_233' title='bbox 2102 1998 2523 2058; x_wconf 84' lang='lat' dir='ltr'>comitabantur</span> <span class='ocrx_word' id='word_1_234' title='bbox 2550 1999 2676 2076; x_wconf 87' lang='lat' dir='ltr'>ejus</span> 
     </span>
     <span class='ocr_line' id='line_1_22' title="bbox 786 2077 2675 2154; baseline 0.002 -20"><span class='ocrx_word' id='word_1_235' title='bbox 786 2077 1286 2153; x_wconf 74' lang='lat' dir='ltr'>praedicationem:</span> <span class='ocrx_word' id='word_1_236' title='bbox 1327 2083 1376 2136; x_wconf 97' lang='grc'><strong>1.</strong></span> <span class='ocrx_word' id='word_1_237' title='bbox 1398 2079 1546 2153; x_wconf 89' lang='lat' dir='ltr'>Quia</span> <span class='ocrx_word' id='word_1_238' title='bbox 1574 2080 1634 2136; x_wconf 91' lang='lat' dir='ltr'>in</span> <span class='ocrx_word' id='word_1_239' title='bbox 1656 2079 1916 2138; x_wconf 90' lang='lat' dir='ltr'>docendo</span> <span class='ocrx_word' id='word_1_240' title='bbox 1944 2079 2157 2154; x_wconf 89' lang='lat' dir='ltr'>ubique</span> <span class='ocrx_word' id='word_1_241' title='bbox 2176 2098 2457 2136; x_wconf 86' lang='lat' dir='ltr'>summam</span> <span class='ocrx_word' id='word_1_242' title='bbox 2480 2081 2675 2137; x_wconf 73' lang='lat' dir='ltr'>autho-</span> 
     </span>
     <span class='ocr_line' id='line_1_23' title="bbox 787 2157 2676 2235; baseline 0.002 -22"><span class='ocrx_word' id='word_1_243' title='bbox 787 2157 1009 2215; x_wconf 80' lang='lat' dir='ltr'>ritatem</span> <span class='ocrx_word' id='word_1_244' title='bbox 1038 2158 1326 2229; x_wconf 77' lang='lat' dir='ltr'>exerebat,</span> <span class='ocrx_word' id='word_1_245' title='bbox 1358 2179 1486 2234; x_wconf 85' lang='lat' dir='ltr'>quae</span> <span class='ocrx_word' id='word_1_246' title='bbox 1517 2179 1847 2235; x_wconf 85' lang='lat' dir='ltr'>supremum</span> <span class='ocrx_word' id='word_1_247' title='bbox 1876 2168 1933 2216; x_wconf 88' lang='lat' dir='ltr'>et</span> <span class='ocrx_word' id='word_1_248' title='bbox 1963 2157 2320 2215; x_wconf 85' lang='lat' dir='ltr'>infallibilem</span> <span class='ocrx_word' id='word_1_249' title='bbox 2367 2158 2676 2216; x_wconf 87' lang='lat' dir='ltr'>Doctorem</span> 
     </span>
     <span class='ocr_line' id='line_1_24' title="bbox 267 2233 2685 2311; baseline 0.001 -20"><span class='ocrx_word' id='word_1_250' title='bbox 267 2234 450 2307; x_wconf 89' lang='lat' dir='ltr'>decet,</span> <span class='ocrx_word' id='word_1_251' title='bbox 482 2242 541 2291; x_wconf 89' lang='lat' dir='ltr'>et</span> <span class='ocrx_word' id='word_1_252' title='bbox 568 2233 696 2291; x_wconf 81' lang='lat' dir='ltr'>aliis</span> <span class='ocrx_word' id='word_1_253' title='bbox 733 2235 1080 2296; x_wconf 88' lang='lat' dir='ltr'>Doctoribus</span> <span class='ocrx_word' id='word_1_254' title='bbox 1126 2237 1492 2295; x_wconf 88' lang='lat' dir='ltr'>inferioribus</span> <span class='ocrx_word' id='word_1_255' title='bbox 1520 2247 1641 2296; x_wconf 86' lang='lat' dir='ltr'>erat</span> <span class='ocrx_word' id='word_1_256' title='bbox 1679 2238 1965 2311; x_wconf 86' lang='lat' dir='ltr'>inusitata,</span> <span class='ocrx_word' id='word_1_257' title='bbox 1998 2236 2242 2295; x_wconf 88' lang='lat' dir='ltr'>docebat</span> <span class='ocrx_word' id='word_1_258' title='bbox 2269 2237 2419 2294; x_wconf 90' lang='lat' dir='ltr'>enim</span> <span class='ocrx_word' id='word_1_259' title='bbox 2466 2241 2685 2308; x_wconf 66' lang='grc' dir='ltr'>ιξουστὶιι</span> 
     </span>
     <span class='ocr_line' id='line_1_25' title="bbox 268 2311 2675 2389; baseline 0.001 -17"><span class='ocrx_word' id='word_1_260' title='bbox 268 2311 408 2388; x_wconf 68' lang='grc' dir='ltr'><strong>ἔχων,</strong></span> <span class='ocrx_word' id='word_1_261' title='bbox 480 2332 595 2370; x_wconf 89' lang='lat' dir='ltr'>non</span> <span class='ocrx_word' id='word_1_262' title='bbox 665 2314 813 2372; x_wconf 88' lang='lat' dir='ltr'>sicut</span> <span class='ocrx_word' id='word_1_263' title='bbox 885 2316 1101 2374; x_wconf 74' lang='lat' dir='ltr'>Scribas</span> <span class='ocrx_word' id='word_1_264' title='bbox 1170 2325 1228 2375; x_wconf 92' lang='lat' dir='ltr'>et</span> <span class='ocrx_word' id='word_1_265' title='bbox 1300 2317 1591 2388; x_wconf 85' lang='lat' dir='ltr'>Pharisaei,</span> <span class='ocrx_word' id='word_1_266' title='bbox 1668 2317 1877 2374; x_wconf 82' lang='lat' dir='ltr'>Matth.</span> <span class='ocrx_word' id='word_1_267' title='bbox 1936 2316 2033 2374; x_wconf 87' lang='lat' dir='ltr'><strong>vii.</strong></span> <span class='ocrx_word' id='word_1_268' title='bbox 2092 2319 2186 2389; x_wconf 88' lang='grc'><strong>28,</strong></span> <span class='ocrx_word' id='word_1_269' title='bbox 2246 2318 2341 2389; x_wconf 88' lang='grc'><strong>29,</strong></span> <span class='ocrx_word' id='word_1_270' title='bbox 2386 2324 2452 2374; x_wconf 87' lang='lat' dir='ltr'>ut</span> <span class='ocrx_word' id='word_1_271' title='bbox 2507 2338 2675 2374; x_wconf 89' lang='lat' dir='ltr'>nemo</span> 
     </span>
     <span class='ocr_line' id='line_1_26' title="bbox 269 2391 2672 2471; baseline 0.002 -21"><span class='ocrx_word' id='word_1_272' title='bbox 269 2400 468 2470; x_wconf 86' lang='lat' dir='ltr'>posset</span> <span class='ocrx_word' id='word_1_273' title='bbox 535 2391 620 2449; x_wconf 91' lang='lat' dir='ltr'>illi</span> <span class='ocrx_word' id='word_1_274' title='bbox 675 2394 961 2469; x_wconf 84' lang='lat' dir='ltr'>resistere,</span> <span class='ocrx_word' id='word_1_275' title='bbox 993 2405 1052 2453; x_wconf 90' lang='lat' dir='ltr'>et</span> <span class='ocrx_word' id='word_1_276' title='bbox 1094 2395 1258 2453; x_wconf 88' lang='lat' dir='ltr'>fateri</span> <span class='ocrx_word' id='word_1_277' title='bbox 1315 2405 1659 2471; x_wconf 89' lang='lat' dir='ltr'>cogerentur</span> <span class='ocrx_word' id='word_1_278' title='bbox 1726 2396 2010 2454; x_wconf 90' lang='lat' dir='ltr'>neminem</span> <span class='ocrx_word' id='word_1_279' title='bbox 2069 2395 2149 2453; x_wconf 86' lang='lat' dir='ltr'>ita</span> <span class='ocrx_word' id='word_1_280' title='bbox 2196 2394 2453 2453; x_wconf 89' lang='lat' dir='ltr'>locutum</span> <span class='ocrx_word' id='word_1_281' title='bbox 2524 2417 2672 2471; x_wconf 85' lang='lat' dir='ltr'>esse,</span> 
     </span>
     <span class='ocr_line' id='line_1_27' title="bbox 272 2468 2673 2552; baseline 0.001 -22"><span class='ocrx_word' id='word_1_282' title='bbox 272 2472 413 2530; x_wconf 86' lang='lat' dir='ltr'>Joh.</span> <span class='ocrx_word' id='word_1_283' title='bbox 461 2471 560 2528; x_wconf 83' lang='lat' dir='ltr'>vii.</span> <span class='ocrx_word' id='word_1_284' title='bbox 610 2474 706 2529; x_wconf 84' lang='lat'><strong>46.</strong></span> <span class='ocrx_word' id='word_1_285' title='bbox 753 2477 808 2530; x_wconf 93' lang='grc'><strong>2.</strong></span> <span class='ocrx_word' id='word_1_286' title='bbox 841 2473 1264 2532; x_wconf 89' lang='lat' dir='ltr'>Admirabilem</span> <span class='ocrx_word' id='word_1_287' title='bbox 1304 2476 1655 2550; x_wconf 74' lang='lat' dir='ltr'>sapientiam,</span> <span class='ocrx_word' id='word_1_288' title='bbox 1688 2495 1803 2552; x_wconf 90' lang='lat' dir='ltr'>qua</span> <span class='ocrx_word' id='word_1_289' title='bbox 1848 2474 2167 2532; x_wconf 84' lang='lat' dir='ltr'>doctrinam</span> <span class='ocrx_word' id='word_1_290' title='bbox 2214 2468 2384 2532; x_wconf 67' lang='lat' dir='ltr'>suani</span> <span class='ocrx_word' id='word_1_291' title='bbox 2420 2475 2503 2532; x_wconf 84' lang='lat' dir='ltr'>ita</span> <span class='ocrx_word' id='word_1_292' title='bbox 2533 2484 2673 2533; x_wconf 88' lang='lat' dir='ltr'>tem-</span> 
     </span>
     <span class='ocr_line' id='line_1_28' title="bbox 269 2550 2673 2631; baseline 0.002 -23"><span class='ocrx_word' id='word_1_293' title='bbox 269 2550 525 2628; x_wconf 82' lang='lat' dir='ltr'>perabat,</span> <span class='ocrx_word' id='word_1_294' title='bbox 582 2559 647 2610; x_wconf 89' lang='lat' dir='ltr'>ut</span> <span class='ocrx_word' id='word_1_295' title='bbox 701 2571 737 2610; x_wconf 89' lang='lat' dir='ltr'>a</span> <span class='ocrx_word' id='word_1_296' title='bbox 805 2554 1032 2613; x_wconf 86' lang='lat' dir='ltr'>cavillis</span> <span class='ocrx_word' id='word_1_297' title='bbox 1107 2553 1565 2614; x_wconf 84' lang='lat' dir='ltr'>adversariorum</span> <span class='ocrx_word' id='word_1_298' title='bbox 1623 2575 1747 2614; x_wconf 86' lang='lat' dir='ltr'>eam</span> <span class='ocrx_word' id='word_1_299' title='bbox 1826 2553 2164 2630; x_wconf 85' lang='lat' dir='ltr'>vindicaret,</span> <span class='ocrx_word' id='word_1_300' title='bbox 2224 2562 2281 2612; x_wconf 91' lang='lat' dir='ltr'>et</span> <span class='ocrx_word' id='word_1_301' title='bbox 2351 2574 2502 2631; x_wconf 83' lang='lat' dir='ltr'>saepe</span> <span class='ocrx_word' id='word_1_302' title='bbox 2575 2575 2673 2614; x_wconf 89' lang='lat' dir='ltr'>eos</span> 
     </span>
     <span class='ocr_line' id='line_1_29' title="bbox 267 2630 2677 2711; baseline 0.003 -25"><span class='ocrx_word' id='word_1_303' title='bbox 267 2630 499 2708; x_wconf 88' lang='lat' dir='ltr'>proprio</span> <span class='ocrx_word' id='word_1_304' title='bbox 518 2630 713 2707; x_wconf 87' lang='lat' dir='ltr'>gladio</span> <span class='ocrx_word' id='word_1_305' title='bbox 724 2633 1040 2710; x_wconf 88' lang='lat' dir='ltr'>jugularet,</span> <span class='ocrx_word' id='word_1_306' title='bbox 1065 2635 1273 2694; x_wconf 88' lang='lat' dir='ltr'>Mattb.</span> <span class='ocrx_word' id='word_1_307' title='bbox 1298 2636 1441 2709; x_wconf 64' lang='lat' dir='ltr'>xxi„</span> <span class='ocrx_word' id='word_1_308' title='bbox 1467 2636 1558 2694; x_wconf 91' lang='lat' dir='ltr'>cui</span> <span class='ocrx_word' id='word_1_309' title='bbox 1582 2635 1732 2693; x_wconf 86' lang='lat' dir='ltr'>adde</span> <span class='ocrx_word' id='word_1_310' title='bbox 1754 2635 2010 2692; x_wconf 88' lang='lat' dir='ltr'>divinam</span> <span class='ocrx_word' id='word_1_311' title='bbox 2037 2634 2192 2691; x_wconf 88' lang='lat' dir='ltr'>illam</span> <span class='ocrx_word' id='word_1_312' title='bbox 2223 2634 2539 2708; x_wconf 88' lang='lat' dir='ltr'>scientiam,</span> <span class='ocrx_word' id='word_1_313' title='bbox 2561 2655 2677 2711; x_wconf 87' lang='lat' dir='ltr'>qua</span> 
     </span>
     <span class='ocr_line' id='line_1_30' title="bbox 269 2707 2675 2791; baseline 0.002 -24"><span class='ocrx_word' id='word_1_314' title='bbox 269 2730 329 2768; x_wconf 88' lang='lat' dir='ltr'>se</span> <span class='ocrx_word' id='word_1_315' title='bbox 347 2707 731 2791; x_wconf 62' lang='grc' dir='ltr'>ιιςδιογνόστηι</span> <span class='ocrx_word' id='word_1_316' title='bbox 758 2721 817 2770; x_wconf 89' lang='lat' dir='ltr'>et</span> <span class='ocrx_word' id='word_1_317' title='bbox 846 2714 1162 2773; x_wconf 89' lang='lat' dir='ltr'>futurorum</span> <span class='ocrx_word' id='word_1_318' title='bbox 1186 2715 1486 2791; x_wconf 85' lang='lat' dir='ltr'>praescium</span> <span class='ocrx_word' id='word_1_319' title='bbox 1516 2716 1838 2773; x_wconf 86' lang='lat' dir='ltr'>testabatur</span> <span class='ocrx_word' id='word_1_320' title='bbox 1861 2737 1874 2789; x_wconf 91' lang='lat'>;</span> <span class='ocrx_word' id='word_1_321' title='bbox 1907 2717 1962 2773; x_wconf 90' lang='lat'>3.</span> <span class='ocrx_word' id='word_1_322' title='bbox 1985 2715 2336 2772; x_wconf 86' lang='lat' dir='ltr'>Generosam</span> <span class='ocrx_word' id='word_1_323' title='bbox 2368 2715 2675 2772; x_wconf 74' lang='lat' dir='ltr'>libertatem</span> 
     </span>
     <span class='ocr_line' id='line_1_31' title="bbox 268 2790 2672 2871; baseline 0.002 -24"><span class='ocrx_word' id='word_1_324' title='bbox 268 2790 411 2848; x_wconf 88' lang='lat' dir='ltr'>citra</span> <span class='ocrx_word' id='word_1_325' title='bbox 433 2790 854 2871; x_wconf 64' lang='grc' dir='ltr'>πςκυποληψίαν</span> <span class='ocrx_word' id='word_1_326' title='bbox 883 2795 1180 2853; x_wconf 85' lang='lat' dir='ltr'>veritatem</span> <span class='ocrx_word' id='word_1_327' title='bbox 1213 2795 1323 2852; x_wconf 90' lang='lat' dir='ltr'>Dei</span> <span class='ocrx_word' id='word_1_328' title='bbox 1347 2794 1625 2868; x_wconf 79' lang='lat' dir='ltr'>docendO,</span> <span class='ocrx_word' id='word_1_329' title='bbox 1659 2803 1716 2852; x_wconf 87' lang='lat' dir='ltr'>et</span> <span class='ocrx_word' id='word_1_330' title='bbox 1743 2813 2209 2870; x_wconf 88' lang='lat' dir='ltr'>unumquemque</span> <span class='ocrx_word' id='word_1_331' title='bbox 2239 2793 2409 2851; x_wconf 89' lang='lat' dir='ltr'>officii</span> <span class='ocrx_word' id='word_1_332' title='bbox 2440 2794 2528 2850; x_wconf 84' lang='lat' dir='ltr'>sui</span> <span class='ocrx_word' id='word_1_333' title='bbox 2553 2814 2672 2852; x_wconf 90' lang='lat' dir='ltr'>mo-</span> 
     </span>
     <span class='ocr_line' id='line_1_32' title="bbox 267 2869 2671 2950; baseline 0.002 -24"><span class='ocrx_word' id='word_1_334' title='bbox 267 2869 496 2945; x_wconf 89' lang='lat' dir='ltr'>nendo;</span> <span class='ocrx_word' id='word_1_335' title='bbox 541 2874 597 2927; x_wconf 87' lang='lat'><strong>4.</strong></span> <span class='ocrx_word' id='word_1_336' title='bbox 627 2873 985 2930; x_wconf 77' lang='lat' dir='ltr'>Facunde‘am</span> <span class='ocrx_word' id='word_1_337' title='bbox 1027 2874 1315 2948; x_wconf 84' lang='lat' dir='ltr'>eximiam,</span> <span class='ocrx_word' id='word_1_338' title='bbox 1346 2894 1448 2950; x_wconf 91' lang='lat' dir='ltr'>per</span> <span class='ocrx_word' id='word_1_339' title='bbox 1488 2894 1662 2950; x_wconf 88' lang='lat' dir='ltr'>quam</span> <span class='ocrx_word' id='word_1_340' title='bbox 1705 2895 1779 2932; x_wconf 86' lang='lat' dir='ltr'>ex</span> <span class='ocrx_word' id='word_1_341' title='bbox 1808 2875 1935 2949; x_wconf 88' lang='lat' dir='ltr'>ejus</span> <span class='ocrx_word' id='word_1_342' title='bbox 1974 2892 2070 2931; x_wconf 91' lang='lat' dir='ltr'>ore</span> <span class='ocrx_word' id='word_1_343' title='bbox 2116 2873 2371 2930; x_wconf 87' lang='lat' dir='ltr'>fluebant</span> <span class='ocrx_word' id='word_1_344' title='bbox 2400 2873 2541 2944; x_wconf 69' lang='grc' dir='ltr'>λόγοι</span> <span class='ocrx_word' id='word_1_345' title='bbox 2588 2880 2671 2939; x_wconf 65' lang='grc' dir='ltr'>τῆς</span> 
     </span>
     <span class='ocr_line' id='line_1_33' title="bbox 268 2948 2675 3028; baseline 0.003 -24"><span class='ocrx_word' id='word_1_346' title='bbox 268 2948 493 3028; x_wconf 53' lang='grc' dir='ltr'>χάριτος,</span> <span class='ocrx_word' id='word_1_347' title='bbox 527 2949 669 3009; x_wconf 87' lang='lat' dir='ltr'>Luc.</span> <span class='ocrx_word' id='word_1_348' title='bbox 698 2951 778 3009; x_wconf 79' lang='lat' dir='ltr'>iv.</span> <span class='ocrx_word' id='word_1_349' title='bbox 822 2955 919 3024; x_wconf 88' lang='grc'>22,</span> <span class='ocrx_word' id='word_1_350' title='bbox 951 2962 1009 3009; x_wconf 89' lang='lat' dir='ltr'>et</span> <span class='ocrx_word' id='word_1_351' title='bbox 1050 2952 1194 3009; x_wconf 90' lang='lat' dir='ltr'>alios</span> <span class='ocrx_word' id='word_1_352' title='bbox 1242 2973 1440 3010; x_wconf 84' lang='lat' dir='ltr'>omnes</span> <span class='ocrx_word' id='word_1_353' title='bbox 1488 2953 1818 3028; x_wconf 87' lang='lat' dir='ltr'>eloquentia</span> <span class='ocrx_word' id='word_1_354' title='bbox 1872 2951 2267 3026; x_wconf 86' lang='lat' dir='ltr'>antecellebat,</span> <span class='ocrx_word' id='word_1_355' title='bbox 2300 2960 2364 3010; x_wconf 88' lang='lat' dir='ltr'>ut</span> <span class='ocrx_word' id='word_1_356' title='bbox 2400 2954 2675 3028; x_wconf 81' lang='lat' dir='ltr'>majestas</span> 
     </span>
     <span class='ocr_line' id='line_1_34' title="bbox 269 3027 2676 3106; baseline 0.002 -21"><span class='ocrx_word' id='word_1_357' title='bbox 269 3047 400 3085; x_wconf 88' lang='lat' dir='ltr'>cum</span> <span class='ocrx_word' id='word_1_358' title='bbox 431 3027 813 3103; x_wconf 87' lang='lat' dir='ltr'>simplicitate,</span> <span class='ocrx_word' id='word_1_359' title='bbox 854 3038 912 3086; x_wconf 90' lang='lat' dir='ltr'>et</span> <span class='ocrx_word' id='word_1_360' title='bbox 940 3030 1441 3106; x_wconf 87' lang='lat' dir='ltr'>grandiloquentia</span> <span class='ocrx_word' id='word_1_361' title='bbox 1470 3050 1600 3088; x_wconf 87' lang='lat' dir='ltr'>cum</span> <span class='ocrx_word' id='word_1_362' title='bbox 1631 3032 1915 3088; x_wconf 85' lang='lat' dir='ltr'>suavitate</span> <span class='ocrx_word' id='word_1_363' title='bbox 1944 3038 2262 3104; x_wconf 80' lang='lat' dir='ltr'>certarent3</span> <span class='ocrx_word' id='word_1_364' title='bbox 2309 3033 2369 3087; x_wconf 86' lang='lat'><strong>5.</strong></span> <span class='ocrx_word' id='word_1_365' title='bbox 2398 3032 2676 3091; x_wconf 67' lang='lat' dir='ltr'>Ivi-victam</span> 
     </span>
     <span class='ocr_line' id='line_1_35' title="bbox 268 3106 2672 3185; baseline 0.002 -21"><span class='ocrx_word' id='word_1_366' title='bbox 268 3106 653 3178; x_wconf 70' lang='lat' dir='ltr'>constantiam,</span> <span class='ocrx_word' id='word_1_367' title='bbox 685 3106 831 3165; x_wconf 90' lang='lat' dir='ltr'>nihil</span> <span class='ocrx_word' id='word_1_368' title='bbox 857 3108 1133 3165; x_wconf 89' lang='lat' dir='ltr'>morando</span> <span class='ocrx_word' id='word_1_369' title='bbox 1163 3108 1647 3165; x_wconf 86' lang='lat' dir='ltr'>Adversariorum</span> <span class='ocrx_word' id='word_1_370' title='bbox 1676 3108 2077 3165; x_wconf 85' lang='lat' dir='ltr'>authoritatem</span> <span class='ocrx_word' id='word_1_371' title='bbox 2102 3116 2160 3165; x_wconf 88' lang='lat' dir='ltr'>et</span> <span class='ocrx_word' id='word_1_372' title='bbox 2186 3108 2499 3181; x_wconf 88' lang='lat' dir='ltr'>molimina,</span> <span class='ocrx_word' id='word_1_373' title='bbox 2532 3131 2672 3185; x_wconf 89' lang='lat' dir='ltr'>quo-</span> 
     </span>
     <span class='ocr_line' id='line_1_36' title="bbox 265 3182 2676 3263; baseline 0.001 -19"><span class='ocrx_word' id='word_1_374' title='bbox 265 3205 395 3244; x_wconf 86' lang='lat' dir='ltr'>rum</span> <span class='ocrx_word' id='word_1_375' title='bbox 418 3182 638 3261; x_wconf 88' lang='lat' dir='ltr'>flagitia</span> <span class='ocrx_word' id='word_1_376' title='bbox 649 3204 718 3241; x_wconf 89' lang='lat' dir='ltr'>eo</span> <span class='ocrx_word' id='word_1_377' title='bbox 739 3186 927 3243; x_wconf 89' lang='lat' dir='ltr'>acrius</span> <span class='ocrx_word' id='word_1_378' title='bbox 946 3185 1291 3262; x_wconf 89' lang='lat' dir='ltr'>increpabat,</span> <span class='ocrx_word' id='word_1_379' title='bbox 1316 3206 1430 3262; x_wconf 90' lang='lat' dir='ltr'>quo</span> <span class='ocrx_word' id='word_1_380' title='bbox 1448 3186 1634 3262; x_wconf 88' lang='lat' dir='ltr'>magis</span> <span class='ocrx_word' id='word_1_381' title='bbox 1657 3186 2046 3243; x_wconf 64' lang='lat' dir='ltr'>sanctimoniae</span> <span class='ocrx_word' id='word_1_382' title='bbox 2067 3186 2286 3242; x_wconf 83' lang='lat' dir='ltr'>larvam</span> <span class='ocrx_word' id='word_1_383' title='bbox 2318 3187 2676 3263; x_wconf 85' lang='lat' dir='ltr'>simplicibus</span> 
     </span>
     <span class='ocr_line' id='line_1_37' title="bbox 268 3264 2675 3341; baseline 0.002 -19"><span class='ocrx_word' id='word_1_384' title='bbox 268 3265 564 3341; x_wconf 88' lang='lat' dir='ltr'>imponere</span> <span class='ocrx_word' id='word_1_385' title='bbox 594 3264 966 3339; x_wconf 85' lang='lat' dir='ltr'>conabantur,</span> <span class='ocrx_word' id='word_1_386' title='bbox 1000 3264 1209 3323; x_wconf 82' lang='lat' dir='ltr'>Matth.</span> <span class='ocrx_word' id='word_1_387' title='bbox 1241 3264 1406 3322; x_wconf 86' lang='lat' dir='ltr'>xxiii.</span> <span class='ocrx_word' id='word_1_388' title='bbox 1432 3268 1496 3339; x_wconf 80' lang='lat'>53</span> <span class='ocrx_word' id='word_1_389' title='bbox 1531 3269 1585 3323; x_wconf 89' lang='lat'>6.</span> <span class='ocrx_word' id='word_1_390' title='bbox 1612 3264 2098 3322; x_wconf 72' lang='lat' dir='ltr'>Fer-ventissimam</span> <span class='ocrx_word' id='word_1_391' title='bbox 2126 3267 2318 3337; x_wconf 80' lang='lat' dir='ltr'>zelum,</span> <span class='ocrx_word' id='word_1_392' title='bbox 2351 3285 2465 3340; x_wconf 91' lang='lat' dir='ltr'>quo</span> <span class='ocrx_word' id='word_1_393' title='bbox 2485 3276 2675 3326; x_wconf 88' lang='lat' dir='ltr'>motus</span> 
     </span>
     <span class='ocr_line' id='line_1_38' title="bbox 268 3341 2674 3421; baseline 0.001 -20"><span class='ocrx_word' id='word_1_394' title='bbox 268 3364 386 3402; x_wconf 89' lang='lat' dir='ltr'>non</span> <span class='ocrx_word' id='word_1_395' title='bbox 427 3343 636 3421; x_wconf 73' lang='lat' dir='ltr'>quaerit</span> <span class='ocrx_word' id='word_1_396' title='bbox 682 3363 958 3419; x_wconf 74' lang='lat' dir='ltr'>recessuS,</span> <span class='ocrx_word' id='word_1_397' title='bbox 991 3344 1095 3403; x_wconf 89' lang='lat' dir='ltr'>sed</span> <span class='ocrx_word' id='word_1_398' title='bbox 1132 3352 1324 3420; x_wconf 87' lang='lat' dir='ltr'>aperte</span> <span class='ocrx_word' id='word_1_399' title='bbox 1375 3344 1645 3420; x_wconf 88' lang='lat' dir='ltr'>loquitur,</span> <span class='ocrx_word' id='word_1_400' title='bbox 1695 3352 1752 3402; x_wconf 91' lang='lat' dir='ltr'>et</span> <span class='ocrx_word' id='word_1_401' title='bbox 1801 3341 2064 3420; x_wconf 86' lang='lat' dir='ltr'>capiendi</span> <span class='ocrx_word' id='word_1_402' title='bbox 2110 3342 2224 3400; x_wconf 87' lang='lat' dir='ltr'>cibi</span> <span class='ocrx_word' id='word_1_403' title='bbox 2266 3362 2343 3401; x_wconf 82' lang='lat' dir='ltr'>sae</span> <span class='ocrx_word' id='word_1_404' title='bbox 2386 3365 2417 3401; x_wconf 91' lang='lat' dir='ltr'>e</span> <span class='ocrx_word' id='word_1_405' title='bbox 2445 3352 2674 3421; x_wconf 89' lang='lat' dir='ltr'>tempus</span> 
     </span>
     <span class='ocr_line' id='line_1_39' title="bbox 268 3421 2671 3501; baseline 0 -19"><span class='ocrx_word' id='word_1_406' title='bbox 268 3422 760 3501; x_wconf 80' lang='lat' dir='ltr'>proetermittebat,</span> <span class='ocrx_word' id='word_1_407' title='bbox 800 3425 982 3482; x_wconf 88' lang='lat' dir='ltr'>Marc.</span> <span class='ocrx_word' id='word_1_408' title='bbox 1004 3423 1086 3482; x_wconf 92' lang='lat' dir='ltr'>iii.</span> <span class='ocrx_word' id='word_1_409' title='bbox 1133 3427 1227 3499; x_wconf 89' lang='grc'>20,</span> <span class='ocrx_word' id='word_1_410' title='bbox 1260 3433 1318 3482; x_wconf 88' lang='lat' dir='ltr'>et</span> <span class='ocrx_word' id='word_1_411' title='bbox 1345 3424 1484 3483; x_wconf 83' lang='lat' dir='ltr'>Joh.</span> <span class='ocrx_word' id='word_1_412' title='bbox 1513 3424 1591 3481; x_wconf 88' lang='lat' dir='ltr'>iv.</span> <span class='ocrx_word' id='word_1_413' title='bbox 1619 3427 1714 3497; x_wconf 81' lang='lat'>32,</span> <span class='ocrx_word' id='word_1_414' title='bbox 1747 3424 1913 3500; x_wconf 88' lang='lat' dir='ltr'>cujus</span> <span class='ocrx_word' id='word_1_415' title='bbox 1958 3422 2287 3499; x_wconf 82' lang='lat' dir='ltr'>exemplum</span> <span class='ocrx_word' id='word_1_416' title='bbox 2376 3421 2495 3482; x_wconf 90' lang='lat' dir='ltr'>edit</span> <span class='ocrx_word' id='word_1_417' title='bbox 2530 3424 2573 3483; x_wconf 86' lang='lat' dir='ltr'><strong>J</strong></span> <span class='ocrx_word' id='word_1_418' title='bbox 2577 3426 2671 3483; x_wconf 90' lang='lat' dir='ltr'>oh.</span> 
     </span>
     <span class='ocr_line' id='line_1_40' title="bbox 268 3504 600 3579; baseline 0.006 -18"><span class='ocrx_word' id='word_1_419' title='bbox 268 3504 329 3562; x_wconf 92' lang='lat' dir='ltr'>ii.</span> <span class='ocrx_word' id='word_1_420' title='bbox 364 3505 457 3579; x_wconf 89' lang='lat'>15,</span> <span class='ocrx_word' id='word_1_421' title='bbox 507 3505 600 3563; x_wconf 87' lang='grc'>16.</span> 
     </span>
    </p>
   </div>
   <div class='ocr_carea' id='block_1_3' title="bbox 280 2058 716 2169">
    <p class='ocr_par' dir='ltr' id='par_1_4' title="bbox 280 2058 716 2169">
     <span class='ocr_line' id='line_1_41' title="bbox 280 2058 716 2104; baseline 0.005 -2"><span class='ocrx_word' id='word_1_422' title='bbox 280 2058 326 2102; x_wconf 82' lang='lat'><strong>3.</strong></span> <span class='ocrx_word' id='word_1_423' title='bbox 360 2059 416 2103; x_wconf 91' lang='lat' dir='ltr'>In</span> <span class='ocrx_word' id='word_1_424' title='bbox 441 2060 588 2103; x_wconf 73' lang='lat' dir='ltr'>variis</span> <span class='ocrx_word' id='word_1_425' title='bbox 607 2059 716 2104; x_wconf 73' lang='lat' dir='ltr'>cha·</span> 
     </span>
     <span class='ocr_line' id='line_1_42' title="bbox 349 2118 652 2169; baseline 0 -9"><span class='ocrx_word' id='word_1_426' title='bbox 349 2118 652 2169; x_wconf 70' lang='lat' dir='ltr'>tactui-Ibus:</span> 
     </span>
    </p>
   </div>
   <div class='ocr_carea' id='block_1_4' title="bbox 259 3580 2677 4751">
    <p class='ocr_par' dir='ltr' id='par_1_5' title="bbox 259 3580 2677 4751">
     <span class='ocr_line' id='line_1_43' title="bbox 873 3580 2670 3659; baseline 0 -18"><span class='ocrx_word' id='word_1_427' title='bbox 873 3583 1052 3642; x_wconf 90' lang='lat' dir='ltr'>XIV.</span> <span class='ocrx_word' id='word_1_428' title='bbox 1098 3586 1154 3640; x_wconf 84' lang='lat'><strong>4.</strong></span> <span class='ocrx_word' id='word_1_429' title='bbox 1187 3583 1257 3640; x_wconf 90' lang='lat' dir='ltr'>In</span> <span class='ocrx_word' id='word_1_430' title='bbox 1286 3584 1562 3655; x_wconf 79' lang='lat' dir='ltr'>Efficacia</span> <span class='ocrx_word' id='word_1_431' title='bbox 1590 3584 1860 3641; x_wconf 72' lang='lat' dir='ltr'>doctrinm</span> <span class='ocrx_word' id='word_1_432' title='bbox 1894 3581 2066 3658; x_wconf 88' lang='lat' dir='ltr'>plane</span> <span class='ocrx_word' id='word_1_433' title='bbox 2093 3580 2309 3657; x_wconf 84' lang='lat' dir='ltr'>divina,</span> <span class='ocrx_word' id='word_1_434' title='bbox 2334 3601 2449 3659; x_wconf 89' lang='lat' dir='ltr'>qua</span> <span class='ocrx_word' id='word_1_435' title='bbox 2478 3582 2670 3642; x_wconf 87' lang='lat' dir='ltr'>Chris-</span> 
     </span>
     <span class='ocr_line' id='line_1_44' title="bbox 313 3647 2677 3752; baseline -0.001 -28"><span class='ocrx_word' id='word_1_436' title='bbox 313 3649 356 3693; x_wconf 86' lang='lat'>⁴·</span> <span class='ocrx_word' id='word_1_437' title='bbox 375 3647 703 3752; x_wconf 51' lang='grc' dir='ltr'>ἆξοιξὲξῗὶ*</span> <span class='ocrx_word' id='word_1_438' title='bbox 790 3671 885 3723; x_wconf 87' lang='lat' dir='ltr'>tus</span> <span class='ocrx_word' id='word_1_439' title='bbox 930 3662 1185 3722; x_wconf 84' lang='lat' dir='ltr'>exterius</span> <span class='ocrx_word' id='word_1_440' title='bbox 1226 3663 1457 3739; x_wconf 90' lang='lat' dir='ltr'>quidem</span> <span class='ocrx_word' id='word_1_441' title='bbox 1501 3663 1746 3721; x_wconf 87' lang='lat' dir='ltr'>docebat</span> <span class='ocrx_word' id='word_1_442' title='bbox 1799 3661 2054 3719; x_wconf 86' lang='lat' dir='ltr'>maxima</span> <span class='ocrx_word' id='word_1_443' title='bbox 2106 3681 2237 3719; x_wconf 90' lang='lat' dir='ltr'>cum</span> <span class='ocrx_word' id='word_1_444' title='bbox 2280 3662 2565 3738; x_wconf 83' lang='lat' dir='ltr'>gravitate</span> <span class='ocrx_word' id='word_1_445' title='bbox 2615 3672 2677 3722; x_wconf 90' lang='lat' dir='ltr'>et</span> 
     </span>
     <span class='ocr_line' id='line_1_45' title="bbox 634 3739 2669 3820; baseline 0 -20"><span class='ocrx_word' id='word_1_446' title='bbox 634 3739 647 3759; x_wconf 90' lang='grc'><strong><em>’</em></strong></span> <span class='ocrx_word' id='word_1_447' title='bbox 786 3743 1107 3820; x_wconf 87' lang='lat' dir='ltr'>majestate,</span> <span class='ocrx_word' id='word_1_448' title='bbox 1163 3761 1268 3819; x_wconf 87' lang='lat' dir='ltr'>per</span> <span class='ocrx_word' id='word_1_449' title='bbox 1319 3762 1491 3818; x_wconf 89' lang='lat' dir='ltr'>quam</span> <span class='ocrx_word' id='word_1_450' title='bbox 1520 3743 1633 3819; x_wconf 86' lang='lat' dir='ltr'>ipsi</span> <span class='ocrx_word' id='word_1_451' title='bbox 1677 3741 1993 3800; x_wconf 88' lang='lat' dir='ltr'>Auditores</span> <span class='ocrx_word' id='word_1_452' title='bbox 2040 3741 2290 3798; x_wconf 85' lang='lat' dir='ltr'>maxime</span> <span class='ocrx_word' id='word_1_453' title='bbox 2346 3760 2669 3800; x_wconf 85' lang='lat' dir='ltr'>commove·</span> 
     </span>
     <span class='ocr_line' id='line_1_46' title="bbox 268 3819 2669 3900; baseline -0 -20"><span class='ocrx_word' id='word_1_454' title='bbox 268 3824 496 3896; x_wconf 88' lang='lat' dir='ltr'>bantur,</span> <span class='ocrx_word' id='word_1_455' title='bbox 542 3831 602 3880; x_wconf 88' lang='lat' dir='ltr'>et</span> <span class='ocrx_word' id='word_1_456' title='bbox 648 3823 777 3900; x_wconf 88' lang='lat' dir='ltr'>ejus</span> <span class='ocrx_word' id='word_1_457' title='bbox 802 3820 1135 3899; x_wconf 72' lang='lat' dir='ltr'>praedicatio</span> <span class='ocrx_word' id='word_1_458' title='bbox 1164 3821 1279 3878; x_wconf 82' lang='lat' dir='ltr'>alia</span> <span class='ocrx_word' id='word_1_459' title='bbox 1321 3822 1490 3898; x_wconf 89' lang='lat' dir='ltr'>plane</span> <span class='ocrx_word' id='word_1_460' title='bbox 1520 3829 1645 3878; x_wconf 90' lang='lat' dir='ltr'>erat</span> <span class='ocrx_word' id='word_1_461' title='bbox 1691 3821 1764 3878; x_wconf 90' lang='lat' dir='ltr'>ab</span> <span class='ocrx_word' id='word_1_462' title='bbox 1794 3820 1896 3878; x_wconf 89' lang='lat' dir='ltr'>illa</span> <span class='ocrx_word' id='word_1_463' title='bbox 1948 3819 2293 3893; x_wconf 89' lang='lat' dir='ltr'>Scribarum,</span> <span class='ocrx_word' id='word_1_464' title='bbox 2327 3820 2538 3877; x_wconf 87' lang='lat' dir='ltr'>Matth.</span> <span class='ocrx_word' id='word_1_465' title='bbox 2569 3821 2669 3879; x_wconf 87' lang='lat' dir='ltr'>vii.</span> 
     </span>
     <span class='ocr_line' id='line_1_47' title="bbox 267 3897 2673 3977; baseline -0.002 -18"><span class='ocrx_word' id='word_1_466' title='bbox 267 3904 366 3973; x_wconf 86' lang='grc'><strong>29,</strong></span> <span class='ocrx_word' id='word_1_467' title='bbox 411 3901 651 3959; x_wconf 89' lang='lat' dir='ltr'>interius</span> <span class='ocrx_word' id='word_1_468' title='bbox 692 3922 831 3959; x_wconf 73' lang='lat' dir='ltr'>vero</span> <span class='ocrx_word' id='word_1_469' title='bbox 873 3920 934 3959; x_wconf 86' lang='lat' dir='ltr'>se</span> <span class='ocrx_word' id='word_1_470' title='bbox 981 3908 1245 3977; x_wconf 87' lang='lat' dir='ltr'>potenter</span> <span class='ocrx_word' id='word_1_471' title='bbox 1272 3900 1601 3958; x_wconf 89' lang='lat' dir='ltr'>insinuabat</span> <span class='ocrx_word' id='word_1_472' title='bbox 1645 3900 1705 3957; x_wconf 91' lang='lat' dir='ltr'>in</span> <span class='ocrx_word' id='word_1_473' title='bbox 1748 3900 1989 3970; x_wconf 89' lang='lat' dir='ltr'>animos,</span> <span class='ocrx_word' id='word_1_474' title='bbox 2035 3917 2248 3973; x_wconf 87' lang='lat' dir='ltr'>eosque</span> <span class='ocrx_word' id='word_1_475' title='bbox 2297 3897 2457 3954; x_wconf 88' lang='lat' dir='ltr'>miris</span> <span class='ocrx_word' id='word_1_476' title='bbox 2485 3899 2673 3956; x_wconf 89' lang='lat' dir='ltr'>modis</span> 
     </span>
     <span class='ocr_line' id='line_1_48' title="bbox 267 3976 2671 4053; baseline -0.002 -14"><span class='ocrx_word' id='word_1_477' title='bbox 267 3978 568 4053; x_wconf 87' lang='lat' dir='ltr'>afficiebat,</span> <span class='ocrx_word' id='word_1_478' title='bbox 584 3980 728 4037; x_wconf 88' lang='lat' dir='ltr'>alios</span> <span class='ocrx_word' id='word_1_479' title='bbox 750 3978 1136 4038; x_wconf 86' lang='lat' dir='ltr'>convertendo</span> <span class='ocrx_word' id='word_1_480' title='bbox 1155 3978 1251 4037; x_wconf 85' lang='lat' dir='ltr'>vel</span> <span class='ocrx_word' id='word_1_481' title='bbox 1269 3978 1682 4051; x_wconf 83' lang='lat' dir='ltr'>convincendo,</span> <span class='ocrx_word' id='word_1_482' title='bbox 1698 3978 1757 4036; x_wconf 89' lang='lat' dir='ltr'>in</span> <span class='ocrx_word' id='word_1_483' title='bbox 1776 3996 1975 4035; x_wconf 87' lang='lat' dir='ltr'>omnes</span> <span class='ocrx_word' id='word_1_484' title='bbox 1997 3977 2115 4033; x_wconf 84' lang='lat' dir='ltr'>vim</span> <span class='ocrx_word' id='word_1_485' title='bbox 2133 3977 2383 4033; x_wconf 89' lang='lat' dir='ltr'>humana</span> <span class='ocrx_word' id='word_1_486' title='bbox 2396 3976 2671 4051; x_wconf 83' lang='lat' dir='ltr'>majorem</span> 
     </span>
     <span class='ocr_line' id='line_1_49' title="bbox 267 4055 2671 4133; baseline -0.002 -15"><span class='ocrx_word' id='word_1_487' title='bbox 267 4058 609 4133; x_wconf 82' lang='lat' dir='ltr'>exercendo,</span> <span class='ocrx_word' id='word_1_488' title='bbox 667 4059 807 4117; x_wconf 86' lang='lat' dir='ltr'>Joh.</span> <span class='ocrx_word' id='word_1_489' title='bbox 863 4058 962 4114; x_wconf 87' lang='lat' dir='ltr'>vii.</span> <span class='ocrx_word' id='word_1_490' title='bbox 1017 4060 1114 4130; x_wconf 82' lang='grc'>46,</span> <span class='ocrx_word' id='word_1_491' title='bbox 1162 4058 1303 4115; x_wconf 90' lang='lat' dir='ltr'>Luc.</span> <span class='ocrx_word' id='word_1_492' title='bbox 1360 4061 1457 4115; x_wconf 81' lang='lat'><strong>24.</strong></span> <span class='ocrx_word' id='word_1_493' title='bbox 1545 4057 1717 4116; x_wconf 90' lang='lat' dir='ltr'>Unde</span> <span class='ocrx_word' id='word_1_494' title='bbox 1746 4055 2039 4131; x_wconf 89' lang='lat' dir='ltr'>colligitur</span> <span class='ocrx_word' id='word_1_495' title='bbox 2066 4074 2298 4112; x_wconf 86' lang='lat' dir='ltr'>necesse</span> <span class='ocrx_word' id='word_1_496' title='bbox 2329 4073 2473 4127; x_wconf 88' lang='lat' dir='ltr'>esse,</span> <span class='ocrx_word' id='word_1_497' title='bbox 2505 4063 2569 4112; x_wconf 92' lang='lat' dir='ltr'>ut</span> <span class='ocrx_word' id='word_1_498' title='bbox 2610 4056 2671 4112; x_wconf 90' lang='lat' dir='ltr'>vi</span> 
     </span>
     <span class='ocr_line' id='line_1_50' title="bbox 264 4131 2668 4215; baseline -0.002 -17"><span class='ocrx_word' id='word_1_499' title='bbox 264 4139 465 4198; x_wconf 83' lang='lat' dir='ltr'>divina</span> <span class='ocrx_word' id='word_1_500' title='bbox 513 4137 589 4197; x_wconf 90' lang='lat' dir='ltr'>sit</span> <span class='ocrx_word' id='word_1_501' title='bbox 614 4137 892 4215; x_wconf 84' lang='lat' dir='ltr'>praeditus</span> <span class='ocrx_word' id='word_1_502' title='bbox 936 4136 1223 4213; x_wconf 87' lang='lat' dir='ltr'>Propheta</span> <span class='ocrx_word' id='word_1_503' title='bbox 1264 4146 1475 4210; x_wconf 87' lang='lat' dir='ltr'>noster,</span> <span class='ocrx_word' id='word_1_504' title='bbox 1527 4155 1657 4193; x_wconf 90' lang='lat' dir='ltr'>cum</span> <span class='ocrx_word' id='word_1_505' title='bbox 1699 4154 1816 4192; x_wconf 92' lang='lat' dir='ltr'>non</span> <span class='ocrx_word' id='word_1_506' title='bbox 1857 4132 2029 4191; x_wconf 89' lang='lat' dir='ltr'>modo</span> <span class='ocrx_word' id='word_1_507' title='bbox 2057 4152 2163 4190; x_wconf 90' lang='lat' dir='ltr'>nos</span> <span class='ocrx_word' id='word_1_508' title='bbox 2191 4133 2318 4191; x_wconf 86' lang='lat' dir='ltr'>luce</span> <span class='ocrx_word' id='word_1_509' title='bbox 2421 4131 2668 4208; x_wconf 85' lang='lat' dir='ltr'>rfundat,</span> 
     </span>
     <span class='ocr_line' id='line_1_51' title="bbox 267 4212 2667 4292; baseline -0.003 -15"><span class='ocrx_word' id='word_1_510' title='bbox 267 4218 371 4277; x_wconf 87' lang='lat' dir='ltr'>sed</span> <span class='ocrx_word' id='word_1_511' title='bbox 418 4226 478 4277; x_wconf 88' lang='lat' dir='ltr'>et</span> <span class='ocrx_word' id='word_1_512' title='bbox 518 4218 718 4276; x_wconf 86' lang='lat' dir='ltr'>oculos</span> <span class='ocrx_word' id='word_1_513' title='bbox 758 4215 1171 4290; x_wconf 86' lang='lat' dir='ltr'>subministret,</span> <span class='ocrx_word' id='word_1_514' title='bbox 1203 4215 1378 4273; x_wconf 82' lang='lat' dir='ltr'>corda</span> <span class='ocrx_word' id='word_1_515' title='bbox 1421 4215 1657 4292; x_wconf 87' lang='lat' dir='ltr'>aperiat,</span> <span class='ocrx_word' id='word_1_516' title='bbox 1694 4222 1753 4272; x_wconf 90' lang='lat' dir='ltr'>et</span> <span class='ocrx_word' id='word_1_517' title='bbox 1779 4221 2002 4270; x_wconf 88' lang='lat' dir='ltr'>mentes</span> <span class='ocrx_word' id='word_1_518' title='bbox 2031 4212 2252 4269; x_wconf 82' lang='lat' dir='ltr'>coelesti</span> <span class='ocrx_word' id='word_1_519' title='bbox 2279 4212 2340 4269; x_wconf 85' lang='lat' dir='ltr'>fu</span> <span class='ocrx_word' id='word_1_520' title='bbox 2365 4231 2504 4287; x_wconf 89' lang='lat' dir='ltr'>gore</span> <span class='ocrx_word' id='word_1_521' title='bbox 2533 4213 2667 4270; x_wconf 89' lang='lat' dir='ltr'>irra-</span> 
     </span>
     <span class='ocr_line' id='line_1_52' title="bbox 259 4297 808 4357; baseline -0.002 -1"><span class='ocrx_word' id='word_1_522' title='bbox 259 4298 354 4356; x_wconf 79' lang='lat' dir='ltr'>die</span> <span class='ocrx_word' id='word_1_523' title='bbox 421 4302 457 4354; x_wconf 86' lang='grc'><strong>2</strong></span> <span class='ocrx_word' id='word_1_524' title='bbox 490 4297 618 4357; x_wconf 90' lang='lat' dir='ltr'>Cor.</span> <span class='ocrx_word' id='word_1_525' title='bbox 647 4297 728 4356; x_wconf 88' lang='lat' dir='ltr'>iv.</span> <span class='ocrx_word' id='word_1_526' title='bbox 752 4298 808 4356; x_wconf 89' lang='grc'>6.</span> 
     </span>
     <span class='ocr_line' id='line_1_53' title="bbox 260 4306 2671 4461; baseline -0.003 -27"><span class='ocrx_word' id='word_1_527' title='bbox 260 4415 291 4460; x_wconf 78' lang='lat'><strong>5</strong></span> <span class='ocrx_word' id='word_1_528' title='bbox 324 4306 396 4459; x_wconf 46' lang='lat'>15:</span> <span class='ocrx_word' id='word_1_529' title='bbox 407 4415 682 4461; x_wconf 70' lang='lat' dir='ltr'>Anthentia</span> <span class='ocrx_word' id='word_1_530' title='bbox 693 4420 745 4460; x_wconf 53' lang='lat'>⁰,</span> <span class='ocrx_word' id='word_1_531' title='bbox 869 4373 1013 4432; x_wconf 81' lang='lat' dir='ltr'><strong>XV.</strong></span> <span class='ocrx_word' id='word_1_532' title='bbox 1058 4377 1112 4434; x_wconf 88' lang='lat'><strong>5.</strong></span> <span class='ocrx_word' id='word_1_533' title='bbox 1161 4374 1231 4431; x_wconf 89' lang='lat' dir='ltr'>In</span> <span class='ocrx_word' id='word_1_534' title='bbox 1272 4373 1573 4434; x_wconf 72' lang='lat' dir='ltr'>Anthentia</span> <span class='ocrx_word' id='word_1_535' title='bbox 1601 4378 1659 4430; x_wconf 89' lang='lat' dir='ltr'>et</span> <span class='ocrx_word' id='word_1_536' title='bbox 1691 4369 2031 4446; x_wconf 79' lang='lat' dir='ltr'>perfectione</span> <span class='ocrx_word' id='word_1_537' title='bbox 2059 4369 2342 4444; x_wconf 67' lang='lat' dir='ltr'>doctrinae,</span> <span class='ocrx_word' id='word_1_538' title='bbox 2374 4388 2502 4444; x_wconf 84' lang='lat' dir='ltr'>quae</span> <span class='ocrx_word' id='word_1_539' title='bbox 2538 4369 2671 4426; x_wconf 84' lang='lat' dir='ltr'>talis</span> 
     </span>
     <span class='ocr_line' id='line_1_54' title="bbox 295 4445 2667 4530; baseline -0.004 -15"><span class='ocrx_word' id='word_1_540' title='bbox 295 4445 619 4528; x_wconf 64' lang='lat' dir='ltr'>‘perfectione</span> <span class='ocrx_word' id='word_1_541' title='bbox 639 4475 747 4519; x_wconf 81' lang='lat' dir='ltr'>doc-</span> <span class='ocrx_word' id='word_1_542' title='bbox 790 4453 913 4528; x_wconf 90' lang='lat' dir='ltr'>fuit,</span> <span class='ocrx_word' id='word_1_543' title='bbox 944 4462 1012 4511; x_wconf 85' lang='lat' dir='ltr'>nt</span> <span class='ocrx_word' id='word_1_544' title='bbox 1038 4462 1169 4530; x_wconf 88' lang='lat' dir='ltr'>post</span> <span class='ocrx_word' id='word_1_545' title='bbox 1211 4452 1621 4511; x_wconf 86' lang='lat' dir='ltr'>revelationem</span> <span class='ocrx_word' id='word_1_546' title='bbox 1645 4450 1936 4523; x_wconf 75' lang='lat' dir='ltr'>doetrinae,</span> <span class='ocrx_word' id='word_1_547' title='bbox 1969 4468 2140 4524; x_wconf 83' lang='lat' dir='ltr'>quam</span> <span class='ocrx_word' id='word_1_548' title='bbox 2166 4449 2427 4506; x_wconf 82' lang='lat' dir='ltr'>Christus</span> <span class='ocrx_word' id='word_1_549' title='bbox 2457 4449 2667 4522; x_wconf 81' lang='lat' dir='ltr'>attulit,</span> 
     </span>
     <span class='ocr_line' id='line_1_55' title="bbox 324 4526 2669 4609; baseline -0.002 -19"><span class='ocrx_word' id='word_1_550' title='bbox 324 4532 497 4582; x_wconf 61' lang='lat' dir='ltr'>“5¹¹³ss</span> <span class='ocrx_word' id='word_1_551' title='bbox 791 4534 953 4593; x_wconf 90' lang='lat' dir='ltr'>nulla</span> <span class='ocrx_word' id='word_1_552' title='bbox 980 4534 1094 4591; x_wconf 83' lang='lat' dir='ltr'>alia</span> <span class='ocrx_word' id='word_1_553' title='bbox 1141 4533 1202 4590; x_wconf 92' lang='lat' dir='ltr'>in</span> <span class='ocrx_word' id='word_1_554' title='bbox 1246 4540 1539 4609; x_wconf 87' lang='lat' dir='ltr'>posterum</span> <span class='ocrx_word' id='word_1_555' title='bbox 1567 4531 1645 4588; x_wconf 89' lang='lat' dir='ltr'>sit</span> <span class='ocrx_word' id='word_1_556' title='bbox 1671 4528 2044 4607; x_wconf 83' lang='lat' dir='ltr'>expectanda,</span> <span class='ocrx_word' id='word_1_557' title='bbox 2077 4537 2141 4586; x_wconf 90' lang='lat' dir='ltr'>ut</span> <span class='ocrx_word' id='word_1_558' title='bbox 2187 4526 2414 4603; x_wconf 84' lang='lat' dir='ltr'>Apost.,</span> <span class='ocrx_word' id='word_1_559' title='bbox 2454 4528 2600 4585; x_wconf 82' lang='lat' dir='ltr'>Heb.</span> <span class='ocrx_word' id='word_1_560' title='bbox 2633 4528 2669 4585; x_wconf 88' lang='lat' dir='ltr'>i.</span> 
     </span>
     <span class='ocr_line' id='line_1_56' title="bbox 263 4607 2671 4689; baseline -0.003 -16"><span class='ocrx_word' id='word_1_561' title='bbox 263 4623 323 4673; x_wconf 88' lang='lat' dir='ltr'>et</span> <span class='ocrx_word' id='word_1_562' title='bbox 370 4612 450 4687; x_wconf 91' lang='lat' dir='ltr'>ii.,</span> <span class='ocrx_word' id='word_1_563' title='bbox 501 4614 769 4674; x_wconf 84' lang='lat' dir='ltr'>ostendit.</span> <span class='ocrx_word' id='word_1_564' title='bbox 835 4612 912 4672; x_wconf 88' lang='lat' dir='ltr'>Et</span> <span class='ocrx_word' id='word_1_565' title='bbox 970 4613 1019 4672; x_wconf 89' lang='lat' dir='ltr'>si</span> <span class='ocrx_word' id='word_1_566' title='bbox 1077 4612 1326 4689; x_wconf 85' lang='lat' dir='ltr'>Spiritus</span> <span class='ocrx_word' id='word_1_567' title='bbox 1373 4618 1504 4689; x_wconf 88' lang='lat' dir='ltr'>post</span> <span class='ocrx_word' id='word_1_568' title='bbox 1548 4609 1839 4669; x_wconf 88' lang='lat' dir='ltr'>Christum</span> <span class='ocrx_word' id='word_1_569' title='bbox 1902 4608 2175 4667; x_wconf 87' lang='lat' dir='ltr'>docturus</span> <span class='ocrx_word' id='word_1_570' title='bbox 2223 4607 2434 4667; x_wconf 85' lang='lat' dir='ltr'>dicitur</span> <span class='ocrx_word' id='word_1_571' title='bbox 2473 4608 2671 4666; x_wconf 84' lang='lat' dir='ltr'>Eccle-</span> 
     </span>
     <span class='ocr_line' id='line_1_57' title="bbox 346 4706 2385 4751; baseline -0.004 0"><span class='ocrx_word' id='word_1_572' title='bbox 346 4710 495 4751; x_wconf 73' lang='lat' dir='ltr'>PAns</span> <span class='ocrx_word' id='word_1_573' title='bbox 523 4710 588 4750; x_wconf 86' lang='lat'>11.</span> <span class='ocrx_word' id='word_1_574' title='bbox 2354 4706 2385 4743; x_wconf 88' lang='lat' dir='ltr'>z</span> 
     </span>
    </p>
   </div>
  </div>
 </body>
</html>
