3221 5200
531 359 613 415 94
829 401 834 406 .
1432 375 1615 416 Locus
1644 374 2004 416 unnscnms.
2531 355 2782 437 [QuAEsr.
2814 379 2939 422 xvr.

612 515 724 572 VI.
767 514 983 590 TertiO,
1029 514 1178 589 Quia
1204 515 1310 574 filii
1350 535 1467 574 non
1496 523 1632 573 sunt
1661 515 1750 573 sui
1781 515 1966 592 juris3
2013 515 2174 591 Ergo
2200 534 2320 574 non
2360 525 2604 593 possunt
2631 518 2703 577 de
2732 519 2938 596 seipsis

529 594 731 652 invitis
779 594 1115 670 parentibus
1159 603 1446 654 statuere:
1491 595 1650 654 Hinc
1693 595 1864 653 Num.
1909 615 2054 652 xxx.
2098 598 2154 669 4,
2202 595 2330 654 Lex
2358 597 2487 655 vult
2514 597 2737 655 irritum
2772 599 2938 657 reddi

528 682 748 748 votum,
781 673 938 749 quod
967 674 1156 750 Virgo
1203 676 1266 732 in
1308 675 1480 733 domo
1511 674 1702 732 Patris
1732 674 1823 732 sui
1864 673 2002 733 dum
2045 674 2235 732 adhuc
2264 684 2421 734 esset
2461 675 2522 732 in
2550 677 2941 738 adolescentia

530 772 637 811 sua
665 761 924 827 voverat,
958 753 1009 811 si
1052 753 1226 812 Pater
1253 754 1718 812 contradixisset.
1803 753 1927 811 Nec
1967 753 2125 811 valet
2153 755 2421 831 exceptio
2463 756 2563 832 agi
2599 764 2825 815 tantum
2867 759 2939 818 de

528 831 758 908 puelliS,
811 852 941 908 quse
969 852 1153 891 annos
1196 833 1518 910 pubertatis
1545 852 1664 890 non
1706 832 2022 908 attigerint,
2069 832 2206 909 quia
2235 833 2362 891 Lex
2406 833 2518 892 hoc
2547 854 2663 892 non
2708 837 2935 913 limitat,

527 909 635 969 sed
660 911 918 987 loquitur
945 911 1006 968 in
1035 931 1244 988 genere
1273 913 1345 970 de
1375 913 1720 988 Virginibus
1756 931 1887 987 quae
1916 918 2051 970 sunt
2076 911 2139 968 in
2165 911 2337 971 domo
2368 912 2577 988 Patris,
2623 921 2683 972 et
2711 924 2938 976 constat

527 990 588 1047 in
618 990 662 1049 J
665 1011 766 1048 ure
795 990 972 1049 talem
998 991 1324 1051 libertatem
1352 1012 1469 1050 non
1491 992 1618 1049 dari
1646 991 1873 1068 puellis.

606 1070 754 1126 VII.
800 1069 1034 1144 QuartO,
1081 1071 1230 1145 Quia
1255 1072 1381 1130 haec
1411 1072 1712 1146 sententia,
1745 1067 2001 1129 tollendo
2028 1069 2340 1128 liberorum
2382 1070 2785 1147 obedientiam,
2829 1093 2931 1131 na·

526 1156 715 1206 turam
743 1149 928 1224 ipsam
969 1151 1194 1225 evertit,
1241 1160 1299 1210 et
1327 1170 1555 1209 omnem
1596 1151 1748 1208 inter
1783 1150 2047 1208 homines
2089 1149 2423 1208 societatem
2466 1149 2744 1210 destruit:
2790 1152 2934 1225 Quis

526 1227 679 1284 enim
708 1227 922 1286 liberos
950 1228 1102 1287 alere
1129 1238 1191 1288 ct
1217 1229 1443 1289 erudire
1473 1238 1717 1307 satagat,
1750 1230 1797 1286 si
1826 1238 2134 1305 postquam
2162 1230 2320 1286 omni
2348 1230 2607 1306 impensa
2633 1238 2692 1288 et
2719 1232 2931 1290 sollici·

526 1305 725 1364 tudine
754 1306 815 1364 id
853 1307 1086 1383 factum,
1131 1310 1306 1368 alieni
1333 1317 1483 1384 sunt,
1529 1328 1647 1367 non
1692 1308 1797 1383 sui,
1844 1316 1903 1365 et
1936 1309 2068 1384 jure
2098 1308 2349 1384 quodam
2378 1310 2473 1367 vel
2514 1308 2706 1386 potius
2735 1319 2929 1385 tyran·

525 1384 661 1461 uide
708 1386 1047 1445 Saracenica
1074 1388 1403 1446 avelluntur
1430 1408 1466 1446 a
1504 1387 1857 1464 parentibuS‚
1888 1407 1961 1444 ne
2001 1387 2207 1445 solatio
2235 1396 2295 1446 et
2334 1388 2627 1463 obsequiO,
2659 1390 2817 1464 quod
2857 1391 2931 1448 ab

524 1463 643 1522 illis
671 1466 1055 1542 expectabant
1093 1468 1345 1525 maxime
1374 1468 1434 1524 in
1476 1475 1724 1542 senecta,
1756 1466 1859 1524 ubi
1887 1466 2014 1524 haec
2042 1466 2229 1524 officia
2268 1467 2458 1543 magis
2482 1468 2627 1544 ipsis
2656 1477 2791 1526 sunt
2830 1489 2929 1527 ne·

525 1544 792 1619 cessaria,
824 1544 936 1602 frui
964 1545 1206 1620 possint.
1249 1595 1252 1598 Α

606 1623 789 1681 VIII.
836 1624 1067 1699 Quint0,
1115 1626 1314 1683 Canon
1363 1628 1454 1684 16.
1501 1624 1746 1684 Concilii
1792 1624 2154 1700 Gangrensis
2196 1624 2332 1682 huic
2380 1624 2665 1702 impietati
2724 1626 2930 1685 adver-

524 1709 702 1760 satur.
791 1704 827 1735 ‘⁴
856 1703 1257 1780 Quicunque,'’
1301 1705 1505 1781 inquit,
1552 1707 1590 1737 “
1618 1703 1722 1761 filii
1752 1723 1788 1761 a
1826 1704 2165 1780 parentibus
2203 1712 2491 1780 praetextu
2518 1705 2705 1762 divini
2740 1706 2931 1765 cultus

524 1781 860 1856 abscedunt,
880 1803 989 1841 nec
1010 1783 1264 1843 debitam
1283 1783 1668 1843 reverentiam
1689 1783 1807 1841 illis
1829 1782 2181 1859 dependunt,
2206 1783 2512 1841 anathema
2541 1784 2717 1842 sint.’'
2763 1785 2933 1859 Quod

524 1860 738 1920 frustra
767 1862 1040 1920 Bellarm.
1079 1864 1209 1921 vult
1234 1864 1506 1940 restringi
1534 1862 1610 1920 ad
1638 1882 1738 1921 eos
1766 1862 1867 1939 qui
1908 1871 2174 1938 parentes
2201 1862 2451 1938 indigoS,
2495 1871 2554 1922 et
2582 1863 2642 1919 in
2672 1872 2932 1922 extrema

525 1941 869 1999 necessitate
913 1943 1259 2001 constitutos
1288 1943 1577 2016 deserunt,
1622 1941 1809 2018 iisque
1851 1941 2053 2000 invitis
2080 1950 2220 2000 vota
2247 1943 2521 2000 emittunt
2559 1942 2632 2000 de
2659 1943 2934 2018 religioso

522 2019 718 2095 aliquo
747 2020 883 2078 vitae
911 2019 1144 2097 ordine3
1187 2022 1324 2098 quia
1351 2022 1616 2080 absolute
1644 2029 1703 2078 et
1744 2021 1871 2078 sine
1899 2020 2020 2078 ulla
2045 2021 2386 2079 limitatione
2425 2021 2682 2098 loquitur
2709 2023 2927 2098 Canon,

523 2117 630 2156 nec
657 2099 795 2157 licet
836 2100 1220 2159 obedientiam
1263 2101 1598 2178 parentibus
1636 2099 1888 2158 debitam
1932 2099 2008 2157 ad
2048 2108 2368 2158 extremam
2407 2101 2810 2160 necessitatem
2837 2122 2927 2160 re·

523 2178 825 2254 stringere.
1246 2208 1255 2218 ·

1175 2261 1295 2320 IX.
1340 2260 1692 2338 Exemplum
1730 2258 2053 2318 Abrahami
2080 2260 2308 2318 evocati
2335 2280 2372 2319 a
2414 2261 2541 2320 Deo
2570 2261 2643 2319 de
2669 2261 2843 2320 domo
2871 2271 2930 2320 et

1052 2341 1394 2417 cognatione
1423 2360 1543 2414 sua,
1589 2340 1741 2398 Gen.
1770 2339 1873 2396 xii.
1907 2342 1958 2413 1,
1988 2358 2107 2397 non
2144 2348 2336 2416 potest
2368 2340 2577 2418 juvare
2603 2341 2701 2399 vel
2728 2341 2927 2418 impie-

1048 2427 1228 2477 tatem
1256 2420 1566 2477 liberorum
1597 2419 1808 2476 Patria».
1848 2419 2121 2494 potestati
2160 2438 2286 2477 sese
2330 2420 2789 2495 subducentium,
2834 2421 2930 2478 vel

523 2497 781 2574 plagium
827 2498 1218 2573 Jesu’itarum,
1259 2499 1359 2574 qui
1389 2498 1622 2574 impune
1650 2498 1723 2555 ab
1768 2517 1966 2556 eorum
2011 2497 2144 2555 sinu
2184 2517 2284 2556 eos
2328 2499 2606 2557 avellunt.
2693 2499 2842 2572 Quia
2871 2503 2925 2558 1.

524 2577 895 2635 Abrahamus
917 2578 1043 2654 jam
1085 2586 1208 2636 erat
1250 2578 1599 2654 conjugatus
1644 2585 1704 2636 et
1747 2595 1863 2635 non
1906 2577 2154 2654 amplius
2193 2577 2301 2636 snb
2345 2577 2529 2636 tutela
2577 2578 2782 2637 Patris.
2867 2582 2924 2637 2.

525 2657 753 2714 Habuit
781 2657 1029 2732 speciale
1057 2656 1393 2714 mandatum
1422 2657 1701 2730 divinum,
1734 2657 1891 2733 quod
1917 2657 2012 2714 hic
2053 2676 2169 2714 non
2197 2657 2436 2714 obtinet.
2481 2660 2536 2715 3.
2571 2657 2824 2715 Secessit
2851 2658 2927 2716 ab

526 2734 874 2810 Idololatris,
908 2736 1013 2793 sed
1041 2736 1137 2793 isti
1168 2756 1202 2793 a
1228 2736 1563 2813 parentibus
1593 2736 1954 2794 Christianis.
1996 2739 2054 2793 4.
2086 2736 2217 2793 Non
2243 2736 2410 2794 vovit
2437 2735 2768 2793 coelibatum
2827 2737 2926 2794 vel

525 2813 910 2872 obedientiam
952 2815 1126 2873 alicui
1169 2815 1406 2889 homini,
1454 2835 1584 2892 quse
1628 2823 1973 2891 potestatem
2016 2823 2310 2891 paternam
2350 2814 2747 2889 imminueret;
2794 2816 2924 2873 Imo

524 2913 643 2950 non
671 2893 871 2967 invit0,
895 2894 998 2953 sed
1026 2895 1419 2953 consentiente
1446 2903 1506 2953 et
1533 2893 1843 2953 comitante
1867 2896 2057 2969 Patre,
2082 2894 2267 2952 exivit
2294 2914 2327 2952 e
2354 2893 2526 2951 domo
2556 2914 2678 2952 sua.

607 2972 690 3030 X.
737 2973 926 3046 Quum
958 2974 1194 3049 Levitae,
1238 2976 1410 3033 Deut.
1453 2974 1664 3032 xxxiii.
1703 2976 1758 3049 9,
1802 2974 2176 3051 perhibentur
2219 2977 2255 3007 ‘⁴
2284 2973 2445 3031 Patri
2486 2993 2608 3048 suo,
2654 2982 2713 3032 et
2752 2974 2925 3032 matri

523 3071 644 3111 suae
673 3052 907 3128 dixisse,
932 3053 1141 3112 Nescio
1159 3074 1282 3129 vos,
1304 3063 1362 3112 et
1389 3053 1662 3112 fratribus
1690 3054 1826 3128 suis,
1860 3054 2077 3130 Ignoro
2104 3050 2437 3128 illos‚'’&c.,
2458 3052 2782 3111 ostenditur
2798 3053 2924 3130 qui·

522 3131 654 3191 dem
683 3133 853 3192 laude
896 3133 1104 3211 dignos
1132 3155 1232 3194 eos
1260 3154 1403 3210 esse,
1448 3134 1564 3210 qui,
1597 3143 1662 3192 ut
1702 3132 1975 3191 obediant
2018 3132 2146 3189 Deo
2188 3151 2459 3208 expresse
2502 3132 2724 3209 aliquid
2762 3153 2922 3191 man·

522 3212 700 3287 danti,
733 3234 918 3291 neque
949 3215 1351 3292 cognationem
1378 3234 1564 3291 neque
1593 3213 1900 3271 affinitates
1941 3210 2272 3287 respiciunt,
2304 3212 2463 3287 quod
2489 3220 2681 3289 potest
2706 3212 2921 3287 referri,

521 3293 617 3350 vel
646 3294 720 3351 ad
747 3294 954 3370 legem,
989 3295 1131 3352 Lev.
1163 3295 1285 3353 xxi.
1320 3298 1411 3369 10,
1447 3297 1538 3368 11,
1583 3293 1682 3351 ubi
1717 3291 1998 3351 Sacerdos
2032 3298 2265 3349 vetatur
2290 3290 2567 3350 interesse
2595 3291 2783 3349 funeri
2820 3310 2919 3367 pa·

521 3373 626 3429 tris
656 3381 714 3430 et
740 3373 957 3446 matris,
981 3372 1107 3447 &c.‚
1140 3392 1207 3430 ac
1236 3374 1284 3430 si
1314 3392 1412 3430 eos
1440 3392 1556 3430 non
1584 3369 1978 3447 novisset,‘‚vel
2000 3369 2076 3427 ad
2105 3369 2321 3428 factum
2343 3370 2695 3443 Levitarum,
2728 3369 2920 3428 Exod.

522 3450 729 3521 xxxii„
759 3450 862 3508 ubi
890 3470 1019 3507 reos
1046 3470 1305 3527 quosque
1334 3450 1477 3507 citra
1513 3470 1885 3527 personarum
1915 3449 2203 3507 delectum
2230 3448 2548 3508 interficere
2576 3448 2917 3522 debuerunt,

524 3528 619 3583 vel
648 3527 724 3583 ad
756 3528 994 3603 judicia,
1024 3548 1155 3604 quae
1184 3528 1470 3586 debebant
1508 3530 1763 3587 exerceri
1804 3529 1927 3587 sine
1953 3548 2327 3605 personarum
2368 3527 2715 3604 acceptione.
2796 3527 2923 3586 Sed

523 3605 633 3662 hoc
662 3625 777 3663 non
807 3615 1028 3683 spectat
1056 3607 1132 3665 ad
1157 3626 1274 3681 eos,
1315 3607 1417 3682 qui
1444 3616 1645 3667 contra
1675 3607 1785 3666 Dei
1812 3607 2149 3666 mandatum
2177 3607 2250 3666 de
2276 3606 2627 3666 honorandis
2667 3607 2921 3682 parenti-

522 3684 632 3741 bus
659 3704 759 3742 eos
788 3685 1074 3760 deserunt,
1106 3695 1171 3745 ut
1200 3706 1261 3744 se
1290 3686 1418 3745 aliis
1446 3687 1777 3745 hominibus
1803 3687 2148 3764 mancipent.

606 3764 724 3822 XI.
773 3765 833 3822 Si
867 3765 1106 3842 Sponsa,
1143 3766 1295 3823 Psal.
1327 3766 1448 3823 xlv.
1483 3770 1574 3840 10,
1600 3767 1841 3843 jubetur
1867 3767 2136 3825 oblivisci
2161 3765 2360 3843 populi
2387 3766 2478 3824 sui
2500 3773 2559 3825 et
2585 3765 2793 3824 domus
2818 3785 2919 3843 pa-

519 3850 715 3920 ternae,
747 3865 864 3903 non
892 3866 960 3904 eo
1001 3846 1265 3922 pertinet,
1310 3853 1375 3903 ut
1408 3845 1663 3903 debitam
1707 3847 2052 3905 Parentibus
2093 3845 2479 3905 obedientiam
2520 3846 2787 3922 deneget,
2819 3845 2923 3903 sed

521 3932 586 3983 ut
614 3924 901 4003 intelligat
929 3945 1002 3983 ex
1042 3926 1170 4002 lege
1213 3925 1468 4001 conjugii
1510 3945 1544 3982 a
1588 3926 1715 3983 Deo
1757 3926 1830 3983 ab
1872 3925 2036 3983 initio
2080 3926 2302 3983 sancita
2339 3924 2752 4004 relinquendos
2793 3944 2919 3983 esse

518 4013 803 4081 parentes,
847 4013 912 4063 ut
953 4004 1242 4063 adhaereat
1282 4005 1428 4062 viro.
1515 4003 1613 4063 Sic
1652 4005 1895 4080 mystice
1939 4013 2171 4063 notatur
2207 4004 2457 4062 officium
2497 4004 2775 4078 fidelium,
2818 4004 2920 4079 qui

518 4084 751 4159 mundo,
784 4084 958 4159 carni,
990 4093 1049 4142 et
1075 4085 1258 4143 veteri
1287 4083 1518 4142 Adamo
1554 4085 1891 4142 renunciare
1934 4092 2215 4158 tenentur,
2246 4093 2312 4142 ut
2341 4076 2917 4143 Christo‘indissolu·

518 4164 623 4223 bili
651 4164 884 4223 vinculo
912 4165 1201 4223 uniantur.

599 4244 754 4302 XII.
801 4245 990 4318 Quum
1020 4244 1301 4317 Christus,
1348 4243 1489 4301 Luc.
1520 4242 1643 4299 xiv.
1673 4246 1769 4318 26,
1808 4242 1978 4318 jubet
2006 4242 2198 4300 odisse
2242 4243 2520 4301 Parentes
2559 4249 2793 4319 propter
2835 4260 2916 4316 se,

516 4342 632 4380 non
660 4324 790 4382 vult
828 4324 945 4383 illis
973 4323 1247 4399 denegari
1276 4322 1472 4381 debita
1510 4322 1743 4399 pietatis
1781 4321 1982 4395 officia,
2027 4341 2157 4397 quae
2185 4321 2244 4379 in
2274 4330 2480 4380 natura
2520 4318 2835 4378 fundantur
2861 4329 2921 4379 et

517 4412 653 4460 sunt
679 4403 1191 4479 indispensabilia;
1237 4402 1340 4461 sed
1378 4403 1490 4460 hoc
1533 4409 1859 4479 comparate
1899 4401 2344 4478 intelligendum
2372 4408 2478 4472 est,
2524 4408 2589 4458 ut
2616 4419 2777 4457 amor
2806 4400 2917 4456 Pa-

515 4490 741 4537 rentum
772 4483 939 4541 cedat
966 4483 1147 4540 amori
1177 4482 1393 4556 divine,
1437 4490 1504 4539 ut
1531 4501 1709 4557 quum
1738 4480 1893 4538 dicta
1923 4481 2233 4539 Parentum
2263 4500 2396 4538 cum
2434 4478 2762 4537 obedientia
2792 4478 2919 4536 Deo

515 4558 713 4616 debita
739 4570 1016 4637 pugnant,
1048 4582 1117 4620 ea
1143 4562 1593 4639 posthabeamus
1624 4560 1736 4619 Dei
1762 4560 2082 4637 praeceptis.

598 4638 786 4696 XIII.
835 4642 1114 4714 Quamvis
1144 4642 1424 4717 Christus,
1458 4642 1599 4700 Luc.
1630 4641 1711 4701 ix.
1736 4643 1830 4717 59,
1864 4643 1959 4717 60,
1990 4660 2107 4698 non
2134 4639 2431 4717 permittat
2458 4637 2530 4713 ei,
2555 4657 2727 4714 quem
2749 4637 2918 4715 jube·

600 2320 781 2366 Fontes
804 2321 939 2367 Solu·
958 2378 962 2382 .

660 2379 865 2425 tionum.
