3221 5200
491 347 609 404 318
1259 359 1440 400 Locus
1472 359 1731 400 nsscnuus
1760 359 2027 402 Tsnrrus.
2485 339 2739 422 [QnAEs'r.
2774 365 2896 405 xvr.

570 504 689 561 III.
737 502 880 559 Cum
910 509 1101 558 autem
1132 520 1303 558 causa
1331 500 1496 558 istius
1525 499 1923 576 discrepantiae
1946 519 2063 557 non
2080 499 2195 558 alia
2224 500 2313 576 sit,
2347 521 2520 577 quam
2549 504 2898 580 ambiguitas

489 583 648 640 vocis
676 589 828 648 ἠτις-ά
861 593 919 640 et
948 578 1082 651 ἕδης,
1108 590 1166 639 et
1187 579 1492 656 multiplex
1518 599 1720 636 sensus
1742 579 1967 656 phrasis
1985 583 2315 638 descendere
2343 585 2426 638 ad
2445 583 2667 656 inferos,
2698 586 2899 660 paucis

487 663 868 721 excutiendus
882 669 986 718 est.
1021 659 1154 716 Vox
1183 655 1335 715 “v-,sti
1356 659 1414 715 in
1441 659 1737 736 Scriptura
1758 659 2165 734 quadrifariam
2186 661 2443 736 sumitur,
2481 666 2532 718 1.
2559 663 2673 720 Pro
2703 665 2894 740 sepul-

486 743 642 815 chr0,
678 743 833 801 Psal.
863 741 985 797 xvi.
1021 742 1111 813 10,
1145 747 1202 795 et
1231 738 1377 796 xlix.
1413 741 1525 812 153
1571 744 1627 795 2.
1674 738 1787 796 Pro
1829 739 1958 796 loco
2001 739 2417 814 damnatorum,
2453 741 2592 798 Luc.
2624 743 2745 800 xvi.
2778 747 2892 818 233

486 824 541 880 3.
589 822 702 879 Pro
751 819 1018 879 maximis
1057 817 1421 891 cruciatibuS,
1469 818 1624 875 Psal.
1668 818 1832 876 xviii.
1879 821 1932 893 5,
1965 827 2023 876 et
2065 819 2218 876 cxvi.
2264 822 2336 894 33
2381 823 2443 877 4.
2486 821 2599 877 Pro
2642 831 2903 881 extrema

484 901 897 972 humiliatione,
946 898 1059 954 Isa.
1090 897 1211 955 xiv.
1249 899 1339 954 15.
1427 897 1582 954 Hinc
1613 897 1961 955 descendere
2010 897 2086 955 ad
2122 898 2408 956 infernum
2437 907 2684 975 quatuor
2711 903 2899 960 modis

485 989 832 1055 usurpatur:
871 982 921 1034 1.
969 978 1145 1035 Notat
1175 976 1420 1053 sepeliri,
1454 978 1602 1036 Gen.
1634 977 1862 1033 xxxvii.
1904 980 1998 1050 35,
2030 985 2089 1034 et
2116 978 2240 1035 xlii.
2285 980 2400 1051 383
2446 983 2502 1037 2.
2537 979 2902 1039 Descendere

483 1059 545 1116 in
601 1059 790 1116 locum
833 1058 1248 1131 damnatorum,
1310 1057 1480 1113 Num.
1545 1056 1667 1114 xvi.
1727 1059 1802 1114 33
1830 1078 1843 1130 ;
1915 1059 1970 1114 3.
2018 1057 2262 1115 Dolores
2303 1057 2611 1115 infernales
2667 1062 2896 1134 sentire,

490 1142 517 1194 1
558 1138 710 1195 Sam.
741 1138 799 1195 ii.
833 1142 906 1212 63
952 1139 1007 1193 4.
1042 1136 1316 1193 Extreme
1365 1135 1673 1208 humiliari,
1716 1135 1927 1193 Matth.
1958 1136 2039 1193 xi.
2070 1139 2165 1193 23.
2250 1136 2438 1194 Juxta
2466 1137 2899 1214 quadruplicem

486 1217 658 1274 istum
689 1217 1093 1293 significatum,
1139 1215 1500 1291 quadruplex
1541 1222 1733 1291 potest
1762 1234 1888 1271 esse
1917 1233 2121 1272 sensus
2161 1215 2329 1272 istius
2358 1217 2601 1274 articuli.
2698 1219 2775 1276 Ut
2804 1219 2899 1276 vel

485 1295 761 1355 referatur
789 1297 864 1353 ad
891 1297 1232 1353 descensum
1260 1293 1502 1352 localem
1532 1294 1591 1350 in
1620 1292 1810 1351 locum
1840 1293 2255 1366 damnatorum,
2281 1295 2436 1369 quod
2465 1295 2670 1352 volunt
2700 1297 2895 1354 Ponti·

484 1375 599 1431 ficii
642 1384 700 1433 et
745 1374 1076 1448 Lutherani‚
1123 1382 1181 1431 et
1223 1393 1256 1430 a
1297 1372 1465 1430 nobis
1509 1392 1687 1449 supra
1728 1371 2035 1430 refutatum
2079 1381 2204 1445 est;
2263 1373 2359 1429 vel
2414 1373 2489 1430 ad
2545 1373 2895 1449 sepulturam

487 1454 717 1528 Christi,
734 1455 828 1512 vel
841 1455 915 1512 ad
926 1453 1161 1511 dolores·
1171 1453 1298 1529 ejus
1313 1451 1637 1524 infernales,
1654 1451 1750 1508 vel
1761 1450 1834 1508 ad
1847 1459 2166 1509 extremum
2185 1451 2612 1508 Exinanitionis
2630 1453 2893 1527 gradum.

485 1571 721 1616 Rationes
762 1586 852 1629 pro
894 1587 966 1617 se-
1091 1531 1199 1589 IV.
1245 1531 1356 1605 Qui
1375 1530 1579 1588 volunt
1596 1529 1899 1587 articulum
1924 1530 2098 1587 istum
2126 1550 2242 1587 non
2264 1529 2491 1588 differre
2521 1551 2555 1587 a
2584 1532 2894 1608 sepultura,

543 1630 744 1685 pultum
761 1636 811 1674 et
833 1637 967 1674 statu
1008 1610 1101 1668 his
1139 1611 1501 1686 potissimum
1545 1608 1862 1667 rationibus
1905 1609 2203 1667 nituntur:
2264 1614 2315 1666 1.
2360 1609 2528 1683 Quod
2574 1611 2779 1669 Petrus
2821 1632 2896 1669 ex

544 1696 864 1732 mortuorum.
1009 1690 1162 1747 Psal.
1193 1690 1333 1763 xvi„
1367 1689 1501 1747 Act.
1534 1687 1612 1762 ii.,
1644 1695 1855 1765 aperte,
1888 1687 2155 1746 videatur
2194 1688 2266 1745 ad
2297 1688 2650 1765 sepulturam
2681 1690 2897 1749 Christi

483 1764 692 1824 referre
720 1787 840 1824 ver.
886 1770 981 1841 31,
1017 1769 1268 1827 “David
1310 1768 1634 1845 praevidens
1661 1767 1889 1825 locutus
1944 1776 2033 1825 est
2074 1768 2147 1825 de
2190 1769 2604 1826 resurrectione
2662 1770 2892 1844 Christi,

483 1845 639 1919 quod
669 1867 784 1904 non
812 1847 1086 1907 derelicta
1115 1851 1190 1908 sit
1218 1849 1409 1906 anima
1428 1849 1553 1924 ejus
1572 1848 1632 1903 in
1655 1846 1935 1920 infern0,''
1968 1845 2074 1904 ἂρ.
2120 1847 2175 1904 2.
2208 1847 2355 1920 Quia
2382 1848 2596 1924 passim
2621 1847 2677 1904 in
2707 1850 2895 1926 Scrip-

480 1933 610 1982 tura
636 1930 788 1991 'wmv‘
818 1928 1051 2002 ponitur
1078 1949 1180 2005 pro
1199 1928 1519 2005 sepulchrO,
1551 1935 1610 1984 et
1639 1925 1984 1983 descendere
2003 1926 2062 1982 in
2085 1926 2386 2000 infernum,
2418 1947 2521 2002 pro
2551 1927 2896 1987 descendere

481 2003 540 2060 in
570 2005 952 2082 sepulchrum,
983 2017 1048 2066 ut
1078 2008 1253 2066 Arias
1285 2008 1616 2080 Montanus,
1662 2005 1947 2063 Emanuel
1992 2006 2087 2078 Sa,
2140 2015 2199 2065 et
2226 2006 2323 2063 alii
2353 2026 2428 2063 ex
2472 2007 2806 2081 Pontificiis,
2839 2017 2897 2066 et

484 2083 909 2162 Lexicographi
943 2086 1170 2145 docent.
1254 2091 1309 2146 3.
1355 2086 1503 2160 Quia
1531 2085 1590 2141 in
1620 2084 1798 2142 variis
1840 2084 2119 2160 symbolis
2146 2086 2362 2143 mentio
2389 2086 2456 2143 fit
2483 2086 2793 2144 descensus
2822 2087 2897 2144 ad

482 2161 710 2239 infer03,
756 2165 917 2222 nulla
958 2166 1110 2224 facta
1150 2167 1458 2245 sepulturae
1499 2164 1808 2238 mentione,
1852 2172 1916 2222 ut
1957 2164 2018 2220 in
2059 2165 2368 2222 Athanasii
2402 2165 2695 2240 symbolo,
2740 2167 2897 2242 quod

480 2243 713 2316 evincit,
745 2245 818 2302 ab
849 2245 972 2322 ipso
1001 2266 1103 2322 pro
1132 2267 1248 2306 uno
1277 2246 1592 2321 eodemque
1624 2244 1789 2301 sumi.
1836 2244 1913 2300 Et
1941 2263 2009 2300 eo
2039 2244 2235 2303 referri
2253 2253 2459 2322 potest,
2481 2245 2637 2321 quod
2661 2245 2894 2320 PauluS,

485 2326 512 2378 1
544 2322 671 2380 Cor.
702 2344 802 2381 xv.
835 2328 888 2397 3,
921 2329 975 2398 4,
1008 2328 1357 2384 mentionem
1380 2324 1615 2402 quidem
1643 2323 1780 2380 facit
1806 2323 2023 2396 mortis,
2049 2325 2358 2400 sepulturae
2386 2333 2445 2381 et
2465 2325 2897 2383 resurrectionis

483 2400 697 2459 Christi
727 2404 1042 2461 secundum
1077 2405 1418 2483 ScripturaS,
1465 2403 1567 2461 sed
1609 2403 1752 2458 nihil
1797 2401 1937 2459 dicit
1966 2402 2037 2460 de
2067 2403 2348 2461 descensu
2376 2403 2450 2461 ad
2480 2404 2707 2477 inferOS,
2739 2403 2896 2480 quod

480 2480 787 2539 dicendum
811 2491 1004 2541 tamen
1046 2484 1264 2558 fuisset,
1310 2484 1359 2542 si
1401 2483 1576 2542 talem
1604 2481 1912 2539 articulum
1940 2481 2099 2539 aliud
2127 2483 2269 2558 quid
2297 2503 2331 2540 a
2361 2483 2657 2560 sepultura
2685 2484 2891 2559 impor-

480 2568 602 2619 tare
625 2561 980 2620 credidisset.

560 2640 636 2697 V.
669 2641 798 2697 Non
830 2642 894 2698 fit
921 2650 1113 2699 tamen
1142 2640 1453 2699 verisimile
1481 2640 1637 2697 hunc
1666 2638 1970 2696 articulum
2000 2639 2151 2696 idem
2182 2659 2307 2697 esse
2329 2660 2459 2697 cum
2490 2642 2803 2717 sepultura.
2840 2647 2890 2701 1.

481 2718 629 2792 Quia
648 2730 800 2776 esset
817 2722 1144 2795 ταυτολογίιι,
1170 2741 1298 2796 quae
1328 2720 1429 2774 vix
1460 2726 1614 2775 esset
1641 2716 1877 2775 ferenda
1898 2716 1956 2772 in
1978 2725 2094 2774 tam
2118 2719 2410 2776 succincto
2439 2728 2497 2777 et
2525 2719 2686 2777 brevi
2724 2724 2893 2797 Sym-

477 2797 630 2855 bolo.
716 2802 771 2854 2.
819 2799 868 2853 N
875 2818 947 2855 on
977 2807 1167 2874 potest
1195 2799 1310 2857 dici
1338 2796 1644 2854 articulum
1680 2796 1855 2853 istum
1896 2797 2219 2871 appositum
2250 2817 2374 2856 esse
2403 2798 2578 2875 priori
2602 2799 2673 2858 de
2705 2802 2891 2877 sepul-

478 2884 608 2934 tura
637 2876 710 2932 ad
740 2878 867 2953 ejus
896 2879 1208 2954 exegesim,
1241 2897 1371 2935 cum
1400 2875 1697 2934 obscurior
1725 2874 1801 2931 sit
1827 2874 2034 2950 priore.
2122 2876 2263 2934 Ideo
2292 2897 2409 2935 non
2438 2878 2511 2935 ad
2542 2880 2893 2956 sepulturam

477 2954 714 3031 praecise
744 2956 1075 3015 referendus
1104 2968 1208 3033 est,
1242 2956 1343 3015 sed
1372 2956 1447 3013 ad
1467 2964 1672 3012 statum
1700 2955 1894 3011 mortis
1917 2973 2017 3011 seu
2047 2954 2435 3015 detentionem
2465 2959 2591 3035 ejus
2612 2959 2673 3015 in
2703 2961 2890 3036 sepul-

477 3035 616 3092 chro
647 3036 753 3093 sub
783 3036 1036 3095 dominio
1065 3038 1283 3111 mortis,
1306 3034 1594 3113 quomodo
1626 3053 1775 3111 saepe
1804 3034 2030 3110 phrasis
2053 3035 2162 3094 ista
2192 3037 2436 3096 sumitur
2463 3038 2537 3095 ad
2566 3038 2891 3096 describen-

477 3114 614 3171 dum
645 3127 996 3176 mortuorum
1029 3127 1259 3189 statum,
1293 3118 1439 3176 Gen.
1471 3114 1700 3171 xxxvii.
1746 3116 1840 3186 35,
1885 3114 2074 3173 Jacob
2104 3116 2310 3192 lugens
2338 3117 2520 3175 filium
2548 3118 2590 3177 J
2595 3118 2889 3194 osephum,

476 3214 648 3270 quem
699 3197 970 3257 credebat
1011 3198 1350 3257 dilaniatum
1393 3216 1426 3253 a
1467 3195 1621 3267 feris,
1667 3196 2015 3267 descendam,
2060 3196 2263 3271 inquit,
2310 3200 2501 3273 luyens
2542 3201 2724 3262 ’νικῶ
2768 3218 2892 3255 cum

456 3274 587 3351 filio
612 3295 746 3348 mec,
791 3296 908 3334 non
951 3278 1184 3353 quidem
1213 3278 1273 3335 in
1303 3275 1687 3353 sepulchrum,
1730 3273 1865 3349 quia
1893 3275 2132 3349 putabat
2161 3296 2194 3332 a
2224 3276 2357 3334 feris
2387 3296 2511 3333 esse
2541 3276 2891 3351 discerptum

476 3361 534 3410 et
562 3373 677 3410 non
707 3355 882 3413 humo
912 3358 1383 3427 contumulatum,
1430 3353 1531 3411 sed
1562 3352 1771 3428 simpli.
1802 3352 1877 3408 ad
1906 3363 2136 3410 mortem
2164 3374 2266 3411 scu
2293 3364 2495 3411 statum
2525 3364 2887 3412 mortuorum.

480 3431 575 3488 Sic
597 3433 750 3489 Psal.
775 3435 853 3490 vi.
879 3436 931 3506 5,
955 3437 1027 3491 In
1048 3444 1224 3492 morte
1248 3454 1358 3490 non
1381 3441 1460 3489 est
1486 3432 1570 3488 tui
1594 3431 1878 3503 memoria,
1911 3433 2034 3505 quis
2062 3432 2120 3487 in
2147 3435 2299 3496 ’eme‘
2323 3432 2578 3489 laudabit
2598 3441 2647 3487 te
2664 3434 2692 3487 ‚²
2736 3432 2888 3488 Vide

477 3509 519 3567 J
528 3509 620 3566 ob.
651 3511 795 3567 xvii.
831 3515 922 3582 13,
959 3515 1049 3585 14,
1086 3515 1178 3584 15,
1243 3510 1398 3567 Psal.
1430 3529 1573 3566 xxx.
1605 3512 1660 3581 3,
1694 3518 1751 3565 et
1780 3508 1925 3564 xlix.
1962 3513 2053 3581 15,
2100 3509 2214 3565 Isa.
2247 3511 2366 3566 xiv.
2402 3513 2493 3581 11,
2523 3511 2615 3582 19,
2646 3512 2742 3566 20.

555 3587 666 3643 VI.
715 3588 996 3663 Secundo,
1047 3590 1176 3646 Hoc
1205 3588 1528 3646 necessario
1556 3587 1788 3643 videtur
1827 3586 2060 3661 exigere
2102 3587 2264 3645 locus
2315 3588 2487 3660 Petri,
2535 3587 2668 3645 Act.
2698 3587 2758 3646 ii.
2789 3592 2885 3661 27,

475 3665 688 3742 petitus
717 3685 792 3723 ex
822 3668 1087 3741 Oracu10‚
1122 3668 1274 3725 Psal.
1296 3667 1417 3723 xvi.
1441 3670 1532 3739 10,
1555 3667 1693 3722 Non
1710 3664 1984 3739 relinques
2011 3666 2260 3723 animam
2287 3686 2468 3723 meam
2497 3668 2556 3731 ἔις
2584 3665 2722 3741 ἔδον,
2756 3688 2887 3746 sup·

475 3744 569 3821 ple
609 3749 749 3817 ὅῖιιον,
794 3746 893 3821 qui
935 3746 1241 3805 adhibetur
1281 3746 1353 3803 ab
1395 3746 1521 3823 ipso
1563 3743 1639 3802 ad
1687 3742 2039 3819 probandam
2082 3746 2592 3821 resurrectionem;
2638 3747 2775 3805 dum
2804 3750 2886 3806 ait

479 3824 845 3901 Prophetiam
886 3826 1035 3884 hanc
1064 3827 1356 3904 impletam
1387 3845 1512 3883 esse
1541 3843 1644 3901 per
1673 3821 1885 3880 Christi
1914 3825 2382 3883 resurrectionem
2410 3849 2423 3901 ;
2468 3836 2532 3885 ut
2562 3827 2636 3885 sit
2664 3846 2884 3901 sensus,

475 3905 610 3962 Non
640 3905 915 3981 relinques
944 3906 1192 3965 animam
1221 3926 1418 3978 meam,
1449 3905 1526 3963 id.
1557 3904 1729 3963 vitam
1750 3922 1949 3977 meam,
1983 3924 2083 3962 seu
2112 3924 2196 3961 me
2227 3906 2283 3962 in
2313 3916 2503 3980 morte,
2533 3909 2635 3964 sed
2657 3927 2743 3965 me
2769 3928 2887 3965 sus·

473 3984 666 4041 citabis
694 4006 767 4042 ex
793 3996 969 4045 morte
991 4007 1102 4063 per
1128 3986 1603 4045 resurrectionem.
1689 3982 1777 4039 Eo
1806 3984 2070 4057 pertinet,
2115 3985 2270 4060 quod
2299 3986 2510 4044 dicitur
2536 4006 2655 4044 ver.
2687 3990 2782 4059 24,
2815 3986 2887 4045 de

474 4065 756 4122 doloribus
786 4085 887 4124 seu
913 4068 1145 4141 funibus
1187 4068 1394 4141 mortis,
1440 4065 1650 4142 quibus
1693 4061 1959 4121 detentus
1987 4063 2111 4137 fuit,
2143 4066 2303 4123 velut
2331 4066 2594 4141 captivus
2622 4085 2657 4122 a
2684 4075 2882 4141 morte,

475 4164 510 4200 a
552 4144 764 4220 quibus
807 4147 1105 4205 exsolutus
1148 4156 1236 4205 est
1283 4166 1385 4223 per
1434 4141 1941 4215 resurrectionem;
1987 4164 2116 4202 cum
2160 4144 2515 4220 impossibile
2556 4144 2719 4219 foret,
2764 4154 2886 4203 tum

472 4232 706 4300 propter
734 4224 975 4300 gloriam
1007 4226 1344 4299 divinitatis,
1378 4232 1497 4282 tum
1528 4228 1760 4301 propter
1789 4223 2152 4282 sanctitatem
2187 4224 2577 4297 humanitatiS‚
2608 4224 2682 4282 ab
2712 4243 2779 4281 ea
2801 4225 2887 4281 ul-

471 4303 650 4360 terius
674 4303 860 4379 ipsum
891 4305 1150 4364 detineri.

1086 4384 1232 4441 VII.
1282 4383 1397 4439 Sed
1426 4402 1530 4440 nec
1559 4382 1917 4458 repudianda
1946 4390 2034 4439 est
2075 4382 2255 4439 altera
2297 4381 2597 4455 sententia,
2629 4401 2758 4457 quse
2786 4382 2884 4439 de·

478 4447 825 4550 fflssffffffiffig
842 4448 966 4494 ΟΝ·
1010 4483 1272 4522 scensum
1304 4462 1454 4519 hunc
1485 4462 1759 4539 intelligit
1788 4461 1858 4519 de
1885 4461 2122 4519 summis
2145 4460 2458 4535 angoribus
2478 4461 2708 4534 Christi,
2740 4481 2887 4538 quos

1007 4552 1129 4601 tum
1160 4543 1219 4599 in
1245 4542 1429 4614 hort0,
1461 4550 1583 4599 tum
1607 4542 1667 4599 in
1689 4562 1856 4599 cruce
1876 4540 2129 4617 pertulit.
2189 4540 2338 4613 Quia
2358 4540 2629 4598 convenit
2661 4545 2712 4598 1.
2740 4544 2884 4600 Cum

469 4623 610 4694 stylo
639 4624 948 4698 Scripturae
976 4643 1102 4698 quae
1131 4641 1233 4698 per
1262 4622 1554 4694 infernum,
1581 4631 1638 4680 et
1667 4624 1887 4679 dolores
1916 4619 2125 4692 inferni
2165 4619 2311 4677 solet
2352 4620 2725 4696 gravissimos
2754 4640 2879 4678 cru·
