3221 5200
245 409 461 460 eumer.
491 388 633 473 xm]
1230 409 1309 449 nn
1338 409 1493 452 asos
1520 410 1642 451 nm.
2569 401 2646 460 65

240 553 332 611 bat
357 571 643 611 consensu
676 552 921 626 Thomas,
951 550 1117 625 Semi,
1147 548 1431 628 Ger-sonis,
1464 552 1793 629 Lombardi,
1828 552 2103 630 Caietani,
2135 555 2273 632 Soti,
2304 558 2647 618 et-omnium

246 632 721 692 Scholasticorum
749 630 1003 689 melioris
1029 640 1200 689 notae.

313 713 456 770 VII.
501 712 675 770 Hane
724 711 1067 770 sententiam
1113 706 1438 769 Orthodoxi
1482 718 1812 770 constanter
1855 722 2189 790 sequuntur.
2276 714 2440 776 Licet
2488 718 2644 779 enim

242 794 491 851 Bet-arms
516 812 623 869 per
649 790 996 849 calumniam
1025 790 1086 847 in
1113 791 1368 848 manuali
1399 811 1521 866 su0,
1552 791 1655 850 lib.
1685 812 1742 849 v.
1782 811 1906 869 cap.
1939 796 2034 868 21,
2079 802 2145 853 ut
2187 794 2403 854 nefaria
2444 798 2487 856 J
2491 800 2641 857 esui-

245 884 417 930 tarum
446 871 711 930 doctrina
736 871 1018 947 tantisper
1045 870 1229 929 oculis
1252 869 1559 929 Lectorum
1588 871 1832 930 subduci
1859 883 2071 950 posset,
2103 894 2301 952 sparso
2328 876 2438 936 hoc
2467 880 2634 954 quasi

242 952 402 1029 sepia
429 959 770 1025 atramento,
801 950 970 1008 nobis
997 949 1304 1023 adscribat,
1339 954 1373 982 ‘⁴
1395 970 1501 1008 nos
1530 959 1760 1010 strenue
1799 952 1884 1010 uti
1925 952 2034 1011 hac
2075 963 2213 1028 arte,
2246 963 2304 1013 et
2332 957 2487 1032 quod
2529 978 2637 1017 nos

242 1031 491 1106 facimus,
523 1031 668 1108 ipsis
694 1050 799 1108 per
823 1029 1169 1088 calumniam
1198 1029 1515 1107 impingere
1538 1031 1594 1106 ;”
1632 1051 1804 1107 quem
1833 1033 2092 1108 sequitur
2118 1035 2550 1095 Brochmannus
2577 1038 2640 1097 in

243 1111 426 1189 Syste.
457 1111 659 1185 Theo„
688 1110 786 1168 Tr.
817 1107 891 1167 de
922 1109 1096 1185 Lege,
1127 1129 1177 1167 c.
1207 1109 1287 1166 vi.
1318 1130 1374 1186 q.
1404 1113 1477 1186 43
1523 1110 1681 1187 ipsos
1708 1119 1901 1169 tamen
1931 1121 2160 1171 strenue
2190 1115 2419 1173 mentiri
2446 1117 2638 1193 palam

234 1201 333 1266 est,
365 1211 439 1249 ex
459 1190 749 1249 constanti
779 1189 1121 1247 Nostrorum
1150 1187 1427 1264 doctrina,
1458 1197 1519 1248 et
1545 1190 1730 1267 praxi.
1816 1191 1938 1249 Nec
1959 1193 2258 1251 calumniae
2287 1194 2460 1270 favet,
2481 1196 2639 1273 quod

234 1290 305 1329 ex
333 1271 492 1329 Beza
518 1278 761 1347 uterque
790 1267 972 1341 affert,
1003 1267 1161 1345 quod
1193 1268 1253 1326 in
1283 1268 1640 1328 confessione
1670 1289 1775 1328 sua
1802 1272 2126 1347 asseruerit,
2158 1292 2250 1331 an.
2285 1277 2458 1351 1556,
2494 1277 2636 1336 Cor-

222 1369 333 1426 pus
363 1350 579 1410 Christi
592 1370 723 1408 vere
751 1358 806 1407 et
829 1349 1061 1406 realiter
1089 1368 1203 1406 esse
1220 1368 1474 1424 proesem
1496 1350 1551 1407 in
1578 1350 1780 1424 Cama,
1802 1348 1929 1426 ἀφ,
1955 1352 2093 1428 quia
2113 1372 2310 1411 veram
2339 1363 2398 1414 et
2423 1355 2637 1417 realem

233 1430 593 1506 praesentiam
621 1439 680 1489 et
720 1428 1145 1506 perceptionem
1175 1428 1390 1487 Christi
1436 1428 1706 1489 fidelibus
1749 1430 1811 1488 in
1854 1431 2033 1490 Coena
2080 1431 2454 1512 admittimus,
2501 1436 2641 1497 licet

234 1510 601 1587 corporalem
630 1518 689 1569 et
710 1508 1170 1585 Capernai‘ticam
1198 1508 1542 1585 rejiciamus.

836 1587 1017 1647 VIII.
1062 1587 1340 1646 Rationes
1368 1598 1578 1648 nostres
1621 1598 1772 1665 sunt,
1822 1594 1874 1651 1.
1906 1591 2055 1667 Quia
2094 1594 2501 1654 Juramentum
2535 1596 2635 1657 de-

232 1656 340 1703 ΝΜ
418 1657 601 1760 liant.
634 1657 713 1728 uti
753 1667 853 1727 bet
879 1687 1006 1733 esse
1035 1668 1222 1726 omnis
1251 1669 1656 1728 controversiae
1677 1671 1973 1747 terminus,
2005 1692 2081 1730 ex
2111 1671 2415 1749 Apost010,
2449 1676 2633 1735 Hebr.

312 1730 709 1831 ffl⁰¹vff⁸j¹ffi¹ss
749 1748 828 1806 vi.
873 1751 966 1822 16,
1010 1747 1114 1806 sed
1154 1747 1255 1805 ubi
1296 1748 1461 1807 adest
1501 1749 1900 1826 aequivocatiO,
1945 1752 2402 1828 multiplicantur
2440 1755 2635 1830 potius

309 1832 493 1877 mentis
575 1834 713 1902 roba..-
754 1847 926 1904 quam
955 1827 1233 1886 finiuntur
1258 1827 1408 1904 lites,
1440 1848 1570 1887 cum
1607 1829 1755 1887 nihil
1795 1838 2005 1906 pateat,
2045 1832 2197 1889 unde
2230 1832 2469 1909 colligat
2503 1853 2637 1910 pars

309 1894 396 1993 {2¹
416 1904 480 1935 ⁶¹
555 1891 628 1936 ’δ’
650 1904 711 1936 '²‘
756 1907 952 1982 altera,
983 1927 1058 1964 an
1085 1906 1239 1966 bona
1265 1907 1379 1966 fide
1407 1917 1615 1985 agatur
1641 1929 1840 1967 necne.
1924 1910 2047 1969 Nec
2075 1911 2170 1969 hic
2198 1913 2356 1970 valet
2397 1912 2635 1972 distinc-

368 1982 384 1996 ’
744 1987 826 2045 tio
843 1987 1065 2047 Judiczh
1083 1988 1432 2064 competentis
1452 1990 1549 2047 vel
1576 2010 1688 2047 non
1716 1991 2083 2066 competentis,
2104 1991 2204 2068 qui
2229 1991 2477 2068 juridice
2543 2013 2632 2051 ro-

221 2067 405 2143 cedat,
422 2066 521 2126 vel
538 2086 655 2126 non
672 2066 960 2143 procedat,
983 2075 1046 2125 ut
1064 2087 1255 2126 coram
1273 2068 1316 2126 J
1318 2067 1486 2126 udice
1502 2068 1752 2146 juridice
1781 2069 2127 2146 procedente
2157 2012 2636 2147 aequivoeangum

220 2166 336 2205 non
364 2148 461 2221 sit,
493 2146 600 2205 sed
612 2147 785 2205 liceat
806 2166 996 2204 coram
1019 2166 1135 2205 non
1164 2156 1540 2224 competente.
1599 2148 1748 2206 Nam
1772 2149 1946 2207 etiam
1963 2149 2112 2208 inter
2131 2150 2328 2207 hostes
2351 2151 2636 2211 servanda

220 2236 308 2286 est
335 2227 502 2301 fides,
527 2246 635 2285 nec
663 2225 1141 2285 considerandum
1159 2234 1249 2285 est
1276 2228 1380 2301 eui,
1402 2227 1505 2285 sed
1525 2248 1638 2303 per
1658 2247 1819 2303 quem
1833 2229 2140 2304 juraveris,
2199 2230 2277 2287 Et
2303 2249 2632 2307 quanquam

220 2306 279 2364 in
296 2307 498 2384 aliquo
526 2326 682 2380 casu,
714 2315 779 2365 ut
806 2306 1070 2381 agnoscit
1100 2308 1343 2364 Thomas
1371 2311 1427 2364 2.
1459 2310 1514 2381 2,
1546 2327 1602 2383 q.
1635 2309 1730 2381 69,
1761 2316 1850 2365 art
1878 2312 1933 2382 2,
1953 2327 2071 2366 non
2092 2308 2263 2366 modo
2290 2309 2513 2368 licitum
2537 2312 2630 2388 sit,

219 2386 321 2445 sed
341 2396 403 2445 et
424 2386 735 2461 laudabile,
755 2386 1103 2444 “veritatem
1124 2394 1331 2461 tacere,
1353 2385 1453 2444 ubi
1476 2384 1676 2445 efferre
1699 2405 1813 2444 non
1836 2388 2076 2463 teneris;
2109 2387 2416 2448 falsitatem
2439 2398 2633 2448 tamen

218 2486 541 2543 proponere
570 2466 633 2523 in
660 2465 879 2539 nu110,''
910 2465 1113 2542 inquit,
1149 2468 1184 2499 “
1213 2485 1352 2524 casu
1377 2464 1514 2525 licet
1554 2466 1788 2547 alicui.’'
1875 2467 2023 2524 Nam
2065 2476 2130 2526 ut
2172 2468 2243 2526 de
2285 2469 2328 2527 J
2332 2478 2632 2529 uramento

220 2545 492 2606 Lombar.
532 2554 592 2605 et
630 2544 974 2621 Canonistae,
1021 2549 1057 2606 3
1097 2553 1243 2605 sent.
1280 2546 1414 2606 dist.
1459 2548 1554 2623 39,
1599 2565 1940 2625 quacunque
1982 2554 2104 2607 arte
2151 2547 2460 2609 verborum
2502 2549 2634 2627 quis

210 2626 384 2702 juret,
421 2628 585 2685 Deus
612 2635 822 2701 tamen,
853 2626 954 2702 qui
981 2625 1346 2685 conscientiae
1374 2627 1540 2686 testis
1567 2637 1673 2702 est,
1704 2626 1786 2687 ita
1812 2628 1922 2689 hoc
1960 2628 2186 2706 accipit,
2218 2629 2368 2689 sicut
2408 2630 2507 2688 ille
2536 2632 2632 2689 cui

211 2706 443 2782 juratur
472 2706 746 2782 intelligit
769 2728 785 2765 ε
831 2706 928 2764 Sic
956 2706 1204 2782 simplex
1245 2707 1594 2766 asseveratio
1635 2706 1973 2766 aestimanda
2000 2717 2104 2784 est,
2136 2728 2253 2767 non
2281 2730 2357 2768 ex
2386 2711 2633 2770 subdola

218 2787 625 2860 reservatione,
658 2784 762 2844 sed
798 2805 874 2843 ex
901 2785 1303 2845 convenientia
1330 2786 1749 2846 enunciationis
1789 2788 2027 2864 prolatae
2069 2808 2201 2846 cum
2246 2809 2307 2848 re
2336 2791 2632 2867 proposita

219 2865 290 2923 ab
318 2866 752 2942 interrogante3
798 2864 1082 2941 siquidem
1111 2865 1186 2922 ad
1224 2885 1354 2924 eum
1384 2866 1684 2943 dirigatur.
1769 2867 1891 2926 Nec
1932 2867 2188 2943 interest,
2219 2877 2412 2928 utrum
2455 2871 2498 2929 J
2503 2870 2629 2929 udi·

220 2965 341 3003 cem
370 2946 702 3022 alloquatur
728 2953 1164 3021 competentem,
1194 2945 1291 3003 vel
1316 2945 1560 3020 bostem,
1591 2954 1694 3005 aut
1720 2947 1984 3005 amicum.
2058 2947 2142 3005 Ut
2170 2948 2320 3006 enim
2351 2949 2630 3032 seriptum

219 3025 470 3083 mendax
497 3045 616 3083 non
642 3032 939 3083 mutuatur
965 3023 1268 3084 veritatem
1296 3045 1331 3083 a
1356 3024 1590 3101 lectore,
1622 3026 1706 3083 sic
1734 3045 1841 3086 nec
1869 3025 2122 3084 mendax
2150 3029 2391 3087 assertio
2420 3049 2455 3087 a
2482 3049 2626 3107 quo·

220 3104 308 3163 vis
333 3105 618 3165 auditore.

827 3184 948 3243 IX.
993 3189 1049 3246 2.
1082 3185 1232 3261 Quia
1264 3185 1563 3263 Scriptura
1588 3186 1739 3246 hanc
1766 3192 1947 3244 artem
1978 3193 2175 3263 aperte
2202 3186 2454 3262 damnat,
2487 3187 2627 3247 dum

217 3248 261 3294 ²·
291 3249 708 3354 fflhssgffffm
745 3265 1083 3342 perstringit
1124 3286 1242 3342 eos,
1274 3265 1375 3343 qui
1409 3266 1469 3323 in
1497 3285 1595 3324 ore
1639 3285 1743 3324 suo
1773 3284 1971 3342 pacem
2001 3266 2316 3342 loquuntur
2340 3267 2624 3344 proximo,

610 3341 623 3353 ⁶
743 3352 802 3402 et
843 3345 904 3402 in
945 3346 1117 3404 corde
1157 3353 1382 3424 ponunt
1422 3345 1680 3422 insidias,
1725 3347 1850 3405 Jer.
1882 3345 1961 3404 ix.
1992 3348 2048 3420 8,
2080 3353 2139 3404 et
2166 3366 2265 3405 eos
2293 3347 2393 3423 qui
2422 3348 2624 3415 ambu-

218 3420 338 3479 lant
366 3421 428 3478 in
459 3421 691 3494 astutia,
723 3426 759 3481 2
791 3423 920 3482 Cor.
951 3426 1029 3484 iv.
1061 3431 1118 3484 2.
1164 3426 1335 3486 Unde
1365 3426 1494 3484 vult
1521 3424 1920 3486 abrenunciari
1947 3429 2015 3484 τὰ
2043 3430 2250 3507 ngas-ri.
2275 3432 2358 3492 τῆς
2384 3427 2624 3504 alexim

220 3500 619 3583 neca-nubum
652 3504 690 3560 ir
718 3507 1011 3584 πνους-μᾷ,
1044 3513 1103 3564 et
1130 3505 1407 3583 praecipit,
1439 3514 1505 3564 ut
1547 3507 1604 3565 in
1648 3507 2091 3582 manifestatione
2127 3508 2377 3567 veritatis
2417 3520 2630 3572 nosmet

218 3582 364 3657 ipsos
391 3585 852 3659 commendemus,
882 3606 995 3643 ποπ
1023 3594 1238 3644 tantum
1266 3606 1460 3644 coram
1488 3588 1634 3662 Dee,
1677 3589 1779 3645 sed
1802 3597 1856 3646 et
1885 3590 2047 3664 apud
2071 3589 2315 3647 omnium
2342 3591 2625 3650 hominum

215 3662 621 3721 conscientiam.
707 3664 948 3722 Frustra
975 3664 1289 3741 excipiunt,
1321 3685 1382 3723 se
1410 3685 1528 3724 non
1555 3667 1769 3743 passim
1800 3674 1859 3725 et
1886 3667 2009 3725 sine
2039 3667 2266 3727 delectu
2296 3670 2622 3746 aequivoca-

217 3742 430 3801 tionem
462 3743 810 3818 permittere,
837 3744 940 3802 sed
968 3744 1200 3821 quando
1221 3745 1384 3822 justa
1410 3746 1647 3823 tegendi
1675 3746 1988 3805 necessitas
2018 3746 2098 3806 ita
2126 3748 2382 3824 requirit,
2403 3757 2469 3808 ut
2490 3770 2622 3808 eum

216 3840 351 3880 vere
381 3821 754 3898 respondeas,
786 3822 977 3899 fugias
1018 3832 1211 3883 tamen
1254 3825 1380 3901 ejus
1421 3825 1849 3900 conscientiam,
1895 3826 1996 3902 qui
2037 3828 2231 3884 arcani
2272 3829 2620 3887 resciscendi

214 3902 441 3960 nullum
476 3901 578 3978 jus
605 3902 799 3962 habet.
885 3903 1034 3977 Quia
1061 3903 1242 3981 gratis
1285 3905 1627 3981 supponitur
1658 3906 1875 3982 justam
1920 3904 2044 3963 dari
2085 3906 2486 3965 necessitatem
2515 3908 2621 3966 tali

216 3981 672 4058 aequivocatione
701 3981 920 4056 utendi,
951 4002 1081 4059 quae
1110 3984 1233 4042 sine
1261 3984 1562 4042 mendacio
1591 4004 1719 4042 esse
1747 4001 1863 4042 non
1890 3991 2099 4060 potest.
2172 3984 2449 4058 Quamvis
2478 4006 2618 4063 ergo

212 4062 396 4119 nolint
423 4060 618 4119 locum
647 4061 860 4120 habere
888 4061 1115 4137 debere,
1146 4064 1243 4122 vel
1270 4063 1329 4121 in
1358 4064 1530 4122 rebus
1558 4063 1712 4137 fidei,
1744 4072 1845 4123 aut
1881 4063 1940 4119 in
1970 4064 2373 4138 contractibus,
2406 4066 2618 4142 quibus

213 4141 337 4198 aliis
365 4141 556 4217 possit
583 4160 710 4199 esse
739 4142 1094 4218 praejudicio,
1125 4162 1231 4201 nec
1260 4143 1320 4200 in
1347 4143 1519 4201 rebus
1548 4142 1879 4216 moralibus,
1909 4149 1976 4199 ut
2004 4144 2293 4201 communi
2321 4163 2430 4202 usu
2460 4145 2614 4220 vitae,

213 4220 443 4295 quando
467 4220 684 4278 veritas
713 4220 863 4279 inter
890 4222 1105 4280 amicos
1132 4221 1457 4300 requiritur,
1490 4222 1593 4281 sed
1622 4222 1718 4280 vel
1760 4221 1820 4279 in
1848 4223 2163 4280 necessaria
2192 4225 2502 4298 defensione
2540 4224 2615 4283 ad

211 4299 549 4359 evitandum
578 4320 855 4377 magnum
881 4301 1117 4378 aliquod
1144 4302 1435 4378 damnum,
1467 4303 1562 4360 vel
1596 4300 1673 4359 ad
1700 4301 2122 4377 assequendum
2150 4322 2266 4360 non
2294 4303 2462 4379 parvi
2491 4309 2611 4363 mo⁴

210 4381 383 4438 menti
405 4380 657 4439 bonum:
700 4380 840 4438 alibi
862 4381 1103 4440 ulterius
1124 4382 1446 4441 extendunt
1470 4382 1584 4439 “in
1602 4380 1863 4458 quolibet
1884 4380 1997 4439 alio
2018 4381 2286 4440 utilitatis
2309 4391 2408 4441 aut
2423 4383 2607 4443 virtu-

211 4458 281 4516 tis
308 4459 503 4532 actu,''
535 4467 601 4517 ut
628 4460 711 4518 ait
740 4460 1049 4536 Garnetus,
1084 4461 1186 4519 ubi
1217 4463 1252 4494 ‘²
1279 4462 1547 4521 mentalis
1574 4460 1889 4519 reservatio
1918 4468 2185 4519 censetur
2211 4462 2525 4539 expediens
2553 4473 2613 4525 et

213 4539 530 4613 studiosa,''
546 4547 611 4597 ut
620 4541 879 4598 Zanchez
893 4540 1199 4617 pertendit.
1234 4542 1270 4573 ‘⁴
1284 4540 1355 4599 In
1375 4560 1549 4600 causa
1562 4540 1886 4617 Religionis
1903 4540 2317 4616 persecutionis
2335 4551 2610 4621 tempore,

211 4627 396 4693 potest
413 4617 629 4695 quivis,
654 4628 713 4678 et
741 4619 982 4679 fortasse
1010 4620 1359 4697 obligatur,”
1390 4621 1578 4697 inquit
1607 4621 1915 4695 Parsonus,
1934 4621 1969 4654 “
1990 4620 2078 4680 uti
2097 4621 2614 4698 aequivocatione.''

216 4696 281 4754 {n
301 4697 533 4757 caeteris
550 4705 742 4764 autem
766 4719 870 4777 per
885 4699 1034 4759 hanc
1063 4700 1413 4777 singularem
1434 4700 1773 4778 doctrinam,
1795 4708 1862 4760 ut
1888 4699 1970 4760 ait
1990 4701 2302 4779 Navarrus,
2316 4724 2615 4781 possumus

362 4794 518 4836 rans
548 4795 610 4836 11.
2247 4801 2284 4844 Ε
