3221 5200
399 260 517 316 384
1248 274 1430 314 Locus
1461 273 1718 313 necinus
1748 271 2032 320 QUARTUS.
2443 252 2699 332 [QUAEs‘r.
2735 276 2817 317 ιιι.

400 427 594 475 autem
622 415 867 474 eundem
919 413 1074 472 sibi
1058 414 1169 491 ipsi
1219 416 1565 491 satisfacere,
1618 412 1849 491 quando
1899 433 2014 470 non
2063 412 2257 488 agitur
2311 413 2382 471 de
2426 414 2819 474 satisfactione

400 497 643 589 privata,
686 517 799 572 qua
838 502 1241 571 compensatur
1287 494 1560 553 damnum
1589 496 1897 571 piivatum,
1930 493 2024 551 vel
2053 492 2296 568 pecunia
2325 495 2521 552 debita
2550 495 2815 569 solvitur,

401 577 559 668 quia.
566 577 647 634 sic
671 576 741 633 de
772 597 875 633 suo
904 576 1204 651 acciperet,
1231 584 1288 633 et
1317 575 1555 651 sibiipsi
1585 576 1869 650 solveret3
1921 573 2035 631 Sed
2065 572 2135 631 de
2165 572 2413 649 publiea,
2445 595 2561 651 qua
2588 595 2818 651 repar-a

401 667 497 714 tur
544 656 754 733 injuria
802 656 1050 732 publica,
1102 655 1391 731 quomodo
1447 654 1667 730 Judex,
1710 654 1811 730 qui
1855 620 2071 729 Legem
2132 653 2389 727 violavit,
2449 664 2514 712 ut
2554 655 2819 732 privatus

400 745 590 813 potest
634 737 786 794 sibi
772 737 883 812 1psi
911 745 976 794 ut
1004 735 1206 794 Judici
1249 735 1595 809 satisfacere,
1643 754 1874 811 poenam
1925 734 2083 809 Lege
2134 732 2555 809 denunciatum,
2589 735 2682 792 vel
2714 757 2820 813 per

403 836 481 891 se,
517 817 607 873 vel
640 837 741 893 per
769 817 943 873 alium
972 815 1204 889 luend0,
1237 816 1526 891 quomodo
1555 815 1650 872 hic
1681 834 1741 873 se
1770 835 1863 872 res
1890 814 2083 871 habet.

490 897 683 954 XXV
692 897 811 953 111.
862 896 923 954 Si
971 895 1243 975 ,Christus
1286 905 1527 953 mortem
1588 904 1860 953 aeternam
1916 914 2034 951 non
2094 893 2229 952 tulit
2283 894 2385 952 sed
2435 895 2814 972 temporalem

403 985 626 1035 tantum
655 984 713 1033 et
756 976 1099 1049 triduanam,
1131 996 1248 1033 non
1286 976 1725 1068 minus-damen
1774 973 1950 1032 solvit
1998 974 2154 1050 quod
2203 995 2238 1031 a
2278 975 2445 1032 nobis
2494 974 2816 1035 debebatur

404 1056 596 1132 quoad
627 1056 967 1113 infinitatem
996 1075 1199 1132 pcenae.
1266 1056 1413 1129 Quia
1442 1055 1491 1113 si
1520 1076 1636 1113 non
1673 1054 1782 1113 suit
1809 1054 2033 1112 infinita
2061 1053 2251 1129 quoad
2294 1054 2673 1131 durationem,
2706 1056 2816 1113 fuit

407 1144 598 1193 tamen
628 1136 760 1194 talis
790 1135 1202 1212 aequivalenter
1238 1135 1427 1211 quoad
1451 1136 1725 1209 valorem,
1756 1143 1989 1227 propter
2035 1154 2294 1210 personae
2324 1135 2594 1211 patientis
2621 1102 2811 1192 idfini-

405 1226 521 1274 tam
552 1215 912 1292 dignitatem,
945 1216 1081 1293 quia
1128 1236 1244 1273 non
1284 1216 1392 1274 fuit
1420 1216 1613 1292 passio
1641 1215 1785 1273 meri
1812 1214 2077 1288 hominis,
2111 1214 2213 1272 sed
2241 1215 2364 1272 veri
2396 1214 2524 1287 Dei,
2558 1216 2656 1291 qui
2706 1235 2813 1273 suo

400 1297 680 1373 sanguiue
714 1296 1030 1355 Ecclesiam
1076 1296 1398 1372 acquisivit,
1435 1297 1568 1355 Act.
1615 1316 1718 1353 xx,
1758 1297 1853 1368 28,
1885 1303 1949 1352 ut
1976 1293 2134 1370 quod
2161 1293 2324 1352 deest
2356 1295 2518 1352 finito
2547 1295 2809 1371 tempori,

400 1378 735 1453 suppleatur
764 1397 864 1452 per
884 1397 1142 1453 personae
1161 1375 1374 1433 divinae
1397 1376 1805 1449 conditionem,
1830 1395 1959 1450 quae
1981 1374 2234 1450 passioni
2254 1375 2554 1450 temporali
2583 1375 2813 1451 pondus

399 1456 561 1515 addit
606 1456 911 1515 infinitum.
978 1457 1287 1532 Perperam
1335 1465 1527 1514 tamen
1576 1455 1707 1532 quis
1755 1455 1889 1512 inde
1939 1454 2192 1529 colliget,
2237 1454 2521 1530 siquidem
2555 1455 2812 1513 Persona

397 1537 624 1613 patiens
654 1536 761 1605 fuit
789 1537 1028 1610 infinita,
1070 1536 1296 1593 unicam
1336 1535 1635 1612 sanguinis
1667 1535 1879 1593 Christi
1909 1542 2131 1611 guttam
2163 1536 2415 1610 potuisse
2446 1534 2705 1593 sufficere
2734 1536 2812 1593 ad

396 1616 846 1693 redemptionem
877 1625 1149 1690 nostram,
1181 1616 1316 1692 quia
1344 1615 1480 1674 licet
1508 1615 1783 1692 quaelibet
1803 1615 1994 1691 passio
2024 1614 2234 1671 habeat
2260 1618 2508 1672 valorem
2537 1615 2811 1694 infinitum

393 1699 681 1772 subjective
709 1697 930 1755 ratione
973 1696 1261 1773 patientis,
1295 1697 1418 1754 sola
1458 1705 1652 1755 tamen
1680 1715 1835 1752 mors
1865 1694 2066 1752 habuit
2093 1695 2347 1751 valorem
2378 1695 2665 1753 infinitum
2714 1698 2810 1753 ob-

378 1778 582 1851 jective
610 1786 873 1853 respectu
902 1777 944 1835 J
948 1776 1133 1835 udicis
1162 1776 1495 1854 infligentis.
1543 1775 1816 1852 Dignitas
1840 1775 2109 1832 Personae
2139 1785 2330 1850 potest
2379 1795 2590 1851 augere
2619 1796 2808 1852 poenae

393 1878 565 1933 quam
596 1858 811 1934 patitur
840 1857 1199 1932 dignitatem,
1232 1868 1297 1915 ut
1324 1877 1393 1915 eo
1423 1856 1659 1933 gravior
1705 1864 2021 1929 censeatur,
2055 1874 2169 1930 quo
2218 1855 2497 1913 illustrior
2527 1865 2615 1913 est
2666 1856 2807 1913 Per-

394 1957 538 1995 sona
582 1959 711 2013 quae
741 1938 991 2014 patitur;
1038 1936 1141 1994 sed
1170 1957 1285 1994 non
1330 1946 1520 2013 potest
1550 1936 1732 2012 ipsam
1764 1935 2010 2011 speciem
2042 1954 2226 2011 poenae
2250 1956 2284 1992 a
2314 1935 2474 2011 Lege
2524 1937 2806 1994 sancitam

391 2038 781 2093 compensare.
828 2016 913 2076 At
940 2037 1094 2074 mors
1124 2017 1248 2074 sola
1269 2016 1577 2094 respondet
1604 2015 1722 2092 legi
1753 2025 1811 2073 et
1831 2015 2076 2091 justitiae
2106 2016 2394 2074 convenit.

474 2098 731 2154 XXIX.
779 2098 943 2155 Licet
992 2098 1308 2172 desperatio
1338 2109 1395 2156 et
1419 2097 1690 2171 fremitus
1720 2096 2148 2173 conjungantur
2189 2116 2320 2153 cum
2349 2095 2535 2171 poenis
2565 2095 2801 2153 damna·

391 2186 618 2236 torum.
664 2178 795 2236 Non
825 2178 1083 2253 sequitur
1129 2178 1417 2236 Christum
1464 2176 1700 2235 ferendo
1742 2194 1942 2251 poenas
1987 2184 2222 2251 peccato
2274 2174 2498 2233 debitas
2537 2174 2808 2233 debuisse

387 2256 505 2315 illis
534 2258 764 2335 exponi,
797 2258 933 2335 quia
953 2278 1068 2316 non
1100 2266 1234 2316 sunt
1263 2258 1333 2316 de
1364 2257 1614 2316 essentia
1641 2275 1843 2332 poenae,
1875 2263 2046 2331 prout
2074 2276 2106 2312 a
2136 2254 2349 2314 Judice
2379 2254 2675 2331 infligitur,
2709 2257 2807 2313 vel

387 2357 722 2414 asponsore
771 2338 1131 2396 sanctissimo
1174 2337 1387 2413 fertur3
1437 2336 1553 2395 Sed
1597 2336 1815 2394 habent
1857 2335 2138 2393 rationem
2167 2335 2443 2411 adjuncti,
2474 2334 2629 2411 quod
2675 2356 2805 2393 cam

388 2419 707 2491 comitatur,
739 2428 973 2494 propter
1000 2418 1206 2476 vitium
1237 2418 1483 2495 subjecti
1510 2417 1800 2494 patientiS,
1841 2416 1997 2491 quod
2025 2436 2155 2473 cum
2184 2414 2346 2473 videt
2374 2414 2805 2491 impossibilita-

389 2506 503 2554 tem
548 2498 839 2555 eluctandi
868 2518 942 2554 ex
971 2517 1142 2573 poena
1177 2497 1287 2555 sibi
1330 2496 1564 2569 inflicta,
1597 2495 1764 2554 facile
1806 2496 1868 2552 in
1913 2494 2370 2572 desperationem
2414 2504 2472 2553 et
2514 2495 2808 2553 fremitum

387 2576 575 2635 cadit·
563 2577 764 2653 ,quod
794 2577 1207 2635 alienissimum
1232 2576 1338 2634 fuit
1366 2597 1401 2634 a
1431 2575 1677 2651 Christo,
1711 2575 1810 2652 qui
1838 2574 1910 2634 de
1938 2576 2277 2635 liberatione
2301 2585 2358 2633 et
2385 2574 2806 2635 resurrectione

386 2676 492 2714 sua
521 2624 628 2714 fdit
652 2677 902 2733 securus,
925 2665 1096 2732 atque
1126 2676 1160 2713 a
1191 2657 1361 2714 Deo
1346 2677 1406 2713 ιιι
1434 2656 1642 2714 mediis
1670 2656 2018 2716 cruciatibus
2047 2676 2208 2714 suam
2231 2656 2292 2713 in
2317 2656 2504 2714 Deum
2532 2656 2806 2714 fiduciam

389 2755 614 2812 semper
643 2744 885 2794 testatus
925 2745 1029 2795 est.

472 2815 694 2873 XXX.
743 2816 1021 2891 Quamvis
1051 2837 1205 2874 mors
1247 2816 1456 2875 infiniti
1486 2816 1701 2874 valoris
1731 2836 1832 2893 pro
1863 2817 2109 2892 singulis
2137 2817 2536 2894 peccatoribus
2565 2816 2805 2875 debere—

387 2904 517 2971 tur3
566 2896 697 2955 Non
725 2898 916 2955 minus
944 2907 1138 2955 tamen
1167 2897 1423 2956 sufficere
1452 2898 1641 2974 potuit
1688 2896 2038 2956 redimendis
2082 2898 2348 2956 omnibus
2391 2897 2606 2955 electiS.
2653 2897 2808 2971 Quia

383 2976 500 3034 alia
527 2978 672 3035 ratio
702 2986 790 3036 est
820 2978 1124 3036 solutionis
1166 2978 1526 3055 pecuniariae,
1564 2977 1678 3034 alia
1722 2978 2130 3036 satisfactionis
2158 2977 2420 3054 poenaliS.
2508 2978 2621 3034 Illa
2648 2978 2804 3036 aesti·

388 3066 577 3116 matur
619 3068 841 3118 tantum
888 3080 923 3117 a
967 3079 1027 3116 re
1078 3079 1206 3136 quae
1237 3058 1484 3117 solvitur
1527 3079 1561 3116 a
1590 3078 1934 3134 quocunque
1984 3058 2193 3116 solutio
2222 3058 2360 3132 fiat;
2405 3077 2512 3114 nec
2541 3058 2809 3134 pluribus

386 3147 576 3215 potest
607 3140 881 3198 sufficere.
932 3139 1044 3197 Sed
1076 3140 1212 3215 quia
1240 3140 1351 3197 ista
1380 3139 1697 3197 aestimatur
1724 3158 1799 3196 ex
1827 3138 2046 3196 ratione
2076 3158 2336 3215 personae
2375 3137 2801 3211 satisfacientis,

385 3218 517 3276 ideo
547 3240 651 3295 pro
681 3205 963 3297 dignitate
994 3220 1122 3296 ejus
1149 3220 1356 3278 crescit
1384 3220 1557 3277 etiam
1588 3217 1842 3310 dignitas
1870 3219 2056 3293 pretii,
2089 3226 2146 3276 et
2174 3218 2435 3294 pluribus
2464 3225 2654 3294 potest
2683 3219 2801 3275 sus—

385 3298 574 3356 ficere.
622 3301 786 3358 Licet
814 3320 1082 3356 nummus
1116 3320 1233 3356 non
1274 3300 1404 3376 plus
1433 3299 1671 3356 valeat
1658 3319 1714 3355 ιιι
1744 3317 1916 3355 manu
1966 3299 2162 3375 Regis,
2196 3318 2368 3374 quam
2399 3297 2665 3390 Captivi3
2715 3307 2802 3355 ta·

386 3397 517 3434 men
542 3388 714 3453 caput
742 3387 800 3436 et
828 3380 950 3436 vita
981 3379 1162 3454 Regis
1189 3379 1363 3455 longe
1394 3387 1626 3455 superat
1654 3379 1838 3454 pretio
1868 3378 2047 3436 vitam
2090 3378 2225 3435 vilis
2267 3378 2554 3453 mancipii,
2587 3389 2653 3435 ut
2681 3378 2804 3435 vita

390 3455 635 3512 Davidis
664 3458 794 3533 plus
824 3459 1139 3515 aestimatur
1167 3458 1405 3516 dimidio
1435 3458 1709 3533 exercitu,
1742 3463 1777 3516 2
1814 3459 1966 3516 Sam.
1998 3459 2162 3516 xviii.
2195 3462 2250 3517 3.
2286 3458 2381 3516 Sic
2424 3478 2574 3516 unus
2604 3457 2798 3515 Chris-

388 3544 482 3593 tus
511 3535 692 3611 pluris
749 3537 1020 3594 aestimari
1062 3536 1250 3610 debet,
1284 3558 1456 3614 quam
1486 3558 1685 3597 omnes
1724 3538 1912 3596 simul.
1959 3539 2231 3614 Dignitas
2259 3538 2496 3596 infinitae
2530 3538 2799 3595 Personae

386 3616 655 3674 exhaurit
682 3626 740 3674 et
767 3616 1039 3675 absorbet
1067 3637 1264 3675 omnes
1293 3617 1606 3676 infinitates
1636 3638 1820 3695 poenae
1847 3618 2016 3677 nobis
2045 3619 2287 3678 debitas.
2333 3626 2389 3675 2.
2422 3618 2552 3676 Non
2583 3638 2801 3676 novum

386 3704 490 3768 est,
524 3705 589 3753 ut
617 3697 772 3773 quod
815 3698 914 3755 uni
952 3698 1338 3755 necessarium
1368 3706 1472 3771 est,
1504 3699 1688 3773 possit
1736 3699 1909 3757 ctiam
1951 3699 2213 3774 pluribus
2242 3698 2517 3773 sufficere,
2565 3698 2798 3774 quando

384 3777 578 3853 agitur
623 3777 693 3835 de
741 3777 811 3836 iis
842 3798 971 3854 quae
1015 3777 1312 3835 indivisim
1341 3778 1856 3837 communicantur.
1945 3779 2112 3837 Unus
2160 3779 2276 3852 Sol,
2309 3778 2407 3854 qui
2436 3778 2798 3836 necessarius

381 3857 563 3915 estad
582 3858 940 3935 singulorum
961 3858 1455 3932 illuminationem,
1475 3858 1764 3916 universis
1786 3867 1977 3916 tamen
1998 3859 2391 3917 illuminandis
2409 3858 2635 3916 sufficit.
2667 3859 2800 3917 [na

380 3937 619 3995 victima
642 3938 960 3998 sufficiebat
978 3947 1034 3998 et
1066 3958 1166 4015 pro
1194 3938 1503 3997 Sacerdote
1535 3949 1592 3996 et
1620 3959 1723 4014 pro
1755 3939 1996 4016 Popu10.
2045 3939 2178 3997 Uno
2210 3938 2488 3997 sacrificio
2523 3938 2797 4015 propitia·

381 4017 527 4074 torio
566 4019 958 4077 anniversario
988 4019 1165 4079 totius
1193 4019 1392 4096 populi
1422 4027 1658 4094 peccata
1697 4019 2098 4095 expiabantur,
2144 4019 2280 4077 licet
2321 4026 2409 4077 tot
2436 4019 2798 4095 expiationes

380 4099 820 4172 requirerentur,
870 4109 1010 4175 quot
1053 4109 1216 4157 erant
1260 4099 1557 4172 Isra‘elitae,
1590 4098 1727 4174 quia
1754 4099 1926 4156 unica
1953 4099 2055 4156 illa
2099 4099 2354 4175 expiatio
2385 4099 2467 4157 sic
2517 4109 2640 4157 erat
2667 4098 2788 4157 uni·

378 4196 694 4251 versorum,
728 4188 791 4236 ut
820 4200 891 4236 ex
927 4179 1037 4236 Dei
1065 4177 1447 4238 destinatione
1493 4178 1639 4237 foret
1674 4178 1846 4236 etiam
1878 4179 2254 4255 singulorum.
2301 4183 2355 4238 3.
2392 4180 2688 4256 Scriptura
2716 4179 2799 4236 ita

378 4275 652 4332 expressa
681 4268 769 4317 est
792 4259 847 4314 in
874 4259 982 4316 hoc
1011 4259 1264 4335 negotiO,
1296 4268 1361 4318 ut
1388 4278 1574 4334 nemo,
1606 4258 1720 4315 nisi
1749 4259 1983 4335 obloqui
2013 4260 2262 4318 volucrit
2295 4259 2534 4335 Spiritui
2560 4260 2794 4330 Sancte,

377 4338 557 4429 possit
585 4338 732 4395 illud
762 4358 992 4414 negare.
1040 4339 1266 4414 Ecquid
1295 4339 1448 4396 enim
1477 4338 1710 4397 doceret
1740 4340 1926 4397 Isaias
1959 4340 2145 4397 Deum
2177 4340 2492 4416 conjecisse
2517 4341 2573 4397 in
2604 4339 2796 4415 ipsum

375 4415 708 4491 iniquitates
731 4420 986 4476 omniurn
1015 4427 1291 4493 nostrum,
1326 4419 1439 4476 Isa.
1463 4418 1566 4476 liii.
1598 4422 1653 4492 6,
1687 4428 1744 4478 et
1777 4419 2076 4493 PauluS,2
2110 4421 2238 4478 C.or
2272 4441 2326 4478 v,
2366 4423 2455 4493 14,
2490 4440 2663 4477 unum
2691 4440 2798 4495 pro

374 4496 641 4554 omnibus
672 4507 975 4573 mortuum,
1009 4506 1068 4557 et
1095 4497 1233 4555 alibi
1262 4498 1432 4556 unica
1474 4499 1765 4557 oblatione
1794 4520 1924 4557 eum
1953 4501 2202 4576 perfecte
2233 4518 2662 4559 consummasse
2693 4519 2799 4558 eos

373 4572 474 4647 qui
524 4575 599 4631 ad
630 4576 819 4633 Deum
848 4578 1145 4650 accedunt,
1182 4577 1332 4636 Heb.
1364 4599 1422 4636 x.
1460 4582 1549 4653 14,
1582 4579 1694 4637 nisi
1725 4587 1788 4637 ut
1817 4580 2018 4638 innuat
2046 4580 2273 4639 unicam
2304 4590 2546 4639 mortem
2578 4580 2800 4639 Christi
