3221 5200
581 323 698 380 588
1409 352 1599 393 Locus
1629 352 1896 392 memus
1928 315 2169 390 ssxrus.
2611 324 2906 404 [Qcaesr.
2946 342 3041 380 vn.
3129 261 3154 446 Ι

580 484 948 555 educatione,
980 493 1040 544 et
1067 492 1511 548 conservatione
1553 500 1861 567 perpetua,
1890 491 1994 548 sed
2037 489 2261 547 babent
2300 485 2407 560 ‚ius
2451 484 2529 540 ad
2575 482 3037 552 haereditateQ

582 559 758 618 Rom.
789 564 909 620 viii.
946 565 1035 634 17,
1066 568 1145 626 id.
1177 570 1607 643 possessionem
1637 572 1908 627 emnium
1954 571 2251 626 bonerum
2303 562 2514 632 Patris,
2544 569 2612 617 et
2665 561 2802 618 Dei
2850 562 3038 636 ipsius

577 638 941 714 fruitionem,
973 663 1108 718 quae
1138 657 1225 703 est
1252 649 1568 705 haereditas
1596 658 1818 706 nostra.

1176 725 1291 781 IX.
1313 725 1407 782 Ex
1425 728 1537 784 hac
1554 735 1758 783 autem
1784 727 2131 802 Adeptione
2151 719 2620 780 oriturLibertas
2637 716 3039 792 Christiana,-

579 795 803 843 Libertas
847 800 1052 871 cpi-isti·
1093 823 1225 877 quae
1256 822 1375 860 nen
1398 814 1489 860 est
1517 806 1863 862 immunitas
1880 807 1954 862 ab
1977 803 2253 860 omnibus
2285 799 2547 871 Legibus
2570 796 2823 855 divinis
2849 811 2915 857 et
2935 804 3040 858 hu-

633 858 929 973 {nezptiffflg
992 874 1050 904 ⁰¹
1092 880 1300 948 maniS,
1325 890 1385 938 et
1402 883 1641 939 licentia
1658 884 1896 940 vivendi
1924 903 2031 959 pre
2051 880 2312 948 arbitrie,
2335 884 2392 934 et
2409 876 2796 948 indulgendi
2816 898 3039 937 concu-

1089 959 1283 1032 piscen
1291 961 1387 1016 tiis
1399 961 1607 1031 carniS,
1623 970 1691 1018 ut
1701 963 1895 1036 placet
1907 959 2241 1027 Libertinis,
2254 958 2596 1013 libertatem
2616 955 2683 1010 in
2707 955 2884 1014 licen
2895 961 3040 1016 tiam

578 1039 986 1113 mutantibus;
1045 1036 1189 1094 Non
1220 1040 1522 1113 exemptio
1551 1058 1588 1095 a
1617 1041 1775 1096 civili
1805 1040 2169 1113 obligatione
2198 1033 2515 1101 servitutis,
2540 1039 2605 1087 et
2627 1052 2667 1089 a
2691 1036 3037 1095 tributiset

579 1115 1047 1188 Magistratuum
1068 1116 1503 1189 jurisdictione,
1527 1119 1766 1192 qualem
1781 1117 2193 1192 Anabaptistae
2215 1113 2363 1170 varii
2385 1117 2724 1181 sectantur,
2753 1123 2823 1170 et
2846 1134 3034 1189 quam

576 1194 687 1249 sibi
718 1194 990 1252 vendicat
1022 1196 1229 1253 Clerus
1259 1197 1569 1253 Romanus
1596 1203 1803 1252 contra
1830 1213 2165 1270 expressam
2209 1191 2532 1266 Scripturae
2563 1206 2818 1248 vocem.
2915 1195 3035 1253 Sed

575 1278 664 1326 est
690 1270 1013 1343 spiritualis
1040 1292 1109 1330 ac
1137 1275 1385 1348 mystica
1427 1274 1832 1344 manumissie,
1862 1274 2033 1330 nobis
2078 1278 2250 1347 parta
2277 1268 2569 1341 sanguine
2604 1268 2879 1341 Christi,
2914 1294 3034 1349 qua

576 1365 612 1404 a
639 1348 930 1422 spirituali
976 1352 1259 1408 servitute
1308 1351 1502 1426 Legis,
1551 1353 1800 1420 Peccati,
1839 1352 2079 1421 Mundi,
2110 1358 2170 1406 et
2217 1348 2470 1415 Satanae,
2516 1346 2700 1418 cujus
2758 1349 3032 1410 vinculis

573 1435 747 1482 antea
774 1430 1344 1502 constringebamur,
1368 1431 1428 1485 in
1457 1431 1719 1487 filiorum
1751 1431 1862 1487 Dei
1891 1431 2228 1486 libertatem
2250 1424 2588 1491 asserimur,
2609 1426 2690 1481 de
2715 1445 2856 1500 qua
2879 1429 2929 1486 J
2933 1434 3028 1488 oh.

570 1504 691 1560 viii.
724 1504 817 1574 32,
849 1506 943 1575 36,
976 1507 1148 1564 Rem.
1180 1508 1255 1564 vi.
1292 1508 1382 1576 15,
1415 1509 1507 1578 22,
1539 1517 1599 1566 et
1627 1509 1745 1566 viii.
1776 1510 1830 1577 2,
1863 1509 1917 1578 3,
1951 1508 2083 1566 Gal.
2114 1507 2194 1562 iii.
2229 1505 2320 1572 13,
2350 1510 2410 1560 et
2437 1503 2516 1558 iv·
2546 1503 2606 1570 6,
2639 1503 2743 1572 26,
2780 1515 2848 1562 et
2880 1526 2942 1565 v,
2978 1511 3028 1578 1,

572 1581 728 1639 Heb.
755 1583 815 1640 ii.
851 1585 941 1654 15,
972 1594 1032 1642 et
1078 1586 1222 1642 alibi
1267 1587 1484 1660 agitur,
1514 1606 1620 1662 per
1663 1605 1847 1661 quam
1895 1587 1957 1642 in
2003 1583 2484 1643 communionem
2513 1581 2720 1638 vocati
2779 1584 2927 1655 Dei,
2959 1597 3027 1643 ut

575 1659 785 1731 Patris,
817 1670 877 1718 et
907 1663 1124 1722 Christi
1153 1672 1223 1721 ut
1250 1665 1474 1722 Fratris
1502 1666 1707 1736 nostri,
1737 1665 2074 1722 dominium
2102 1662 2441 1720 obtinemus
2468 1658 2533 1714 in
2566 1658 2936 1736 Crcaturas,
2965 1675 3027 1722 et

570 1741 836 1798 haerecles
863 1760 1070 1801 sumus
1101 1743 1297 1818 Regni
1329 1743 1649 1801 Coelerum.

1470 1981 1870 2050 QUAESTIO
1917 1981 2075 2040 VII.

1348 2156 1425 2196 DE
1453 2155 1955 2196 JUSTIFICATIONE
1995 2156 2179 2198 FIDBI.

557 2298 665 2357 An
695 2298 875 2358 Fides
904 2319 1005 2356 vos
1021 2299 1292 2376 justificet
1307 2297 1557 2375 proprie
1587 2307 1640 2356 et
1660 2317 1771 2372 per
1797 2316 1873 2366 se,
1904 2302 2011 2352 An
2041 2307 2266 2355 tantum
2293 2293 2544 2362 relative,
2579 2304 2635 2349 et
2662 2295 2954 2368 oryam'ce
2979 2296 3012 2351 ,ἲ

721 2378 895 2436 Prius
924 2377 984 2435 N
990 2397 1100 2452 eg„
1127 2377 1349 2436 Pester.
1383 2377 1638 2446 Affirm.,
1663 2383 1868 2433 contra
1898 2375 2115 2446 Socin.‚
2147 2375 2472 2442 Remonst„
2503 2378 2564 2428 et
2594 2370 2827 2430 Pontis.

1158 2534 1208 2591 I.
1255 2535 1406 2593 Cum
1449 2535 1491 2593 J
1496 2534 1812 2591 ustificatie
1852 2533 2040 2608 possit
2079 2531 2349 2609 spectari,
2380 2530 2476 2586 vel
2507 2530 2690 2586 active
2730 2547 2770 2585 a
2817 2540 2999 2606 parte

1075 2614 1188 2670 Dei
1218 2615 1323 2688 qui
1359 2615 1666 2688 justificat,
1698 2614 1793 2669 vel
1819 2615 2064 2688 passive,
2094 2632 2131 2669 a
2157 2618 2324 2686 parte
2352 2608 2612 2667 heminis
2657 2608 2765 2688 qui
2803 2610 2998 2684 justi-

1071 2693 1317 2757 ficatur;
1364 2692 1603 2763 Duplex
1633 2692 1811 2747 etiam
1843 2691 1972 2765 ejus
2014 2690 2285 2747 tractatio
2328 2687 2556 2744 institui
2587 2694 2828 2761 potest:
2865 2688 2994 2747 Vel

552 2773 826 2841 respectu
854 2766 1039 2841 ipsius
1067 2767 1334 2823 beneficii
1361 2786 1398 2824 a
1428 2768 1556 2824 Dee
1584 2769 1756 2824 nobis
1785 2769 2025 2839 indulti,
2057 2776 2117 2824 et
2144 2768 2186 2826 J
2191 2767 2405 2823 ustitiae
2437 2765 2606 2821 nobis
2636 2765 2986 2839 imputatoe,

556 2846 676 2904 Vel
704 2853 975 2918 respectu
1003 2846 1355 2919 receptionis
1383 2853 1442 2902 et
1470 2846 1882 2920 applicationis
1910 2848 2042 2921 ejus
2070 2866 2204 2922 quae
2223 2847 2300 2902 -fit
2344 2863 2452 2918 per
2477 2844 2677 2913 fidem,
2712 2843 2810 2900 De
2852 2864 2987 2919 qua

540 2929 674 3005 jam
703 2942 952 2999 agimus.

552 2586 854 2634 Justificatie
876 2590 1035 2633 activa

657 2652 708 2689 et
739 2649 942 2703 passiva.

1148 3002 1240 3061 ΙΙ.
1286 3003 1406 3062 Hic
1434 3010 1635 3061 autem
1664 3024 1784 3061 nen
1816 3005 2297 3072 controvertitur,
2328 3006 2436 3059 An
2476 3002 2634 3080 fides
2675 3002 2982 3082 justificet,

1067 3083 1165 3140 Ita
1211 3083 1369 3140 enim
1418 3085 1574 3140 clare
1626 3083 1932 3159 Scriptura
1975 3086 2088 3140 hec
2136 3083 2356 3151 asserit,
2401 3088 2471 3139 ut
2524 3099 2699 3138 nemo
2748 3100 2982 3157 negare

1063 3164 1297 3219 audeat.
1384 3163 1500 3220 Sed
1544 3162 1835 3237 quaeritur
1876 3163 1950 3218 de
1993 3163 2162 3220 modo
2204 3180 2325 3235 quo
2371 3160 2676 3235 justificat,
2724 3157 2802 3216 In
2845 3180 2978 3236 quo

546 3241 933 3300 describendo
956 3241 1107 3298 mira
1134 3249 1220 3297 est
1249 3242 1676 3298 sententiarum
1705 3241 2114 3315 discrepantia.

933 3382 943 3392 ,
1144 3318 1273 3375 ΙΙΙ.
1318 3320 1665 3376 Adversarii
1708 3320 1770 3376 in
1812 3338 1883 3376 ee
1926 3319 2292 3376 conveniunt
2334 3336 2554 3388 omnes,
2598 3318 2764 3391 qued
2819 3318 2979 3379 fides

550 3378 1020 3481 Sffltgssgijugoemi‘
1053 3398 1342 3471 justificet
1389 3398 1723 3472 proprie‚et-
1762 3416 1867 3473 per
1908 3417 1986 3467 se,
2031 3406 2209 3472 atque
2250 3397 2401 3453 adeo
2443 3396 2518 3452 sit
2557 3396 2685 3470 ipsa
2723 3395 2975 3469 justit-ia

879 3470 891 3481 ⁸
1060 3482 1297 3542 nestra;
1343 3476 1459 3532 Sed
1489 3495 1623 3532 cum
1654 3476 1858 3550 aliquo
1877 3476 2228 3533 discrimine.
2314 3474 2614 3532 Sociniani
2641 3475 2800 3530 enim
2832 3493 2972 3549 per-

543 3552 801 3608 tendunt
839 3551 1018 3604 fidem
1046 3570 1151 3605 seu
1188 3559 1388 3607 actum
1423 3554 1702 3609 credendi
1729 3573 1854 3611 esse
1882 3573 2123 3612 causam
2156 3552 2595 3627 justificationis
2623 3560 2861 3621 nestrae,
2892 3564 2970 3612 ut

544 3647 665 3686 nen
695 3630 814 3685 alia
842 3627 918 3683 sit
944 3627 1288 3684 immediata
1315 3646 1383 3684 ac
1410 3629 1684 3687 formalis
1720 3633 1977 3705 justitia,
2008 3651 2129 3707 qua
2161 3631 2311 3705 justi
2341 3649 2547 3687 sumus
2576 3648 2775 3687 coram
2804 3630 2963 3703 Deo,

542 3726 723 3784 quam
765 3708 910 3763 fides
952 3714 1191 3776 nestra3
1238 3706 1316 3763 Et
1353 3707 1700 3780 justificatio
1741 3710 1817 3765 sit
1857 3711 2213 3767 universalis
2255 3710 2489 3766 affectio
2536 3708 2708 3778 fidei;
2755 3716 2788 3741 ‘⁶
2809 3708 2873 3765 N
2879 3729 2963 3768 eu

542 3789 706 3863 quod
729 3788 875 3843 fides
897 3784 1177 3842 virtutem
1199 3786 1488 3842 efficiendi
1509 3785 1809 3859 justitiam
1833 3796 1892 3845 et
1915 3790 2098 3846 vitam
2127 3789 2188 3845 in
2218 3806 2278 3844 sc
2306 3788 2633 3854 contincat;
2664 3787 2766 3843 sed
2790 3790 2963 3862 qued

542 3874 851 3924 censeatur
878 3864 1014 3922 talis
1043 3884 1145 3939 per
1172 3865 1495 3940 gratuitam
1528 3865 1639 3921 Dei
1667 3868 2203 3942 acceptilatione1n;
2234 3885 2356 3941 qua
2377 3866 2569 3922 visum
2598 3866 2651 3922 ei
2680 3876 2963 3940 reputare

538 3947 717 4002 fidem
745 3963 853 4020 pre
882 3943 1141 4018 perfecta
1159 3945 1413 4017 justitia,
1439 3943 1560 3999 sive
1588 3963 1697 4017 pre
1727 3946 1984 4019 perfecta
2009 3946 2184 4019 Legis
2213 3944 2574 4019 impletione,
2593 3945 2757 4000 haud
2786 3963 2961 4004 secus

540 4043 722 4099 quam
746 4024 889 4079 elim
919 4024 1032 4078 sub
1062 4023 1302 4079 Foedere
1333 4022 1559 4096 Legali,
1582 4023 1844 4096 perfecta
1873 4024 2050 4098 Legis
2079 4023 2417 4080 obedient-ia
2444 4030 2571 4079 erat
2601 4022 2960 4080 universalis

539 4104 647 4160 illa
681 4101 937 4174 justitia,
981 4119 1054 4155 ex
1098 4119 1218 4174 qua
1261 4102 1556 4175 pendebat
1601 4102 1782 4158 vita.'’
1876 4102 1965 4159 Ut
2008 4102 2256 4159 Socinus
2298 4105 2372 4158 de
2422 4102 2685 4158 Servate.
2729 4102 2960 4174 passim

540 4181 826 4255 loquitur,
854 4179 1143 4236 Smalzius
1170 4180 1229 4235 in
1277 4179 1510 4254 Disput.
1542 4188 1698 4237 cont.
1731 4180 1983 4251 F1·anzi.,
2016 4181 2276 4237 Velkeli.
2307 4181 2407 4237 lib.
2438 4179 2515 4236 iv,
2547 4197 2672 4253 cap.
2704 4177 2758 4233 3.
2846 4180 2954 4236 Ad

540 4277 690 4333 ques
718 4258 813 4314 hic
843 4259 1133 4315 accedunt
1164 4257 1666 4328 RemonstranteS,
1697 4258 1757 4314 in
1791 4259 2173 4318 Confessiene
2203 4277 2330 4328 sua,
2361 4278 2407 4315 c.
2440 4258 2533 4314 21.

1136 4334 1252 4392 IV.
1300 4335 1594 4392 Pontificii
1637 4339 1851 4393 volunt
1880 4338 2054 4394 fidem
2084 4356 2207 4395 esse
2236 4354 2472 4393 causam
2514 4335 2952 4409 disponentem,

1048 4420 1107 4469 et
1148 4414 1271 4469 sine
1299 4432 1419 4487 qua
1447 4433 1584 4482 nen,
1616 4434 1749 4488 quae
1779 4434 1896 4471 non
1928 4423 2161 4473 tantum
2191 4416 2469 4490 disponat
2511 4415 2588 4471 ad
2624 4413 2951 4488 justitiam,

539 4495 641 4549 sed
685 4493 862 4550 etiam
902 4492 1087 4565 ipsam
1123 4490 1606 4564 justificationem
1650 4493 1886 4549 inchoet
1921 4502 1981 4550 et
2021 4502 2334 4551 mercatur.
2422 4492 2644 4550 Cencil.
2677 4490 2949 4551 Trident.

540 4571 688 4627 Sess.
719 4571 796 4626 vi.
828 4588 954 4644 cap.
987 4571 1041 4638 6,
1102 4577 1135 4602 “
1165 4569 1228 4625 Si
1274 4568 1407 4643 quis
1456 4569 1674 4626 dixerit
1722 4573 1850 4627 sola
1895 4573 2012 4628 fide
2058 4572 2310 4646 impium
2352 4571 2685 4645 justificari,
2741 4570 2827 4627 ita
2878 4580 2952 4629 ut

538 4646 855 4719 intelligat,
901 4647 1049 4701 nihil
1080 4646 1243 4702 aliud
1278 4646 1515 4719 requiri,
1546 4650 1708 4721 qued
1733 4651 1805 4704 ad
1829 4650 2269 4722 justificationis
2296 4649 2548 4722 gratiam
2577 4667 2949 4722 consequen·

609 3065 781 3135 Status
797 3062 963 3135 Quass-

707 3131 868 3168 tionis.

539 4391 605 4435 Et
623 4389 1006 4434 Pontificierum.

3133 453 3164 726 l
