3221 5200
462 269 577 328 376
1228 275 1410 321 Locus
1440 278 1700 322 Dncnms
1730 276 2018 329 QUARTUS.
2502 261 2761 344 [onmes.
2798 282 2884 326 χι,

458 428 626 507 pretii
658 424 1056 503 aequivalentis
1079 423 1439 496 solutionem,
1472 432 1528 482 et
1556 444 1686 500 quae
1715 423 1938 482 obtinet
1959 422 2246 481 meritorie
2268 441 2341 479 ex
2374 424 2604 500 justitia
2639 426 2684 485 J
2690 428 2881 486 udicis

460 509 858 567 liberationem
907 505 1031 579 Rei,
1075 524 1246 580 quam
1278 523 1352 561 ex
1382 505 1578 563 Verbo
1631 504 1740 562 Dei
1770 503 2164 580 praedieamuS,
2201 503 2297 559 Illi
2338 524 2477 562 vero
2505 507 2882 582 pertinaciter

461 590 746 647 re‘iciunt.

516 611 651 726 JIV.
696 667 908 740 Tertio,
942 665 1073 722 Non
1124 663 1425 738 Quaeritur,
1460 665 1557 721 An
1605 663 1869 722 Christus
1908 683 2025 739 pro
2073 663 2224 721 nobis
2253 664 2461 721 utiliter
2488 674 2749 725 mortuus
2780 668 2876 742 sit,

460 747 536 808 id.
567 751 707 807 bono
735 757 941 819 nostro,
974 754 1037 803 ut
1066 764 1221 801 mors
1251 744 1403 802 illius
1432 745 1599 802 nobis
1629 745 1811 821 prosit
1832 743 2233 816 diversimode,
2267 745 2422 820 quod
2440 765 2555 802 non
2584 747 2879 807 illibenter

458 830 799 907 largiuntur.
863 825 978 884 Sed
1009 826 1107 882 An
1138 832 1396 882 mortuus
1425 825 1500 883 sit
1520 846 1635 900 pro
1664 826 1816 882 nobis
1842 824 2192 896 substitutiva,
2225 823 2301 881 id.
2335 828 2452 882 Ioco
2481 836 2689 902 nostro,
2722 838 2788 886 ut
2818 829 2875 885 in

459 910 646 967 vicem
677 917 931 966 nostram
962 905 1307 963 substitutus
1356 925 1556 981 poenas
1600 906 1768 963 nobis
1817 904 2042 962 debitas
2084 903 2143 960 iu
2194 924 2255 961 se
2296 906 2624 982 receperit?
2706 907 2878 981 Quod

461 989 871 1066 pertendimus,

541 1070 617 1127 V.
666 1067 946 1143 Denique,
978 1085 1094 1123 non
1138 1064 1440 1139 Quaeritur,
1496 1065 1593 1122 An
1626 1065 1889 1123 Christus
1933 1064 2007 1121 sit
2040 1064 2314 1121 Servator
2344 1076 2555 1140 noster,
2603 1068 2696 1125 vel
2741 1071 2873 1125 (Ioc-

463 1149 625 1207 trinoe
670 1147 977 1223 prece-onie,
1026 1145 1160 1222 quia
1209 1145 1363 1202 viam
1398 1146 1600 1204 salutis
1651 1145 1817 1204 nobis
1859 1144 2248 1218 annunciawt,
2295 1145 2390 1202 vel
2431 1147 2555 1203 vitae
2597 1152 2871 1224 exemplo,

464 1230 601 1306 quia
645 1248 771 1285 eam
812 1236 869 1285 et
918 1226 1229 1284 virtutibus
1275 1234 1332 1284 et
1376 1226 1670 1283 miraculis
1700 1223 2077 1299 confirmavit,
2126 1224 2221 1282 vel
2239 1227 2496 1299 potentia
2553 1237 2611 1286 et
2665 1231 2879 1300 efficaci

462 1307 970 1381 communicatione,
1003 1306 1139 1382 quia
1167 1326 1293 1363 eam
1323 1307 1511 1382 reipsa
1540 1306 1781 1364 daturus
1822 1314 1910 1363 est
1953 1324 2057 1362 suo
2097 1313 2371 1380 tempore.
2447 1307 2692 1366 Soeinus
2720 1310 2872 1366 enim

462 1389 563 1446 lib.
601 1392 652 1446 1.
683 1387 755 1445 de
789 1388 1011 1445 Servat.
1043 1406 1167 1462 cap.
1200 1388 1254 1461 5,
1289 1389 1342 1460 6,
1368 1386 1493 1444 haec
1523 1387 1716 1444 omnia
1746 1384 1974 1444 Christo
2005 1385 2284 1443 concedit.
2355 1385 2470 1444 Sed
2495 1387 2592 1443 An
2621 1390 2874 1446 maxime

460 1468 687 1546 proprie
738 1476 996 1526 servator
1037 1466 1206 1524 fuerit
1250 1466 1638 1525 satisfactione
1669 1476 1727 1525 et
1773 1466 2027 1523 merito?
2130 1465 2297 1538 Quod
2339 1486 2551 1543 magno
2579 1469 2874 1526 molimine

459 1559 516 1607 et
544 1557 738 1625 aperte
768 1555 1104 1624 oppugnant
1148 1546 1513 1621 Adversarii3
1581 1546 1903 1606 Orthodoxi
1946 1553 2276 1603 constanter
2312 1554 2561 1621 tuentur,
2610 1558 2667 1607 et
2697 1549 2874 1606 variis

459 1628 815 1706 argumentis
844 1628 1056 1685 invicte
1087 1628 1348 1702 probant.

458 1754 497 1796 v
561 1753 630 1795 ‘ta
775 1753 808 1794 t·
842 1751 865 1794 s
925 1775 936 1784 .
1061 1707 1171 1765 VI.
1220 1708 1473 1764 Primum
1521 1706 1946 1784 Argumentum
1990 1704 2203 1782 petitur
2224 1706 2296 1762 ab
2326 1706 2442 1763 illis
2472 1706 2632 1781 locis,
2661 1706 2719 1764 in
2746 1708 2873 1783 qui·

506 1765 664 1854 {aniz}
682 1764 946 1866 pfigblgtffi:
988 1787 1096 1845 bus
1128 1787 1389 1845 Christus
1420 1787 1630 1845 dicitur
1656 1807 1763 1845 nos
1792 1786 2135 1859 redemisse3
2182 1794 2239 1844 et
2268 1786 2499 1862 quidem
2529 1788 2712 1863 pretio
2742 1808 2871 1845 san-

518 1866 559 1912 1-
594 1869 667 1913 Ex
704 1869 942 1938 Redemp-
985 1867 1194 1943 guiniS,
1228 1867 1364 1943 quia
1413 1868 1512 1925 ubi
1555 1867 1801 1944 pretium
1841 1866 2068 1943 proprie
2098 1866 2334 1940 dietum,
2367 1875 2425 1924 et
2453 1867 2686 1943 quidem
2716 1867 2872 1924 suffi-

518 1929 650 1972 tione
682 1927 902 1978 christu
986 1947 1400 2005 cientissimum
1431 1948 1751 2020 intercedit,
1775 1947 1853 2004 ibi
1884 1966 2078 2003 veram
2099 1955 2157 2003 et
2184 1947 2412 2023 proprie
2442 1947 2655 2005 dietam
2700 1949 2870 2005 satis·

457 2030 761 2088 factionem
806 2028 927 2086 dari
958 2047 1191 2086 necesse
1235 2036 1355 2102 est3
1407 2028 1654 2103 pretium
1699 2028 1851 2084 enim
1902 2026 2042 2083 dicit
2070 2027 2242 2101 σχίσιν
2270 2027 2343 2083 ad
2363 2027 2650 2103 justitiam
2680 2027 2873 2084 distri·

458 2111 736 2168 butivam.
823 2110 979 2167 Loca
1007 2128 1145 2166 vero
1185 2128 1313 2185 quae
1358 2108 1417 2166 id
1458 2108 1704 2184 probant
1748 2116 1881 2166 sunt
1910 2106 2086 2179 varia,
2124 2112 2150 2163 1
2188 2109 2315 2164 Cor.
2347 2107 2425 2165 vi.
2458 2110 2552 2181 20,
2584 2107 2875 2188 ἧγοςείο-Θητι

458 2196 624 2262 maiia
683 2195 717 2223 “
747 2189 1025 2265 redempti
1074 2188 1213 2246 estis
1268 2189 1510 2265 pretio,''
1564 2192 1591 2246 1
1650 2188 1775 2246 Pet.
1821 2187 1858 2244 i.
1898 2190 1987 2261 19,
2039 2187 2404 2264 “Redempti
2455 2187 2592 2245 estis
2641 2209 2675 2245 a
2723 2208 2874 2245 vana

457 2271 892 2329 conversatione
922 2278 1132 2343 vestra,
1180 2288 1295 2326 non
1344 2269 1517 2327 rebus
1545 2266 2029 2345 corruptibilibus,
2067 2287 2205 2324 auro
2235 2276 2292 2324 et
2334 2276 2591 2344 argente,
2623 2268 2724 2325 sed
2745 2288 2876 2344 pre·

457 2351 604 2409 tioso
636 2350 914 2427 sanguine
946 2348 1175 2421 Christi,
1210 2358 1273 2406 ut
1301 2349 1437 2425 agni
1467 2348 1805 2426 inculpati,''
1870 2347 1984 2405 Tit.
2018 2347 2073 2404 ii.
2110 2350 2199 2418 14,
2269 2347 2590 2406 “Christus
2614 2348 2874 2425 seipsum

456 2430 617 2490 dedit
645 2452 747 2507 pro
803 2430 988 2501 nobiS,
1014 2437 1080 2487 ut
1107 2448 1214 2485 nos
1237 2429 1542 2488 redimeret
1564 2430 1638 2487 ab
1662 2428 1818 2487 omni
1837 2427 2198 2503 iniquitate,'’
2246 2427 2395 2503 pr.
2428 2428 2463 2484 i.
2491 2433 2543 2502 7,
2594 2431 2629 2460 ‘⁴
2654 2427 2724 2484 In
2755 2448 2872 2503 quo

458 2510 905 2586 redemptionem
963 2509 1242 2565 habemus
1290 2529 1392 2585 per
1420 2510 1547 2586 ejus
1597 2508 1997 2584 sanguinem,’'
2043 2508 2120 2565 Et
2166 2507 2374 2566 Matth.
2420 2528 2520 2566 xx.
2553 2511 2649 2566 28.
2712 2508 2871 2565 “Fi-

454 2590 568 2648 lius
596 2589 847 2647 hominis
890 2588 1049 2646 venit
1093 2596 1159 2645 ut
1200 2587 1363 2646 daret
1410 2589 1659 2646 animam
1708 2609 1869 2646 suam
1914 2587 2087 2668 λὺτςον
2115 2593 2222 2645 ἀντὶ
2251 2591 2469 2660 romb,
2502 2588 2749 2665 pretium
2780 2610 2872 2646 so-

455 2671 693 2727 lutionis
722 2689 824 2746 pro
853 2667 1109 2724 multis.”
1199 2668 1339 2725 Ideo
1368 2688 1581 2725 nomen
1604 2668 1648 2727 .Ῑ
1652 2688 1753 2726 esu
1784 2668 1866 2725 illi
1904 2669 2119 2743 datum,
2152 2670 2288 2745 quia
2319 2675 2353 2702 “
2377 2669 2718 2727 salvaturus
2748 2679 2875 2727 erat

460 2748 736 2825 populum
768 2769 802 2804 a
830 2747 1081 2824 peccatis
1111 2747 1367 2820 eorum,'’
1415 2747 1625 2805 Matth.
1656 2747 1694 2804 i.
1726 2749 1822 2804 21.

539 2829 684 2886 VII.
732 2828 897 2886 Licet
928 2847 1063 2884 vero
1092 2827 1422 2902 Redemptio
1452 2847 1863 2904 nonnunquam
1892 2828 1953 2885 in
2003 2828 2284 2904 scriptura
2312 2836 2571 2887 sumatur
2597 2850 2700 2906 pro
2734 2829 2870 2886 sim·

456 2908 592 2986 plici
621 2909 977 2981 liberatione,
1028 2927 1156 2984 quae
1184 2905 1251 2965 fit
1279 2907 1459 2985 gratis
1487 2908 1649 2966 nullo
1689 2907 2075 2967 intercedente
2119 2909 2318 2985 pretiO,
2352 2909 2639 2986 quomodo
2673 2910 2875 2968 Moses

457 2992 705 3071 Aurem-315
735 2997 991 3062 vocatur,
1027 2989 1160 3046 Act.
1193 2988 1292 3045 vii.
1325 2991 1419 3063 35,
1451 2997 1509 3046 et
1534 2988 1694 3047 Deus
1724 2988 1933 3047 dieitur
1959 2988 2269 3046 redemisse
2300 2990 2571 3067 populum
2605 3010 2769 3048 suum
2797 3010 2872 3047 ex

457 3072 741 3149 AEgyptO,
791 3072 964 3129 Deut.
1016 3068 1115 3127 vii.
1162 3071 1216 3140 8,
1272 3069 1425 3126 Psal.
1482 3068 1693 3126 lxxvii.
1743 3072 1835 3143 15,
1880 3077 1938 3126 et
1979 3068 2135 3141 alibi,
2185 3070 2314 3126 Non
2361 3070 2618 3146 sequitur
2666 3069 2871 3128 eodem

456 3173 630 3211 sensu
661 3151 997 3210 sumendam
1028 3170 1152 3208 esse
1184 3148 1241 3207 in
1285 3150 1395 3206 hoc
1443 3157 1802 3226 argumente.
1890 3149 2017 3206 Imo
2062 3150 2245 3208 multa
2271 3150 2517 3226 probant
2556 3150 2785 3226 proprie
2816 3160 2875 3208 et

456 3235 650 3291 stricte
675 3231 1108 3308 intelligendam
1128 3250 1273 3288 esse:
1323 3233 1372 3288 1.
1396 3230 1544 3303 Quia
1564 3230 1689 3288 haee
1718 3238 1806 3287 est
1833 3229 2103 3306 primaria
2131 3239 2189 3287 et
2215 3231 2466 3287 maxime
2494 3231 2725 3306 propria
2752 3230 2872 3307 sig-

456 3312 708 3370 nificatio
733 3312 1057 3383 verborum,
1086 3318 1304 3389 λυτςοῢν,
1327 3310 1655 3392 oin-omrem»,
1683 3331 1716 3366 a
1737 3328 1851 3385 qua
1869 3309 2253 3367 recedendum
2271 3329 2385 3367 non
2409 3319 2498 3368 est
2526 3310 2648 3367 sine
2671 3330 2868 3368 neces-

456 3392 645 3449 sitate.
732 3392 852 3448 Nee
902 3391 1010 3446 1100
1062 3390 1335 3448 diffitetur
1381 3390 1786 3464 AdversariuS,
1818 3389 1918 3447 lib.
1950 3390 2007 3446 ii.
2041 3389 2111 3447 de
2147 3391 2342 3447 Serva.
2376 3410 2498 3466 cap.
2535 3393 2585 3463 l,
2634 3394 2669 3422 “
2692 3391 2867 3448 Redi·

456 3490 611 3527 mere
658 3469 925 3544 aliquem,
958 3469 1098 3525 nihil
1152 3469 1309 3526 aliud
1354 3470 1580 3546 proprie
1632 3469 1935 3545 significat,
1988 3490 2159 3544 quam
2191 3470 2481 3546 captivum
2530 3490 2560 3528 e
2603 3470 2871 3530 manibus

457 3550 612 3607 illius
647 3548 745 3624 qui
790 3548 951 3605 illum
995 3547 1212 3605 detinet
1242 3548 1376 3606 dato
1405 3550 1588 3625 pretio
1625 3550 1929 3607 liberare.’'
2016 3554 2071 3607 2.
2121 3550 2268 3623 Quia
2312 3550 2565 3609 conditio
2619 3550 2871 3609 hominis

457 3628 777 3688 redimendi
824 3629 930 3688 hoc
982 3627 1250 3705 postulat,
1303 3636 1500 3704 utpote
1550 3630 1667 3706 qui,
1699 3649 1815 3686 non
1843 3629 2015 3687 modo
2048 3630 2278 3688 Diaboli
2309 3640 2367 3688 et
2414 3629 2634 3704 mortis»,
2680 3630 2781 3688 sed
2812 3640 2871 3689 et

457 3710 697 3788 peccati,
730 3719 845 3768 tam
877 3708 1066 3785 quoad
1097 3717 1334 3780 reatum,
1368 3729 1538 3784 quam
1589 3709 1781 3786 quoad
1829 3710 2130 3782 maculam,
2180 3711 2356 3786 Legis
2385 3731 2452 3769 ae
2494 3711 2538 3770 J
2542 3710 2752 3769 ustitiae
2783 3711 2868 3769 di·

457 3791 607 3849 vinae
660 3790 735 3849 sit
777 3790 1059 3867 captivus,
1093 3785 1316 3855 ὑπόδικος
1360 3789 1628 3848 nimirum
1656 3816 1724 3864 τῳ
1755 3801 1863 3865 &up
1905 3800 1964 3848 et
2008 3791 2193 3849 Filius
2236 3792 2351 3866 irae,
2397 3811 2431 3848 a
2472 3811 2588 3867 qua
2629 3790 2869 3867 proinde

454 3871 687 3931 liberari
718 3891 830 3929 11011
870 3871 1073 3948 potuit,
1117 3870 1227 3928 nisi
1273 3870 1408 3928 ‹lata
1458 3869 1865 3929 satisfactione.
1938 3874 1993 3929 3.
2025 3870 2186 3928 Talis
2234 3881 2322 3930 est
2369 3871 2706 3947 redemptiO,
2738 3890 2869 3947 quae

456 3953 610 4012 faeta
651 3962 740 4011 est
791 3952 1118 4009 interventu
1167 3951 1353 4027 pretii,
1392 3955 1420 4008 1
1457 3952 1585 4009 Cor.
1618 3950 1696 4008 vi.
1742 3952 1837 4024 20,
1870 3971 2144 4026 quorsum
2174 3971 2312 4008 vero
2355 3951 2554 4031 λὺτςου,
2587 3951 2682 4009 vel
2725 3958 2871 4026 τιμίῐς

454 4033 617 4092 fieret
646 4032 877 4106 mentiO,
912 4032 959 4089 si
989 4031 1209 4089 nullum
1252 4031 1497 4107 pretium
1540 4030 1740 4088 datum
1770 4034 1902 4088 est?
1943 4051 2075 4089 nam
2122 4031 2278 4108 quod
2322 4031 2568 4107 additur,
2597 4032 2710 4090 boc
2751 4032 2870 4090 dici

456 4113 781 4190 improprie,
814 4112 951 4189 quia
977 4111 1049 4169 ad
1080 4111 1438 4187 praesentiam
1472 4112 1597 4188 ejus
1625 4111 1952 4186 liberamur,
1985 4111 2166 4188 gratis
2205 4112 2560 4188 supponitur,
2592 4131 2708 4170 non
2738 4133 2868 4189 pro·

454 4194 660 4252 batur:
706 4193 820 4250 imo
840 4191 1187 4250 eontrarium
1212 4191 1393 4248 solide
1416 4190 1726 4268 colligitur,
1753 4210 1825 4248 ex
1849 4211 1917 4249 eo
1946 4192 2103 4269 quod
2124 4193 2369 4268 pretium
2398 4192 2555 4250 istud
2578 4191 2872 4251 confertur

456 4294 587 4331 cum
627 4273 798 4330 rebus
842 4272 1166 4347 quibusque
1216 4271 1543 4346 carissimis,
1595 4291 1752 4345 auro,
1785 4282 2042 4348 argente,
2075 4280 2133 4330 et
2177 4272 2438 4349 gemmiS,
2470 4293 2598 4348 quae
2627 4292 2764 4330 vere
2811 4283 2870 4332 et

454 4353 681 4430 proprie
712 4353 850 4410 dieti
880 4351 1047 4427 pretii
1096 4350 1372 4409 rationem
1404 4352 1637 4427 habent,
1675 4355 1700 4408 1
1739 4351 1863 4409 Pet.
1894 4352 1930 4409 i.
1980 4356 2072 4410 18.
2144 4357 2199 4410 4.
2234 4353 2354 4410 Νο0
2382 4352 2552 4410 modo
2584 4351 2766 4431 λὺτςοο
2794 4353 2874 4411 sit

455 4432 689 4507 mentiO,
717 4432 817 4490 sed
847 4441 905 4488 et
933 4430 1238 4509 o’evrcm'ngov,
1271 4431 1425 4507 quod
1456 4453 1570 4490 non
1600 4431 1850 4508 quodvis
1891 4433 2138 4509 pretium
2168 4441 2346 4507 notat,
2380 4433 2483 4491 sed
2512 4434 2870 4509 aequivalens

456 4512 670 4584 debite,
702 4520 760 4569 et
803 4512 917 4569 tale
947 4512 1103 4587 quod
1132 4512 1635 4571 commutationem
1680 4511 1973 4584 debitoriS,
2006 4521 2064 4571 et
2107 4533 2303 4570 veram
2343 4513 2868 4590 compensationem

455 4590 636 4649 debiti
681 4600 860 4663 notat,
891 4611 1018 4665 qnae
1049 4591 1139 4647 vis
1179 4600 1265 4648 est
1297 4592 1716 4667 praepositionis
1760 4597 1887 4661 avr),
1940 4613 2068 4668 quae
2112 4593 2205 4651 hie
2246 4594 2711 4652 substitutionem
2761 4613 2867 4651 no·
