3221 5200
317 369 548 419 Quies-r.
580 348 721 430 vm]
1224 366 1304 405 na
1334 366 1583 408 roensas
1614 366 1869 409 onum.
2631 358 2742 416 199

323 511 491 589 Reip.
523 508 862 569 Israeliticae
904 526 1007 585 per
1052 508 1279 566 Mosem
1325 509 1557 584 erectiO,
1605 510 1775 587 cujus
1818 509 2099 569 beneficio
2143 509 2333 570 foedus
2377 513 2579 590 gratiae
2623 534 2740 574 non

318 591 492 650 modo
520 590 803 650 rationem
831 588 1244 667 promissionis,
1275 597 1334 648 et
1372 588 1606 648 foederis
1648 590 1867 666 habuit,
1913 591 2017 650 sed
2057 591 2299 650 formam
2340 593 2738 670 perfectiorem

318 681 380 731 et
426 672 614 748 magis
663 668 1167 744 testamentariam,
1219 669 1376 746 quod
1425 670 1710 729 sancitum
1759 670 1868 730 fuit
1922 672 1982 730 in
2027 672 2308 749 sanguine
2333 673 2736 751 ‚victimarum,

321 752 513 810 Exod.
542 752 728 825 xxiv„
761 751 822 808 in
851 749 1179 827 symbolum
1210 749 1509 826 sanguinis
1540 751 1773 825 Christi,
1821 751 2031 810 Matth.
2061 753 2227 811 xxvi.
2311 753 2508 812 Antea
2547 755 2737 814 foedus

315 832 395 891 ad
422 841 608 890 certas
635 840 860 890 tantum
889 849 1163 906 personas
1192 839 1250 888 et
1277 831 1525 889 familias
1565 832 1894 891 restrictum
1939 831 2157 908 suerat3
2225 832 2310 892 At
2355 854 2460 911 per
2508 835 2736 894 Mosem

317 921 441 971 tum
471 912 760 990 objectiva
787 911 898 969 fuit
924 910 1279 987 ampliatum,
1311 918 1510 988 utpote
1541 932 1674 970 cum
1701 913 1928 989 integra
1957 921 2014 970 et
2043 932 2348 971 numerosa
2388 923 2561 991 gente
2604 935 2733 974 san-

315 993 513 1067 citum,
546 1002 669 1050 tum
698 990 1020 1069 subjective
1049 1010 1085 1048 a
1111 999 1273 1067 parte
1303 992 1483 1069 ipsius
1511 991 1746 1051 foederis
1773 1012 1876 1069 per
1903 992 2116 1051 multas
2138 993 2510 1052 solennitates
2556 996 2733 1054 stabi·
2807 993 2812 997 ’

315 1073 424 1147 liti,
456 1073 627 1146 aucti,
675 1091 792 1130 non
836 1079 1061 1130 tantum
1112 1072 1393 1131 Paschate
1438 1072 1643 1130 aliisve
1697 1073 2099 1146 Sacramentis,
2153 1073 2256 1131 sed
2297 1074 2735 1152 quamplurimis

314 1152 461 1226 aliis,
509 1152 827 1230 praesertim
876 1151 1201 1225 Sacrifieiis,
1249 1151 1452 1210 mortis
1502 1152 1717 1211 Christi
1764 1152 1985 1230 figuris,
2037 1153 2445 1212 accedentibus
2490 1155 2734 1214 subinde

315 1233 487 1290 novis
517 1232 824 1291 Vaticiniis
852 1230 924 1290 de
954 1231 1183 1290 Christo
1213 1251 1317 1290 suo
1347 1241 1603 1310 tempore
1633 1232 1963 1291 revelando.
2048 1232 2142 1291 Ita
2175 1242 2481 1311 postquam
2525 1235 2732 1294 Semen

316 1312 640 1371 Abrahami
668 1313 728 1370 in
758 1304 1042 1388 integram
1072 1321 1304 1388 gentem
1333 1312 1631 1388 excrevit;
1679 1314 1840 1371 Deus
1883 1333 1945 1371 se
1987 1313 2074 1371 illi
2115 1313 2454 1372 liberatione
2497 1315 2731 1393 AEgyp-

313 1392 467 1451 tiaea
503 1393 786 1452 clarissim
824 1392 1145 1469 epatefecit,
1184 1412 1302 1449 non
1343 1391 1516 1450 modo
1558 1401 1625 1451 ut
1664 1411 1753 1451 ’τε
1773 1395 1852 1470 bx,
1900 1393 2048 1452 Gen.
2092 1394 2235 1452 xvii.
2284 1396 2334 1468 1,
2366 1393 2443 1452 id.
2476 1396 2735 1474 omnipo-

312 1479 530 1532 tentem
558 1482 617 1533 et
645 1473 755 1531 sibi
795 1472 1357 1547 sufficientissimum,
1403 1493 1478 1531 ne
1526 1472 1658 1550 quis
1703 1471 1775 1531 de
1823 1473 2265 1550 promissionum
2314 1474 2733 1552 complemento

312 1552 602 1612 dubitaret
626 1576 639 1630 3
687 1552 789 1611 sed
818 1553 991 1611 etiam
1020 1561 1083 1611 ut
1105 1573 1235 1628 nst-1⁸,
1271 1553 1459 1612 Exod.
1490 1553 1568 1612 vi.
1602 1558 1658 1627 2,
1680 1555 1735 1626 3,
1756 1553 1856 1630 qui
1885 1574 2016 1612 cum
2035 1555 2355 1613 aeternitate
2384 1564 2443 1614 et
2464 1555 2729 1615 immuta-

312 1632 536 1692 bilitate
565 1633 847 1706 essentiae,
877 1633 1116 1692 haberet
1144 1634 1525 1692 constantiam
1554 1640 1614 1692 et
1642 1632 1977 1692 fidelitatem
2007 1635 2068 1692 in
2109 1635 2393 1711 promisso
2436 1635 2728 1713 implendo

312 1711 751 1852 debliberztione
780 1713 979 1791 populi
1007 1734 1041 1770 a
1069 1713 1404 1790 captivitate
1434 1713 1811 1791 AEgyptiaea,
1844 1714 2002 1791 quod
2029 1734 2160 1772 cum
2191 1715 2317 1791 ipso
2359 1714 2730 1792 implemento

314 1810 384 1851 su
426 1793 564 1852 siste
607 1801 681 1853 at.

921 1873 1138 1932 XXV.
1184 1873 1256 1929 In
1283 1872 1394 1930 hoc
1436 1873 1744 1932 intervallo
1773 1872 1924 1932 facta
1965 1874 2074 1932 fuit
2117 1874 2285 1949 Leqc's
2325 1876 2727 1950 promulqatiO,

332 1938 770 2043 Lt‘i'ffjlzl’ffft'fflffffi
839 1953 1007 2030 cujus
1036 1953 1269 2012 Author
1291 1953 1452 2011 Deus
1479 1953 1605 2027 fuit,
1638 1953 1843 2011 unicus
1872 1953 1969 2012 ille
1996 1954 2338 2030 Legislator,
2371 1953 2470 2030 qui
2500 1974 2729 2014 servare

725 2029 738 2042 '
836 2042 1028 2111 potest
1076 2042 1136 2092 et
1178 2032 1435 2110 perdere,
1483 2035 1615 2092 Jac.
1663 2034 1741 2092 iv.
1784 2036 1875 2108 12,
1921 2033 2022 2111 qui
2060 2035 2175 2092 Jus
2207 2033 2443 2110 Imperii
2487 2034 2549 2091 in
2595 2055 2730 2093 con-

313 2113 584 2173 scientias
610 2115 803 2187 habet,
836 2123 895 2172 ct
923 2112 1022 2190 qui
1055 2113 1326 2172 Israelem
1356 2112 1467 2170 sibi
1496 2113 1556 2171 in
1582 2112 1863 2190 populum
1905 2113 2269 2188 assumendo,
2317 2113 2597 2189 singulari
2639 2134 2728 2172 ra·-

310 2194 467 2253 tione
497 2215 558 2253 se
586 2195 745 2253 illius
778 2195 907 2252 Deu
935 2213 1132 2252 messe
1175 2193 1640 2268 demonstrabat;
1689 2194 1766 2251 Et
1794 2192 2028 2269 quidem
2057 2201 2178 2252 tota
2212 2193 2271 2251 S.
2316 2193 2585 2268 Trinitas,
2632 2215 2727 2253 cu-

304 2274 405 2351 jus
433 2275 493 2332 in
522 2295 639 2334 una
668 2275 899 2334 Deitate
928 2293 1123 2350 parem
1152 2273 1513 2349 majestatem
1536 2280 1593 2331 et
1625 2271 1868 2349 gloriam
1898 2292 2212 2349 agnoscere
2254 2279 2313 2331 et
2355 2274 2541 2331 colere
2571 2283 2728 2334 tene·

309 2373 476 2430 mur3
527 2354 644 2414 Sed
674 2355 862 2413 Filius
891 2354 1168 2430 peculiari
1197 2353 1437 2426 ratione,
1468 2361 1535 2411 ut
1565 2353 1705 2410 Dux
1733 2362 1792 2411 et
1823 2354 2037 2412 Rector
2076 2352 2294 2430 populi.
2381 2353 2546 2412 Idem
2576 2355 2729 2413 enim

310 2434 595 2513 Angelus,
628 2435 729 2513 qui
760 2435 915 2493 Mosi
944 2434 1003 2490 in
1031 2434 1175 2492 rubo
1206 2433 1486 2510 apparuit,
1532 2441 1733 2509 postea
1765 2433 1919 2490 Mosi
1963 2433 2181 2510 Legem
2224 2432 2401 2507 dedit,
2457 2433 2594 2493 Act.
2626 2435 2725 2493 vii.

309 2518 404 2592 38,
436 2536 608 2593 quem
638 2536 755 2575 non
784 2515 960 2574 fuisse
992 2514 1287 2591 Angelum
1318 2522 1573 2572 creatum
1602 2532 1678 2570 ex
1706 2533 1774 2571 eo
1805 2513 1989 2572 solide
2011 2514 2323 2592 colligitur,
2356 2514 2514 2591 quod
2540 2514 2728 2592 loqui-

306 2606 402 2655 tur
428 2596 487 2655 in
516 2618 763 2674 persona
790 2596 1054 2671 Jehovae,
1093 2594 1249 2673 quod
1291 2593 1437 2652 nulli
1478 2592 1715 2671 Angelo
1743 2592 1839 2653 vel
1885 2594 2169 2671 Delegato
2211 2595 2503 2672 competit,
2548 2615 2727 2673 quum

308 2676 450 2736 dicit
478 2697 538 2736 se
571 2679 760 2737 Deum
793 2677 1129 2753 Abrahami,
1154 2677 1343 2734 Isaaci
1371 2684 1431 2734 et
1458 2676 1499 2734 J
1504 2674 1689 2748 acobi,
1722 2684 1780 2733 et
1809 2674 1949 2734 talia
1976 2674 2087 2752 ipsi
2116 2675 2464 2751 tribuuntur,
2496 2696 2626 2753 quse
2655 2677 2727 2735 de

309 2756 543 2833 Angelo
574 2768 765 2818 creato
795 2758 910 2817 dici
937 2765 1249 2834 nequeunt,
1280 2764 1346 2815 ut
1374 2755 1532 2832 quod
1560 2774 1678 2814 non
1706 2755 2018 2814 irritandus
2048 2754 2139 2828 sit,
2170 2756 2304 2832 quia
2334 2775 2452 2814 non
2482 2756 2557 2814 sit
2591 2777 2727 2814 con-

309 2835 645 2910 donaturus,
678 2839 961 2914 siquidem
1000 2857 1210 2895 nomen
1241 2836 1353 2894 Dei
1383 2835 1545 2894 sitin
1574 2836 1742 2912 ipsos
1770 2835 1960 2893 Exod.
2010 2836 2177 2893 xxiii.
2226 2838 2321 2910 20,
2371 2839 2467 2893 21.
2555 2837 2726 2895 Unde

311 2914 523 2973 dicitur
564 2917 702 2973 alibi
729 2919 974 2992 Anqelus
1000 2917 1182 2989 faciei
1204 2916 1320 2974 κατ’
1348 2918 1527 2991 ἐξοχὴ,
1576 2916 1691 2973 Isa.
1722 2915 1869 2973 lxiii.
1900 2917 1955 2988 9,
1988 2923 2046 2972 et
2058 2916 2313 2989 foederis,
2361 2915 2503 2973 Mal.
2547 2916 2627 2974 iii.
2674 2921 2724 2990 l,

311 3000 369 3049 et
395 2994 506 3051 hac
547 2994 619 3052 de
649 3014 822 3051 causa
866 2996 1145 3052 Israelitae
1187 2994 1457 3051 dicuntur
1496 3001 1752 3051 tentasse
1783 2994 2093 3068 Christum,
2145 2997 2173 3049 1
2208 2996 2337 3051 Cor.
2382 3014 2441 3051 x.
2486 2997 2542 3068 9,
2587 2996 2723 3052 nim.

315 3070 610 3147 Angelum
641 3073 803 3130 illum
832 3073 891 3128 in
920 3073 1187 3129 columna
1213 3073 1384 3129 nubis
1412 3078 1470 3129 et
1497 3072 1670 3146 igniS.

925 3150 1176 3208 XXVI.
1231 3152 1434 3208 Causae
1477 3150 1669 3206 minus
1713 3149 2062 3226 principales
2109 3168 2212 3206 seu
2260 3151 2727 3211 instrumentales

834 3229 1080 3304 fuerunt,
1122 3239 1244 3288 tum
1272 3229 1478 3306 Anqelt'
1515 3228 1709 3303 creati,
1754 3236 1821 3286 ut
1859 3229 2233 3303 stipulatores,
2278 3229 2378 3304 qui
2420 3229 2728 3290 adstabant

313 3328 582 3387 supremo
613 3309 961 3386 Legislatori
990 3310 1065 3368 ad
1112 3311 1388 3387 majorem
1431 3309 1558 3386 ejus
1600 3307 1882 3385 gloriam3
1927 3316 1990 3366 ut
2032 3316 2190 3365 testes
2231 3327 2428 3366 eorum
2472 3311 2727 3369 omnium

306 3411 437 3467 quae
466 3391 829 3467 gerebantur,
862 3399 921 3449 et
948 3400 1014 3449 ut
1042 3390 1295 3466 ministri,
1327 3408 1571 3466 quorum
1608 3389 1957 3462 interventu,
2002 3407 2118 3446 non
2160 3387 2333 3446 modo
2375 3389 2628 3448 tonitrua
2670 3401 2729 3450 et

305 3470 549 3529 fulmina
578 3480 635 3530 et
664 3471 943 3530 terribilia
970 3471 1073 3529 illa
1111 3470 1294 3547 signa,
1327 3490 1456 3547 quae
1500 3468 1678 3545 Legis
1719 3468 2241 3547 promulgationem
2283 3470 2721 3546 comitabantur,

307 3551 587 3628 producta
638 3559 789 3626 sunt,
842 3551 945 3611 sed
989 3560 1050 3610 et
1090 3570 1209 3608 vox
1257 3550 1366 3608 Dei
1411 3549 1703 3625 loquentis
1759 3548 2203 3625 intelligibiliter
2252 3547 2512 3609 formata.
2597 3550 2723 3625 Quo

309 3650 499 3706 sensu,
542 3631 695 3689 Heb.
739 3631 797 3692 ii.
843 3636 897 3705 2,
946 3631 1073 3690 Lex
1100 3640 1342 3689 vocatur
1368 3629 1516 3702 λόγος
1547 3628 1770 3694 λαληθεὶς
1792 3625 1839 3687 δι’
1871 3630 2149 3703 ’Λγγὲλυν,
2180 3650 2364 3688 sermo
2395 3651 2510 3706 per
2534 3631 2720 3707 Ληρε-

306 3712 390 3767 los
411 3712 588 3769 dictm
608 3736 631 3783 ,·
678 3712 753 3769 Et
784 3713 916 3771 Gal.
960 3712 1040 3769 iii.
1091 3714 1181 3785 19,
1227 3711 1438 3769 dicitur
1477 3707 1733 3781 διαταγεὶς
1776 3710 1820 3767 δί
1851 3710 2109 3781 Ἀγγὶλυν
2140 3712 2178 3768 ἔν
2211 3714 2339 3791 χαις)
2363 3712 2579 3785 pannis-ov,
2627 3733 2718 3770 or·-

308 3790 508 3848 dinata
545 3811 659 3865 per
685 3791 927 3867 Anqelos
974 3793 1033 3849 in
1080 3811 1254 3848 manu
1300 3791 1655 3866 Mediatoris,
1708 3789 1783 3848 id.
1830 3790 2123 3867 imperata,
2170 3790 2416 3866 digesta,
2477 3791 2611 3864 lata,
2665 3802 2722 3850 et

308 3869 673 3946 promulgata
712 3870 1029 3930 ministerio
1072 3870 1453 3947 Angelorum.
1559 3873 1686 3943 Quo
1731 3878 1992 3946 spectant
2018 3869 2198 3928 verba
2245 3870 2539 3945 Stephani,
2584 3869 2718 3929 Act.

306 3948 408 4006 vii.
441 3952 534 4024 53,
566 3949 665 4007 ubi
694 3951 898 4009 asserit
929 3950 1223 4008 Israelitas
1252 3950 1541 4026 accepisse
1574 3951 1789 4025 Legem
1832 3955 1894 4011 εἰς
1935 3945 2187 4020 διαταγὰς
2214 3948 2488 4019 ’Δγ-γέλων,
2520 3949 2578 4005 in
2606 3950 2718 4005 dis-

295 4028 661 4106 positionibus
688 4031 1049 4106 Anyelorum,
1082 4030 1205 4088 sive
1234 4050 1336 4106 per
1362 4028 1615 4102 διαταγὰς
1650 4028 2049 4103 intelligantur
2090 4048 2221 4085 cnm
2262 4026 2558 4085 nonnullis
2600 4035 2716 4086 tur·

305 4129 413 4167 mae
444 4108 644 4168 ordine
673 4110 909 4168 militari
948 4110 1243 4185 dispositae
1285 4109 1651 4185 Angelorum
1694 4108 2029 4183 stipantium
2075 4108 2487 4183 Imperatorem
2531 4125 2716 4181 suum,

304 4189 464 4266 quod
518 4189 752 4248 videtur
793 4189 971 4264 innui,
1020 4190 1193 4247 Dent.
1255 4190 1465 4246 xxxiii.
1523 4194 1578 4263 2,
1624 4207 1800 4265 quum
1845 4186 2055 4245 dicitur
2098 4189 2134 4219 ‘⁴
2163 4187 2397 4245 ,Jehova
2437 4185 2721 4261 prodiisse

303 4289 335 4325 e
370 4270 547 4343 Sinai‘,
580 4269 812 4327 venisse
842 4290 917 4327 cx
955 4268 1313 4345 myriadibus
1346 4268 1748 4341 Sanctorum,''
1795 4264 1922 4339 &c.,
1956 4266 2097 4337 sive,
2128 4274 2194 4323 ut
2222 4265 2320 4322 alii
2350 4264 2571 4339 volunt,
2604 4263 2715 4323 ἓω-

296 4351 433 4419 faya}
481 4349 576 4406 hic
623 4358 873 4426 ponatur
919 4368 1024 4425 pro
1072 4352 1358 4423 mandate,
1412 4348 1764 4406 ordinatione
1806 4355 1864 4403 et
1916 4346 2214 4421 sanctione,
2262 4352 2328 4403 ut
2371 4345 2540 4403 Rom.
2591 4346 2715 4405 xiii.

303 4432 358 4501 2,
390 4437 454 4486 ut
483 4447 686 4487 sensus
715 4429 791 4487 sit
822 4429 1037 4505 Legem
1080 4437 1372 4505 acceptam
1402 4447 1528 4486 esse
1557 4426 1635 4483 ad
1661 4425 2051 4484 ordinationes
2081 4424 2460 4501 Angelorum,
2506 4425 2718 4501 quibus

298 4525 428 4563 eam
456 4508 936 4585 promulgandam
965 4508 1203 4567 dederat
1236 4508 1420 4565 Filius
1452 4506 1580 4581 Dei,
1612 4515 1886 4582 tanquam
1918 4503 2205 4564 Ministris
2233 4513 2292 4563 et
2323 4504 2713 4565 Praeconibus.

305 4584 417 4642 His
447 4605 583 4644 vero
605 4588 873 4647 Minister
899 4597 1174 4647 externus
1203 4597 1261 4647 et
1288 4587 1537 4646 visibilis
1565 4585 1797 4644 additus
1824 4594 1914 4644 est
1941 4586 2144 4658 ᾹῙοεεε,
2177 4585 2275 4661 qui
2304 4582 2496 4661 quoad
2525 4593 2714 4644 exter-

301 4683 434 4722 nam
483 4665 968 4743 dispensationem
1013 4667 1354 4727 Mcdiatoris
1396 4667 1676 4726 rationem
1718 4665 1907 4744 potuit
1951 4665 2249 4740 sustinere,
2295 4664 2399 4724 sed
2440 4663 2572 4723 talis
2614 4666 2716 4742 qui

337 3202 556 3248 Ministri
576 3203 773 3262 Angeli.
