3221 5200
447 351 571 411 268
1291 363 1475 405 Locus
1503 363 1766 405 oremus
1794 363 2064 406 ram-ms.
2518 344 2777 427 [Quaesr.
2810 367 2892 408 n*-

445 538 577 578 τους.
663 509 750 570 Ut
784 505 1083 581 Sacerdos,
1132 505 1326 564 Homo
1355 525 1483 565 esse
1512 505 1733 582 debuit,
1761 506 1901 585 quia
1936 506 2211 567 Pontifex
2234 506 2425 566 omnis
2452 527 2529 567 ex
2556 508 2889 569 hominibus

448 591 715 667 sumitur,
769 588 923 648 Heb.
973 608 1032 647 v.
1088 589 1139 663 1,
1171 594 1238 645 ut
1264 587 1366 663 qui
1407 586 1745 661 sanctificat,
1796 595 1855 646 et
1901 588 2003 665 qui
2050 587 2484 648 sanctificantur
2511 609 2588 648 ex
2625 609 2742 648 uno
2771 590 2889 650 sint

446 692 665 748 omnes,
694 671 846 729 Heb.
877 668 939 727 ii.
976 671 1044 726 11
1073 689 1087 744 ;
1138 665 1255 725 Sed
1283 676 1343 726 et
1373 667 1551 742 Deus,
1572 675 1642 726 ut
1666 667 1958 726 hominem
1988 669 2116 728 Deo
2145 668 2496 744 conciliaret,
2522 670 2768 748 justitiae
2797 670 2885 729 di-

445 753 601 813 vinae
652 751 1026 824 satisfaceret,
1071 756 1373 825 peccatum
1413 747 1687 822 aboleret,
1737 757 1795 807 et
1828 748 2116 825 justitiam
2165 749 2493 808 seculorum
2548 749 2881 828 adduceret,

447 834 604 911 quod
652 852 822 892 nemo
866 828 1197 888 mortalium
1225 828 1432 906 potuit.
1497 828 1756 887 Victima.
1799 827 2091 888 offerenda
2138 828 2315 888 etiam
2362 849 2479 889 non
2527 830 2729 890 debuit
2755 850 2885 891 esse

448 914 756 993 Angelica,
801 931 931 989 quse
962 909 1109 967 mori
1136 928 1251 966 non
1280 918 1520 986 poterat,
1552 928 1661 967 nec
1691 909 1874 984 bruta,
1906 910 2009 968 sed
2052 909 2353 969 rationalis
2379 918 2438 969 et
2464 911 2731 986 humana,
2762 911 2882 970 imo

446 996 753 1073 plusquam
802 994 1058 1050 humana
1106 997 1165 1048 et
1206 989 1474 1059 coelestis,
1506 1009 1637 1066 quae
1685 1009 1789 1066 per
1841 990 2118 1067 Spiritum
2147 998 2423 1049 aeternum
2454 1010 2515 1049 se
2543 989 2789 1065 offerret,
2821 1000 2883 1051 et

445 1075 677 1134 veritati
709 1072 1043 1151 passionum
1072 1068 1310 1129 adderet
1330 1069 1558 1148 pondus
1586 1078 1646 1128 et
1670 1070 1939 1129 meritum
1958 1070 2265 1131 infinitum.
2312 1071 2395 1131 Ut
2418 1071 2570 1146 Rex,
2592 1070 2879 1130 Humani·

338 1147 355 1162 ’
445 1162 625 1214 tatem
674 1174 751 1213 ex
797 1152 967 1211 nobis
1019 1170 1242 1209 sumere
1291 1150 1510 1226 debuit,
1562 1170 1679 1227 qua
1725 1151 1894 1209 nobis
1936 1151 2214 1228 uniretur,
2247 1151 2353 1210 sed
2380 1171 2509 1228 quae
2536 1152 2700 1211 unita
2726 1159 2882 1212 esset

449 1234 776 1310 Divinitati‚
801 1252 917 1310 qua
937 1230 1135 1289 nonin
1160 1250 1399 1308 corpora
1427 1239 1669 1305 tantum,
1695 1230 1798 1289 sed
1826 1239 1885 1290 et
1921 1231 1982 1289 in
2002 1231 2241 1306 animas,
2262 1251 2380 1291 non
2407 1232 2484 1290 ad
2509 1239 2757 1310 tempus,
2778 1231 2884 1291 sed

445 1315 502 1373 in
535 1323 833 1389 aeternum,
864 1332 982 1370 non
1013 1309 1072 1367 in
1100 1330 1218 1369 una
1241 1320 1468 1370 tantum
1497 1319 1688 1387 gente,
1720 1311 1825 1370 sed
1842 1311 1902 1370 in
1923 1320 2045 1371 toto
2064 1312 2202 1371 orbe
2231 1311 2536 1390 imperium
2565 1321 2882 1372 exerceret.

529 1394 721 1452 XXI.
765 1397 821 1453 3.
869 1391 1116 1451 Ratione
1172 1392 1350 1450 nostri
1394 1390 1595 1449 debuit
1643 1411 1770 1450 esse
1822 1392 2037 1467 Homo,
2078 1401 2145 1452 ut
2192 1394 2342 1452 Jure
2369 1393 2779 1469 proxinu'tatis,
2823 1401 2883 1452 et

446 1483 724 1552 tanquam
752 1473 928 1532 frater
956 1483 1015 1531 et
1044 1473 1132 1531 bu:
1162 1481 1361 1530 noster
1387 1471 1650 1549 captivos
1678 1480 1737 1530 et
1766 1472 2016 1531 Diabolo
2045 1473 2402 1551 mancipatos
2418 1473 2708 1548 liberaret,
2735 1473 2880 1533 Luc.

445 1555 486 1614 i.
518 1558 612 1630 71,
646 1558 741 1630 74,
773 1563 832 1614 et
858 1573 965 1612 nos
994 1573 1029 1611 a
1057 1549 1234 1633 priori
1281 1552 1487 1611 marito
1535 1551 1694 1630 Lege
1733 1560 1791 1610 et
1819 1551 2033 1611 foedere
2062 1573 2297 1630 operum
2329 1553 2551 1613 solutos
2581 1561 2795 1613 aeterno
2823 1561 2883 1613 et

447 1634 837 1694 indissolubili
865 1633 1099 1694 vinculo
1129 1632 1190 1690 in
1217 1631 1431 1691 foedere
1461 1632 1664 1709 gratiae
1687 1632 1797 1691 sibi
1826 1633 2031 1709 uniret,
2066 1634 2237 1693 Rom.
2264 1634 2366 1693 vii.
2397 1636 2455 1694 4.
2487 1633 2640 1710 Eph.
2669 1653 2728 1693 v.
2760 1637 2836 1692 25
2862 1657 2878 1710 3

448 1717 527 1775 Et
577 1717 754 1791 Deus,
799 1723 866 1774 ut
905 1716 1056 1775 Jure
1092 1713 1462 1792 proprietatis
1502 1720 1561 1770 et
1604 1710 1846 1770 dominii
1893 1733 2000 1772 nos
2047 1714 2354 1774 redimeret
2391 1723 2451 1773 et
2479 1713 2589 1773 sibi
2619 1713 2879 1773 vindica-

445 1806 551 1855 ret.
681 1796 842 1873 Opus
896 1795 1252 1856 habebamus
1327 1794 1643 1871 ὄμοιοπιθιιξι
1709 1793 2025 1868 morientis,
2096 1803 2154 1854 et
2222 1795 2513 1873 συμπαθείᾳ
2578 1794 2837 1854 viventis
2861 1817 2876 1872 ς

448 1877 668 1937 Debuit
697 1877 893 1935 Homo
922 1897 1065 1951 esse,
1110 1886 1177 1937 ut
1224 1894 1424 1933 omnes
1467 1894 1669 1951 poenas
1709 1873 1879 1933 nobis
1908 1874 2133 1933 debitas
2160 1885 2356 1953 posset
2375 1875 2597 1953 perpeti
2625 1883 2690 1933 ut
2717 1877 2876 1950 ὃμοια·

447 1961 640 2033 ornem
685 1957 887 2016 debuit
915 1977 1041 2016 esse
1074 1958 1235 2016 Deus
1265 1964 1329 2015 ut
1356 1955 1525 2014 nobis
1552 1954 1908 2031 patientibus
1935 1963 2208 2032 tanquam
2243 1955 2523 2015 Sacerdos
2551 1953 2877 2014 misericors

446 2047 644 2116 posset
672 2039 923 2115 compati
971 2047 1029 2098 et
1071 2036 1307 2098 tentatis
1350 2055 1701 2094 succurrere.
1787 2035 2008 2093 Malum
2039 2056 2155 2112 quo
2182 2036 2582 2113 premebamur
2607 2035 2723 2094 tale
2753 2042 2877 2094 erat

445 2128 511 2178 ut
538 2119 675 2177 licet
702 2139 871 2177 nemo
899 2118 1014 2177 nisi
1043 2119 1238 2177 Homo
1265 2115 1414 2174 illud
1439 2119 1583 2175 ferre
1612 2123 1825 2194 posset,
1855 2135 2024 2175 nemo
2052 2115 2164 2174 nisi
2208 2117 2369 2176 Deus
2398 2117 2470 2175 ab
2498 2136 2568 2176 eo
2595 2135 2702 2175 nos
2728 2115 2877 2176 libe-

445 2220 572 2258 rare
595 2207 808 2277 posset.
893 2200 972 2256 Et
1018 2199 1234 2258 bonum
1263 2196 1420 2275 quod
1460 2196 1571 2255 fuit
1617 2196 1785 2255 nobis
1814 2195 2239 2272 conferendum,
2271 2197 2540 2256 nimirum
2562 2196 2790 2275 justitia
2819 2204 2880 2256 et

443 2280 583 2355 vita,
615 2279 729 2339 tale
772 2278 897 2353 fuit,
928 2288 994 2338 ut
1021 2280 1157 2338 licet
1184 2278 1260 2338 ad
1291 2277 1604 2336 Hominem
1653 2276 1984 2354 pertineret,
2014 2297 2183 2336 nemo
2211 2286 2405 2337 tamen
2434 2278 2546 2337 nisi
2578 2279 2739 2337 Deus
2766 2296 2876 2337 nos

446 2360 508 2418 in
537 2362 664 2437 ejus
692 2359 1119 2437 possessionem
1148 2359 1377 2418 mittere
1404 2365 1620 2435 posset.

530 2440 756 2500 XXII.
823 2441 979 2498 Hinc
1051 2440 1118 2499 fit
1192 2447 1259 2498 ut
1339 2438 1650 2515 Scriptura,
1722 2456 1899 2513 quum
1971 2437 2042 2497 de
2110 2437 2339 2498 Christo
2408 2438 2682 2516 loquitur,
2756 2438 2874 2498 fere

447 2540 674 2599 semper
735 2519 880 2579 duas
941 2520 1085 2579 istas
1132 2520 1322 2596 σχίσας
1373 2520 1706 2596 conjungat,
1751 2525 1811 2576 et
1858 2538 1926 2577 ea
1967 2518 2055 2577 illi
2114 2518 2331 2578 tribuat
2371 2539 2502 2597 qum
2542 2539 2680 2579 vere
2718 2520 2869 2578 sut»-

446 2611 627 2683 Opaemv
669 2622 796 2661 esse
826 2600 1089 2661 doceant.
1179 2602 1242 2659 Si
1270 2607 1512 2659 vocatur
1543 2599 1752 2658 Semen
1794 2598 2069 2675 mulieriS,
2114 2599 2271 2677 quod
2315 2599 2586 2659 Hominis
2634 2609 2739 2677 est,
2770 2600 2872 2660 tri-

445 2684 644 2742 buitur
689 2683 775 2740 illi
825 2681 1093 2741 contritio
1148 2680 1459 2758 serpentia,
1490 2679 1647 2756 quod
1676 2687 1765 2738 est
1796 2680 1924 2738 Dei.
2014 2680 2075 2739 Si
2114 2679 2325 2739 dicitur
2357 2681 2568 2740 Semen
2596 2680 2871 2757 Abrahae,

444 2764 662 2823 ibidem
689 2762 924 2821 additur
951 2782 1077 2821 esse
1112 2761 1322 2820 Semen
1369 2760 1431 2817 in
1480 2779 1595 2836 quo
1624 2759 2034 2819 benedicendae
2079 2759 2196 2820 sint
2222 2781 2424 2820 omnes
2452 2770 2657 2838 gentes
2686 2771 2871 2820 terrae.

450 2845 513 2904 Si
565 2844 855 2921 Propheta
902 2862 978 2901 ex
1027 2842 1301 2901 fratribus
1340 2838 1566 2899 desumi
1604 2839 1821 2914 debuit,
1868 2840 1954 2899 At
1994 2840 2129 2900 talis
2160 2841 2450 2920 Propheta
2477 2841 2602 2917 fuit,
2633 2842 2735 2919 qui
2763 2842 2873 2900 sub

443 2946 616 3003 poena
658 2924 860 2983 mortis
908 2922 1231 2982 audiendus
1278 2920 1403 2997 fuit,
1457 2921 1633 2980 Deut.
1684 2921 1849 2980 xviii.
1885 2922 1978 2979 19.
2103 2921 2256 2981 Puer
2282 2922 2500 3000 estqui
2527 2923 2785 2981 nascitur
2811 2922 2873 2980 in

443 3014 700 3083 tempore
730 3012 795 3063 ut
822 3004 1011 3079 homo,
1045 3002 1146 3062 sed
1187 3002 1375 3061 Filius
1422 3001 1594 3061 etiam
1625 3001 1726 3079 qui
1758 3002 1931 3061 Pater
1967 3013 2056 3061 est
2084 3002 2422 3062 aeternitatis
2447 3011 2514 3062 ut
2543 3003 2721 3077 Deus,
2755 3003 2873 3063 Isa.

443 3086 525 3145 ix.
558 3090 614 3146 6.
715 3085 968 3145 Germen
1013 3083 1262 3143 Davidis
1304 3081 1621 3142 secundum
1664 3102 1912 3158 carnem,
1959 3082 2061 3141 sed
2102 3083 2336 3142 Jehova
2373 3082 2619 3143 Justitia
2661 3084 2875 3142 Nostra

446 3166 763 3227 secundum
811 3165 1104 3243 Spiritum,
1136 3166 1179 3225 J
1183 3185 1261 3224 er.
1307 3163 1475 3223 xxiii.
1507 3166 1563 3222 6.
1609 3163 1796 3222 Filius
1824 3183 1897 3221 ex
1928 3163 2173 3241 Virgine
2202 3163 2544 3237 nasciturus,
2577 3164 2681 3223 sed
2707 3164 2874 3241 cujus

443 3268 655 3308 nomen
701 3247 957 3306 futurum
1007 3246 1083 3305 sit
1132 3245 1472 3318 Immanuel,
1526 3244 1643 3303 Isa.
1694 3243 1794 3303 vii.
1830 3246 1921 3304 14.
1967 3243 2237 3322 Angelus
2274 3242 2527 3319 foederis,
2552 3244 2654 3321 qui
2679 3264 2715 3302 a
2745 3244 2874 3304 Deo

444 3328 694 3387 mittitur
734 3326 809 3385 ad
837 3346 982 3403 opus
1021 3326 1241 3398 salutiS,
1274 3324 1378 3384 sed
1404 3325 1559 3383 idem
1591 3324 1897 3399 Dominus,
1928 3324 2029 3403 qui
2071 3324 2233 3384 venit
2259 3324 2321 3382 in
2349 3325 2654 3401 Templum
2683 3344 2870 3400 suum,

446 3408 590 3467 Mal.
620 3407 701 3465 iii.
750 3410 801 3464 1.
897 3406 1055 3463 Civis
1100 3404 1575 3463 Betlehemiticus
1621 3404 1866 3463 obscuro
1894 3405 2024 3463 loco
2053 3405 2348 3481 oriundus,
2384 3404 2500 3464 Sed
2531 3405 2876 3464 Dominator

444 3488 612 3563 cujus
630 3504 899 3562 egressus
921 3484 1149 3543 suntab
1172 3492 1403 3558 aeterno,
1431 3484 1612 3543 Mich.
1635 3504 1693 3543 v.
1719 3488 1776 3543 2.
1842 3485 2142 3561 Sacerdos,
2167 3485 2352 3545 sedin
2380 3493 2687 3563 aeternum;
2722 3486 2870 3561 Rex,

445 3567 615 3641 cujus
643 3565 807 3641 regni
835 3564 1030 3623 nullus
1060 3563 1287 3623 futurus
1316 3571 1405 3622 est
1431 3562 1584 3622 finis.
1651 3564 1861 3623 Semen
1891 3565 2138 3624 Davidis
2157 3566 2471 3626 secundum
2501 3586 2749 3646 earnem,
2771 3566 2875 3627 sed

449 3645 639 3705 Filius
669 3645 781 3704 Dei
810 3642 1126 3703 secundum
1159 3642 1436 3720 Spiritum
1460 3644 1949 3723 sanctificationis,
1984 3646 2153 3706 Rom.
2182 3646 2221 3707 i.
2245 3649 2301 3723 3,
2332 3650 2389 3706 4.

1389 3886 1779 3964 QUAESTIO
1822 3888 1932 3949 IV.

547 4053 640 4112 Aa
666 4054 788 4112 sola
815 4051 1060 4110 secunda
1088 4051 1346 4110 Persona
1372 4049 1435 4109 S.
1464 4049 1526 4109 S.
1562 4050 1857 4109 Trinitatis
1881 4050 2070 4125 ficerit
2093 4052 2428 4125 lucarnam,
2461 4050 2546 4108 Ee
2570 4069 2750 4127 quare
2767 4050 2796 4109 ἔ

533 4214 583 4273 1.
627 4214 699 4272 In
727 4210 1066 4272 admirando
1096 4210 1520 4271 Incarnationis
1551 4209 1855 4287 MysteriO,
1880 4209 2037 4287 quod
2064 4210 2269 4270 merito
2292 4208 2618 4288 Apostolus
2648 4211 2685 4243 “
2706 4229 2872 4287 mag·

449 4315 590 4354 num
618 4294 742 4354 sine
771 4292 1201 4353 controversia''
1231 4300 1421 4367 vocat,
1458 4294 1486 4348 1
1521 4290 1671 4349 Tim.
1696 4291 1775 4349 iii.
1812 4294 1902 4364 16,
1949 4291 2209 4367 Quatuor
2235 4291 2599 4368 potissimum
2618 4299 2771 4365 sunt,
2802 4290 2875 4349 dc

447 4376 660 4453 quibus
682 4374 925 4452 quaestio
942 4380 1237 4432 movetur:
1265 4376 1317 4432 1.
1344 4373 1434 4430 De
1457 4373 1715 4431 Persona
1735 4371 2059 4430 Assumente
2068 4396 2093 4443 ;
2116 4375 2172 4429 2.
2189 4372 2279 4430 De
2296 4373 2533 4430 Natura
2551 4380 2841 4447 assumpta
2851 4394 2876 4443 ,-

451 4460 509 4515 3.
541 4456 630 4514 De
659 4454 1066 4532 Assumptionis
1092 4455 1259 4511 modo
1286 4473 1389 4530 per
1419 4452 1710 4512 Unionem
1738 4450 2200 4530 hypostaticam3
2244 4455 2301 4512 4.
2335 4453 2425 4511 De
2466 4455 2584 4529 ejus
2625 4453 2876 4526 Effectis.

452 4535 574 4594 Nos
601 4535 697 4594 hic
724 4535 796 4595 de
824 4535 1008 4613 primo
1038 4533 1418 4609 disputamus.

510 4653 679 4700 Statua
703 4652 866 4702 Quaen.
1055 4613 1140 4672 11.
1186 4613 1318 4671 Non
1372 4613 1665 4689 quaeritur,
1724 4610 1824 4670 An
1878 4619 2001 4671 tota
2040 4612 2296 4672 Trinitas
2337 4612 2399 4671 in
2455 4612 2880 4672 Incarnationis

593 4711 755 4757 tionis.
970 4692 1248 4770 mysterio
1279 4692 1354 4752 sit
1383 4696 1663 4769 operata?
1732 4693 1878 4753 Cum
1907 4692 2060 4752 enim
2089 4712 2263 4772 opera
2290 4692 2365 4753 ad
2386 4701 2554 4754 extra
2582 4693 2700 4754 sint
2727 4692 2875 4752 indi·
