<?xml version="1.0" encoding="UTF-8"?>
<!DOCTYPE html PUBLIC "-//W3C//DTD XHTML 1.0 Transitional//EN"
    "http://www.w3.org/TR/xhtml1/DTD/xhtml1-transitional.dtd">
<html xmlns="http://www.w3.org/1999/xhtml" xml:lang="en" lang="en">
 <head>
  <title>
</title>
<meta http-equiv="Content-Type" content="text/html;charset=utf-8" />
  <meta name='ocr-system' content='tesseract 3.04.00' />
  <meta name='ocr-capabilities' content='ocr_page ocr_carea ocr_par ocr_line ocrx_word'/>
</head>
<body>
  <div class='ocr_page' id='page_1' title='image "./institutiotheol01turrgoog_0275.png"; bbox 0 0 3221 5200; ppageno 0'>
   <div class='ocr_carea' id='block_1_1' title="bbox 307 363 2722 445">
    <p class='ocr_par' dir='ltr' id='par_1_1' title="bbox 307 363 2722 445">
     <span class='ocr_line' id='line_1_1' title="bbox 307 363 2722 445; baseline 0.002 -21"><span class='ocrx_word' id='word_1_1' title='bbox 307 383 532 432; x_wconf 57' lang='lat' dir='ltr'>Quas-r.</span> <span class='ocrx_word' id='word_1_2' title='bbox 565 363 636 445; x_wconf 89' lang='lat'>1.]</span> <span class='ocrx_word' id='word_1_3' title='bbox 1040 386 1119 425; x_wconf 78' lang='lat' dir='ltr'>ns</span> <span class='ocrx_word' id='word_1_4' title='bbox 1149 385 1414 426; x_wconf 62' lang='lat' dir='ltr'>masona</span> <span class='ocrx_word' id='word_1_5' title='bbox 1444 385 1518 424; x_wconf 75' lang='grc' dir='ltr'>ΕΤ</span> <span class='ocrx_word' id='word_1_6' title='bbox 1549 386 1736 427; x_wconf 70' lang='grc' dir='ltr'>ετΑτυ</span> <span class='ocrx_word' id='word_1_7' title='bbox 1767 387 2020 426; x_wconf 75' lang='lat' dir='ltr'>cnmsrr.</span> <span class='ocrx_word' id='word_1_8' title='bbox 2077 363 2082 368; x_wconf 78' lang='grc'><strong><em>’</em></strong></span> <span class='ocrx_word' id='word_1_9' title='bbox 2610 375 2722 429; x_wconf 84' lang='grc'>247</span> 
     </span>
    </p>
   </div>
   <div class='ocr_carea' id='block_1_2' title="bbox 218 523 2728 4728">
    <p class='ocr_par' dir='ltr' id='par_1_2' title="bbox 218 523 2728 1000">
     <span class='ocr_line' id='line_1_2' title="bbox 308 523 2728 602; baseline 0.002 -21"><span class='ocrx_word' id='word_1_10' title='bbox 308 524 387 581; x_wconf 90' lang='lat' dir='ltr'>Et</span> <span class='ocrx_word' id='word_1_11' title='bbox 423 531 557 601; x_wconf 91' lang='lat' dir='ltr'>post</span> <span class='ocrx_word' id='word_1_12' title='bbox 593 523 989 583; x_wconf 76' lang='lat' dir='ltr'>hebdomadas</span> <span class='ocrx_word' id='word_1_13' title='bbox 1034 526 1338 602; x_wconf 84' lang='lat' dir='ltr'>sexaginta</span> <span class='ocrx_word' id='word_1_14' title='bbox 1382 526 1527 584; x_wconf 88' lang='lat' dir='ltr'>duas</span> <span class='ocrx_word' id='word_1_15' title='bbox 1575 526 1870 584; x_wconf 89' lang='lat' dir='ltr'>occidetur</span> <span class='ocrx_word' id='word_1_16' title='bbox 1899 525 2222 600; x_wconf 85' lang='lat' dir='ltr'>Christus,”</span> <span class='ocrx_word' id='word_1_17' title='bbox 2247 524 2355 586; x_wconf 68' lang='lat' dir='ltr'>Sto.</span> <span class='ocrx_word' id='word_1_18' title='bbox 2444 527 2615 586; x_wconf 85' lang='lat' dir='ltr'><strong>Unde</strong></span> <span class='ocrx_word' id='word_1_19' title='bbox 2645 529 2728 587; x_wconf 88' lang='lat' dir='ltr'>ita</span> 
     </span>
     <span class='ocr_line' id='line_1_3' title="bbox 301 605 2723 684; baseline 0.003 -25"><span class='ocrx_word' id='word_1_20' title='bbox 301 612 810 679; x_wconf 74' lang='lat' dir='ltr'>argumentamur:</span> <span class='ocrx_word' id='word_1_21' title='bbox 859 605 921 664; x_wconf 87' lang='lat' dir='ltr'>Si</span> <span class='ocrx_word' id='word_1_22' title='bbox 965 615 1097 682; x_wconf 88' lang='lat' dir='ltr'>post</span> <span class='ocrx_word' id='word_1_23' title='bbox 1152 607 1517 683; x_wconf 79' lang='lat' dir='ltr'><strong>septuaginta</strong></span> <span class='ocrx_word' id='word_1_24' title='bbox 1559 607 1907 681; x_wconf 87' lang='lat' dir='ltr'>septimanas</span> <span class='ocrx_word' id='word_1_25' title='bbox 1950 625 2244 681; x_wconf 90' lang='lat' dir='ltr'>annorum,</span> <span class='ocrx_word' id='word_1_26' title='bbox 2278 607 2355 664; x_wconf 90' lang='lat' dir='ltr'>id.</span> <span class='ocrx_word' id='word_1_27' title='bbox 2385 616 2517 683; x_wconf 91' lang='lat' dir='ltr'>post</span> <span class='ocrx_word' id='word_1_28' title='bbox 2545 608 2723 684; x_wconf 90' lang='lat' dir='ltr'>quad-</span> 
     </span>
     <span class='ocr_line' id='line_1_4' title="bbox 299 683 2727 763; baseline 0.002 -23"><span class='ocrx_word' id='word_1_29' title='bbox 299 683 598 759; x_wconf 86' lang='lat' dir='ltr'>ringentos</span> <span class='ocrx_word' id='word_1_30' title='bbox 627 692 685 742; x_wconf 92' lang='lat' dir='ltr'>et</span> <span class='ocrx_word' id='word_1_31' title='bbox 725 685 1042 760; x_wconf 79' lang='lat' dir='ltr'>nonaginta</span> <span class='ocrx_word' id='word_1_32' title='bbox 1069 705 1250 743; x_wconf 89' lang='lat' dir='ltr'>annos</span> <span class='ocrx_word' id='word_1_33' title='bbox 1278 706 1312 743; x_wconf 89' lang='lat' dir='ltr'>a</span> <span class='ocrx_word' id='word_1_34' title='bbox 1340 686 1714 762; x_wconf 75' lang='lat' dir='ltr'>permissione</span> <span class='ocrx_word' id='word_1_35' title='bbox 1744 686 1961 744; x_wconf 87' lang='lat' dir='ltr'>reditus</span> <span class='ocrx_word' id='word_1_36' title='bbox 1989 686 2204 763; x_wconf 89' lang='lat' dir='ltr'>populi,</span> <span class='ocrx_word' id='word_1_37' title='bbox 2251 687 2498 744; x_wconf 81' lang='lat' dir='ltr'>Messias</span> <span class='ocrx_word' id='word_1_38' title='bbox 2526 687 2727 747; x_wconf 87' lang='lat' dir='ltr'>debuit</span> 
     </span>
     <span class='ocr_line' id='line_1_5' title="bbox 218 762 2723 844; baseline 0.002 -26"><span class='ocrx_word' id='word_1_39' title='bbox 218 820 235 839; x_wconf 58' lang='lat'>,</span> <span class='ocrx_word' id='word_1_40' title='bbox 304 762 658 820; x_wconf 87' lang='lat' dir='ltr'>manifestari</span> <span class='ocrx_word' id='word_1_41' title='bbox 687 771 745 821; x_wconf 88' lang='lat' dir='ltr'>et</span> <span class='ocrx_word' id='word_1_42' title='bbox 772 764 957 821; x_wconf 90' lang='lat' dir='ltr'>occidi</span> <span class='ocrx_word' id='word_1_43' title='bbox 986 764 1060 821; x_wconf 88' lang='lat' dir='ltr'>ad</span> <span class='ocrx_word' id='word_1_44' title='bbox 1089 784 1232 841; x_wconf 89' lang='lat' dir='ltr'>opus</span> <span class='ocrx_word' id='word_1_45' title='bbox 1266 765 1699 841; x_wconf 87' lang='lat' dir='ltr'>Redemptionis</span> <span class='ocrx_word' id='word_1_46' title='bbox 1728 765 2166 843; x_wconf 88' lang='lat' dir='ltr'>procurandum,</span> <span class='ocrx_word' id='word_1_47' title='bbox 2199 785 2432 823; x_wconf 90' lang='lat' dir='ltr'>necesse</span> <span class='ocrx_word' id='word_1_48' title='bbox 2462 774 2550 823; x_wconf 89' lang='lat' dir='ltr'>est</span> <span class='ocrx_word' id='word_1_49' title='bbox 2571 769 2723 844; x_wconf 86' lang='lat' dir='ltr'>jam-</span> 
     </span>
     <span class='ocr_line' id='line_1_6' title="bbox 308 841 2725 922; baseline 0.002 -23"><span class='ocrx_word' id='word_1_50' title='bbox 308 841 409 899; x_wconf 92' lang='lat' dir='ltr'>diu</span> <span class='ocrx_word' id='word_1_51' title='bbox 454 842 700 916; x_wconf 85' lang='lat' dir='ltr'>venisse,</span> <span class='ocrx_word' id='word_1_52' title='bbox 752 844 889 919; x_wconf 88' lang='lat' dir='ltr'>quia</span> <span class='ocrx_word' id='word_1_53' title='bbox 926 844 1049 919; x_wconf 90' lang='lat' dir='ltr'>jam</span> <span class='ocrx_word' id='word_1_54' title='bbox 1100 845 1173 901; x_wconf 91' lang='lat' dir='ltr'>ab</span> <span class='ocrx_word' id='word_1_55' title='bbox 1221 845 1332 902; x_wconf 93' lang='lat' dir='ltr'>hoc</span> <span class='ocrx_word' id='word_1_56' title='bbox 1378 846 1612 903; x_wconf 90' lang='lat' dir='ltr'>oraculo</span> <span class='ocrx_word' id='word_1_57' title='bbox 1654 853 1859 921; x_wconf 83' lang='lat' dir='ltr'>quater</span> <span class='ocrx_word' id='word_1_58' title='bbox 1899 854 1957 903; x_wconf 90' lang='lat' dir='ltr'>et</span> <span class='ocrx_word' id='word_1_59' title='bbox 1998 845 2245 922; x_wconf 90' lang='lat' dir='ltr'>amplius</span> <span class='ocrx_word' id='word_1_60' title='bbox 2279 844 2591 922; x_wconf 79' lang='lat' dir='ltr'>effluxere3</span> <span class='ocrx_word' id='word_1_61' title='bbox 2639 847 2725 905; x_wconf 86' lang='lat' dir='ltr'>At</span> 
     </span>
     <span class='ocr_line' id='line_1_7' title="bbox 307 922 1961 1000; baseline 0.002 -22"><span class='ocrx_word' id='word_1_62' title='bbox 307 941 510 979; x_wconf 82' lang='lat' dir='ltr'>verum</span> <span class='ocrx_word' id='word_1_63' title='bbox 543 922 712 979; x_wconf 89' lang='lat' dir='ltr'>Prius</span> <span class='ocrx_word' id='word_1_64' title='bbox 740 942 812 979; x_wconf 86' lang='lat' dir='ltr'>ex</span> <span class='ocrx_word' id='word_1_65' title='bbox 842 923 1038 980; x_wconf 82' lang='lat' dir='ltr'>verbis</span> <span class='ocrx_word' id='word_1_66' title='bbox 1070 924 1410 1000; x_wconf 80' lang='lat' dir='ltr'>Prophetae3</span> <span class='ocrx_word' id='word_1_67' title='bbox 1459 925 1526 982; x_wconf 85' lang='lat' dir='ltr'>E.</span> <span class='ocrx_word' id='word_1_68' title='bbox 1557 933 1616 982; x_wconf 90' lang='lat' dir='ltr'>et</span> <span class='ocrx_word' id='word_1_69' title='bbox 1649 924 1961 982; x_wconf 84' lang='lat' dir='ltr'>Posterius.</span> 
     </span>
    </p>

    <p class='ocr_par' dir='ltr' id='par_1_3' title="bbox 305 1000 2724 2429">
     <span class='ocr_line' id='line_1_8' title="bbox 391 1000 2724 1079; baseline 0.002 -22"><span class='ocrx_word' id='word_1_70' title='bbox 391 1000 642 1059; x_wconf 87' lang='lat' dir='ltr'>XVIII.</span> <span class='ocrx_word' id='word_1_71' title='bbox 675 1001 775 1058; x_wconf 91' lang='lat' dir='ltr'>Ad</span> <span class='ocrx_word' id='word_1_72' title='bbox 803 1004 1125 1079; x_wconf 87' lang='lat' dir='ltr'>argumenti</span> <span class='ocrx_word' id='word_1_73' title='bbox 1154 1004 1592 1061; x_wconf 83' lang='lat' dir='ltr'>elucidationem</span> <span class='ocrx_word' id='word_1_74' title='bbox 1618 1003 1727 1062; x_wconf 87' lang='lat' dir='ltr'>tria</span> <span class='ocrx_word' id='word_1_75' title='bbox 1755 1003 2050 1079; x_wconf 87' lang='lat' dir='ltr'>probanda</span> <span class='ocrx_word' id='word_1_76' title='bbox 2079 1012 2248 1062; x_wconf 89' lang='lat' dir='ltr'>sunt:</span> <span class='ocrx_word' id='word_1_77' title='bbox 2297 1006 2349 1061; x_wconf 91' lang='lat'>1.</span> <span class='ocrx_word' id='word_1_78' title='bbox 2383 1004 2473 1062; x_wconf 91' lang='lat' dir='ltr'>De</span> <span class='ocrx_word' id='word_1_79' title='bbox 2504 1004 2724 1062; x_wconf 89' lang='lat' dir='ltr'>Messia</span> 
     </span>
     <span class='ocr_line' id='line_1_9' title="bbox 308 1081 2722 1160; baseline 0.002 -22"><span class='ocrx_word' id='word_1_80' title='bbox 308 1081 444 1157; x_wconf 89' lang='lat' dir='ltr'>agi;</span> <span class='ocrx_word' id='word_1_81' title='bbox 490 1085 547 1138; x_wconf 86' lang='grc'>2.</span> <span class='ocrx_word' id='word_1_82' title='bbox 596 1082 960 1157; x_wconf 87' lang='lat' dir='ltr'>Septimanas</span> <span class='ocrx_word' id='word_1_83' title='bbox 993 1083 1087 1139; x_wconf 89' lang='lat' dir='ltr'>hic</span> <span class='ocrx_word' id='word_1_84' title='bbox 1127 1102 1252 1140; x_wconf 86' lang='lat' dir='ltr'>esse</span> <span class='ocrx_word' id='word_1_85' title='bbox 1290 1102 1405 1139; x_wconf 91' lang='lat' dir='ltr'>non</span> <span class='ocrx_word' id='word_1_86' title='bbox 1434 1082 1675 1156; x_wconf 90' lang='lat' dir='ltr'>dierum,</span> <span class='ocrx_word' id='word_1_87' title='bbox 1715 1083 1815 1140; x_wconf 87' lang='lat' dir='ltr'>sed</span> <span class='ocrx_word' id='word_1_88' title='bbox 1859 1102 2172 1157; x_wconf 89' lang='lat' dir='ltr'>annorum;</span> <span class='ocrx_word' id='word_1_89' title='bbox 2219 1085 2274 1141; x_wconf 88' lang='lat'>3.</span> <span class='ocrx_word' id='word_1_90' title='bbox 2325 1082 2722 1160; x_wconf 89' lang='lat' dir='ltr'>Undecunque</span> 
     </span>
     <span class='ocr_line' id='line_1_10' title="bbox 310 1161 2717 1239; baseline 0.002 -22"><span class='ocrx_word' id='word_1_91' title='bbox 310 1170 569 1217; x_wconf 83' lang='lat' dir='ltr'>sumatur</span> <span class='ocrx_word' id='word_1_92' title='bbox 598 1180 794 1218; x_wconf 86' lang='lat' dir='ltr'>earum</span> <span class='ocrx_word' id='word_1_93' title='bbox 825 1162 1068 1235; x_wconf 88' lang='lat' dir='ltr'>initium,</span> <span class='ocrx_word' id='word_1_94' title='bbox 1114 1162 1367 1239; x_wconf 85' lang='lat' dir='ltr'>Tempus</span> <span class='ocrx_word' id='word_1_95' title='bbox 1394 1162 1504 1219; x_wconf 91' lang='lat' dir='ltr'>hoc</span> <span class='ocrx_word' id='word_1_96' title='bbox 1525 1162 1750 1237; x_wconf 89' lang='lat' dir='ltr'>jamdiu</span> <span class='ocrx_word' id='word_1_97' title='bbox 1780 1161 2088 1220; x_wconf 81' lang='lat' dir='ltr'>effluxisse.</span> <span class='ocrx_word' id='word_1_98' title='bbox 2176 1162 2288 1219; x_wconf 88' lang='lat' dir='ltr'>His</span> <span class='ocrx_word' id='word_1_99' title='bbox 2317 1163 2465 1220; x_wconf 92' lang='lat' dir='ltr'>enim</span> <span class='ocrx_word' id='word_1_100' title='bbox 2499 1164 2717 1239; x_wconf 76' lang='lat' dir='ltr'>positia,</span> 
     </span>
     <span class='ocr_line' id='line_1_11' title="bbox 307 1239 2718 1318; baseline 0.002 -22"><span class='ocrx_word' id='word_1_101' title='bbox 307 1239 524 1297; x_wconf 83' lang='lat' dir='ltr'>invicte</span> <span class='ocrx_word' id='word_1_102' title='bbox 554 1239 833 1298; x_wconf 85' lang='lat' dir='ltr'>adversus</span> <span class='ocrx_word' id='word_1_103' title='bbox 871 1241 1114 1299; x_wconf 75' lang='lat' dir='ltr'>Judaeos</span> <span class='ocrx_word' id='word_1_104' title='bbox 1144 1241 1430 1300; x_wconf 83' lang='lat' dir='ltr'>constabit</span> <span class='ocrx_word' id='word_1_105' title='bbox 1471 1240 1750 1298; x_wconf 86' lang='lat' dir='ltr'>Messiam</span> <span class='ocrx_word' id='word_1_106' title='bbox 1790 1243 1912 1318; x_wconf 91' lang='lat' dir='ltr'>jam</span> <span class='ocrx_word' id='word_1_107' title='bbox 1942 1242 2190 1300; x_wconf 77' lang='lat' dir='ltr'>venisse.</span> <span class='ocrx_word' id='word_1_108' title='bbox 2276 1242 2480 1315; x_wconf 88' lang='lat' dir='ltr'>Quoad</span> <span class='ocrx_word' id='word_1_109' title='bbox 2513 1243 2718 1318; x_wconf 87' lang='lat' dir='ltr'>Prius;</span> 
     </span>
     <span class='ocr_line' id='line_1_12' title="bbox 311 1318 2720 1397; baseline 0.002 -23"><span class='ocrx_word' id='word_1_110' title='bbox 311 1318 433 1394; x_wconf 91' lang='lat' dir='ltr'>Agi</span> <span class='ocrx_word' id='word_1_111' title='bbox 462 1318 533 1376; x_wconf 92' lang='lat' dir='ltr'>de</span> <span class='ocrx_word' id='word_1_112' title='bbox 566 1320 783 1377; x_wconf 80' lang='lat' dir='ltr'>Messia</span> <span class='ocrx_word' id='word_1_113' title='bbox 803 1328 961 1396; x_wconf 88' lang='lat' dir='ltr'>patet</span> <span class='ocrx_word' id='word_1_114' title='bbox 995 1323 1045 1379; x_wconf 96' lang='lat' dir='ltr'>l.</span> <span class='ocrx_word' id='word_1_115' title='bbox 1074 1322 1165 1377; x_wconf 86' lang='lat' dir='ltr'>Ex</span> <span class='ocrx_word' id='word_1_116' title='bbox 1196 1330 1392 1397; x_wconf 87' lang='lat' dir='ltr'>aperta</span> <span class='ocrx_word' id='word_1_117' title='bbox 1419 1322 1547 1396; x_wconf 90' lang='lat' dir='ltr'>ejus</span> <span class='ocrx_word' id='word_1_118' title='bbox 1576 1321 1991 1396; x_wconf 82' lang='lat' dir='ltr'>designatione,</span> <span class='ocrx_word' id='word_1_119' title='bbox 2024 1342 2080 1379; x_wconf 88' lang='lat' dir='ltr'>v.</span> <span class='ocrx_word' id='word_1_120' title='bbox 2112 1323 2206 1394; x_wconf 88' lang='grc'>25,</span> <span class='ocrx_word' id='word_1_121' title='bbox 2239 1321 2396 1397; x_wconf 90' lang='lat' dir='ltr'>quod</span> <span class='ocrx_word' id='word_1_122' title='bbox 2423 1341 2629 1380; x_wconf 89' lang='lat' dir='ltr'>nomen</span> <span class='ocrx_word' id='word_1_123' title='bbox 2660 1322 2720 1380; x_wconf 90' lang='lat' dir='ltr'>in</span> 
     </span>
     <span class='ocr_line' id='line_1_13' title="bbox 307 1398 2718 1477; baseline 0.002 -23"><span class='ocrx_word' id='word_1_124' title='bbox 307 1398 418 1455; x_wconf 87' lang='lat' dir='ltr'>hoc</span> <span class='ocrx_word' id='word_1_125' title='bbox 447 1399 617 1456; x_wconf 89' lang='lat' dir='ltr'>unico</span> <span class='ocrx_word' id='word_1_126' title='bbox 647 1399 875 1456; x_wconf 88' lang='lat' dir='ltr'>Christo</span> <span class='ocrx_word' id='word_1_127' title='bbox 904 1401 1165 1458; x_wconf 88' lang='lat' dir='ltr'>absolute</span> <span class='ocrx_word' id='word_1_128' title='bbox 1194 1401 1309 1458; x_wconf 61' lang='grc' dir='ltr'>κατ’</span> <span class='ocrx_word' id='word_1_129' title='bbox 1339 1402 1500 1475; x_wconf 70' lang='grc' dir='ltr'><strong>ἰξοχὸι</strong></span> <span class='ocrx_word' id='word_1_130' title='bbox 1541 1409 1815 1476; x_wconf 80' lang='lat' dir='ltr'>tanquam</span> <span class='ocrx_word' id='word_1_131' title='bbox 1858 1401 2150 1477; x_wconf 89' lang='lat' dir='ltr'>proprium</span> <span class='ocrx_word' id='word_1_132' title='bbox 2180 1401 2264 1458; x_wconf 89' lang='lat' dir='ltr'>illi</span> <span class='ocrx_word' id='word_1_133' title='bbox 2294 1402 2579 1476; x_wconf 84' lang='lat' dir='ltr'>tribuitur,</span> <span class='ocrx_word' id='word_1_134' title='bbox 2612 1420 2718 1459; x_wconf 91' lang='lat' dir='ltr'>nec</span> 
     </span>
     <span class='ocr_line' id='line_1_14' title="bbox 306 1478 2718 1557; baseline 0.002 -23"><span class='ocrx_word' id='word_1_135' title='bbox 306 1478 574 1554; x_wconf 89' lang='lat' dir='ltr'>cuiquam</span> <span class='ocrx_word' id='word_1_136' title='bbox 605 1478 727 1535; x_wconf 88' lang='lat' dir='ltr'>sive</span> <span class='ocrx_word' id='word_1_137' title='bbox 760 1480 1011 1555; x_wconf 90' lang='lat' dir='ltr'>Principi</span> <span class='ocrx_word' id='word_1_138' title='bbox 1040 1480 1164 1537; x_wconf 82' lang='lat' dir='ltr'>sive</span> <span class='ocrx_word' id='word_1_139' title='bbox 1198 1481 1492 1538; x_wconf 79' lang='lat' dir='ltr'>Sacerdoti</span> <span class='ocrx_word' id='word_1_140' title='bbox 1513 1480 1791 1538; x_wconf 90' lang='lat' dir='ltr'>tributum</span> <span class='ocrx_word' id='word_1_141' title='bbox 1821 1481 2050 1557; x_wconf 82' lang='lat' dir='ltr'>legitur.</span> <span class='ocrx_word' id='word_1_142' title='bbox 2082 1481 2191 1537; x_wconf 87' lang='lat' dir='ltr'>nisi</span> <span class='ocrx_word' id='word_1_143' title='bbox 2236 1500 2365 1537; x_wconf 89' lang='lat' dir='ltr'>cum</span> <span class='ocrx_word' id='word_1_144' title='bbox 2395 1481 2718 1557; x_wconf 87' lang='lat' dir='ltr'>adjectione</span> 
     </span>
     <span class='ocr_line' id='line_1_15' title="bbox 308 1558 2720 1636; baseline 0.002 -22"><span class='ocrx_word' id='word_1_145' title='bbox 308 1558 517 1633; x_wconf 86' lang='lat' dir='ltr'>aliqua,</span> <span class='ocrx_word' id='word_1_146' title='bbox 564 1559 658 1615; x_wconf 84' lang='lat' dir='ltr'>vel</span> <span class='ocrx_word' id='word_1_147' title='bbox 704 1558 954 1634; x_wconf 84' lang='lat' dir='ltr'>Domini,</span> <span class='ocrx_word' id='word_1_148' title='bbox 1000 1559 1095 1616; x_wconf 83' lang='lat' dir='ltr'>vel</span> <span class='ocrx_word' id='word_1_149' title='bbox 1139 1560 1312 1633; x_wconf 87' lang='lat' dir='ltr'>affixi,</span> <span class='ocrx_word' id='word_1_150' title='bbox 1359 1562 1451 1617; x_wconf 86' lang='lat' dir='ltr'>vel</span> <span class='ocrx_word' id='word_1_151' title='bbox 1495 1560 1707 1636; x_wconf 87' lang='lat' dir='ltr'>proprii</span> <span class='ocrx_word' id='word_1_152' title='bbox 1751 1561 2037 1634; x_wconf 80' lang='lat' dir='ltr'>nominis3</span> <span class='ocrx_word' id='word_1_153' title='bbox 2083 1565 2138 1617; x_wconf 85' lang='lat'>2.</span> <span class='ocrx_word' id='word_1_154' title='bbox 2187 1560 2432 1617; x_wconf 84' lang='lat' dir='ltr'>Messias</span> <span class='ocrx_word' id='word_1_155' title='bbox 2477 1569 2720 1618; x_wconf 77' lang='lat' dir='ltr'>vocatur</span> 
     </span>
     <span class='ocr_line' id='line_1_16' title="bbox 308 1636 2715 1716; baseline 0.003 -25"><span class='ocrx_word' id='word_1_156' title='bbox 308 1654 423 1710; x_wconf 59' lang='lat' dir='ltr'>vn,</span> <span class='ocrx_word' id='word_1_157' title='bbox 456 1636 534 1694; x_wconf 89' lang='lat' dir='ltr'>id.</span> <span class='ocrx_word' id='word_1_158' title='bbox 577 1639 850 1713; x_wconf 75' lang='lat' dir='ltr'>Princeps</span> <span class='ocrx_word' id='word_1_159' title='bbox 894 1647 947 1696; x_wconf 77' lang='lat' dir='ltr'>et</span> <span class='ocrx_word' id='word_1_160' title='bbox 994 1641 1157 1713; x_wconf 77' lang='lat' dir='ltr'>Dux,</span> <span class='ocrx_word' id='word_1_161' title='bbox 1206 1638 1362 1715; x_wconf 91' lang='lat' dir='ltr'>quod</span> <span class='ocrx_word' id='word_1_162' title='bbox 1408 1639 1515 1697; x_wconf 90' lang='lat' dir='ltr'>soli</span> <span class='ocrx_word' id='word_1_163' title='bbox 1567 1640 1796 1697; x_wconf 82' lang='lat' dir='ltr'>Christo</span> <span class='ocrx_word' id='word_1_164' title='bbox 1843 1640 2133 1716; x_wconf 86' lang='lat' dir='ltr'>competit,</span> <span class='ocrx_word' id='word_1_165' title='bbox 2185 1648 2249 1696; x_wconf 91' lang='lat' dir='ltr'>ut</span> <span class='ocrx_word' id='word_1_166' title='bbox 2293 1639 2378 1696; x_wconf 91' lang='lat' dir='ltr'>illi</span> <span class='ocrx_word' id='word_1_167' title='bbox 2428 1640 2715 1715; x_wconf 85' lang='lat' dir='ltr'>tribuitur,</span> 
     </span>
     <span class='ocr_line' id='line_1_17' title="bbox 308 1716 2720 1794; baseline 0.002 -22"><span class='ocrx_word' id='word_1_168' title='bbox 308 1716 425 1774; x_wconf 87' lang='lat' dir='ltr'>Isa.</span> <span class='ocrx_word' id='word_1_169' title='bbox 457 1717 535 1773; x_wconf 88' lang='lat' dir='ltr'>lv.</span> <span class='ocrx_word' id='word_1_170' title='bbox 566 1721 621 1791; x_wconf 85' lang='lat'>4,</span> <span class='ocrx_word' id='word_1_171' title='bbox 652 1727 710 1775; x_wconf 93' lang='lat' dir='ltr'>et</span> <span class='ocrx_word' id='word_1_172' title='bbox 740 1719 917 1775; x_wconf 87' lang='lat' dir='ltr'>Mich.</span> <span class='ocrx_word' id='word_1_173' title='bbox 948 1739 1005 1776; x_wconf 85' lang='lat' dir='ltr'>v.</span> <span class='ocrx_word' id='word_1_174' title='bbox 1036 1723 1091 1793; x_wconf 90' lang='grc'>2,</span> <span class='ocrx_word' id='word_1_175' title='bbox 1124 1720 1333 1777; x_wconf 88' lang='lat' dir='ltr'>collato</span> <span class='ocrx_word' id='word_1_176' title='bbox 1363 1739 1492 1777; x_wconf 91' lang='lat' dir='ltr'>cum</span> <span class='ocrx_word' id='word_1_177' title='bbox 1522 1719 1744 1777; x_wconf 59' lang='lat' dir='ltr'>Mami.</span> <span class='ocrx_word' id='word_1_178' title='bbox 1777 1719 1834 1776; x_wconf 88' lang='lat' dir='ltr'>ii.</span> <span class='ocrx_word' id='word_1_179' title='bbox 1867 1722 1920 1793; x_wconf 89' lang='grc'>6,</span> <span class='ocrx_word' id='word_1_180' title='bbox 1966 1728 2137 1776; x_wconf 85' lang='lat' dir='ltr'>vocat</span> <span class='ocrx_word' id='word_1_181' title='bbox 2182 1738 2320 1793; x_wconf 90' lang='lat' dir='ltr'>ergo</span> <span class='ocrx_word' id='word_1_182' title='bbox 2366 1718 2570 1775; x_wconf 89' lang='lat' dir='ltr'>ducem</span> <span class='ocrx_word' id='word_1_183' title='bbox 2614 1739 2720 1794; x_wconf 87' lang='lat' dir='ltr'>per</span> 
     </span>
     <span class='ocr_line' id='line_1_18' title="bbox 310 1796 2715 1875; baseline 0.001 -22"><span class='ocrx_word' id='word_1_184' title='bbox 310 1796 726 1871; x_wconf 86' lang='lat' dir='ltr'>excellentiam,</span> <span class='ocrx_word' id='word_1_185' title='bbox 759 1797 915 1874; x_wconf 91' lang='lat' dir='ltr'>quod</span> <span class='ocrx_word' id='word_1_186' title='bbox 957 1798 1234 1857; x_wconf 83' lang='lat' dir='ltr'>emineret</span> <span class='ocrx_word' id='word_1_187' title='bbox 1283 1819 1454 1875; x_wconf 88' lang='lat' dir='ltr'>supra</span> <span class='ocrx_word' id='word_1_188' title='bbox 1498 1799 1644 1856; x_wconf 88' lang='lat' dir='ltr'>alios</span> <span class='ocrx_word' id='word_1_189' title='bbox 1692 1818 1891 1855; x_wconf 90' lang='lat' dir='ltr'>omnes</span> <span class='ocrx_word' id='word_1_190' title='bbox 1923 1798 2116 1873; x_wconf 84' lang='lat' dir='ltr'>Reges</span> <span class='ocrx_word' id='word_1_191' title='bbox 2145 1806 2202 1854; x_wconf 90' lang='lat' dir='ltr'>ct</span> <span class='ocrx_word' id='word_1_192' title='bbox 2235 1797 2606 1870; x_wconf 79' lang='lat' dir='ltr'>Sacerdotes3</span> <span class='ocrx_word' id='word_1_193' title='bbox 2659 1800 2715 1856; x_wconf 88' lang='lat'>3.</span> 
     </span>
     <span class='ocr_line' id='line_1_19' title="bbox 310 1875 2719 1953; baseline 0 -19"><span class='ocrx_word' id='word_1_194' title='bbox 310 1875 500 1951; x_wconf 87' lang='lat' dir='ltr'>Opera</span> <span class='ocrx_word' id='word_1_195' title='bbox 527 1895 655 1951; x_wconf 82' lang='lat' dir='ltr'>quae</span> <span class='ocrx_word' id='word_1_196' title='bbox 683 1877 775 1935; x_wconf 87' lang='lat' dir='ltr'>hic</span> <span class='ocrx_word' id='word_1_197' title='bbox 804 1877 1132 1953; x_wconf 89' lang='lat' dir='ltr'>peragenda</span> <span class='ocrx_word' id='word_1_198' title='bbox 1160 1878 1443 1950; x_wconf 89' lang='lat' dir='ltr'>dicuntur,</span> <span class='ocrx_word' id='word_1_199' title='bbox 1468 1885 1726 1953; x_wconf 85' lang='lat' dir='ltr'>tempore</span> <span class='ocrx_word' id='word_1_200' title='bbox 1752 1877 1999 1949; x_wconf 69' lang='lat' dir='ltr'>Messias,</span> <span class='ocrx_word' id='word_1_201' title='bbox 2024 1896 2139 1933; x_wconf 90' lang='lat' dir='ltr'>non</span> <span class='ocrx_word' id='word_1_202' title='bbox 2168 1876 2242 1933; x_wconf 90' lang='lat' dir='ltr'>ad</span> <span class='ocrx_word' id='word_1_203' title='bbox 2271 1877 2445 1933; x_wconf 91' lang='lat' dir='ltr'>alium</span> <span class='ocrx_word' id='word_1_204' title='bbox 2476 1885 2719 1952; x_wconf 87' lang='lat' dir='ltr'>possunt</span> 
     </span>
     <span class='ocr_line' id='line_1_20' title="bbox 305 1955 2717 2033; baseline 0 -21"><span class='ocrx_word' id='word_1_205' title='bbox 305 1955 606 2031; x_wconf 89' lang='lat' dir='ltr'>pertinere,</span> <span class='ocrx_word' id='word_1_206' title='bbox 632 1975 803 2032; x_wconf 90' lang='lat' dir='ltr'>quam</span> <span class='ocrx_word' id='word_1_207' title='bbox 826 1957 900 2014; x_wconf 91' lang='lat' dir='ltr'>ad</span> <span class='ocrx_word' id='word_1_208' title='bbox 919 1958 1103 2014; x_wconf 88' lang='lat' dir='ltr'>solum</span> <span class='ocrx_word' id='word_1_209' title='bbox 1128 1958 1436 2031; x_wconf 87' lang='lat' dir='ltr'>Christum,</span> <span class='ocrx_word' id='word_1_210' title='bbox 1468 1957 1658 2033; x_wconf 89' lang='lat' dir='ltr'>qualis</span> <span class='ocrx_word' id='word_1_211' title='bbox 1685 1965 1773 2014; x_wconf 88' lang='lat' dir='ltr'>est</span> <span class='ocrx_word' id='word_1_212' title='bbox 1800 1956 2037 2013; x_wconf 88' lang='lat' dir='ltr'>abolitio</span> <span class='ocrx_word' id='word_1_213' title='bbox 2059 1956 2294 2031; x_wconf 84' lang='lat' dir='ltr'>peccati,</span> <span class='ocrx_word' id='word_1_214' title='bbox 2327 1955 2581 2032; x_wconf 84' lang='lat' dir='ltr'>expiatio</span> <span class='ocrx_word' id='word_1_215' title='bbox 2609 1955 2717 2013; x_wconf 91' lang='lat' dir='ltr'>ini-</span> 
     </span>
     <span class='ocr_line' id='line_1_21' title="bbox 309 2034 2715 2113; baseline 0 -22"><span class='ocrx_word' id='word_1_216' title='bbox 309 2035 561 2109; x_wconf 89' lang='lat' dir='ltr'>quitatis,</span> <span class='ocrx_word' id='word_1_217' title='bbox 630 2036 900 2093; x_wconf 86' lang='lat' dir='ltr'>adductio</span> <span class='ocrx_word' id='word_1_218' title='bbox 954 2037 1196 2113; x_wconf 66' lang='lat' dir='ltr'>justitias</span> <span class='ocrx_word' id='word_1_219' title='bbox 1245 2047 1551 2113; x_wconf 74' lang='lat' dir='ltr'>perpetuae,</span> <span class='ocrx_word' id='word_1_220' title='bbox 1600 2036 1926 2112; x_wconf 84' lang='lat' dir='ltr'>obsignatio</span> <span class='ocrx_word' id='word_1_221' title='bbox 1975 2036 2332 2111; x_wconf 77' lang='lat' dir='ltr'>Prophetiae3</span> <span class='ocrx_word' id='word_1_222' title='bbox 2398 2038 2453 2091; x_wconf 89' lang='lat'>4.</span> <span class='ocrx_word' id='word_1_223' title='bbox 2518 2034 2715 2092; x_wconf 81' lang='lat' dir='ltr'>Judaei</span> 
     </span>
     <span class='ocr_line' id='line_1_22' title="bbox 307 2113 2712 2192; baseline -0 -21"><span class='ocrx_word' id='word_1_224' title='bbox 307 2114 496 2171; x_wconf 89' lang='lat' dir='ltr'>locum</span> <span class='ocrx_word' id='word_1_225' title='bbox 528 2115 599 2172; x_wconf 89' lang='lat' dir='ltr'>de</span> <span class='ocrx_word' id='word_1_226' title='bbox 625 2115 841 2172; x_wconf 87' lang='lat' dir='ltr'>Messia</span> <span class='ocrx_word' id='word_1_227' title='bbox 870 2126 1183 2192; x_wconf 87' lang='lat' dir='ltr'>exponunt,</span> <span class='ocrx_word' id='word_1_228' title='bbox 1219 2117 1288 2173; x_wconf 88' lang='lat' dir='ltr'>R.</span> <span class='ocrx_word' id='word_1_229' title='bbox 1319 2116 1526 2172; x_wconf 82' lang='lat' dir='ltr'>Saadia</span> <span class='ocrx_word' id='word_1_230' title='bbox 1554 2135 1588 2171; x_wconf 92' lang='lat' dir='ltr'>a</span> <span class='ocrx_word' id='word_1_231' title='bbox 1619 2115 1803 2189; x_wconf 88' lang='lat' dir='ltr'>Gaon,</span> <span class='ocrx_word' id='word_1_232' title='bbox 1853 2115 1923 2173; x_wconf 89' lang='lat' dir='ltr'>R.</span> <span class='ocrx_word' id='word_1_233' title='bbox 1970 2114 2266 2182; x_wconf 66' lang='lat' dir='ltr'>Nachman</span> <span class='ocrx_word' id='word_1_234' title='bbox 2299 2113 2712 2186; x_wconf 88' lang='lat' dir='ltr'>Gerundensis,</span> 
     </span>
     <span class='ocr_line' id='line_1_23' title="bbox 312 2193 2710 2270; baseline -0 -20"><span class='ocrx_word' id='word_1_235' title='bbox 312 2201 369 2251; x_wconf 87' lang='lat' dir='ltr'>et</span> <span class='ocrx_word' id='word_1_236' title='bbox 397 2195 511 2267; x_wconf 90' lang='lat' dir='ltr'>alii,</span> <span class='ocrx_word' id='word_1_237' title='bbox 544 2204 609 2252; x_wconf 90' lang='lat' dir='ltr'>ut</span> <span class='ocrx_word' id='word_1_238' title='bbox 638 2195 907 2252; x_wconf 82' lang='lat' dir='ltr'>observat</span> <span class='ocrx_word' id='word_1_239' title='bbox 938 2196 1225 2270; x_wconf 78' lang='lat' dir='ltr'>Menasse,</span> <span class='ocrx_word' id='word_1_240' title='bbox 1257 2195 1356 2253; x_wconf 89' lang='lat' dir='ltr'>lib.</span> <span class='ocrx_word' id='word_1_241' title='bbox 1388 2195 1459 2252; x_wconf 92' lang='lat' dir='ltr'>de</span> <span class='ocrx_word' id='word_1_242' title='bbox 1488 2195 1758 2251; x_wconf 90' lang='lat' dir='ltr'>Termino</span> <span class='ocrx_word' id='word_1_243' title='bbox 1789 2194 1923 2251; x_wconf 82' lang='lat' dir='ltr'>vitae</span> <span class='ocrx_word' id='word_1_244' title='bbox 1949 2215 1962 2266; x_wconf 84' lang='lat'>3</span> <span class='ocrx_word' id='word_1_245' title='bbox 2015 2197 2070 2251; x_wconf 82' lang='lat'>5.</span> <span class='ocrx_word' id='word_1_246' title='bbox 2121 2196 2206 2250; x_wconf 92' lang='lat' dir='ltr'>De</span> <span class='ocrx_word' id='word_1_247' title='bbox 2239 2193 2456 2250; x_wconf 78' lang='lat' dir='ltr'>Messia</span> <span class='ocrx_word' id='word_1_248' title='bbox 2484 2193 2710 2266; x_wconf 88' lang='lat' dir='ltr'>dicitur,</span> 
     </span>
     <span class='ocr_line' id='line_1_24' title="bbox 308 2272 2711 2350; baseline -0 -19"><span class='ocrx_word' id='word_1_249' title='bbox 308 2273 463 2349; x_wconf 92' lang='lat' dir='ltr'>quod</span> <span class='ocrx_word' id='word_1_250' title='bbox 506 2273 943 2332; x_wconf 89' lang='lat' dir='ltr'>confirmaturus</span> <span class='ocrx_word' id='word_1_251' title='bbox 987 2274 1060 2332; x_wconf 89' lang='lat' dir='ltr'>sit</span> <span class='ocrx_word' id='word_1_252' title='bbox 1102 2284 1331 2350; x_wconf 89' lang='lat' dir='ltr'>pactum</span> <span class='ocrx_word' id='word_1_253' title='bbox 1363 2275 1421 2330; x_wconf 90' lang='lat' dir='ltr'>in</span> <span class='ocrx_word' id='word_1_254' title='bbox 1451 2274 1641 2331; x_wconf 91' lang='lat' dir='ltr'>medio</span> <span class='ocrx_word' id='word_1_255' title='bbox 1685 2274 2035 2349; x_wconf 78' lang='lat' dir='ltr'>septimanae,</span> <span class='ocrx_word' id='word_1_256' title='bbox 2067 2283 2124 2331; x_wconf 89' lang='lat' dir='ltr'>et</span> <span class='ocrx_word' id='word_1_257' title='bbox 2153 2272 2578 2330; x_wconf 89' lang='lat' dir='ltr'>exscindendus</span> <span class='ocrx_word' id='word_1_258' title='bbox 2621 2273 2711 2347; x_wconf 91' lang='lat' dir='ltr'>sit,</span> 
     </span>
     <span class='ocr_line' id='line_1_25' title="bbox 310 2352 1356 2429; baseline 0.001 -20"><span class='ocrx_word' id='word_1_259' title='bbox 310 2352 464 2428; x_wconf 90' lang='lat' dir='ltr'>quod</span> <span class='ocrx_word' id='word_1_260' title='bbox 492 2353 637 2410; x_wconf 91' lang='lat' dir='ltr'>nulli</span> <span class='ocrx_word' id='word_1_261' title='bbox 666 2353 778 2410; x_wconf 89' lang='lat' dir='ltr'>nisi</span> <span class='ocrx_word' id='word_1_262' title='bbox 810 2354 1038 2411; x_wconf 87' lang='lat' dir='ltr'>Christo</span> <span class='ocrx_word' id='word_1_263' title='bbox 1068 2354 1356 2429; x_wconf 91' lang='lat' dir='ltr'>competit.</span> 
     </span>
    </p>

    <p class='ocr_par' dir='ltr' id='par_1_4' title="bbox 306 2431 2715 4728">
     <span class='ocr_line' id='line_1_26' title="bbox 392 2431 2714 2509; baseline 0 -21"><span class='ocrx_word' id='word_1_264' title='bbox 392 2433 579 2491; x_wconf 89' lang='lat' dir='ltr'>XIX.</span> <span class='ocrx_word' id='word_1_265' title='bbox 627 2433 821 2490; x_wconf 87' lang='lat' dir='ltr'>Futile</span> <span class='ocrx_word' id='word_1_266' title='bbox 850 2441 939 2490; x_wconf 88' lang='lat' dir='ltr'>est</span> <span class='ocrx_word' id='word_1_267' title='bbox 967 2433 1121 2509; x_wconf 89' lang='lat' dir='ltr'>quod</span> <span class='ocrx_word' id='word_1_268' title='bbox 1156 2433 1357 2491; x_wconf 80' lang='lat' dir='ltr'>R.S..J.</span> <span class='ocrx_word' id='word_1_269' title='bbox 1405 2432 1462 2489; x_wconf 91' lang='lat' dir='ltr'>in</span> <span class='ocrx_word' id='word_1_270' title='bbox 1495 2433 1643 2490; x_wconf 90' lang='lat' dir='ltr'>Dan.</span> <span class='ocrx_word' id='word_1_271' title='bbox 1690 2432 1770 2489; x_wconf 88' lang='lat' dir='ltr'>ix.</span> <span class='ocrx_word' id='word_1_272' title='bbox 1814 2431 1894 2489; x_wconf 91' lang='lat' dir='ltr'>ait</span> <span class='ocrx_word' id='word_1_273' title='bbox 1925 2431 2171 2488; x_wconf 90' lang='lat' dir='ltr'>Messias</span> <span class='ocrx_word' id='word_1_274' title='bbox 2213 2450 2338 2487; x_wconf 89' lang='lat' dir='ltr'>essc</span> <span class='ocrx_word' id='word_1_275' title='bbox 2366 2431 2578 2506; x_wconf 77' lang='lat' dir='ltr'>plureS,</span> <span class='ocrx_word' id='word_1_276' title='bbox 2612 2431 2714 2489; x_wconf 89' lang='lat' dir='ltr'>sed</span> 
     </span>
     <span class='ocr_line' id='line_1_27' title="bbox 310 2511 2709 2588; baseline -0 -19"><span class='ocrx_word' id='word_1_277' title='bbox 310 2532 484 2569; x_wconf 92' lang='lat' dir='ltr'>unum</span> <span class='ocrx_word' id='word_1_278' title='bbox 517 2520 741 2570; x_wconf 86' lang='lat' dir='ltr'>tantum</span> <span class='ocrx_word' id='word_1_279' title='bbox 770 2512 952 2570; x_wconf 89' lang='lat' dir='ltr'>filium</span> <span class='ocrx_word' id='word_1_280' title='bbox 985 2513 1229 2571; x_wconf 88' lang='lat' dir='ltr'>Davidis</span> <span class='ocrx_word' id='word_1_281' title='bbox 1256 2513 1372 2570; x_wconf 63' lang='grc' dir='ltr'>κατ’</span> <span class='ocrx_word' id='word_1_282' title='bbox 1394 2513 1572 2588; x_wconf 60' lang='grc' dir='ltr'>ἐξοχὴ,</span> <span class='ocrx_word' id='word_1_283' title='bbox 1617 2511 1688 2570; x_wconf 91' lang='lat' dir='ltr'>de</span> <span class='ocrx_word' id='word_1_284' title='bbox 1738 2531 1853 2588; x_wconf 89' lang='lat' dir='ltr'>quo</span> <span class='ocrx_word' id='word_1_285' title='bbox 1880 2511 2043 2568; x_wconf 86' lang='lat' dir='ltr'>locus</span> <span class='ocrx_word' id='word_1_286' title='bbox 2073 2511 2320 2586; x_wconf 85' lang='lat' dir='ltr'>intelligi</span> <span class='ocrx_word' id='word_1_287' title='bbox 2349 2530 2464 2567; x_wconf 90' lang='lat' dir='ltr'>non</span> <span class='ocrx_word' id='word_1_288' title='bbox 2492 2511 2709 2586; x_wconf 78' lang='lat' dir='ltr'>possit3</span> 
     </span>
     <span class='ocr_line' id='line_1_28' title="bbox 314 2590 2713 2672; baseline 0 -23"><span class='ocrx_word' id='word_1_289' title='bbox 314 2591 416 2649; x_wconf 89' lang='lat' dir='ltr'>sed</span> <span class='ocrx_word' id='word_1_290' title='bbox 446 2592 517 2650; x_wconf 91' lang='lat' dir='ltr'>de</span> <span class='ocrx_word' id='word_1_291' title='bbox 541 2593 693 2670; x_wconf 85' lang='lat' dir='ltr'>Cyro</span> <span class='ocrx_word' id='word_1_292' title='bbox 724 2592 974 2669; x_wconf 90' lang='lat' dir='ltr'>quidem,</span> <span class='ocrx_word' id='word_1_293' title='bbox 1010 2591 1136 2672; x_wconf 88' lang='lat' dir='ltr'>(qui</span> <span class='ocrx_word' id='word_1_294' title='bbox 1165 2593 1374 2654; x_wconf 88' lang='lat' dir='ltr'>dicitur</span> <span class='ocrx_word' id='word_1_295' title='bbox 1428 2594 1546 2652; x_wconf 78' lang='lat' dir='ltr'>Dei</span> <span class='ocrx_word' id='word_1_296' title='bbox 1576 2594 1799 2663; x_wconf 77' lang='lat' dir='ltr'>Pastor,</span> <span class='ocrx_word' id='word_1_297' title='bbox 1831 2600 1888 2649; x_wconf 92' lang='lat' dir='ltr'>et</span> <span class='ocrx_word' id='word_1_298' title='bbox 1917 2591 2172 2667; x_wconf 67' lang='grc' dir='ltr'>Μωείαε,</span> <span class='ocrx_word' id='word_1_299' title='bbox 2208 2591 2321 2649; x_wconf 89' lang='lat' dir='ltr'>Isa.</span> <span class='ocrx_word' id='word_1_300' title='bbox 2353 2590 2496 2649; x_wconf 82' lang='lat' dir='ltr'>xliv.</span> <span class='ocrx_word' id='word_1_301' title='bbox 2528 2592 2623 2665; x_wconf 83' lang='lat'>28,</span> <span class='ocrx_word' id='word_1_302' title='bbox 2655 2598 2713 2649; x_wconf 90' lang='lat' dir='ltr'>et</span> 
     </span>
     <span class='ocr_line' id='line_1_29' title="bbox 311 2670 2710 2751; baseline 0 -24"><span class='ocrx_word' id='word_1_303' title='bbox 311 2673 432 2729; x_wconf 85' lang='lat' dir='ltr'>xlv.</span> <span class='ocrx_word' id='word_1_304' title='bbox 458 2672 537 2750; x_wconf 91' lang='grc'>1,)</span> <span class='ocrx_word' id='word_1_305' title='bbox 562 2673 657 2749; x_wconf 86' lang='lat' dir='ltr'>agi</span> <span class='ocrx_word' id='word_1_306' title='bbox 680 2694 799 2732; x_wconf 88' lang='lat' dir='ltr'>ver.</span> <span class='ocrx_word' id='word_1_307' title='bbox 826 2677 921 2749; x_wconf 84' lang='lat'>25,</span> <span class='ocrx_word' id='word_1_308' title='bbox 946 2674 1017 2732; x_wconf 90' lang='lat' dir='ltr'>de</span> <span class='ocrx_word' id='word_1_309' title='bbox 1044 2675 1277 2733; x_wconf 87' lang='lat' dir='ltr'>Herode</span> <span class='ocrx_word' id='word_1_310' title='bbox 1298 2674 1562 2751; x_wconf 87' lang='lat' dir='ltr'>Agrippa</span> <span class='ocrx_word' id='word_1_311' title='bbox 1574 2693 1693 2731; x_wconf 86' lang='lat' dir='ltr'>ver.</span> <span class='ocrx_word' id='word_1_312' title='bbox 1719 2676 1833 2747; x_wconf 91' lang='grc'>26.,</span> <span class='ocrx_word' id='word_1_313' title='bbox 1859 2672 1931 2729; x_wconf 93' lang='lat' dir='ltr'>de</span> <span class='ocrx_word' id='word_1_314' title='bbox 1955 2672 2108 2729; x_wconf 89' lang='lat' dir='ltr'>Arca</span> <span class='ocrx_word' id='word_1_315' title='bbox 2126 2691 2264 2729; x_wconf 88' lang='lat' dir='ltr'>vcro</span> <span class='ocrx_word' id='word_1_316' title='bbox 2283 2670 2523 2747; x_wconf 89' lang='lat' dir='ltr'>aliisque</span> <span class='ocrx_word' id='word_1_317' title='bbox 2543 2671 2710 2728; x_wconf 90' lang='lat' dir='ltr'>Tem-</span> 
     </span>
     <span class='ocr_line' id='line_1_30' title="bbox 310 2750 2712 2828; baseline 0 -21"><span class='ocrx_word' id='word_1_318' title='bbox 310 2751 393 2827; x_wconf 88' lang='lat' dir='ltr'>pli</span> <span class='ocrx_word' id='word_1_319' title='bbox 431 2752 941 2828; x_wconf 85' lang='lat' dir='ltr'>Hierosolymitani</span> <span class='ocrx_word' id='word_1_320' title='bbox 971 2755 1367 2812; x_wconf 85' lang='lat' dir='ltr'>instrumentis</span> <span class='ocrx_word' id='word_1_321' title='bbox 1386 2774 1503 2811; x_wconf 87' lang='lat' dir='ltr'>ver.</span> <span class='ocrx_word' id='word_1_322' title='bbox 1536 2758 1634 2812; x_wconf 83' lang='lat'>24.</span> <span class='ocrx_word' id='word_1_323' title='bbox 1692 2754 1841 2810; x_wconf 83' lang='lat' dir='ltr'>Nam</span> <span class='ocrx_word' id='word_1_324' title='bbox 1876 2756 1926 2810; x_wconf 91' lang='lat'>1.</span> <span class='ocrx_word' id='word_1_325' title='bbox 1960 2753 2102 2809; x_wconf 90' lang='lat' dir='ltr'>Cum</span> <span class='ocrx_word' id='word_1_326' title='bbox 2135 2772 2248 2809; x_wconf 90' lang='lat' dir='ltr'>uno</span> <span class='ocrx_word' id='word_1_327' title='bbox 2267 2760 2324 2809; x_wconf 89' lang='lat' dir='ltr'>ct</span> <span class='ocrx_word' id='word_1_328' title='bbox 2354 2750 2552 2809; x_wconf 92' lang='lat' dir='ltr'>eodem</span> <span class='ocrx_word' id='word_1_329' title='bbox 2582 2750 2712 2808; x_wconf 89' lang='lat' dir='ltr'>loco</span> 
     </span>
     <span class='ocr_line' id='line_1_31' title="bbox 311 2829 2714 2909; baseline 0 -22"><span class='ocrx_word' id='word_1_330' title='bbox 311 2829 381 2888; x_wconf 89' lang='lat' dir='ltr'>de</span> <span class='ocrx_word' id='word_1_331' title='bbox 416 2832 630 2889; x_wconf 85' lang='lat' dir='ltr'>Messia</span> <span class='ocrx_word' id='word_1_332' title='bbox 658 2840 744 2889; x_wconf 89' lang='lat' dir='ltr'>ter</span> <span class='ocrx_word' id='word_1_333' title='bbox 771 2834 989 2909; x_wconf 91' lang='lat' dir='ltr'>absque</span> <span class='ocrx_word' id='word_1_334' title='bbox 1019 2835 1193 2892; x_wconf 89' lang='lat' dir='ltr'>ullius</span> <span class='ocrx_word' id='word_1_335' title='bbox 1223 2834 1609 2891; x_wconf 84' lang='lat' dir='ltr'>distinctionis</span> <span class='ocrx_word' id='word_1_336' title='bbox 1659 2832 1871 2889; x_wconf 91' lang='lat' dir='ltr'>indicio</span> <span class='ocrx_word' id='word_1_337' title='bbox 1905 2832 2199 2908; x_wconf 85' lang='lat' dir='ltr'>Scriptura</span> <span class='ocrx_word' id='word_1_338' title='bbox 2235 2832 2519 2907; x_wconf 85' lang='lat' dir='ltr'>loquatur,</span> <span class='ocrx_word' id='word_1_339' title='bbox 2551 2830 2714 2888; x_wconf 87' lang='lat' dir='ltr'>nulla</span> 
     </span>
     <span class='ocr_line' id='line_1_32' title="bbox 309 2910 2712 2988; baseline 0.001 -22"><span class='ocrx_word' id='word_1_340' title='bbox 309 2911 456 2967; x_wconf 90' lang='lat' dir='ltr'>ratio</span> <span class='ocrx_word' id='word_1_341' title='bbox 484 2910 607 2966; x_wconf 90' lang='lat' dir='ltr'>dari</span> <span class='ocrx_word' id='word_1_342' title='bbox 637 2920 842 2985; x_wconf 89' lang='lat' dir='ltr'>potest,</span> <span class='ocrx_word' id='word_1_343' title='bbox 875 2933 978 2971; x_wconf 88' lang='lat' dir='ltr'>cur</span> <span class='ocrx_word' id='word_1_344' title='bbox 1004 2914 1198 2988; x_wconf 85' lang='lat' dir='ltr'>plures</span> <span class='ocrx_word' id='word_1_345' title='bbox 1226 2913 1319 2970; x_wconf 86' lang='lat' dir='ltr'>hic</span> <span class='ocrx_word' id='word_1_346' title='bbox 1359 2913 1475 2969; x_wconf 89' lang='lat' dir='ltr'>sint</span> <span class='ocrx_word' id='word_1_347' title='bbox 1516 2912 1792 2985; x_wconf 82' lang='lat' dir='ltr'>fingendi,</span> <span class='ocrx_word' id='word_1_348' title='bbox 1824 2921 1882 2968; x_wconf 88' lang='lat' dir='ltr'>et</span> <span class='ocrx_word' id='word_1_349' title='bbox 1910 2911 2251 2968; x_wconf 84' lang='lat' dir='ltr'>excludatur</span> <span class='ocrx_word' id='word_1_350' title='bbox 2278 2910 2393 2981; x_wconf 90' lang='lat' dir='ltr'>ille,</span> <span class='ocrx_word' id='word_1_351' title='bbox 2425 2910 2525 2985; x_wconf 90' lang='lat' dir='ltr'>qui</span> <span class='ocrx_word' id='word_1_352' title='bbox 2556 2910 2712 2968; x_wconf 87' lang='lat' dir='ltr'>solus</span> 
     </span>
     <span class='ocr_line' id='line_1_33' title="bbox 313 2988 2710 3064; baseline 0.002 -22"><span class='ocrx_word' id='word_1_353' title='bbox 313 3008 483 3043; x_wconf 84' lang='lat' dir='ltr'>verus</span> <span class='ocrx_word' id='word_1_354' title='bbox 514 2997 619 3058; x_wconf 89' lang='lat' dir='ltr'>est,</span> <span class='ocrx_word' id='word_1_355' title='bbox 651 2988 722 3044; x_wconf 89' lang='lat' dir='ltr'>de</span> <span class='ocrx_word' id='word_1_356' title='bbox 763 3010 879 3064; x_wconf 90' lang='lat' dir='ltr'>quo</span> <span class='ocrx_word' id='word_1_357' title='bbox 922 2992 1045 3047; x_wconf 89' lang='lat' dir='ltr'>solo</span> <span class='ocrx_word' id='word_1_358' title='bbox 1087 2992 1147 3047; x_wconf 91' lang='lat' dir='ltr'>in</span> <span class='ocrx_word' id='word_1_359' title='bbox 1194 2991 1452 3047; x_wconf 88' lang='lat' dir='ltr'>Danielis</span> <span class='ocrx_word' id='word_1_360' title='bbox 1480 2998 1538 3046; x_wconf 91' lang='lat' dir='ltr'>et</span> <span class='ocrx_word' id='word_1_361' title='bbox 1579 2989 1773 3047; x_wconf 88' lang='lat' dir='ltr'>afflicti</span> <span class='ocrx_word' id='word_1_362' title='bbox 1814 2989 2013 3063; x_wconf 90' lang='lat' dir='ltr'>populi</span> <span class='ocrx_word' id='word_1_363' title='bbox 2057 2989 2321 3046; x_wconf 85' lang='lat' dir='ltr'>solatium</span> <span class='ocrx_word' id='word_1_364' title='bbox 2370 2989 2618 3063; x_wconf 88' lang='lat' dir='ltr'>Spiritus</span> <span class='ocrx_word' id='word_1_365' title='bbox 2651 2990 2710 3046; x_wconf 89' lang='lat' dir='ltr'>S.</span> 
     </span>
     <span class='ocr_line' id='line_1_34' title="bbox 313 3065 2709 3143; baseline 0.001 -23"><span class='ocrx_word' id='word_1_366' title='bbox 313 3065 500 3122; x_wconf 82' lang='lat' dir='ltr'>voluit</span> <span class='ocrx_word' id='word_1_367' title='bbox 542 3066 728 3140; x_wconf 80' lang='lat' dir='ltr'>loqui3</span> <span class='ocrx_word' id='word_1_368' title='bbox 760 3072 815 3123; x_wconf 92' lang='grc'>2.</span> <span class='ocrx_word' id='word_1_369' title='bbox 842 3069 1028 3142; x_wconf 80' lang='lat' dir='ltr'>Cyrus</span> <span class='ocrx_word' id='word_1_370' title='bbox 1051 3068 1280 3143; x_wconf 90' lang='lat' dir='ltr'>quidem</span> <span class='ocrx_word' id='word_1_371' title='bbox 1312 3077 1553 3124; x_wconf 83' lang='lat' dir='ltr'>vocatur</span> <span class='ocrx_word' id='word_1_372' title='bbox 1578 3069 1787 3124; x_wconf 79' lang='lat' dir='ltr'>Unctus</span> <span class='ocrx_word' id='word_1_373' title='bbox 1809 3068 1941 3137; x_wconf 73' lang='lat' dir='ltr'>Dei,</span> <span class='ocrx_word' id='word_1_374' title='bbox 1975 3067 2088 3122; x_wconf 90' lang='lat' dir='ltr'>Isa.</span> <span class='ocrx_word' id='word_1_375' title='bbox 2113 3067 2256 3122; x_wconf 84' lang='lat' dir='ltr'>xliv.</span> <span class='ocrx_word' id='word_1_376' title='bbox 2288 3068 2382 3138; x_wconf 83' lang='lat'>28,</span> <span class='ocrx_word' id='word_1_377' title='bbox 2415 3073 2472 3123; x_wconf 88' lang='lat' dir='ltr'>et</span> <span class='ocrx_word' id='word_1_378' title='bbox 2500 3066 2622 3123; x_wconf 85' lang='lat' dir='ltr'>xlv.</span> <span class='ocrx_word' id='word_1_379' title='bbox 2658 3070 2709 3139; x_wconf 92' lang='lat'>1,</span> 
     </span>
     <span class='ocr_line' id='line_1_35' title="bbox 312 3142 2710 3221; baseline 0 -20"><span class='ocrx_word' id='word_1_380' title='bbox 312 3143 387 3201; x_wconf 92' lang='lat' dir='ltr'>ob</span> <span class='ocrx_word' id='word_1_381' title='bbox 418 3142 707 3216; x_wconf 89' lang='lat' dir='ltr'>singulare</span> <span class='ocrx_word' id='word_1_382' title='bbox 736 3144 796 3200; x_wconf 90' lang='lat' dir='ltr'>in</span> <span class='ocrx_word' id='word_1_383' title='bbox 827 3146 937 3201; x_wconf 90' lang='lat' dir='ltr'>Dei</span> <span class='ocrx_word' id='word_1_384' title='bbox 966 3147 1240 3221; x_wconf 88' lang='lat' dir='ltr'>populum</span> <span class='ocrx_word' id='word_1_385' title='bbox 1294 3145 1636 3201; x_wconf 88' lang='lat' dir='ltr'>beneficium</span> <span class='ocrx_word' id='word_1_386' title='bbox 1677 3145 1750 3200; x_wconf 91' lang='lat' dir='ltr'>ad</span> <span class='ocrx_word' id='word_1_387' title='bbox 1778 3143 1933 3219; x_wconf 90' lang='lat' dir='ltr'>quod</span> <span class='ocrx_word' id='word_1_388' title='bbox 1977 3143 2361 3218; x_wconf 63' lang='lat' dir='ltr'>praestandum</span> <span class='ocrx_word' id='word_1_389' title='bbox 2405 3143 2710 3218; x_wconf 88' lang='lat' dir='ltr'>providen-</span> 
     </span>
     <span class='ocr_line' id='line_1_36' title="bbox 309 3221 2713 3298; baseline -0.001 -17"><span class='ocrx_word' id='word_1_390' title='bbox 309 3224 392 3281; x_wconf 88' lang='lat' dir='ltr'>tia</span> <span class='ocrx_word' id='word_1_391' title='bbox 424 3222 533 3279; x_wconf 93' lang='lat' dir='ltr'>Dei</span> <span class='ocrx_word' id='word_1_392' title='bbox 564 3223 909 3281; x_wconf 85' lang='lat' dir='ltr'>constitutus</span> <span class='ocrx_word' id='word_1_393' title='bbox 939 3223 1060 3298; x_wconf 90' lang='lat' dir='ltr'>fuit,</span> <span class='ocrx_word' id='word_1_394' title='bbox 1094 3224 1195 3281; x_wconf 89' lang='lat' dir='ltr'>sed</span> <span class='ocrx_word' id='word_1_395' title='bbox 1217 3244 1385 3281; x_wconf 89' lang='lat' dir='ltr'>nemo</span> <span class='ocrx_word' id='word_1_396' title='bbox 1414 3223 1628 3280; x_wconf 87' lang='lat' dir='ltr'>dixerit</span> <span class='ocrx_word' id='word_1_397' title='bbox 1665 3242 1794 3280; x_wconf 91' lang='lat' dir='ltr'>eum</span> <span class='ocrx_word' id='word_1_398' title='bbox 1825 3222 2000 3279; x_wconf 83' lang='lat' dir='ltr'>fuisse</span> <span class='ocrx_word' id='word_1_399' title='bbox 2029 3221 2399 3296; x_wconf 89' lang='lat' dir='ltr'>principalem</span> <span class='ocrx_word' id='word_1_400' title='bbox 2433 3221 2713 3279; x_wconf 68' lang='lat' dir='ltr'>Israelitis</span> 
     </span>
     <span class='ocr_line' id='line_1_37' title="bbox 314 3300 2711 3379; baseline -0.001 -19"><span class='ocrx_word' id='word_1_401' title='bbox 314 3302 775 3377; x_wconf 83' lang='lat' dir='ltr'>Redemptorem,</span> <span class='ocrx_word' id='word_1_402' title='bbox 808 3302 878 3360; x_wconf 80' lang='lat' dir='ltr'>de</span> <span class='ocrx_word' id='word_1_403' title='bbox 924 3323 1039 3379; x_wconf 92' lang='lat' dir='ltr'>quo</span> <span class='ocrx_word' id='word_1_404' title='bbox 1095 3312 1285 3361; x_wconf 90' lang='lat' dir='ltr'>tamen</span> <span class='ocrx_word' id='word_1_405' title='bbox 1333 3302 1541 3359; x_wconf 92' lang='lat' dir='ltr'>Daniel</span> <span class='ocrx_word' id='word_1_406' title='bbox 1583 3302 1875 3377; x_wconf 79' lang='lat' dir='ltr'>loquitur3</span> <span class='ocrx_word' id='word_1_407' title='bbox 1920 3300 2128 3358; x_wconf 88' lang='lat' dir='ltr'>deinde</span> <span class='ocrx_word' id='word_1_408' title='bbox 2169 3300 2425 3376; x_wconf 90' lang='lat' dir='ltr'>loquitur</span> <span class='ocrx_word' id='word_1_409' title='bbox 2452 3300 2523 3356; x_wconf 94' lang='lat' dir='ltr'>de</span> <span class='ocrx_word' id='word_1_410' title='bbox 2555 3300 2711 3361; x_wconf 83' lang='lat' dir='ltr'>Mes-</span> 
     </span>
     <span class='ocr_line' id='line_1_38' title="bbox 311 3380 2711 3459; baseline -0.002 -18"><span class='ocrx_word' id='word_1_411' title='bbox 311 3384 397 3441; x_wconf 90' lang='lat' dir='ltr'>sia</span> <span class='ocrx_word' id='word_1_412' title='bbox 426 3391 672 3439; x_wconf 87' lang='lat' dir='ltr'>venturo</span> <span class='ocrx_word' id='word_1_413' title='bbox 699 3391 831 3458; x_wconf 91' lang='lat' dir='ltr'>post</span> <span class='ocrx_word' id='word_1_414' title='bbox 862 3391 1077 3459; x_wconf 90' lang='lat' dir='ltr'>septem</span> <span class='ocrx_word' id='word_1_415' title='bbox 1110 3392 1168 3441; x_wconf 91' lang='lat' dir='ltr'>et</span> <span class='ocrx_word' id='word_1_416' title='bbox 1196 3383 1501 3458; x_wconf 86' lang='lat' dir='ltr'>sexaginta</span> <span class='ocrx_word' id='word_1_417' title='bbox 1544 3380 1690 3439; x_wconf 89' lang='lat' dir='ltr'>duas</span> <span class='ocrx_word' id='word_1_418' title='bbox 1736 3381 2099 3458; x_wconf 84' lang='lat' dir='ltr'>septimanas,</span> <span class='ocrx_word' id='word_1_419' title='bbox 2142 3380 2329 3456; x_wconf 86' lang='lat' dir='ltr'>Cyrus</span> <span class='ocrx_word' id='word_1_420' title='bbox 2359 3388 2549 3437; x_wconf 88' lang='lat' dir='ltr'>autem</span> <span class='ocrx_word' id='word_1_421' title='bbox 2578 3387 2711 3438; x_wconf 89' lang='lat' dir='ltr'>ante</span> 
     </span>
     <span class='ocr_line' id='line_1_39' title="bbox 307 3459 2712 3541; baseline -0.001 -21"><span class='ocrx_word' id='word_1_422' title='bbox 307 3463 549 3541; x_wconf 90' lang='lat' dir='ltr'>primam</span> <span class='ocrx_word' id='word_1_423' title='bbox 596 3462 971 3538; x_wconf 88' lang='lat' dir='ltr'>septimanam</span> <span class='ocrx_word' id='word_1_424' title='bbox 1013 3471 1273 3522; x_wconf 88' lang='lat' dir='ltr'>mortuus</span> <span class='ocrx_word' id='word_1_425' title='bbox 1315 3471 1435 3520; x_wconf 89' lang='lat' dir='ltr'>est:</span> <span class='ocrx_word' id='word_1_426' title='bbox 1480 3461 1616 3518; x_wconf 89' lang='lat' dir='ltr'>binc</span> <span class='ocrx_word' id='word_1_427' title='bbox 1659 3461 1831 3520; x_wconf 89' lang='lat' dir='ltr'>Aben</span> <span class='ocrx_word' id='word_1_428' title='bbox 1863 3462 2013 3518; x_wconf 87' lang='lat' dir='ltr'>Ezra</span> <span class='ocrx_word' id='word_1_429' title='bbox 2054 3469 2111 3518; x_wconf 86' lang='lat' dir='ltr'>et</span> <span class='ocrx_word' id='word_1_430' title='bbox 2153 3460 2252 3517; x_wconf 89' lang='lat' dir='ltr'>alii</span> <span class='ocrx_word' id='word_1_431' title='bbox 2297 3459 2546 3516; x_wconf 85' lang='lat' dir='ltr'>Rabbini</span> <span class='ocrx_word' id='word_1_432' title='bbox 2602 3459 2712 3518; x_wconf 89' lang='lat' dir='ltr'>hoc</span> 
     </span>
     <span class='ocr_line' id='line_1_40' title="bbox 308 3539 2710 3618; baseline -0.002 -17"><span class='ocrx_word' id='word_1_433' title='bbox 308 3549 693 3601; x_wconf 89' lang='lat' dir='ltr'>commentum</span> <span class='ocrx_word' id='word_1_434' title='bbox 723 3543 1009 3618; x_wconf 89' lang='lat' dir='ltr'>rejiciunt.</span> <span class='ocrx_word' id='word_1_435' title='bbox 1054 3546 1110 3602; x_wconf 90' lang='lat'>3.</span> <span class='ocrx_word' id='word_1_436' title='bbox 1156 3543 1288 3600; x_wconf 91' lang='lat' dir='ltr'>Non</span> <span class='ocrx_word' id='word_1_437' title='bbox 1334 3541 1559 3615; x_wconf 88' lang='lat' dir='ltr'>melius,</span> <span class='ocrx_word' id='word_1_438' title='bbox 1601 3541 1756 3617; x_wconf 86' lang='lat' dir='ltr'>quod</span> <span class='ocrx_word' id='word_1_439' title='bbox 1795 3541 2007 3599; x_wconf 80' lang='lat' dir='ltr'>dicitur</span> <span class='ocrx_word' id='word_1_440' title='bbox 2033 3559 2153 3598; x_wconf 82' lang='lat' dir='ltr'>ver.</span> <span class='ocrx_word' id='word_1_441' title='bbox 2186 3542 2280 3612; x_wconf 83' lang='lat'>26,</span> <span class='ocrx_word' id='word_1_442' title='bbox 2312 3539 2385 3596; x_wconf 89' lang='lat' dir='ltr'>ad</span> <span class='ocrx_word' id='word_1_443' title='bbox 2419 3539 2710 3598; x_wconf 88' lang='lat' dir='ltr'>Herodem</span> 
     </span>
     <span class='ocr_line' id='line_1_41' title="bbox 312 3619 2710 3699; baseline -0 -21"><span class='ocrx_word' id='word_1_444' title='bbox 312 3621 636 3698; x_wconf 89' lang='lat' dir='ltr'>Agrippam</span> <span class='ocrx_word' id='word_1_445' title='bbox 663 3622 936 3698; x_wconf 82' lang='lat' dir='ltr'>refertur3</span> <span class='ocrx_word' id='word_1_446' title='bbox 981 3643 1112 3680; x_wconf 90' lang='lat' dir='ltr'>nam</span> <span class='ocrx_word' id='word_1_447' title='bbox 1141 3631 1519 3699; x_wconf 69' lang='lat' dir='ltr'>praeterquam</span> <span class='ocrx_word' id='word_1_448' title='bbox 1549 3622 1704 3696; x_wconf 92' lang='lat' dir='ltr'>quod</span> <span class='ocrx_word' id='word_1_449' title='bbox 1749 3620 1996 3680; x_wconf 86' lang='lat' dir='ltr'>absurde</span> <span class='ocrx_word' id='word_1_450' title='bbox 2023 3619 2262 3696; x_wconf 87' lang='lat' dir='ltr'>fingitur</span> <span class='ocrx_word' id='word_1_451' title='bbox 2293 3619 2499 3677; x_wconf 89' lang='lat' dir='ltr'>Daniel</span> <span class='ocrx_word' id='word_1_452' title='bbox 2528 3619 2587 3675; x_wconf 91' lang='lat' dir='ltr'>in</span> <span class='ocrx_word' id='word_1_453' title='bbox 2617 3639 2710 3677; x_wconf 93' lang='lat' dir='ltr'>co-</span> 
     </span>
     <span class='ocr_line' id='line_1_42' title="bbox 311 3699 2709 3778; baseline -0.001 -19"><span class='ocrx_word' id='word_1_454' title='bbox 311 3701 441 3759; x_wconf 91' lang='lat' dir='ltr'>dem</span> <span class='ocrx_word' id='word_1_455' title='bbox 472 3702 598 3758; x_wconf 91' lang='lat' dir='ltr'>loco</span> <span class='ocrx_word' id='word_1_456' title='bbox 621 3701 933 3776; x_wconf 89' lang='lat' dir='ltr'>producere</span> <span class='ocrx_word' id='word_1_457' title='bbox 956 3703 1197 3761; x_wconf 88' lang='lat' dir='ltr'>alterum</span> <span class='ocrx_word' id='word_1_458' title='bbox 1225 3702 1497 3760; x_wconf 88' lang='lat' dir='ltr'>Messiam</span> <span class='ocrx_word' id='word_1_459' title='bbox 1518 3721 1691 3778; x_wconf 86' lang='lat' dir='ltr'>supra</span> <span class='ocrx_word' id='word_1_460' title='bbox 1718 3702 2067 3778; x_wconf 89' lang='lat' dir='ltr'>quingentos</span> <span class='ocrx_word' id='word_1_461' title='bbox 2096 3719 2277 3757; x_wconf 87' lang='lat' dir='ltr'>annos</span> <span class='ocrx_word' id='word_1_462' title='bbox 2305 3708 2437 3774; x_wconf 88' lang='lat' dir='ltr'>post</span> <span class='ocrx_word' id='word_1_463' title='bbox 2463 3699 2709 3774; x_wconf 88' lang='lat' dir='ltr'>priorem</span> 
     </span>
     <span class='ocr_line' id='line_1_43' title="bbox 312 3778 2710 3858; baseline -0.001 -22"><span class='ocrx_word' id='word_1_464' title='bbox 312 3789 618 3853; x_wconf 89' lang='lat' dir='ltr'>mortuum,</span> <span class='ocrx_word' id='word_1_465' title='bbox 659 3781 897 3839; x_wconf 90' lang='lat' dir='ltr'>ultimus</span> <span class='ocrx_word' id='word_1_466' title='bbox 928 3782 1033 3840; x_wconf 88' lang='lat' dir='ltr'>iste</span> <span class='ocrx_word' id='word_1_467' title='bbox 1064 3782 1344 3858; x_wconf 86' lang='lat' dir='ltr'>Agrippa,</span> <span class='ocrx_word' id='word_1_468' title='bbox 1393 3781 1489 3857; x_wconf 89' lang='lat' dir='ltr'>qui</span> <span class='ocrx_word' id='word_1_469' title='bbox 1521 3781 1580 3836; x_wconf 89' lang='lat' dir='ltr'>in</span> <span class='ocrx_word' id='word_1_470' title='bbox 1609 3780 2016 3839; x_wconf 84' lang='lat' dir='ltr'>Trachonitidc</span> <span class='ocrx_word' id='word_1_471' title='bbox 2045 3779 2328 3855; x_wconf 89' lang='lat' dir='ltr'>regnavit,</span> <span class='ocrx_word' id='word_1_472' title='bbox 2360 3778 2575 3836; x_wconf 88' lang='lat' dir='ltr'>nullam</span> <span class='ocrx_word' id='word_1_473' title='bbox 2605 3797 2710 3836; x_wconf 91' lang='lat' dir='ltr'>un-</span> 
     </span>
     <span class='ocr_line' id='line_1_44' title="bbox 312 3857 2710 3936; baseline -0.001 -21"><span class='ocrx_word' id='word_1_474' title='bbox 312 3878 484 3935; x_wconf 91' lang='lat' dir='ltr'>quam</span> <span class='ocrx_word' id='word_1_475' title='bbox 516 3860 955 3935; x_wconf 86' lang='lat' dir='ltr'>Hierosolymis,</span> <span class='ocrx_word' id='word_1_476' title='bbox 987 3862 1081 3918; x_wconf 83' lang='lat' dir='ltr'>vel</span> <span class='ocrx_word' id='word_1_477' title='bbox 1112 3862 1170 3917; x_wconf 89' lang='lat' dir='ltr'>in</span> <span class='ocrx_word' id='word_1_478' title='bbox 1190 3862 1229 3919; x_wconf 84' lang='lat' dir='ltr'><strong>J</strong></span> <span class='ocrx_word' id='word_1_479' title='bbox 1237 3860 1399 3917; x_wconf 81' lang='lat' dir='ltr'>udaea</span> <span class='ocrx_word' id='word_1_480' title='bbox 1421 3859 1624 3917; x_wconf 86' lang='lat' dir='ltr'>habuit</span> <span class='ocrx_word' id='word_1_481' title='bbox 1650 3869 1993 3936; x_wconf 89' lang='lat' dir='ltr'>potestatem</span> <span class='ocrx_word' id='word_1_482' title='bbox 2019 3880 2033 3931; x_wconf 81' lang='lat'><em>3</em></span> <span class='ocrx_word' id='word_1_483' title='bbox 2064 3867 2287 3916; x_wconf 84' lang='lat' dir='ltr'>tantum</span> <span class='ocrx_word' id='word_1_484' title='bbox 2313 3857 2477 3913; x_wconf 89' lang='lat' dir='ltr'>abest</span> <span class='ocrx_word' id='word_1_485' title='bbox 2497 3864 2563 3913; x_wconf 91' lang='lat' dir='ltr'>ut</span> <span class='ocrx_word' id='word_1_486' title='bbox 2580 3875 2710 3912; x_wconf 90' lang='lat' dir='ltr'>eum</span> 
     </span>
     <span class='ocr_line' id='line_1_45' title="bbox 306 3935 2713 4014; baseline -0.002 -19"><span class='ocrx_word' id='word_1_487' title='bbox 306 3938 611 4014; x_wconf 86' lang='lat' dir='ltr'>quisquam</span> <span class='ocrx_word' id='word_1_488' title='bbox 640 3940 981 3997; x_wconf 74' lang='lat' dir='ltr'>,Judaeorum</span> <span class='ocrx_word' id='word_1_489' title='bbox 1012 3940 1286 3997; x_wconf 87' lang='lat' dir='ltr'>Messiam</span> <span class='ocrx_word' id='word_1_490' title='bbox 1329 3939 1644 3996; x_wconf 88' lang='lat' dir='ltr'>somniarit.</span> <span class='ocrx_word' id='word_1_491' title='bbox 1729 3939 1851 3995; x_wconf 88' lang='lat' dir='ltr'>Nec</span> <span class='ocrx_word' id='word_1_492' title='bbox 1879 3938 1992 3994; x_wconf 89' lang='lat' dir='ltr'>nisi</span> <span class='ocrx_word' id='word_1_493' title='bbox 2032 3936 2178 3994; x_wconf 84' lang='lat' dir='ltr'>salso</span> <span class='ocrx_word' id='word_1_494' title='bbox 2221 3935 2431 3991; x_wconf 88' lang='lat' dir='ltr'>dicitur</span> <span class='ocrx_word' id='word_1_495' title='bbox 2459 3942 2590 3991; x_wconf 88' lang='lat' dir='ltr'>ante</span> <span class='ocrx_word' id='word_1_496' title='bbox 2618 3953 2713 3990; x_wconf 89' lang='lat' dir='ltr'>ur·</span> 
     </span>
     <span class='ocr_line' id='line_1_46' title="bbox 308 4012 2712 4094; baseline -0.003 -20"><span class='ocrx_word' id='word_1_497' title='bbox 308 4018 438 4075; x_wconf 91' lang='lat' dir='ltr'>bem</span> <span class='ocrx_word' id='word_1_498' title='bbox 468 4026 693 4094; x_wconf 87' lang='lat' dir='ltr'>captam</span> <span class='ocrx_word' id='word_1_499' title='bbox 722 4038 757 4075; x_wconf 88' lang='lat' dir='ltr'>a</span> <span class='ocrx_word' id='word_1_500' title='bbox 788 4018 1063 4076; x_wconf 89' lang='lat' dir='ltr'>Romanis</span> <span class='ocrx_word' id='word_1_501' title='bbox 1093 4037 1307 4091; x_wconf 78' lang='lat' dir='ltr'>caesus3</span> <span class='ocrx_word' id='word_1_502' title='bbox 1353 4036 1482 4074; x_wconf 90' lang='lat' dir='ltr'>cum</span> <span class='ocrx_word' id='word_1_503' title='bbox 1513 4017 1587 4072; x_wconf 89' lang='lat' dir='ltr'>ad</span> <span class='ocrx_word' id='word_1_504' title='bbox 1616 4017 1787 4073; x_wconf 88' lang='lat' dir='ltr'>finem</span> <span class='ocrx_word' id='word_1_505' title='bbox 1831 4035 2013 4092; x_wconf 88' lang='lat' dir='ltr'>usque</span> <span class='ocrx_word' id='word_1_506' title='bbox 2062 4016 2199 4072; x_wconf 71' lang='lat' dir='ltr'>vitae</span> <span class='ocrx_word' id='word_1_507' title='bbox 2228 4033 2356 4070; x_wconf 88' lang='lat' dir='ltr'>cum</span> <span class='ocrx_word' id='word_1_508' title='bbox 2387 4014 2459 4069; x_wconf 80' lang='lat' dir='ltr'>iis</span> <span class='ocrx_word' id='word_1_509' title='bbox 2486 4012 2712 4069; x_wconf 87' lang='lat' dir='ltr'>amicis-</span> 
     </span>
     <span class='ocr_line' id='line_1_47' title="bbox 312 4091 2711 4174; baseline -0.003 -20"><span class='ocrx_word' id='word_1_510' title='bbox 312 4097 454 4154; x_wconf 90' lang='lat' dir='ltr'>sime</span> <span class='ocrx_word' id='word_1_511' title='bbox 482 4098 712 4171; x_wconf 83' lang='lat' dir='ltr'>vixerit,</span> <span class='ocrx_word' id='word_1_512' title='bbox 744 4106 803 4156; x_wconf 89' lang='lat' dir='ltr'>et</span> <span class='ocrx_word' id='word_1_513' title='bbox 830 4117 933 4174; x_wconf 91' lang='lat' dir='ltr'>pro</span> <span class='ocrx_word' id='word_1_514' title='bbox 962 4097 1183 4153; x_wconf 85' lang='lat' dir='ltr'>viribus</span> <span class='ocrx_word' id='word_1_515' title='bbox 1212 4095 1588 4171; x_wconf 80' lang='lat' dir='ltr'>vespasianis</span> <span class='ocrx_word' id='word_1_516' title='bbox 1617 4095 1676 4151; x_wconf 91' lang='lat' dir='ltr'>in</span> <span class='ocrx_word' id='word_1_517' title='bbox 1707 4093 2087 4171; x_wconf 88' lang='lat' dir='ltr'>subjugandis</span> <span class='ocrx_word' id='word_1_518' title='bbox 2109 4094 2152 4151; x_wconf 85' lang='lat' dir='ltr'><strong>J</strong></span> <span class='ocrx_word' id='word_1_519' title='bbox 2156 4092 2335 4150; x_wconf 84' lang='lat' dir='ltr'>udaeis</span> <span class='ocrx_word' id='word_1_520' title='bbox 2365 4092 2439 4149; x_wconf 82' lang='lat' dir='ltr'>sit</span> <span class='ocrx_word' id='word_1_521' title='bbox 2467 4091 2711 4167; x_wconf 75' lang='lat' dir='ltr'>opitula-</span> 
     </span>
     <span class='ocr_line' id='line_1_48' title="bbox 308 4169 2707 4250; baseline -0.003 -17"><span class='ocrx_word' id='word_1_522' title='bbox 308 4184 420 4233; x_wconf 74' lang='lat' dir='ltr'>tus,</span> <span class='ocrx_word' id='word_1_523' title='bbox 451 4179 506 4233; x_wconf 83' lang='lat'>4.</span> <span class='ocrx_word' id='word_1_524' title='bbox 557 4177 804 4234; x_wconf 88' lang='lat' dir='ltr'>Sanctus</span> <span class='ocrx_word' id='word_1_525' title='bbox 836 4180 1174 4234; x_wconf 88' lang='lat' dir='ltr'>Sanctorum</span> <span class='ocrx_word' id='word_1_526' title='bbox 1218 4175 1290 4232; x_wconf 93' lang='lat' dir='ltr'>de</span> <span class='ocrx_word' id='word_1_527' title='bbox 1332 4194 1447 4250; x_wconf 92' lang='lat' dir='ltr'>quo</span> <span class='ocrx_word' id='word_1_528' title='bbox 1490 4174 1683 4248; x_wconf 86' lang='lat' dir='ltr'>agitur</span> <span class='ocrx_word' id='word_1_529' title='bbox 1710 4193 1829 4231; x_wconf 85' lang='lat' dir='ltr'>ver.</span> <span class='ocrx_word' id='word_1_530' title='bbox 1875 4176 1969 4246; x_wconf 83' lang='lat'>24,</span> <span class='ocrx_word' id='word_1_531' title='bbox 2014 4191 2131 4228; x_wconf 91' lang='lat' dir='ltr'>non</span> <span class='ocrx_word' id='word_1_532' title='bbox 2173 4178 2364 4248; x_wconf 90' lang='lat' dir='ltr'>potest</span> <span class='ocrx_word' id='word_1_533' title='bbox 2403 4170 2518 4227; x_wconf 91' lang='lat' dir='ltr'>dici</span> <span class='ocrx_word' id='word_1_534' title='bbox 2549 4169 2707 4227; x_wconf 88' lang='lat' dir='ltr'>Arca</span> 
     </span>
     <span class='ocr_line' id='line_1_49' title="bbox 312 4249 2713 4332; baseline -0.002 -21"><span class='ocrx_word' id='word_1_535' title='bbox 312 4255 409 4313; x_wconf 81' lang='lat' dir='ltr'>vel</span> <span class='ocrx_word' id='word_1_536' title='bbox 440 4254 661 4330; x_wconf 73' lang='lat' dir='ltr'>Altam,</span> <span class='ocrx_word' id='word_1_537' title='bbox 693 4256 830 4332; x_wconf 91' lang='lat' dir='ltr'>quia</span> <span class='ocrx_word' id='word_1_538' title='bbox 857 4264 946 4313; x_wconf 90' lang='lat' dir='ltr'>est</span> <span class='ocrx_word' id='word_1_539' title='bbox 973 4274 1217 4331; x_wconf 86' lang='lat' dir='ltr'>persona</span> <span class='ocrx_word' id='word_1_540' title='bbox 1246 4274 1375 4330; x_wconf 82' lang='lat' dir='ltr'>quae</span> <span class='ocrx_word' id='word_1_541' title='bbox 1404 4254 1544 4328; x_wconf 90' lang='lat' dir='ltr'>ungi</span> <span class='ocrx_word' id='word_1_542' title='bbox 1574 4252 1792 4311; x_wconf 89' lang='lat' dir='ltr'>debuit.</span> <span class='ocrx_word' id='word_1_543' title='bbox 1877 4251 1961 4309; x_wconf 90' lang='lat' dir='ltr'>At</span> <span class='ocrx_word' id='word_1_544' title='bbox 1992 4250 2148 4308; x_wconf 90' lang='lat' dir='ltr'>Arca</span> <span class='ocrx_word' id='word_1_545' title='bbox 2170 4250 2401 4327; x_wconf 89' lang='lat' dir='ltr'>quidem</span> <span class='ocrx_word' id='word_1_546' title='bbox 2433 4249 2713 4325; x_wconf 85' lang='lat' dir='ltr'>sanguine</span> 
     </span>
     <span class='ocr_line' id='line_1_50' title="bbox 311 4328 2715 4412; baseline -0.004 -19"><span class='ocrx_word' id='word_1_547' title='bbox 311 4336 619 4410; x_wconf 88' lang='lat' dir='ltr'>quotannis</span> <span class='ocrx_word' id='word_1_548' title='bbox 648 4334 1150 4412; x_wconf 89' lang='lat' dir='ltr'>conspergebatur,</span> <span class='ocrx_word' id='word_1_549' title='bbox 1196 4333 1297 4391; x_wconf 90' lang='lat' dir='ltr'>sed</span> <span class='ocrx_word' id='word_1_550' title='bbox 1339 4352 1632 4409; x_wconf 85' lang='lat' dir='ltr'>nunquam</span> <span class='ocrx_word' id='word_1_551' title='bbox 1675 4332 1802 4389; x_wconf 93' lang='lat' dir='ltr'>oleo</span> <span class='ocrx_word' id='word_1_552' title='bbox 1831 4330 2042 4389; x_wconf 86' lang='lat' dir='ltr'>dicitur</span> <span class='ocrx_word' id='word_1_553' title='bbox 2082 4339 2271 4388; x_wconf 82' lang='lat' dir='ltr'>uncta.</span> <span class='ocrx_word' id='word_1_554' title='bbox 2357 4328 2527 4386; x_wconf 90' lang='lat' dir='ltr'>Adde</span> <span class='ocrx_word' id='word_1_555' title='bbox 2558 4328 2715 4404; x_wconf 90' lang='lat' dir='ltr'>quod</span> 
     </span>
     <span class='ocr_line' id='line_1_51' title="bbox 313 4407 2714 4491; baseline -0.002 -21"><span class='ocrx_word' id='word_1_556' title='bbox 313 4414 375 4470; x_wconf 91' lang='lat' dir='ltr'>in</span> <span class='ocrx_word' id='word_1_557' title='bbox 405 4418 474 4471; x_wconf 81' lang='grc' dir='ltr'>2Ο</span> <span class='ocrx_word' id='word_1_558' title='bbox 501 4415 744 4491; x_wconf 87' lang='lat' dir='ltr'>Templo</span> <span class='ocrx_word' id='word_1_559' title='bbox 773 4415 967 4474; x_wconf 81' lang='lat' dir='ltr'>Judaei</span> <span class='ocrx_word' id='word_1_560' title='bbox 998 4413 1202 4472; x_wconf 84' lang='lat' dir='ltr'>volunt</span> <span class='ocrx_word' id='word_1_561' title='bbox 1243 4413 1494 4472; x_wconf 83' lang='lat' dir='ltr'>defuisse</span> <span class='ocrx_word' id='word_1_562' title='bbox 1525 4412 1741 4469; x_wconf 86' lang='lat' dir='ltr'>Arcam</span> <span class='ocrx_word' id='word_1_563' title='bbox 1783 4419 1841 4469; x_wconf 90' lang='lat' dir='ltr'>et</span> <span class='ocrx_word' id='word_1_564' title='bbox 1868 4410 2058 4468; x_wconf 89' lang='lat' dir='ltr'>oleum</span> <span class='ocrx_word' id='word_1_565' title='bbox 2099 4407 2420 4483; x_wconf 78' lang='lat' dir='ltr'>unctionis3</span> <span class='ocrx_word' id='word_1_566' title='bbox 2468 4409 2562 4466; x_wconf 87' lang='lat' dir='ltr'>Ita</span> <span class='ocrx_word' id='word_1_567' title='bbox 2598 4426 2714 4466; x_wconf 89' lang='lat' dir='ltr'>nou</span> 
     </span>
     <span class='ocr_line' id='line_1_52' title="bbox 314 4488 2713 4570; baseline -0.002 -20"><span class='ocrx_word' id='word_1_568' title='bbox 314 4501 506 4569; x_wconf 87' lang='lat' dir='ltr'>potest</span> <span class='ocrx_word' id='word_1_569' title='bbox 535 4494 633 4552; x_wconf 91' lang='lat' dir='ltr'>alii</span> <span class='ocrx_word' id='word_1_570' title='bbox 661 4514 835 4570; x_wconf 88' lang='lat' dir='ltr'>quam</span> <span class='ocrx_word' id='word_1_571' title='bbox 866 4494 1093 4553; x_wconf 89' lang='lat' dir='ltr'>Christo</span> <span class='ocrx_word' id='word_1_572' title='bbox 1122 4501 1319 4554; x_wconf 77' lang='lat' dir='ltr'>nostro</span> <span class='ocrx_word' id='word_1_573' title='bbox 1350 4499 1690 4568; x_wconf 89' lang='lat' dir='ltr'>competere,</span> <span class='ocrx_word' id='word_1_574' title='bbox 1721 4490 1821 4568; x_wconf 90' lang='lat' dir='ltr'>qui</span> <span class='ocrx_word' id='word_1_575' title='bbox 1869 4509 1985 4547; x_wconf 91' lang='lat' dir='ltr'>non</span> <span class='ocrx_word' id='word_1_576' title='bbox 2014 4498 2237 4547; x_wconf 88' lang='lat' dir='ltr'>tantum</span> <span class='ocrx_word' id='word_1_577' title='bbox 2267 4488 2517 4546; x_wconf 89' lang='lat' dir='ltr'>omnium</span> <span class='ocrx_word' id='word_1_578' title='bbox 2551 4507 2713 4545; x_wconf 89' lang='lat' dir='ltr'>sanc-</span> 
     </span>
     <span class='ocr_line' id='line_1_53' title="bbox 313 4567 2714 4649; baseline -0.002 -19"><span class='ocrx_word' id='word_1_579' title='bbox 313 4573 590 4647; x_wconf 87' lang='lat' dir='ltr'>tissimus,</span> <span class='ocrx_word' id='word_1_580' title='bbox 623 4574 726 4631; x_wconf 91' lang='lat' dir='ltr'>sed</span> <span class='ocrx_word' id='word_1_581' title='bbox 752 4574 879 4649; x_wconf 89' lang='lat' dir='ltr'>ipsa</span> <span class='ocrx_word' id='word_1_582' title='bbox 910 4574 1197 4633; x_wconf 85' lang='lat' dir='ltr'>Sanctitas</span> <span class='ocrx_word' id='word_1_583' title='bbox 1217 4572 1452 4631; x_wconf 65' lang='lat' dir='ltr'>Israelis</span> <span class='ocrx_word' id='word_1_584' title='bbox 1474 4571 1597 4646; x_wconf 81' lang='lat' dir='ltr'>fuit,</span> <span class='ocrx_word' id='word_1_585' title='bbox 1632 4570 1772 4629; x_wconf 92' lang='lat' dir='ltr'>Luc.</span> <span class='ocrx_word' id='word_1_586' title='bbox 1804 4570 1841 4628; x_wconf 91' lang='lat' dir='ltr'>i.</span> <span class='ocrx_word' id='word_1_587' title='bbox 1871 4572 1966 4643; x_wconf 85' lang='lat'>35,</span> <span class='ocrx_word' id='word_1_588' title='bbox 2003 4568 2220 4645; x_wconf 86' lang='lat' dir='ltr'>Spiritu</span> <span class='ocrx_word' id='word_1_589' title='bbox 2255 4570 2312 4627; x_wconf 91' lang='lat' dir='ltr'>S.</span> <span class='ocrx_word' id='word_1_590' title='bbox 2344 4567 2470 4625; x_wconf 92' lang='lat' dir='ltr'>oleo</span> <span class='ocrx_word' id='word_1_591' title='bbox 2498 4567 2714 4627; x_wconf 78' lang='lat' dir='ltr'>laetitiae</span> 
     </span>
     <span class='ocr_line' id='line_1_54' title="bbox 314 4654 1257 4728; baseline 0.004 -20"><span class='ocrx_word' id='word_1_592' title='bbox 314 4671 489 4728; x_wconf 86' lang='lat' dir='ltr'>supra</span> <span class='ocrx_word' id='word_1_593' title='bbox 519 4661 815 4711; x_wconf 82' lang='lat' dir='ltr'>consortes</span> <span class='ocrx_word' id='word_1_594' title='bbox 845 4672 979 4711; x_wconf 88' lang='lat' dir='ltr'>suos</span> <span class='ocrx_word' id='word_1_595' title='bbox 1015 4654 1257 4713; x_wconf 74' lang='lat' dir='ltr'>Unctus.</span> 
     </span>
    </p>
   </div>
  </div>
 </body>
</html>
